{"host":"ow9msrs9p2ctkx99","time":1607834219,"event":{"mods":["AchievementEnabler","BaseMod","Colored Map","Colored Powertips","Minty Spire (QoL Compilation)","Permanent Neow","Quick Restart","SuperFastMode"],"gold_per_floor":[110,110,128,141,155,182,194,227,227,254,267,267,299,319,319,414,414,432,449,191,205,217,217,237,237,237,68,81,92,127,127,127,127,127],"floor_reached":33,"playtime":826,"items_purged":["Zap","Pain"],"score":455,"play_id":"8505e7b7-6efc-4264-8014-b37807812d20","local_time":"20201213053659","is_ascension_mode":true,"campfire_choices":[{"floor":12.0,"key":"REST"},{"floor":15.0,"key":"REST"},{"floor":23,"key":"REST"},{"data":"Reprogram","floor":25,"key":"SMITH"},{"floor":32,"key":"REST"}],"circlet_count":0,"master_deck":["AscendersBane","Strike_B","Strike_B","Strike_B","Strike_B","Defend_B","Defend_B","Defend_B+1","Defend_B+1","Dualcast+1","Rebound","Cold Snap","Rip and Tear","Beam Cell","Chaos","Glacier","Reprogram+1","Fusion","Steam","Turbo","All For One","Auto Shields+1","Steam","Self Repair","BootSequence","Gash","Streamline","Conserve Battery","Beam Cell+1"],"relics":["Cracked Core","Bag of Marbles","War Paint","Darkstone Periapt","Thread and Needle","StrikeDummy","Ginger","Cursed Key","Membership Card","Meat on the Bone","Matryoshka","White Beast Statue"],"acts_visited":["Exordium","TheCity"],"potions_floor_usage":[22,30],"damage_taken":[{"damage":7.0,"enemies":"Small Slimes","floor":1.0,"turns":3.0},{"damage":0.0,"enemies":"Cultist","floor":3.0,"turns":2.0},{"damage":0.0,"enemies":"2 Louse","floor":4.0,"turns":1.0},{"damage":18.0,"enemies":"Exordium Wildlife","floor":5.0,"turns":2.0},{"damage":10.0,"enemies":"Gremlin Nob","floor":6.0,"turns":3.0},{"damage":3.0,"enemies":"Looter","floor":7.0,"turns":2.0},{"damage":8.0,"enemies":"3 Sentries","floor":8.0,"turns":6.0},{"damage":8.0,"enemies":"Gremlin Nob","floor":10.0,"turns":4.0},{"damage":0.0,"enemies":"Exordium Thugs","floor":11.0,"turns":4.0},{"damage":9.0,"enemies":"Lagavulin","floor":13.0,"turns":6.0},{"damage":0.0,"enemies":"Blue Slaver","floor":14.0,"turns":2.0},{"damage":43.0,"enemies":"The Guardian","floor":16.0,"turns":12.0},{"damage":36.0,"enemies":"2 Thieves","floor":18.0,"turns":4.0},{"damage":11.0,"enemies":"Shell Parasite","floor":19.0,"turns":9.0},{"damage":8,"enemies":"Centurion and Healer","floor":21,"turns":8},{"damage":5,"enemies":"Sentry and Sphere","floor":22,"turns":10},{"damage":7,"enemies":"Snake Plant","floor":24,"turns":5},{"damage":24,"enemies":"3 Cultists","floor":28,"turns":7},{"damage":23,"enemies":"Snecko","floor":29,"turns":5},{"damage":28,"enemies":"Slavers","floor":30,"turns":8},{"damage":50,"enemies":"Champ","floor":33,"turns":11}],"seed_played":"-6319741695838988274","potions_obtained":[{"floor":4.0,"key":"BlessingOfTheForge"},{"floor":6.0,"key":"SneckoOil"},{"floor":7.0,"key":"DistilledChaos"},{"floor":8.0,"key":"Fire Potion"},{"floor":11.0,"key":"BlessingOfTheForge"},{"floor":13.0,"key":"Regen Potion"},{"floor":18.0,"key":"Swift Potion"},{"floor":19.0,"key":"Dexterity Potion"}],"is_trial":false,"path_per_floor":["M","?","M","M","M","E","M","E","T","E","M","R","E","M","R","B",null,"M","M","$","M","M","R","M","R","T","$","M","M","E","?","R","B"],"character_chosen":"DEFECT","items_purchased":["Membership Card","Strength Potion","Self Repair","Matryoshka"],"campfire_rested":4,"item_purchase_floors":[20,20,20,27],"current_hp_per_floor":[61,61,61,61,43,33,30,22,22,14,14,36,27,27,49,6,58,22,11,11,10,12,34,34,34,40,40,35,31,22,22,46,0,0],"gold":127,"neow_bonus":"RANDOM_COMMON_RELIC","is_daily":false,"chose_seed":false,"campfire_upgraded":1,"win_rate":0.0,"timestamp":1607834219,"path_taken":["M","?","?","M","M","E","M","E","T","E","M","R","E","M","R","BOSS","M","?","$","M","M","R","?","R","T","$","M","M","E","?","R","BOSS"],"items_purchased_type":["Relic","Potion","Card","Relic"],"build_version":"2020-11-30","purchased_purges":2,"victory":false,"max_hp_per_floor":[75,75,75,75,75,75,75,75,75,75,75,75,75,75,75,75,75,75,75,75,75,75,75,75,75,81,81,81,81,81,81,81,81,81],"card_choices":[{"not_picked":["Blizzard","Coolheaded"],"picked":"Rebound","floor":1.0},{"not_picked":["Streamline","Beam Cell"],"picked":"Cold Snap","floor":3.0},{"not_picked":["Rebound","Static Discharge"],"picked":"Rip and Tear","floor":4.0},{"not_picked":["Streamline","Cold Snap"],"picked":"Beam Cell","floor":5.0},{"not_picked":["Scrape","Static Discharge"],"picked":"Chaos","floor":6.0},{"not_picked":["Redo","Machine Learning"],"picked":"Glacier","floor":7.0},{"not_picked":["Go for the Eyes","Blizzard"],"picked":"Reprogram","floor":8.0},{"not_picked":["Fusion","Leap","Coolheaded"],"picked":"SKIP","floor":10.0},{"not_picked":["Redo","Beam Cell"],"picked":"Fusion","floor":11.0},{"not_picked":["Blizzard","Redo"],"picked":"Steam","floor":13.0},{"not_picked":["Hologram","Beam Cell"],"picked":"Turbo","floor":14.0},{"not_picked":["Biased Cognition","Buffer"],"picked":"All For One","floor":16.0},{"not_picked":["Undo","Chaos"],"picked":"Auto Shields+1","floor":18.0},{"not_picked":["Consume+1","Go for the Eyes"],"picked":"Steam","floor":19.0},{"not_picked":["Consume","Cold Snap+1"],"picked":"BootSequence","floor":21},{"not_picked":["Cold Snap","Consume+1"],"picked":"Gash","floor":22},{"not_picked":["Capacitor","Gash"],"picked":"Streamline","floor":24},{"not_picked":["Auto Shields","Double Energy"],"picked":"Conserve Battery","floor":28},{"not_picked":["Rip and Tear","Conserve Battery"],"picked":"Beam Cell+1","floor":29},{"not_picked":["Turbo","Ball Lightning","Defragment"],"picked":"SKIP","floor":30}],"player_experience":987687,"relics_obtained":[{"floor":6.0,"key":"War Paint"},{"floor":8.0,"key":"Darkstone Periapt"},{"floor":9.0,"key":"Thread and Needle"},{"floor":10.0,"key":"StrikeDummy"},{"floor":13.0,"key":"Ginger"},{"floor":26,"key":"Meat on the Bone"},{"floor":30,"key":"White Beast Statue"}],"event_choices":[{"damage_healed":0.0,"max_hp_gain":0.0,"max_hp_loss":0.0,"gold_gain":0.0,"event_name":"Upgrade Shrine","player_choice":"Upgraded","floor":2.0,"gold_loss":0.0,"damage_taken":0.0,"cards_upgraded":["Dualcast"]},{"damage_healed":0,"gold_gain":0,"player_choice":"Ignored","damage_taken":0,"max_hp_gain":0,"max_hp_loss":0,"event_name":"Vampires","floor":31,"gold_loss":0}],"is_beta":false,"boss_relics":[{"not_picked":["Tiny House","Calling Bell"],"picked":"Cursed Key"}],"items_purged_floors":[20,27],"is_endless":false,"potions_floor_spawned":[4,6,7,8,11,13,18,19],"killed_by":"Champ","ascension_level":10}}