{"host":"tmiksjdllv4oe9un","time":1607822681,"event":{"mods":["Act Like it!","BaseMod","BetterRewards","Card Forge","Defuse TimeMaze Blight","Googly Eyes","Hallownest","Infinite Spire","Minty Spire (QoL Compilation)","Quick Restart","Replay The Spire","StSLib"],"gold_per_floor":[110,126,126,126,140,140,140,152,152,0,27,27,55,75,75,178,478,495,495,513,527,540,540,540],"floor_reached":23,"playtime":935,"items_purged":[],"score":253,"play_id":"afebe933-5803-44fd-9428-deb84492e9c5","local_time":"20201212202441","is_ascension_mode":false,"campfire_choices":[{"data":"Neutralize","floor":6.0,"key":"SMITH"},{"data":"Corpse Explosion","floor":12.0,"key":"SMITH"}],"circlet_count":0,"master_deck":["Strike_G","Strike_G","Strike_G","Strike_G","Strike_G","Survivor","Neutralize+1","AbeCurse","Poisoned Stab","Corpse Explosion+1","Hallownest:skillSlugHide+1","Hallownest:skillSlugHide","Hallownest:skillSlugHide","Hallownest:skillSlugHide","Hallownest:skillSlugHide","Replay:Bag of Tricks","CurseOfTheBell","infinitespire:Menacing"],"relics":["Hammer of Thor","Seething Fire","Anvil of the Gods","Abe\u0027s Treasure","Hallownest:DreamNailRelic","ReplayTheSpireMod:Lightbulb","Question Card","Turnip","Calling Bell","Omamori","Mercury Hourglass","Old Coin"],"acts_visited":["Hallownest:Greenpath","Hallownest:CityofTears"],"potions_floor_usage":[23],"damage_taken":[{"damage":5.0,"enemies":"Hallownest:monsterHuskGuard","floor":1.0,"turns":6.0},{"damage":4.0,"enemies":"2_ Uuma","floor":2.0,"turns":5.0},{"damage":7.0,"enemies":"Hallownest:2_Tiktiks_and_1_Crawlid","floor":5.0,"turns":3.0},{"damage":1.0,"enemies":"Hallownest:Guard_and_Warrior","floor":8.0,"turns":4.0},{"damage":17.0,"enemies":"Hallownest:eliteVengeflyKing","floor":11.0,"turns":10.0},{"damage":15.0,"enemies":"Hallownest:eliteCrystalGuardian","floor":13.0,"turns":5.0},{"damage":3.0,"enemies":"Hallownest:MossCreep_and_Mosskin","floor":14.0,"turns":3.0},{"damage":25.0,"enemies":"Hallownest:BossBrokenVessel","floor":16.0,"turns":10.0},{"damage":10.0,"enemies":"Hallownest:2_Mistakes","floor":18.0,"turns":8.0},{"damage":7.0,"enemies":"Hallownest:Guard_and_Sentry","floor":20.0,"turns":3.0},{"damage":0.0,"enemies":"Hallownest:monsterShrumalOgre","floor":21.0,"turns":5.0},{"damage":13.0,"enemies":"Hallownest:Warrior_and_Youth","floor":22.0,"turns":8.0},{"damage":24,"enemies":"Hallownest:eliteSoulWarrior","floor":23,"turns":6}],"seed_played":"9075385083947170144","potions_obtained":[{"floor":8.0,"key":"Ancient Potion"},{"floor":11.0,"key":"Energy Potion"},{"floor":13.0,"key":"AttackPotion"},{"floor":14.0,"key":"Strength Potion"},{"floor":18.0,"key":"Death Potion"},{"floor":21.0,"key":"Languid Potion"}],"is_trial":false,"path_per_floor":["M","M","?","$","M","R","?","M","T","?","E","R","E","M","R","B",null,"M","?","M","M","M","E"],"character_chosen":"THE_SILENT","items_purchased":[],"campfire_rested":0,"item_purchase_floors":[],"current_hp_per_floor":[65,61,61,61,54,54,54,53,53,53,36,36,21,18,39,14,70,60,43,36,36,23,0,0],"gold":540,"neow_bonus":"BOSS_RELIC","is_daily":false,"chose_seed":false,"campfire_upgraded":2,"win_rate":0.0,"timestamp":1607822681,"path_taken":["M","M","?","?","M","R","?","M","T","?","E","R","E","M","R","BOSS","M","?","M","?","?","E"],"items_purchased_type":[],"build_version":"2020-11-30","purchased_purges":0,"victory":false,"max_hp_per_floor":[70,70,70,70,70,70,70,70,70,70,70,70,70,70,70,70,70,70,70,70,70,70,70,70],"card_choices":[{"not_picked":["Tactician","Acrobatics"],"picked":"Poisoned Stab","floor":1.0},{"not_picked":["Outmaneuver","Hidden Blade","Quick Slash"],"picked":"SKIP","floor":2.0},{"not_picked":["Well Laid Plans","All Out Attack"],"picked":"Corpse Explosion","floor":5.0},{"not_picked":["Blade Dance","Sucker Punch","Crippling Poison"],"picked":"SKIP","floor":8.0},{"not_picked":["Phantasmal Killer","Leg Sweep","ReplayTheSpireMod:Shiv Toss"],"picked":"SKIP","floor":11.0},{"not_picked":["Dagger Throw","ReplayTheSpireMod:Speed Training","Bane","Quick Slash"],"picked":"SKIP","floor":13.0},{"not_picked":["Sucker Punch","Dash","Footwork","Catalyst"],"picked":"SKIP","floor":14.0},{"not_picked":["Corpse Explosion","Envenom","Unload"],"picked":"Replay:Bag of Tricks","floor":16.0},{"not_picked":["Deadly Poison","Setup","Expertise","Quick Slash"],"picked":"SKIP","floor":18.0},{"not_picked":["infinitespire:Fortify","ReplayTheSpireMod:Haul"],"picked":"infinitespire:Menacing","floor":19.0},{"not_picked":["Finisher","Slice","Backflip","Tactician"],"picked":"SKIP","floor":20.0},{"not_picked":["Deadly Poison","Dodge and Roll","Backflip","Deflect+1"],"picked":"SKIP","floor":21.0},{"not_picked":["Underhanded Strike+1","Quick Slash","Sucker Punch","Dash+1"],"picked":"SKIP","floor":22.0}],"player_experience":11031,"relics_obtained":[{"floor":11.0,"key":"Question Card"},{"floor":13.0,"key":"Turnip"},{"floor":17.0,"key":"Omamori"},{"floor":17.0,"key":"Mercury Hourglass"},{"floor":17.0,"key":"Old Coin"}],"event_choices":[],"is_beta":false,"boss_relics":[{"not_picked":["infinitespire:Cupcake","Philosopher\u0027s Stone"],"picked":"Calling Bell"}],"items_purged_floors":[],"is_endless":false,"potions_floor_spawned":[8,11,13,14,18,21],"killed_by":"Hallownest:eliteSoulWarrior","ascension_level":0}}