{"host":"ry21r4wo281ufca3","time":1607869217,"event":{"mods":["BaseMod","Decade(王小明)","Dota2Spire","Downfall-Rebalance","Lobotomy","LobotomyExtend","Luminous","Marisa（F雨　魔理沙）","Minty Spire (QoL Compilation)","Relic Stats","Replay The Spire","Spicy Shops","StSLib","The Bug Knight","The Gatherer","The Hierophant","【东方二次创作】八云紫mod","【遗物卡牌】REMEMod"],"gold_per_floor":[109,109,109,122,122,122,122],"floor_reached":6,"playtime":189,"items_purged":[],"score":34,"play_id":"661e3d06-5b25-4d5a-b360-546edddc2a25","local_time":"20201213222017","is_ascension_mode":false,"campfire_choices":[],"circlet_count":0,"master_deck":["Strike_P","Strike_P","Strike_P","Strike_P","Defend_P","Defend_P","Defend_P","Defend_P","Eruption","Vigilance","MasterReality","REME_Repentance","Wallop"],"relics":["PureWater","REME_ComplimentaryCards","PreservedInsect","LetterFromLob","Peace Pipe","Ring of Fury","Ring of Misfortune"],"acts_visited":["Exordium"],"potions_floor_usage":[],"damage_taken":[{"damage":0,"enemies":"Small Slimes","floor":1,"turns":3},{"damage":11,"enemies":"2 Louse","floor":4,"turns":3},{"damage":165,"enemies":"HollowMod:MossKnight","floor":6,"turns":4}],"seed_played":"-1463325824913064045","potions_obtained":[],"is_trial":false,"path_per_floor":["M","?","?","M","?","E"],"character_chosen":"WATCHER","items_purchased":[],"campfire_rested":0,"item_purchase_floors":[],"current_hp_per_floor":[72,72,65,54,54,0,0],"gold":122,"neow_bonus":"RANDOM_COMMON_RELIC","is_daily":false,"chose_seed":false,"campfire_upgraded":0,"win_rate":0.0,"timestamp":1607869217,"path_taken":["M","?","?","M","?","E"],"items_purchased_type":[],"build_version":"2020-11-30","purchased_purges":0,"victory":false,"max_hp_per_floor":[72,72,72,72,72,72,72],"relic_stats":{"Peace Pipe":0,"counters":[3,10],"PreservedInsect":23,"obtain_stats":[{"Peace Pipe":2,"Ring of Misfortune":5,"Ring of Fury":5,"PreservedInsect":0,"LetterFromLob":1,"PureWater":0,"REME_ComplimentaryCards":0},{"Peace Pipe":1,"Ring of Misfortune":2,"Ring of Fury":2,"PreservedInsect":0,"LetterFromLob":1,"PureWater":0,"REME_ComplimentaryCards":0},{"Peace Pipe":3,"Ring of Misfortune":6,"Ring of Fury":6,"PreservedInsect":0,"LetterFromLob":3,"PureWater":0,"REME_ComplimentaryCards":0}]},"card_choices":[{"not_picked":["Protect","Replay:Cycle"],"picked":"REME_Repentance","floor":1},{"not_picked":["PathToVictory","Replay:Hum"],"picked":"Wallop","floor":4}],"player_experience":112880,"relics_obtained":[{"floor":1,"key":"LetterFromLob"},{"floor":5,"key":"Ring of Fury"},{"floor":5,"key":"Ring of Misfortune"}],"event_choices":[{"damage_healed":0,"gold_gain":0,"player_choice":"Box","damage_taken":0,"relics_obtained":["Peace Pipe"],"max_hp_gain":0,"max_hp_loss":0,"event_name":"Big Fish","floor":2,"gold_loss":0,"cards_obtained":["Regret"]},{"cards_removed":["Regret"],"damage_healed":0,"gold_gain":0,"player_choice":"Card Removal","damage_taken":7,"max_hp_gain":0,"max_hp_loss":0,"event_name":"Golden Wing","floor":3,"gold_loss":0}],"is_beta":false,"boss_relics":[],"items_purged_floors":[],"is_endless":false,"potions_floor_spawned":[],"killed_by":"HollowMod:MossKnight","ascension_level":0}}