{"host":"jlz4is0nf6zo9oab","time":1607823433,"event":{"mods":["AchievementEnabler","BaseMod","Colored Map","Colored Powertips","Highlight Path","Minty Spire (QoL Compilation)","StSLib"],"gold_per_floor":[112,136,136,146,123,156,156,189,189,205,238,254,254,7,7,7,7],"floor_reached":16,"playtime":393,"items_purged":[],"score":222,"play_id":"fcd105fb-27bc-47fa-a2d4-bc92a185e286","local_time":"20201213023713","is_ascension_mode":true,"campfire_choices":[{"data":"Bash","floor":7,"key":"SMITH"},{"floor":13,"key":"REST"},{"data":"Limit Break","floor":15,"key":"SMITH"}],"circlet_count":0,"master_deck":["AscendersBane","Strike_R","Strike_R","Strike_R","Strike_R","Strike_R","Defend_R","Defend_R","Defend_R","Bash+1","Shrug It Off","Limit Break+1","Cleave","Spot Weakness"],"relics":["Burning Blood","NeowsBlessing","Bag of Preparation","Pen Nib","Regal Pillow","Oddly Smooth Stone","Anchor","Frozen Egg 2"],"acts_visited":["Exordium"],"potions_floor_usage":[8,8,11,16],"damage_taken":[{"damage":0,"enemies":"Cultist","floor":1,"turns":1},{"damage":0,"enemies":"Small Slimes","floor":4,"turns":1},{"damage":0,"enemies":"Gremlin Nob","floor":6,"turns":1},{"damage":24,"enemies":"Lagavulin","floor":8,"turns":6},{"damage":16,"enemies":"Jaw Worm","floor":10,"turns":4},{"damage":44,"enemies":"3 Sentries","floor":11,"turns":9},{"damage":20,"enemies":"Lots of Slimes","floor":12,"turns":3},{"damage":54,"enemies":"Hexaghost","floor":16,"turns":9}],"seed_played":"-2468159581330570874","potions_obtained":[{"floor":1,"key":"BlessingOfTheForge"},{"floor":4,"key":"DistilledChaos"},{"floor":10,"key":"Regen Potion"},{"floor":12,"key":"Block Potion"}],"is_trial":false,"path_per_floor":["M","T","?","M","$","E","R","E","T","M","E","M","R","$","R","B"],"character_chosen":"IRONCLAD","items_purchased":["Cleave","Frozen Egg 2"],"campfire_rested":1,"item_purchase_floors":[5,14],"current_hp_per_floor":[78,78,78,80,80,80,80,62,62,52,29,15,54,54,54,0,0],"gold":7,"neow_bonus":"THREE_ENEMY_KILL","is_daily":false,"chose_seed":false,"campfire_upgraded":2,"win_rate":0.0,"timestamp":1607823433,"path_taken":["M","?","?","?","?","E","R","E","T","M","E","M","R","$","R","BOSS"],"items_purchased_type":["Card","Relic"],"build_version":"2020-11-30","purchased_purges":0,"victory":false,"max_hp_per_floor":[80,80,80,80,80,80,80,80,80,80,80,80,80,80,80,80,80],"card_choices":[{"not_picked":["Intimidate","Searing Blow"],"picked":"Shrug It Off","floor":1},{"not_picked":["Thunderclap","Ghostly Armor","Anger"],"picked":"SKIP","floor":4},{"not_picked":["Rupture","Clash","Shockwave"],"picked":"SKIP","floor":6},{"not_picked":["True Grit","Body Slam","Headbutt"],"picked":"SKIP","floor":8},{"not_picked":["Searing Blow","Body Slam","Clash"],"picked":"SKIP","floor":10},{"not_picked":["Shrug It Off","Twin Strike"],"picked":"Spot Weakness","floor":11},{"not_picked":["Barricade","Battle Trance","Carnage"],"picked":"SKIP","floor":12}],"player_experience":933446,"relics_obtained":[{"floor":2,"key":"Bag of Preparation"},{"floor":6,"key":"Pen Nib"},{"floor":8,"key":"Regal Pillow"},{"floor":9,"key":"Oddly Smooth Stone"},{"floor":11,"key":"Anchor"}],"event_choices":[{"damage_healed":0,"gold_gain":0,"cards_transformed":["Defend_R"],"player_choice":"Transformed","damage_taken":0,"max_hp_gain":0,"max_hp_loss":0,"event_name":"Transmorgrifier","floor":3,"gold_loss":0,"cards_obtained":["Limit Break"]}],"is_beta":false,"boss_relics":[],"items_purged_floors":[],"is_endless":false,"potions_floor_spawned":[1,4,10,12],"killed_by":"Hexaghost","ascension_level":11}}