{"host":"qzpuxnheibnu7155","time":1607898404,"event":{"mods":["Act Like it!","BaseMod","Displayed Cursed Tome","Minty Spire (QoL Compilation)","MostiFishMod","Pale of the Ancients","Remilia（蕾米莉亚）","RumiaBox-露米娅的神秘盒子","StSLib","TestMod","Waifu the Spire","【功能Mod】Neow奖励","【遗物卡牌】REMEMod","没有小屋子和绿帽子啦"],"gold_per_floor":[20,35,45,45,64,64,83,115,139,167,167,181,216,226,226,299,299,310,321,321,341,353,384,440,440,463,473,398,424,145,176,176,249,249,282,299,299,299,320,320,386,89,116,116,149,99,114,139,139,151,168,189,227,627,272,272,405,405,47,47,102],"floor_reached":62,"playtime":2820,"items_purged":["Strike_RM","Writhe","Regret","Doubt","Shame"],"score":3789,"play_id":"c35674a3-e875-40cf-bb75-8efc1a99484f","local_time":"20201214062644","is_ascension_mode":true,"campfire_choices":[{"data":"MastersStateliness","floor":6.0,"key":"SMITH"},{"data":"BatForm","floor":11.0,"key":"SMITH"},{"data":"MastersStateliness","floor":15.0,"key":"SMITH"},{"data":"MastersStateliness","floor":25.0,"key":"SMITH"},{"data":"MastersStateliness","floor":32.0,"key":"SMITH"},{"data":"EquivalentExchange","floor":40,"key":"SMITH"},{"floor":44,"key":"RECALL"},{"data":"BloodySeventeenLaser","floor":49,"key":"SMITH"},{"data":"MastersStateliness","floor":56,"key":"SMITH"},{"data":"DiffusionOfMisfortune","floor":58,"key":"SMITH"}],"circlet_count":0,"master_deck":["AscendersBane","Strike_RM","Strike_RM","Strike_RM","Defend_RM","Defend_RM","Defend_RM","RedMoon","ScarletShoot","BloodyCatastrophe","MastersStateliness+1","DiffusionOfMisfortune","BloodySeventeenLaser+1","Ultimatum","ChaoticDestiny","BatForm+1","FavorOfDestiny","MastersStateliness+1","UnstableMagic","DiffusionOfMisfortune+1","BloodySeventeenLaser+1","UnstableMagic+1","ScarletDevil","UnderTheZenith","EquivalentExchange+1","MastersStateliness+1","MastersStateliness+1","ScarletSymphony","QueenOfMidnight","MastersStateliness+1","Injury","DiffusionOfMisfortune+1","BloodySeventeenLaser+1","ScarletSymphony","BombardNight+1","ScarletSymphony+1","BombardNight+1","Clumsy","MastersStateliness+1","MostiFishMod:OneDayCity","DiffusionOfMisfortune+1"],"relics":["ScarletHat","DaveBox","testmod-TestBox","SentryEyes","testmod-Brilliant","Civilization","Question Card","testmod-Alchemist","testmod-Alchemist","Toy Ornithopter","Vajra","MealTicket","Baka2","ImportantClient","Philosopher\u0027s Stone","StrikeDummy","Smiling Mask","testmod-LifeArmor","GodSword7","GodSword1","testmod-DeterminationOfClimber","Molten Egg 2","Potion Belt","Strawberry","Art of War","Mango","testmod-TheFather","paleoftheancients:Timepiece","paleoftheancients:KeyRelic","paleoftheancients:SoulOfTheIroncluck","REME_CardOfGreed","Bag of Marbles","Cauldron"],"acts_visited":["Exordium","TheCity","TheBeyond","paleoftheancients:PaleOfTheAncients"],"potions_floor_usage":[50,61,61,61,61],"damage_taken":[{"damage":0.0,"enemies":"2 Louse","floor":1.0,"turns":1.0},{"damage":0.0,"enemies":"Cultist","floor":2.0,"turns":2.0},{"damage":0.0,"enemies":"Small Slimes","floor":3.0,"turns":1.0},{"damage":4.0,"enemies":"Red Slaver","floor":5.0,"turns":2.0},{"damage":0.0,"enemies":"Lots of Slimes","floor":7.0,"turns":1.0},{"damage":10.0,"enemies":"Gremlin Nob","floor":8.0,"turns":2.0},{"damage":0.0,"enemies":"Lagavulin","floor":10.0,"turns":2.0},{"damage":0.0,"enemies":"3 Louse","floor":12.0,"turns":1.0},{"damage":18.0,"enemies":"Gremlin Nob","floor":13.0,"turns":1.0},{"damage":0.0,"enemies":"Blue Slaver","floor":14.0,"turns":1.0},{"damage":0.0,"enemies":"Hexaghost","floor":16.0,"turns":1.0},{"damage":0.0,"enemies":"2 Thieves","floor":18.0,"turns":2.0},{"damage":0.0,"enemies":"Shell Parasite","floor":19.0,"turns":1.0},{"damage":0.0,"enemies":"Shelled Parasite and Fungi","floor":21.0,"turns":1.0},{"damage":0.0,"enemies":"Chosen and Byrds","floor":22.0,"turns":1.0},{"damage":0.0,"enemies":"REME_1_Revenger","floor":23.0,"turns":2.0},{"damage":0.0,"enemies":"Cultist and Chosen","floor":24.0,"turns":2.0},{"damage":0.0,"enemies":"Centurion and Healer","floor":27.0,"turns":1.0},{"damage":0.0,"enemies":"Slavers","floor":29.0,"turns":1.0},{"damage":0.0,"enemies":"REME_1_Revenger","floor":31.0,"turns":2.0},{"damage":0,"enemies":"Champ","floor":33,"turns":1},{"damage":0,"enemies":"Orb Walker","floor":35,"turns":1},{"damage":0,"enemies":"3 Shapes","floor":36,"turns":1},{"damage":9,"enemies":"Transient","floor":39,"turns":2},{"damage":2,"enemies":"4 Shapes","floor":41,"turns":1},{"damage":0,"enemies":"Reptomancer","floor":45,"turns":1},{"damage":0,"enemies":"3 Darklings","floor":47,"turns":1},{"damage":0,"enemies":"Mind Bloom Boss Battle","floor":48,"turns":2},{"damage":0,"enemies":"Time Eater","floor":50,"turns":4},{"damage":0,"enemies":"Donu and Deca","floor":51,"turns":2},{"damage":0,"enemies":"Donu and Deca","floor":52,"turns":1},{"damage":0,"enemies":"Donu and Deca","floor":53,"turns":2},{"damage":71,"enemies":"Donu and Deca","floor":57,"turns":8},{"damage":4,"enemies":"paleoftheancients:N","floor":61,"turns":2}],"seed_played":"5318532232186319924","potions_obtained":[{"floor":2.0,"key":"PowerPotion"},{"floor":5.0,"key":"LiquidMemories"},{"floor":10.0,"key":"Weak Potion"},{"floor":13.0,"key":"Regen Potion"},{"floor":14.0,"key":"ColorlessPotion"},{"floor":16.0,"key":"SmokeBomb"},{"floor":35,"key":"testmod-SpacePotion"},{"floor":39,"key":"LiquidBronze"},{"floor":45,"key":"testmod-TestPotion"},{"floor":59,"key":"DestinyDice"},{"floor":59,"key":"AttackPotion"},{"floor":59,"key":"ColorlessPotion"}],"is_trial":false,"path_per_floor":["M","M","M","?","M","R","M","E","T","E","R","M","E","M","R","B",null,"M","M","?","M","M","E","M","R","T","M","?","E","$","E","R","B",null,"M","M","?","T","M","R","M","$","T","R","E","$","M","?","R","B","B","M","M","?","$","R","M","R","$","?","B",null],"character_chosen":"REMILIA","items_purchased":["GodSword7","Potion Belt","BloodySeventeenLaser+1","REME_CardOfGreed","MostiFishMod:OneDayCity","DiffusionOfMisfortune+1","Bag of Marbles","Cauldron"],"campfire_rested":0,"item_purchase_floors":[30,42,42,55,55,59,59,59],"current_hp_per_floor":[65,68,73,73,75,75,86,95,95,108,108,124,141,159,159,181,189,210,232,232,256,282,312,341,341,341,303,303,337,352,393,393,443,495,533,573,560,560,602,602,646,648,655,655,704,704,15,71,71,168,766,926,1043,1043,1058,1058,1145,1145,1145,1145,1217],"gold":102,"neow_bonus":"ONE_RARE_RELIC","is_daily":false,"chose_seed":false,"campfire_upgraded":9,"win_rate":0.0,"timestamp":1607898404,"path_taken":["M","M","M","?","?","R","M","E","T","E","R","?","E","M","R","BOSS","M","M","?","?","M","E","?","R","T","M","?","E","$","E","R","BOSS","M","M","?","?","M","R","M","$","T","R","E","$","?","?","R","BOSS","BOSS","M","M","?","$","R","M","R","$","?","BOSS"],"items_purchased_type":["Relic","Relic","Card","Relic","Card","Card","Relic","Relic"],"build_version":"2020-11-30","purchased_purges":5,"victory":true,"max_hp_per_floor":[72,75,80,80,86,86,97,109,109,122,122,138,155,173,173,192,192,213,235,235,259,285,312,341,341,341,407,407,441,441,476,476,512,512,549,589,560,560,602,602,648,648,655,655,704,704,773,829,829,886,945,1005,1079,1079,1079,1079,1145,1145,1145,1145,1217],"card_choices":[{"not_picked":["RedRainbow","UnstableMagic"],"picked":"MastersStateliness","floor":1.0},{"not_picked":["UnderTheZenith","CharismaGuard","UnstableMagic"],"picked":"DiffusionOfMisfortune","floor":2.0},{"not_picked":["EmergencyRegeneration","Septette","CharismaGuard","DevilSight"],"picked":"SKIP","floor":3.0},{"not_picked":["RedRainbow","VampireSweep","HunterOfTheNight"],"picked":"BloodySeventeenLaser","floor":5.0},{"not_picked":["EndlessAdversity","CharismaGuard","BloodHunter"],"picked":"Ultimatum","floor":7.0},{"not_picked":["UltimateOffering","ScarletImprint","VampireKiss"],"picked":"ChaoticDestiny","floor":8.0},{"not_picked":["BombardNight","VampireKiss","BlasphemousPunishment"],"picked":"BatForm","floor":10.0},{"not_picked":["MiserableFate","ScarletDevil","BloodHunter"],"picked":"FavorOfDestiny","floor":10.0},{"not_picked":["BombardNight","CharismaGuard","RedMagic"],"picked":"MastersStateliness","floor":12.0},{"not_picked":["ScarletImprint","EmergencyRegeneration","Septette"],"picked":"UnstableMagic","floor":13.0},{"not_picked":["CharismaGuard","Septette","BloodHunter"],"picked":"DiffusionOfMisfortune","floor":14.0},{"not_picked":["CurseOfVladTepes","BloodyHallows","ForecastOfChange"],"picked":"BloodySeventeenLaser","floor":16.0},{"not_picked":["BloodyTrap","RedNightlessCastle","BlasphemousPunishment"],"picked":"UnstableMagic+1","floor":18.0},{"not_picked":["VampireKiss","Ultimatum","EndlessAdversity"],"picked":"ScarletDevil","floor":19.0},{"not_picked":["TwelveNightmare","ScarletGensokyo+1","ScarletImprint"],"picked":"UnderTheZenith","floor":19.0},{"not_picked":["ScarletImprint","UnstableMagic","RedRainbow","BadLadyScramble"],"picked":"SKIP","floor":21.0},{"not_picked":["ScarletImprint","NightDance+1","BlasphemousPunishment","CharismaGuard"],"picked":"SKIP","floor":21.0},{"not_picked":["VampireKiss+1","AfternoonTea","RedRainbow"],"picked":"EquivalentExchange","floor":22.0},{"not_picked":["VampireKiss","BloodyTrap","UnderTheZenith+1","BombardNight"],"picked":"SKIP","floor":22.0},{"not_picked":["BatForm","StarOfDavid","ScarletImprint","FavorOfDestiny"],"picked":"SKIP","floor":23.0},{"not_picked":["EndlessAdversity","RedNightlessCastle","BloodyCatastrophe"],"picked":"MastersStateliness","floor":24.0},{"not_picked":["BloodyTrap","RedMagic","BadLadyScramble"],"picked":"MastersStateliness","floor":27.0},{"not_picked":["BadLadyScramble","BombardNight","ScarletImprint"],"picked":"ScarletSymphony","floor":29.0},{"not_picked":["EmergencyRegeneration","DevilSight","BloodAndWine","CharismaGuard"],"picked":"SKIP","floor":31.0},{"not_picked":["HellCatastrophe","ScarletCoffin","BloodRain"],"picked":"QueenOfMidnight","floor":33},{"not_picked":["EternalNight","VampireSweep","GlobalNightmare+1"],"picked":"MastersStateliness+1","floor":35},{"not_picked":["ScarletImprint","FavorOfDestiny","ScarletDevil","MiserableFate+1"],"picked":"SKIP","floor":36},{"not_picked":["UnstableMagic+1","CharismaGuard+1","Ultimatum+1","Stigmanizer+1"],"picked":"SKIP","floor":39},{"not_picked":["BombardNight+1","BloodHunter","ScarletGensokyo+1"],"picked":"DiffusionOfMisfortune+1","floor":41},{"not_picked":["BloodRain","BloodyTrap+1","ScarletDevil+1"],"picked":"ScarletSymphony","floor":45},{"not_picked":["VampireKiss+1","CharismaGuard+1","BloodyTrap+1","Maim"],"picked":"SKIP","floor":47},{"not_picked":["FitfulNightmare","BlasphemousPunishment","RedRainbow+1"],"picked":"BombardNight+1","floor":48},{"not_picked":["EndlessAdversity+1","ForbiddenFruit","ReincarnationDial"],"picked":"BombardNight+1","floor":52},{"not_picked":["BloodAndWine+1","CharismaGuard","BatForm"],"picked":"MastersStateliness","floor":53},{"not_picked":["ReincarnationDial","ScarletImprint+1","UnderTheZenith","CharismaGuard+1"],"picked":"SKIP","floor":57}],"player_experience":546806,"relics_obtained":[{"floor":1.0,"key":"Question Card"},{"floor":1.0,"key":"Baka"},{"floor":2.0,"key":"testmod-Alchemist"},{"floor":2.0,"key":"testmod-Alchemist"},{"floor":8.0,"key":"Toy Ornithopter"},{"floor":10.0,"key":"Vajra"},{"floor":13.0,"key":"MealTicket"},{"floor":14.0,"key":"Baka2"},{"floor":16.0,"key":"ImportantClient"},{"floor":23.0,"key":"StrikeDummy"},{"floor":26.0,"key":"Smiling Mask"},{"floor":29.0,"key":"testmod-LifeArmor"},{"floor":31.0,"key":"GodSword1"},{"floor":38,"key":"Molten Egg 2"},{"floor":43,"key":"Strawberry"},{"floor":45,"key":"Art of War"},{"floor":47,"key":"Mango"},{"floor":48,"key":"testmod-TheFather"},{"floor":52,"key":"paleoftheancients:SoulOfTheIroncluck"}],"event_choices":[{"damage_healed":0.0,"max_hp_gain":0.0,"max_hp_loss":0.0,"gold_gain":0.0,"event_name":"Match and Keep!","player_choice":"0 cards matched","floor":4.0,"gold_loss":0.0,"damage_taken":0.0,"cards_obtained":[]},{"damage_healed":0.0,"max_hp_gain":0.0,"max_hp_loss":0.0,"gold_gain":0.0,"event_name":"Upgrade Shrine","player_choice":"Upgraded","floor":20.0,"gold_loss":0.0,"damage_taken":0.0,"cards_upgraded":["BloodySeventeenLaser"]},{"cards_removed":["Defend_RM"],"damage_healed":0.0,"max_hp_gain":0.0,"max_hp_loss":0.0,"gold_gain":0.0,"event_name":"Beggar","player_choice":"Gave Gold","floor":28.0,"gold_loss":75.0,"damage_taken":0.0},{"damage_healed":0,"gold_gain":0,"player_choice":"Max HP","damage_taken":0,"max_hp_gain":0,"max_hp_loss":29,"event_name":"Winding Halls","floor":37,"gold_loss":0},{"damage_healed":0,"gold_gain":0,"player_choice":"Fight","damage_taken":0,"max_hp_gain":0,"max_hp_loss":0,"event_name":"MindBloom","floor":48,"gold_loss":0},{"damage_healed":0,"gold_gain":400,"player_choice":"Sell","damage_taken":0,"max_hp_gain":0,"max_hp_loss":0,"event_name":"恩洛斯的盘子","floor":54,"relics_lost":["REME_ComplimentaryCards"],"gold_loss":0}],"is_beta":false,"boss_relics":[{"not_picked":["GuanYuAspect","testmod-EnergyCheck"],"picked":"Philosopher\u0027s Stone"},{"not_picked":["REME_DuelDisc","Cursed Key"],"picked":"testmod-DeterminationOfClimber"}],"items_purged_floors":[30,42,46,55,59],"is_endless":false,"potions_floor_spawned":[2,5,10,14,16,19,21,27,35,39,45,53,61],"ascension_level":20}}