{"host":"9nt1zhl3k8mtcf72","time":1607887366,"event":{"mods":["Aspiration","BaseMod","Conjunction","Conspire","Downfall","Energized Spire","Friendly Minions","GifTheSpireLib","Halation","Hubris","Infinite Spire","Minty Spire (QoL Compilation)","RRrroohrrRGHHhhh!!","RatMod","Replay The Spire","Spikes Relics","StSLib","Stuff the Spire","Trackpad","Useless Jewels Mod","Wandering Minibosses","vexMod"],"gold_per_floor":[99,33,33,70,70,96,146,165,186,219,253,49,75,101,129,137,137],"floor_reached":16,"playtime":840,"items_purged":[],"score":102,"play_id":"a3264912-04b5-4e2b-ab8b-5c3fddbc3c12","local_time":"20201213142246","is_ascension_mode":false,"campfire_choices":[],"circlet_count":0,"master_deck":["expansioncontent:StudyTheSpire+1","Guardian:Strike_Guardian","Guardian:Strike_Guardian","Guardian:Strike_Guardian","Guardian:Strike_Guardian","Guardian:Defend_Guardian","Guardian:Defend_Guardian","Guardian:Defend_Guardian","Guardian:Defend_Guardian","Guardian:CurlUp","Guardian:TwinSlam","Guardian:WalkerClaw","Guardian:PrimingBeam","Guardian:Gem_Purple","Guardian:Harden","Guardian:FloatingOrbs","Guardian:VentSteam","Guardian:DonusPower","Guardian:RollAttack","Guardian:PiercingHide","Guardian:BronzeOrb","Guardian:CrystalBeam","Guardian:Gem_White","Guardian:PrimingBeam","Guardian:TemporalStrike","Guardian:RefractedBeam"],"relics":["Guardian:ModeShifter","aspiration:ArtOfWarUpgrade","Gremlin Food","trackpad:AdjectivePendant","Vajra","Odd Mushroom"],"acts_visited":["Exordium"],"potions_floor_usage":[12,12,12,15],"damage_taken":[{"damage":0,"enemies":"downfall:FleeingMerchant","floor":2,"turns":4},{"damage":14,"enemies":"conspire:MimicChest","floor":4,"turns":4},{"damage":0,"enemies":"conspire:RoseBush","floor":6,"turns":4},{"damage":10,"enemies":"Small Slimes","floor":8,"turns":4},{"damage":1,"enemies":"2 Louse","floor":9,"turns":3},{"damage":15,"enemies":"Replay:BlueRogue","floor":10,"turns":4},{"damage":15,"enemies":"The Mushroom Lair","floor":11,"turns":4},{"damage":5,"enemies":"downfall:FleeingMerchant","floor":12,"turns":4},{"damage":0,"enemies":"2 Fungi Beasts","floor":13,"turns":3},{"damage":6,"enemies":"Exordium Wildlife","floor":14,"turns":2},{"damage":0,"enemies":"Red Slaver","floor":15,"turns":3},{"damage":19,"enemies":"downfall:Silent","floor":16,"turns":4}],"seed_played":"444671818947486518","potions_obtained":[{"floor":9,"key":"champ:CounterPotion"},{"floor":10,"key":"SkillPotion"},{"floor":11,"key":"Strength Potion"},{"floor":14,"key":"Guardian:DefensiveModePotion"}],"is_trial":false,"path_per_floor":["R","$","R","?","?","M","T","M","M","E","?","$","M","M","M","B"],"character_chosen":"GUARDIAN","items_purchased":["Guardian:PrimingBeam","Guardian:BronzeOrb","Guardian:CrystalBeam","Guardian:Gem_White"],"campfire_rested":0,"item_purchase_floors":[2,12,12,12],"current_hp_per_floor":[80,80,80,66,66,66,66,56,55,40,25,20,20,14,14,0,0],"gold":137,"neow_bonus":"RANDOM_COMMON_RELIC","is_daily":false,"chose_seed":false,"campfire_upgraded":0,"win_rate":0.0,"timestamp":1607887366,"path_taken":["R","$","R","?","?","M","T","M","M","E","?","$","M","M","M","BOSS"],"items_purchased_type":["Card","Card","Card","Card"],"build_version":"2020-11-30","purchased_purges":0,"victory":false,"max_hp_per_floor":[80,80,80,80,80,80,80,80,80,80,80,80,80,80,80,80,80],"card_choices":[{"not_picked":["Guardian:GuardianWhirl","Guardian:TemporalShield"],"picked":"Guardian:WalkerClaw","floor":2},{"not_picked":["Guardian:DonusPower","Guardian:PrismaticBarrier"],"picked":"Guardian:Gem_Purple","floor":4},{"not_picked":["Guardian:Gem_Lightblue","Guardian:ArmoredProtocol"],"picked":"Guardian:Harden","floor":6},{"not_picked":["Guardian:Gem_Red","Guardian:RefractedBeam"],"picked":"Guardian:FloatingOrbs","floor":8},{"not_picked":["Guardian:Suspension","Guardian:Gem_Red"],"picked":"Guardian:VentSteam","floor":9},{"not_picked":["Guardian:AncientConstruct","Guardian:ShieldCharger"],"picked":"Guardian:DonusPower","floor":10},{"not_picked":["Guardian:TemporalShield","Guardian:BronzeArmor"],"picked":"Guardian:RollAttack","floor":11},{"not_picked":["Guardian:Recover","Guardian:RefractedBeam"],"picked":"Guardian:PiercingHide","floor":12},{"not_picked":["Guardian:TemporalShield","Guardian:FastForward"],"picked":"Guardian:PrimingBeam","floor":13},{"not_picked":["Guardian:Planning","Guardian:ShieldCharger"],"picked":"Guardian:TemporalStrike","floor":14},{"not_picked":["Guardian:TemporalShield","Guardian:WalkerClaw"],"picked":"Guardian:RefractedBeam","floor":15}],"player_experience":442557,"relics_obtained":[{"floor":4,"key":"Gremlin Food"},{"floor":5,"key":"trackpad:AdjectivePendant"},{"floor":10,"key":"Vajra"},{"floor":11,"key":"Odd Mushroom"}],"event_choices":[{"damage_healed":0,"gold_gain":0,"player_choice":"Fought Mushrooms","damage_taken":0,"max_hp_gain":0,"max_hp_loss":0,"event_name":"Mushrooms","floor":11,"gold_loss":0}],"is_beta":false,"boss_relics":[],"items_purged_floors":[],"is_endless":false,"potions_floor_spawned":[9,10,11,14],"killed_by":"downfall:Silent","ascension_level":0}}