{"host":"ow9msrs9p2ctkx99","time":1607857258,"event":{"mods":["AchievementEnabler","BaseMod","Colored Map","Colored Powertips","Minty Spire (QoL Compilation)","Permanent Neow","Quick Restart","SuperFastMode"],"gold_per_floor":[113,113,130,57,74,74,92,92,92,102,132,132,132,132],"floor_reached":13,"playtime":261,"items_purged":[],"score":132,"play_id":"0ee01863-59b2-4d09-8db9-db466a722527","local_time":"20201213120058","is_ascension_mode":true,"campfire_choices":[{"data":"Chaos","floor":6,"key":"SMITH"},{"data":"Dualcast","floor":8,"key":"SMITH"}],"circlet_count":0,"master_deck":["AscendersBane","Strike_B","Strike_B","Strike_B","Defend_B","Defend_B","Defend_B","Defend_B","Zap","Dualcast+1","Secret Technique","Chaos+1","Coolheaded","FTL","Turbo","Sweeping Beam","Hologram","Conserve Battery"],"relics":["Cracked Core","The Courier","Question Card","Cables"],"acts_visited":["Exordium"],"potions_floor_usage":[13],"damage_taken":[{"damage":7,"enemies":"Jaw Worm","floor":1,"turns":4},{"damage":0,"enemies":"Cultist","floor":3,"turns":4},{"damage":0,"enemies":"2 Louse","floor":5,"turns":2},{"damage":5,"enemies":"Large Slime","floor":7,"turns":6},{"damage":0,"enemies":"Blue Slaver","floor":10,"turns":3},{"damage":20,"enemies":"Lagavulin","floor":11,"turns":7},{"damage":11,"enemies":"3 Sentries","floor":13,"turns":3}],"seed_played":"5090254337603646076","potions_obtained":[{"floor":3,"key":"Swift Potion"},{"floor":10,"key":"LiquidMemories"}],"is_trial":false,"path_per_floor":["M","?","M","$","M","R","M","R","T","M","E","?","E"],"character_chosen":"DEFECT","items_purchased":["FTL"],"campfire_rested":0,"item_purchase_floors":[4],"current_hp_per_floor":[43,43,43,43,43,43,38,38,38,38,18,11,0,0],"gold":132,"neow_bonus":"RANDOM_COLORLESS_2","is_daily":false,"chose_seed":false,"campfire_upgraded":2,"win_rate":0.0,"timestamp":1607857258,"path_taken":["M","?","M","$","?","R","M","R","T","M","E","?","E"],"items_purchased_type":["Card"],"build_version":"2020-11-30","purchased_purges":0,"victory":false,"max_hp_per_floor":[75,75,75,75,75,75,75,75,75,75,75,75,75,75],"card_choices":[{"not_picked":["Metamorphosis","Thinking Ahead"],"picked":"Secret Technique","floor":0},{"not_picked":["Leap","Streamline"],"picked":"Chaos","floor":1},{"not_picked":["Beam Cell","Hologram"],"picked":"Coolheaded","floor":3},{"not_picked":["Beam Cell","Compile Driver"],"picked":"Turbo","floor":5},{"not_picked":["Consume","Leap"],"picked":"Sweeping Beam","floor":7},{"not_picked":["Go for the Eyes","Genetic Algorithm"],"picked":"Hologram","floor":10},{"not_picked":["Turbo","Aggregate"],"picked":"Conserve Battery","floor":11}],"player_experience":1007037,"relics_obtained":[{"floor":9,"key":"The Courier"},{"floor":11,"key":"Question Card"}],"event_choices":[{"cards_removed":["Strike_B"],"damage_healed":0,"gold_gain":0,"player_choice":"Purged","damage_taken":0,"max_hp_gain":0,"max_hp_loss":0,"event_name":"Purifier","floor":2,"gold_loss":0},{"damage_healed":0,"gold_gain":0,"player_choice":"Success","damage_taken":7,"relics_obtained":["Cables"],"max_hp_gain":0,"max_hp_loss":0,"event_name":"Scrap Ooze","floor":12,"gold_loss":0}],"is_beta":false,"boss_relics":[],"items_purged_floors":[],"is_endless":false,"potions_floor_spawned":[3,10],"killed_by":"3 Sentries","ascension_level":11}}