{"host":"63howft1cojq0ioc","time":1607872392,"event":{"mods":["Act Like it!","Aspiration","BaseMod","DeckTracker","Downfall","Infinite Spire","Minty Spire (QoL Compilation)","Quick Restart","Relic Stats","Replay The Spire","StSLib","SuperFastMode","The Jungle"],"gold_per_floor":[118,118,43,8,8,8,41,111,111,111,129,129,129,146,146,246,246,258,270,270,287,298,327,327,357,381,471,486,501,252,269,269,269,269],"floor_reached":33,"playtime":999,"items_purged":["Strike_R","Defend_R"],"score":367,"play_id":"165ef381-bcd6-4cd5-bd37-b16e55e6776e","local_time":"20201213131312","is_ascension_mode":true,"campfire_choices":[{"data":"Strike_R","floor":6,"key":"SMITH"},{"floor":10,"key":"REST"},{"data":"Cleave","floor":15,"key":"SMITH"},{"floor":24,"key":"REST"},{"floor":32,"key":"REST"}],"circlet_count":0,"master_deck":["Strike_R","Strike_R","Strike_R","Strike_R+1","Defend_R","Defend_R","Defend_R","Bash+1","Cleave+1","Cleave","Anger","Spot Weakness","Demon Form","Replay:SS_hec_4","Clash+1","Thunderclap+1"],"relics":["Black Blood","aspiration:Nostalgia","infinitespire:DarkRift","Pear","ReplayTheSpireMod:Ninjato","Potion Belt","Toy Ornithopter","FaceOfCleric","aspiration:FaultyCoupler","Orichalcum","aspiration:FrozenJewel","ReplayTheSpireMod:TigerMarble"],"acts_visited":["TheCity"],"potions_floor_usage":[16,16,22,23,23,25,28,31,31,33,33],"damage_taken":[{"damage":7,"enemies":"Jaw Worm","floor":1,"turns":2},{"damage":20,"enemies":"Gremlin Nob","floor":7,"turns":4},{"damage":6,"enemies":"Cultist","floor":11,"turns":3},{"damage":0,"enemies":"2 Louse","floor":14,"turns":2},{"damage":90,"enemies":"Fading Forest","floor":16,"turns":11},{"damage":12,"enemies":"Chosen","floor":18,"turns":3},{"damage":0,"enemies":"Spheric Guardian","floor":19,"turns":2},{"damage":21,"enemies":"Centurion and Healer","floor":21,"turns":6},{"damage":43,"enemies":"Snake Plant","floor":22,"turns":5},{"damage":61,"enemies":"Slavers","floor":23,"turns":4},{"damage":43,"enemies":"Gremlin Leader","floor":25,"turns":5},{"damage":4,"enemies":"Cultist and Chosen","floor":28,"turns":4},{"damage":0,"enemies":"Centurion and Healer","floor":29,"turns":6},{"damage":35,"enemies":"Sentry and Sphere","floor":31,"turns":6},{"damage":78,"enemies":"Collector","floor":33,"turns":7}],"seed_played":"9076312966427786680","potions_obtained":[{"floor":8,"key":"Fire Potion"},{"floor":14,"key":"Dexterity Potion"},{"floor":16,"key":"Reflective Coating"},{"floor":18,"key":"Regen Potion"},{"floor":21,"key":"CultistPotion"},{"floor":22,"key":"Energy Potion"},{"floor":31,"key":"Block Potion"}],"is_trial":false,"path_per_floor":["M","?","$","?","$","R","E","?","T","R","M","AVR","?","M","R","B",null,"M","M","AVR","M","M","E","R","E","T","?","M","M","$","M","R","B"],"character_chosen":"IRONCLAD","items_purchased":["Adrenaline Potion","Adrenaline Potion","PowerPotion"],"campfire_rested":3,"item_purchase_floors":[30,30,30],"current_hp_per_floor":[79,79,79,80,80,80,76,54,54,81,81,81,81,88,88,21,92,93,94,94,86,70,32,61,36,36,12,26,39,39,27,57,0,0],"gold":269,"neow_bonus":"NOSTALGIA","is_daily":false,"chose_seed":false,"campfire_upgraded":2,"win_rate":0.0,"timestamp":1607872392,"path_taken":["M","?","?","?","$","R","E","?","T","R","?","AVR","?","M","R","BOSS","M","M","AVR","?","M","E","R","E","T","?","M","?","$","M","R","BOSS"],"items_purchased_type":["Potion","Potion","Potion"],"build_version":"2020-11-30","purchased_purges":2,"victory":false,"max_hp_per_floor":[80,80,80,80,80,80,90,90,90,90,90,90,90,91,91,92,92,93,94,94,95,96,97,97,98,98,98,99,100,100,101,101,101,101],"relic_stats":{"FaceOfCleric":11,"counters":[15,70],"Black Blood":126,"Orichalcum":[72],"obtain_stats":[{"Potion Belt":9,"Pear":7,"ReplayTheSpireMod:Ninjato":8,"aspiration:Nostalgia":0,"Black Blood":17,"Orichalcum":23,"Burning Blood":0,"aspiration:FrozenJewel":25,"infinitespire:DarkRift":0,"FaceOfCleric":13,"ReplayTheSpireMod:TigerMarble":26,"Toy Ornithopter":12,"aspiration:FaultyCoupler":20},{"Potion Belt":2,"Pear":2,"ReplayTheSpireMod:Ninjato":2,"aspiration:Nostalgia":0,"Black Blood":5,"Orichalcum":10,"Burning Blood":0,"aspiration:FrozenJewel":11,"infinitespire:DarkRift":0,"FaceOfCleric":3,"ReplayTheSpireMod:TigerMarble":11,"Toy Ornithopter":3,"aspiration:FaultyCoupler":7},{"Potion Belt":6,"Pear":6,"ReplayTheSpireMod:Ninjato":6,"aspiration:Nostalgia":0,"Black Blood":22,"Orichalcum":42,"Burning Blood":0,"aspiration:FrozenJewel":47,"infinitespire:DarkRift":0,"FaceOfCleric":9,"ReplayTheSpireMod:TigerMarble":47,"Toy Ornithopter":9,"aspiration:FaultyCoupler":27}],"Toy Ornithopter":53},"card_choices":[{"not_picked":["Replay:Undeath\u0027s Touch","Searing Blow","Sentinel"],"picked":"SKIP","floor":1},{"not_picked":["Armaments","Power Through"],"picked":"Cleave","floor":7},{"not_picked":["Twin Strike","Evolve"],"picked":"Cleave","floor":8},{"not_picked":["Hemogenesis","Armaments","Clothesline"],"picked":"SKIP","floor":11},{"not_picked":["Pummel","Life Link","Whirlwind"],"picked":"SKIP","floor":14},{"not_picked":["Perfected Strike","Rupture","Feel No Pain"],"picked":"SKIP","floor":18},{"not_picked":["Warcry","Armaments"],"picked":"Anger","floor":19},{"not_picked":["Wild Strike","Reckless Charge","Warcry"],"picked":"SKIP","floor":21},{"not_picked":["True Grit","Shrug It Off+1"],"picked":"Spot Weakness","floor":22},{"not_picked":["Flex","True Grit+1"],"picked":"Demon Form","floor":23},{"not_picked":["Armaments+1","Power Through","Wild Strike"],"picked":"SKIP","floor":25},{"not_picked":["Shockwave","Rage+1"],"picked":"Clash+1","floor":28},{"not_picked":["Dual Wield","Run Through+1","Feel No Pain"],"picked":"SKIP","floor":29},{"not_picked":["Clothesline","Perfected Strike"],"picked":"Thunderclap+1","floor":31}],"player_experience":87511,"relics_obtained":[{"floor":7,"key":"Pear"},{"floor":8,"key":"ReplayTheSpireMod:Ninjato"},{"floor":9,"key":"Potion Belt"},{"floor":23,"key":"Orichalcum"},{"floor":25,"key":"aspiration:FrozenJewel"},{"floor":26,"key":"ReplayTheSpireMod:TigerMarble"}],"event_choices":[{"damage_healed":0,"gold_gain":0,"player_choice":"Upgraded","damage_taken":0,"max_hp_gain":0,"max_hp_loss":0,"event_name":"Upgrade Shrine","floor":2,"gold_loss":0,"cards_upgraded":["Bash"]},{"damage_healed":20,"gold_gain":0,"player_choice":"Healed","damage_taken":0,"max_hp_gain":0,"max_hp_loss":0,"event_name":"The Cleric","floor":4,"gold_loss":35},{"damage_healed":0,"gold_gain":0,"player_choice":"Trade","damage_taken":0,"relics_obtained":["FaceOfCleric"],"max_hp_gain":0,"max_hp_loss":0,"event_name":"FaceTrader","floor":13,"gold_loss":0},{"damage_healed":0,"gold_gain":90,"player_choice":"POTION CARD GOLD ","damage_taken":24,"max_hp_gain":0,"max_hp_loss":0,"event_name":"Knowing Skull","floor":27,"potions_obtained":["AttackPotion"],"gold_loss":0,"cards_obtained":["Replay:SS_hec_4"]}],"is_beta":false,"boss_relics":[{"not_picked":["Coffee Dripper","infinitespire:Cupcake"],"picked":"Black Blood"}],"items_purged_floors":[3,30],"is_endless":false,"potions_floor_spawned":[14,16,18,21,22,31],"killed_by":"Collector","ascension_level":4}}