{"host":"cz3p2o9n3b1gdmkz","time":1607837358,"event":{"mods":["AchievementEnabler","BaseMod","CapriCore","GungeonMod","Hermit","Lobotomy","Minty Spire (QoL Compilation)","Replay The Spire","Shop Mod","StSLib","SuperFastMode","The Cursed","The Dragon Tamer","The Gatherer","The Jungle","The Poker Player"],"gold_per_floor":[112,139,214,59,234,234,268,268,322,341,355,241,241,255,255,361,461,448,448,472,472,374,414,513,440,491,418,418,443,498,438,438,556,556,578,578,602,681,738,738,784,826,826,872,886,960,960,718,718,732,732,732,732,409,490,490,490],"floor_reached":56,"playtime":3184,"items_purged":["Doubt"],"score":1139,"play_id":"b0b001da-861b-4c8a-84e7-abe39d8f4a0d","local_time":"20201213142918","is_ascension_mode":true,"campfire_choices":[{"data":"hermit:Snapshot","floor":6.0,"key":"SMITH"},{"floor":13.0,"key":"REST"},{"data":"hermit:Scavenge","floor":15.0,"key":"SMITH"},{"data":"hermit:Shortfuse","floor":32,"key":"SMITH"},{"floor":40,"key":"REST"},{"floor":47,"key":"RECALL"},{"data":"hermit:Maintenance","floor":49,"key":"SMITH"},{"data":"hermit:Maintenance","floor":53,"key":"SMITH"}],"circlet_count":0,"master_deck":["hermit:Strike_Hermit+1","hermit:Strike_Hermit","hermit:Strike_Hermit","hermit:Strike_Hermit+1","hermit:Defend_Hermit+1","hermit:Defend_Hermit","hermit:Defend_Hermit+1","hermit:Defend_Hermit+1","hermit:Snapshot+1","hermit:Covet+1","hermit:Showdown","hermit:Scavenge+1","hermit:RoundhouseKick","hermit:Quickdraw+1","hermit:Roulette","hermit:Shortfuse+1","hermit:Scavenge+1","hermit:TakeCover+1","hermit:GoldenBullet","hermit:DeadOrAlive","ReplayTheSpireMod:Faulty Equipment","Regret","Regret","hermit:Maintenance+1","hermit:Maintenance+1","hermit:EyeOfTheStorm+1"],"relics":["Sozu","MealTicket","Membership Card","DemoMod:PinkGuonStone","Gremlin Food","DemoMod:ClearGuonStone","Replay:Wanted Poster","ReplayTheSpireMod:Lightbulb","Blue Candle","PreservedInsect","ClockworkSouvenir","Blue Doll","Replay:Ancient Bell","Akabeko","The Courier","FossilizedHelix","Toy Ornithopter","DemoMod:VorpalBullet","hermit:RedScarf","Pear","DemoMod:OrangeGuonStone","Regal Pillow","Onion Ring","Torii","War Paint","Vajra","ReplayFunnel","Sling","Iron Hammer","Snack Pack","Anchor"],"acts_visited":["Exordium","TheCity","TheBeyond","TheEnding"],"potions_floor_usage":[],"damage_taken":[{"damage":1.0,"enemies":"Cultist","floor":1.0,"turns":3.0},{"damage":20.0,"enemies":"3 Sentries","floor":7.0,"turns":9.0},{"damage":2.0,"enemies":"Jaw Worm","floor":10.0,"turns":2.0},{"damage":4.0,"enemies":"Small Slimes","floor":11.0,"turns":3.0},{"damage":0.0,"enemies":"3 Louse","floor":14.0,"turns":2.0},{"damage":30.0,"enemies":"Hexaghost","floor":16.0,"turns":11.0},{"damage":5.0,"enemies":"2 Thieves","floor":18.0,"turns":4.0},{"damage":0.0,"enemies":"Chosen","floor":20.0,"turns":4.0},{"damage":0.0,"enemies":"Gremlin Leader","floor":23.0,"turns":5.0},{"damage":0.0,"enemies":"Sentry and Sphere","floor":29.0,"turns":3.0},{"damage":11,"enemies":"Automaton","floor":33,"turns":14},{"damage":7,"enemies":"Orb Walker","floor":35,"turns":3},{"damage":2,"enemies":"3 Darklings","floor":37,"turns":8},{"damage":1,"enemies":"Mind Bloom Boss Battle","floor":38,"turns":7},{"damage":35,"enemies":"2 Orb Walkers","floor":39,"turns":6},{"damage":1,"enemies":"Reptomancer","floor":41,"turns":5},{"damage":9,"enemies":"Spire Growth","floor":42,"turns":6},{"damage":0,"enemies":"R_Hoarder","floor":44,"turns":4},{"damage":7,"enemies":"Writhing Mass","floor":45,"turns":3},{"damage":0,"enemies":"Reptomancer","floor":46,"turns":3},{"damage":2,"enemies":"Awakened One","floor":50,"turns":17},{"damage":0,"enemies":"Shield and Spear","floor":55,"turns":4},{"damage":121,"enemies":"The Heart","floor":56,"turns":15}],"seed_played":"-4637656499957778051","potions_obtained":[],"is_trial":false,"path_per_floor":["M","T","?","$","?","R","E","?","T","M","M","$","R","M","R","B",null,"M","?","M","?","$","E","?","$","T","$","?","M","?","?","R","B",null,"M","?","M","?","?","R","E","M","T","E","M","E","R","$","R","B",null,null,"R","$","E","B"],"character_chosen":"HERMIT","items_purchased":["Membership Card","DemoMod:ClearGuonStone","ReplayTheSpireMod:Lightbulb","PreservedInsect","ClockworkSouvenir","Torii","War Paint","Vajra","ReplayFunnel","Sling","Iron Hammer","Snack Pack"],"campfire_rested":2,"item_purchase_floors":[4,12,22,25,27,48,48,48,54,54,54,54],"current_hp_per_floor":[74,74,63,75,75,75,62,46,46,44,40,55,79,79,79,49,82,77,77,77,61,76,76,76,87,87,87,87,87,66,66,66,55,87,80,80,78,77,42,68,77,68,68,68,61,61,61,76,76,74,74,97,97,97,97,0,0],"gold":490,"neow_bonus":"BOSS_RELIC","is_daily":false,"chose_seed":false,"campfire_upgraded":5,"win_rate":0.0,"timestamp":1607837358,"path_taken":["M","?","?","$","?","R","E","?","T","M","M","$","R","M","R","BOSS","M","?","?","?","?","E","?","$","T","$","?","?","?","?","R","BOSS","M","?","?","?","?","R","E","M","T","E","M","E","R","$","R","BOSS","R","$","E","BOSS"],"items_purchased_type":["Relic","Relic","Relic","Relic","Relic","Relic","Relic","Relic","Relic","Relic","Relic","Relic"],"build_version":"2020-11-30","purchased_purges":1,"victory":false,"max_hp_per_floor":[75,75,75,75,75,75,82,82,82,82,82,82,82,82,82,82,82,82,82,82,87,87,87,87,87,87,87,87,87,87,87,87,87,87,87,87,87,87,87,87,97,97,97,97,97,97,97,97,97,97,97,97,97,97,97,97,97],"card_choices":[{"not_picked":["hermit:HoleUp","hermit:Horror"],"picked":"hermit:Showdown","floor":1.0},{"not_picked":["hermit:Glare","hermit:LowProfile"],"picked":"hermit:Quickdraw","floor":7.0},{"not_picked":["hermit:Brawl","hermit:Feint","hermit:Ricochet"],"picked":"SKIP","floor":10.0},{"not_picked":["hermit:EternalForm","hermit:Enervate"],"picked":"hermit:Scavenge","floor":11.0},{"not_picked":["hermit:Coalescence","hermit:ShadowCloak","hermit:Determination"],"picked":"SKIP","floor":14.0},{"not_picked":["hermit:Adapt","hermit:FromBeyond"],"picked":"hermit:RoundhouseKick","floor":16.0},{"not_picked":["hermit:Dive+1","hermit:HighCaliber"],"picked":"hermit:Quickdraw+1","floor":18.0},{"not_picked":["hermit:PistolWhip","hermit:CursedWeapon"],"picked":"hermit:Roulette","floor":20.0},{"not_picked":["hermit:Grudge","hermit:Dive"],"picked":"hermit:Shortfuse","floor":23.0},{"not_picked":["hermit:Roulette","hermit:Vantage"],"picked":"hermit:TakeCover+1","floor":29.0},{"not_picked":["hermit:TakeAim","hermit:Desperado"],"picked":"hermit:GoldenBullet","floor":30},{"not_picked":["hermit:FinalCanter","hermit:Magnum"],"picked":"hermit:DeadOrAlive","floor":33},{"not_picked":["Delirium","Hallucinations"],"picked":"ReplayTheSpireMod:Faulty Equipment","floor":34},{"not_picked":["Parasite","Injury"],"picked":"Regret","floor":34},{"not_picked":["Decay","TheCursedMod:Dregs"],"picked":"Regret","floor":34},{"not_picked":["hermit:GhostlyPresence","hermit:Deadeye","hermit:Showdown"],"picked":"SKIP","floor":35},{"not_picked":["hermit:ShadowCloak+1","hermit:EyeOfTheStorm+1"],"picked":"hermit:Maintenance","floor":37},{"not_picked":["hermit:HoleUp","hermit:TrackingShot+1","hermit:NoHoldsBarred+1"],"picked":"SKIP","floor":41},{"not_picked":["hermit:FatalDesire","hermit:DeadMansHand+1"],"picked":"hermit:Maintenance","floor":42},{"not_picked":["hermit:FlashPowder","hermit:Coalescence+1"],"picked":"hermit:EyeOfTheStorm+1","floor":44},{"not_picked":["hermit:Misfire+1","hermit:Determination+1","hermit:Coalescence+1"],"picked":"SKIP","floor":45},{"not_picked":["hermit:BodyArmor","hermit:Roulette","hermit:Misfire"],"picked":"SKIP","floor":46},{"not_picked":["hermit:Showdown","hermit:HighCaliber","hermit:Vantage+1"],"picked":"SKIP","floor":55},{"not_picked":["hermit:Showdown","hermit:HighCaliber","hermit:Vantage+1"],"picked":"SKIP","floor":55}],"player_experience":872592,"relics_obtained":[{"floor":2.0,"key":"MealTicket"},{"floor":7.0,"key":"DemoMod:PinkGuonStone"},{"floor":9.0,"key":"Gremlin Food"},{"floor":23.0,"key":"Blue Candle"},{"floor":30,"key":"Blue Doll"},{"floor":38,"key":"DemoMod:VorpalBullet"},{"floor":39,"key":"hermit:RedScarf"},{"floor":41,"key":"Pear"},{"floor":43,"key":"DemoMod:OrangeGuonStone"},{"floor":44,"key":"Regal Pillow"},{"floor":46,"key":"Onion Ring"},{"floor":55,"key":"Anchor"}],"event_choices":[{"damage_healed":0.0,"max_hp_gain":0.0,"max_hp_loss":0.0,"gold_gain":75.0,"event_name":"World of Goop","player_choice":"Gather Gold","floor":3.0,"gold_loss":0.0,"damage_taken":11.0},{"damage_healed":0.0,"max_hp_gain":0.0,"max_hp_loss":0.0,"gold_gain":175.0,"event_name":"Liars Game","player_choice":"AGREE","floor":5.0,"gold_loss":0.0,"damage_taken":0.0,"cards_obtained":["Doubt"]},{"damage_healed":0.0,"max_hp_gain":0.0,"max_hp_loss":0.0,"gold_gain":0.0,"event_name":"Shining Light","player_choice":"Entered Light","floor":8.0,"gold_loss":0.0,"damage_taken":16.0,"cards_upgraded":["hermit:Strike_Hermit","hermit:Strike_Hermit"]},{"damage_healed":0.0,"max_hp_gain":0.0,"max_hp_loss":0.0,"gold_gain":0.0,"event_name":"Accursed Blacksmith","player_choice":"Forge","floor":19.0,"gold_loss":0.0,"damage_taken":0.0,"cards_upgraded":["hermit:Quickdraw"]},{"damage_healed":0.0,"max_hp_gain":5.0,"max_hp_loss":0.0,"gold_gain":0.0,"event_name":"Forgotten Altar","player_choice":"Shed Blood","floor":21.0,"gold_loss":0.0,"damage_taken":21.0},{"damage_healed":0.0,"max_hp_gain":0.0,"max_hp_loss":0.0,"gold_gain":99.0,"event_name":"Nest","player_choice":"Stole From Cult","floor":24.0,"gold_loss":0.0,"damage_taken":0.0},{"damage_healed":0.0,"max_hp_gain":0.0,"max_hp_loss":0.0,"gold_gain":0.0,"event_name":"Duplicator","player_choice":"Copied","floor":28.0,"gold_loss":0.0,"damage_taken":0.0,"cards_obtained":["hermit:Scavenge"]},{"cards_removed":["hermit:Quickdraw"],"damage_healed":0,"gold_gain":0,"player_choice":"Gave Card","damage_taken":0,"relics_obtained":["Toy Ornithopter"],"max_hp_gain":0,"max_hp_loss":0,"event_name":"WeMeetAgain","floor":36,"gold_loss":0},{"damage_healed":0,"gold_gain":0,"player_choice":"Fight","damage_taken":0,"max_hp_gain":0,"max_hp_loss":0,"event_name":"MindBloom","floor":38,"gold_loss":0},{"damage_healed":0,"gold_gain":0,"player_choice":"Fight","damage_taken":0,"max_hp_gain":0,"max_hp_loss":0,"event_name":"Mysterious Sphere","floor":39,"gold_loss":0}],"is_beta":false,"boss_relics":[{"not_picked":["hermit:BartenderGlass","ReplayTheSpireMod:DimensionalGlitch"],"picked":"Replay:Wanted Poster"},{"not_picked":["Abe\u0027s Treasure","Pandora\u0027s Box"],"picked":"Replay:Ancient Bell"},{"not_picked":["Boot","Replay:Bandana"],"picked":"Akabeko"},{"not_picked":["Toxic Egg 2","HornCleat"],"picked":"The Courier"},{"not_picked":["Mango","Replay:Arrowhead"],"picked":"FossilizedHelix"}],"items_purged_floors":[12],"is_endless":false,"potions_floor_spawned":[11,14,16,18,29,33,37,39,44,46],"killed_by":"The Heart","ascension_level":2}}