{"host":"Sumable","time":1607851194,"event":{"mods":["AchievementEnabler","BaseMod","Better Note","BetterRewards","Googly Eyes","Hermit","Minty Spire (QoL Compilation)","Quick Restart","Shop Mod","StSLib","The Cursed","everything is the same but u backflip on backflip","slay the spire mod where everything is the same but ironclad has a cowboy hat"],"gold_per_floor":[211,211,32,47,60,87,103,103,103,128,143,318,318,332,332,437,437,457,473,473,505,505,540,540,540,540],"floor_reached":25,"playtime":1168,"items_purged":[],"score":351,"play_id":"c1d12a32-582e-43d3-841a-991c8c0df0c7","local_time":"20201213021954","is_ascension_mode":true,"campfire_choices":[{"floor":8,"key":"REST"},{"data":"Apotheosis","floor":13,"key":"SMITH"},{"floor":15,"key":"REST"},{"floor":24,"key":"REST"}],"circlet_count":0,"master_deck":["Strike_G","Strike_G","Strike_G","Strike_G","Strike_G","Defend_G","Defend_G","Defend_G","Defend_G","Defend_G+1","Survivor","Neutralize","Apotheosis+1","Slice","Slice","Prepared+1","Dagger Spray","Glass Knife","Doubt","Phantasmal Killer","Slice","Writhe","Backstab"],"relics":["Ring of the Snake","StoneCalendar","CaptainsWheel","FossilizedHelix","Black Star","Ornamental Fan","Red Mask","Dream Catcher","War Paint"],"acts_visited":["Exordium","TheCity"],"potions_floor_usage":[4,10,16,16,25],"damage_taken":[{"damage":3,"enemies":"2 Louse","floor":1,"turns":3},{"damage":0,"enemies":"Small Slimes","floor":4,"turns":4},{"damage":0,"enemies":"Cultist","floor":5,"turns":3},{"damage":10,"enemies":"Gremlin Nob","floor":6,"turns":5},{"damage":0,"enemies":"Blue Slaver","floor":7,"turns":4},{"damage":35,"enemies":"Lagavulin","floor":10,"turns":6},{"damage":0,"enemies":"3 Louse","floor":11,"turns":2},{"damage":0,"enemies":"Lots of Slimes","floor":14,"turns":2},{"damage":0,"enemies":"Slime Boss","floor":16,"turns":7},{"damage":5,"enemies":"3 Byrds","floor":18,"turns":5},{"damage":0,"enemies":"Chosen","floor":19,"turns":3},{"damage":20,"enemies":"Masked Bandits","floor":21,"turns":4},{"damage":41,"enemies":"Book of Stabbing","floor":23,"turns":7},{"damage":28,"enemies":"Gremlin Leader","floor":25,"turns":5}],"seed_played":"-4558853579315567744","potions_obtained":[{"floor":1,"key":"SkillPotion"},{"floor":4,"key":"Regen Potion"},{"floor":11,"key":"Weak Potion"},{"floor":14,"key":"Dexterity Potion"},{"floor":23,"key":"DuplicationPotion"}],"is_trial":false,"path_per_floor":["M","?","$","M","M","E","M","R","T","E","M","?","R","M","R","B",null,"M","M","?","?","?","E","R","E"],"character_chosen":"THE_SILENT","items_purchased":["Apotheosis"],"campfire_rested":3,"item_purchase_floors":[3],"current_hp_per_floor":[67,67,67,67,67,57,57,70,70,47,47,47,47,47,68,68,70,65,65,65,45,45,4,25,0,0],"gold":540,"neow_bonus":"HUNDRED_GOLD","is_daily":false,"chose_seed":false,"campfire_upgraded":1,"win_rate":0.0,"timestamp":1607851194,"path_taken":["M","?","$","M","M","E","M","R","T","E","M","?","R","M","R","BOSS","M","M","?","?","?","E","R","E"],"items_purchased_type":["Card"],"build_version":"2020-12-07","purchased_purges":0,"victory":false,"max_hp_per_floor":[70,70,70,70,70,70,70,70,70,70,70,70,70,70,70,70,70,70,70,70,70,70,70,70,70,70],"card_choices":[{"not_picked":["Heel Hook","All Out Attack","Reflex"],"picked":"SKIP","floor":1},{"not_picked":["Cloak And Dagger","Blade Dance"],"picked":"Slice","floor":4},{"not_picked":["Prepared","Underhanded Strike"],"picked":"Slice","floor":5},{"not_picked":["Envenom","Calculated Gamble"],"picked":"Prepared","floor":6},{"not_picked":["Dodge and Roll","Dagger Throw","Outmaneuver"],"picked":"SKIP","floor":7},{"not_picked":["Backflip","Skewer"],"picked":"Dagger Spray","floor":10},{"not_picked":["Slice","Tactician"],"picked":"Glass Knife","floor":11},{"not_picked":["Dodge and Roll","Calculated Gamble","Quick Slash"],"picked":"SKIP","floor":14},{"not_picked":["Envenom","Burst"],"picked":"Phantasmal Killer","floor":16},{"not_picked":["Sucker Punch","Expertise","Acrobatics"],"picked":"SKIP","floor":18},{"not_picked":["PiercingWail+1","Prepared+1"],"picked":"Slice","floor":19},{"not_picked":["Cloak And Dagger+1","Deadly Poison"],"picked":"Backstab","floor":21},{"not_picked":["Accuracy","Distraction","PiercingWail+1"],"picked":"SKIP","floor":23}],"player_experience":939810,"relics_obtained":[{"floor":6,"key":"StoneCalendar"},{"floor":9,"key":"CaptainsWheel"},{"floor":10,"key":"FossilizedHelix"},{"floor":21,"key":"Red Mask"},{"floor":23,"key":"Dream Catcher"},{"floor":23,"key":"War Paint"}],"event_choices":[{"damage_healed":0,"gold_gain":0,"player_choice":"Leave","damage_taken":0,"max_hp_gain":0,"max_hp_loss":0,"event_name":"The Cleric","floor":2,"gold_loss":0},{"damage_healed":0,"gold_gain":175,"player_choice":"AGREE","damage_taken":0,"max_hp_gain":0,"max_hp_loss":0,"event_name":"Liars Game","floor":12,"gold_loss":0,"cards_obtained":["Doubt"]},{"damage_healed":0,"gold_gain":0,"player_choice":"Opened","damage_taken":0,"relics_obtained":["Ornamental Fan"],"max_hp_gain":0,"max_hp_loss":0,"event_name":"The Mausoleum","floor":20,"gold_loss":0,"cards_obtained":["Writhe"]},{"damage_healed":0,"gold_gain":0,"player_choice":"Fought Bandits","damage_taken":0,"max_hp_gain":0,"max_hp_loss":0,"event_name":"Masked Bandits","floor":21,"gold_loss":0},{"damage_healed":0,"gold_gain":0,"player_choice":"0 cards matched","damage_taken":0,"max_hp_gain":0,"max_hp_loss":0,"event_name":"Match and Keep!","floor":22,"gold_loss":0,"cards_obtained":[]}],"is_beta":true,"boss_relics":[{"not_picked":["HoveringKite","Coffee Dripper"],"picked":"Black Star"}],"items_purged_floors":[],"is_endless":false,"potions_floor_spawned":[1,4,11,14,23],"killed_by":"Gremlin Leader","ascension_level":5}}