{"host":"aeidq2c3auzxo1yh","time":1607884438,"event":{"mods":["AchievementEnabler","BaseMod","Colored Map","Colored Powertips","Minty Spire (QoL Compilation)","Relic Stats","StSLib"],"gold_per_floor":[368,293,51,66,66,66,79,79,79,79,114,114,142,160,160,236,236,236,236,236,236,236,236,236,236,236,236,65,65,65,65,65,65,65,65,65,10,10,10,10,10,10,10,10,10,10,0,0,0,0,0],"floor_reached":50,"playtime":4091,"items_purged":[],"score":1286,"play_id":"0c24c013-dc9d-4080-8d27-38b0bfeaa6e3","local_time":"20201213233358","is_ascension_mode":true,"campfire_choices":[{"data":"Apotheosis","floor":6,"key":"SMITH"},{"data":"Brutality","floor":8,"key":"SMITH"},{"data":"True Grit","floor":10,"key":"SMITH"},{"data":"Bash","floor":12,"key":"SMITH"},{"data":"Warcry","floor":15,"key":"SMITH"},{"floor":24,"key":"REST"},{"floor":27,"key":"REST"},{"data":"Battle Trance","floor":29,"key":"SMITH"},{"floor":32,"key":"RECALL"},{"floor":42,"key":"REST"},{"floor":49,"key":"REST"}],"circlet_count":0,"master_deck":["AscendersBane","Strike_R","Strike_R","Strike_R","Strike_R","Defend_R","Defend_R","Defend_R","Defend_R","Bash+1","True Grit+1","Apotheosis+1","Shrug It Off","Brutality+1","Hemokinesis","Carnage","Warcry+1","Thunderclap","Double Tap","Battle Trance+1","Headbutt","Pommel Strike","Rage","Berserk","Rampage","Disarm","Demon Form","Shrug It Off","Headbutt","Decay"],"relics":["Burning Blood","Paper Frog","Art of War","Sundial","Ectoplasm","FossilizedHelix","Eternal Feather","Happy Flower","PreservedInsect","HornCleat","Fusion Hammer","Juzu Bracelet","Calipers","Red Mask"],"acts_visited":["Exordium","TheCity","TheBeyond"],"potions_floor_usage":[14,16,16,22,23,33,37,41,45],"damage_taken":[{"damage":3,"enemies":"2 Louse","floor":1,"turns":4},{"damage":8,"enemies":"Jaw Worm","floor":4,"turns":4},{"damage":2,"enemies":"Cultist","floor":7,"turns":4},{"damage":10,"enemies":"Lagavulin","floor":11,"turns":6},{"damage":20,"enemies":"3 Sentries","floor":13,"turns":6},{"damage":10,"enemies":"Exordium Wildlife","floor":14,"turns":3},{"damage":21,"enemies":"Hexaghost","floor":16,"turns":6},{"damage":17,"enemies":"3 Byrds","floor":18,"turns":4},{"damage":10,"enemies":"Chosen","floor":21,"turns":5},{"damage":18,"enemies":"Sentry and Sphere","floor":22,"turns":5},{"damage":42,"enemies":"Book of Stabbing","floor":23,"turns":4},{"damage":27,"enemies":"Slavers","floor":25,"turns":4},{"damage":3,"enemies":"Gremlin Leader","floor":30,"turns":3},{"damage":2,"enemies":"Shelled Parasite and Fungi","floor":31,"turns":3},{"damage":52,"enemies":"Champ","floor":33,"turns":8},{"damage":6,"enemies":"3 Shapes","floor":35,"turns":4},{"damage":4,"enemies":"Orb Walker","floor":36,"turns":3},{"damage":10,"enemies":"Spire Growth","floor":38,"turns":4},{"damage":34,"enemies":"Jaw Worm Horde","floor":39,"turns":4},{"damage":4,"enemies":"Giant Head","floor":40,"turns":4},{"damage":27,"enemies":"Writhing Mass","floor":41,"turns":5},{"damage":17,"enemies":"Maw","floor":44,"turns":5},{"damage":16,"enemies":"Reptomancer","floor":45,"turns":4},{"damage":96,"enemies":"Awakened One","floor":50,"turns":7}],"seed_played":"9200520040905976141","potions_obtained":[{"floor":7,"key":"BlessingOfTheForge"},{"floor":11,"key":"Strength Potion"},{"floor":14,"key":"AttackPotion"},{"floor":16,"key":"ElixirPotion"},{"floor":22,"key":"BloodPotion"},{"floor":30,"key":"Weak Potion"},{"floor":31,"key":"Fruit Juice"},{"floor":36,"key":"SpeedPotion"},{"floor":40,"key":"Weak Potion"}],"is_trial":false,"path_per_floor":["M","?","$","M","?","R","M","R","T","R","E","R","E","M","R","B",null,"M","?","?","M","M","E","R","E","T","R","$","R","E","M","R","B",null,"M","M","$","M","M","E","M","R","T","M","E","?","?","?","R","B"],"character_chosen":"IRONCLAD","items_purchased":["Apotheosis","Shrug It Off","PreservedInsect","SkillPotion"],"campfire_rested":4,"item_purchase_floors":[3,3,28,37],"current_hp_per_floor":[68,68,68,66,71,71,73,73,73,73,69,69,55,51,51,36,64,53,53,53,49,37,15,36,15,15,48,48,60,63,67,73,27,62,62,64,69,65,37,39,18,56,56,45,35,35,35,35,76,0,0],"gold":0,"neow_bonus":"TWO_FIFTY_GOLD","is_daily":false,"chose_seed":false,"campfire_upgraded":6,"win_rate":0.0,"timestamp":1607884438,"path_taken":["M","?","$","M","?","R","?","R","T","R","E","R","E","M","R","BOSS","M","?","?","M","M","E","R","E","T","R","$","R","E","M","R","BOSS","M","M","?","M","M","E","M","R","T","M","E","?","?","?","R","BOSS"],"items_purchased_type":["Card","Card","Relic","Potion"],"build_version":"2020-11-30","purchased_purges":0,"victory":false,"max_hp_per_floor":[68,68,68,68,73,73,73,73,73,73,73,73,73,73,73,73,73,73,73,73,73,73,73,73,73,73,73,73,73,73,73,73,73,73,73,73,78,78,78,78,78,78,78,78,78,78,78,78,78,78,78],"relic_stats":{"Happy Flower":[18],"counters":[24,109],"Sundial":[14],"Eternal Feather":63,"Ectoplasm":394,"PreservedInsect":239,"Art of War":[5],"Juzu Bracelet":1,"obtain_stats":[{"Calipers":45,"Happy Flower":26,"Eternal Feather":25,"PreservedInsect":28,"Juzu Bracelet":40,"Burning Blood":0,"HornCleat":30,"Sundial":13,"Ectoplasm":17,"Fusion Hammer":34,"Art of War":11,"Red Mask":47,"FossilizedHelix":23,"Paper Frog":9},{"Calipers":23,"Happy Flower":12,"Eternal Feather":12,"PreservedInsect":12,"Juzu Bracelet":20,"Burning Blood":0,"HornCleat":13,"Sundial":5,"Ectoplasm":7,"Fusion Hammer":15,"Art of War":4,"Red Mask":23,"FossilizedHelix":11,"Paper Frog":3},{"Calipers":102,"Happy Flower":55,"Eternal Feather":55,"PreservedInsect":55,"Juzu Bracelet":88,"Burning Blood":0,"HornCleat":58,"Sundial":24,"Ectoplasm":33,"Fusion Hammer":69,"Art of War":18,"Red Mask":102,"FossilizedHelix":51,"Paper Frog":12}],"Burning Blood":133},"card_choices":[{"not_picked":["Havoc","Iron Wave"],"picked":"True Grit","floor":1},{"not_picked":["Iron Wave","Armaments"],"picked":"Brutality","floor":4},{"not_picked":["Reckless Charge","Armaments"],"picked":"Hemokinesis","floor":7},{"not_picked":["Clash","Intimidate"],"picked":"Carnage","floor":11},{"not_picked":["Thunderclap","Perfected Strike"],"picked":"Warcry","floor":13},{"not_picked":["Cleave","Iron Wave"],"picked":"Thunderclap","floor":14},{"not_picked":["Limit Break","Immolate"],"picked":"Double Tap","floor":16},{"not_picked":["Flex","Sword Boomerang","Armaments"],"picked":"SKIP","floor":18},{"not_picked":["Twin Strike","Cleave"],"picked":"Battle Trance","floor":21},{"not_picked":["Fiend Fire","Anger"],"picked":"Headbutt","floor":22},{"not_picked":["Twin Strike+1","Dark Embrace","Warcry"],"picked":"SKIP","floor":23},{"not_picked":["Heavy Blade","Anger"],"picked":"Pommel Strike","floor":25},{"not_picked":["Entrench","Reaper"],"picked":"Rage","floor":30},{"not_picked":["Headbutt","Cleave","Armaments"],"picked":"SKIP","floor":31},{"not_picked":["Brutality","Corruption"],"picked":"Berserk","floor":33},{"not_picked":["Searing Blow","Dark Embrace"],"picked":"Rampage","floor":35},{"not_picked":["Clash","Iron Wave","Power Through"],"picked":"SKIP","floor":36},{"not_picked":["Battle Trance","Iron Wave+1","Flex"],"picked":"SKIP","floor":38},{"not_picked":["Flex","Power Through"],"picked":"Disarm","floor":39},{"not_picked":["Havoc","Feel No Pain"],"picked":"Demon Form","floor":40},{"not_picked":["Carnage","Anger"],"picked":"Shrug It Off","floor":41},{"not_picked":["Intimidate","Perfected Strike"],"picked":"Headbutt","floor":44},{"not_picked":["Pommel Strike","Intimidate","Feel No Pain"],"picked":"SKIP","floor":45}],"player_experience":858705,"relics_obtained":[{"floor":9,"key":"Paper Frog"},{"floor":11,"key":"Art of War"},{"floor":13,"key":"Sundial"},{"floor":23,"key":"FossilizedHelix"},{"floor":25,"key":"Eternal Feather"},{"floor":26,"key":"Happy Flower"},{"floor":30,"key":"HornCleat"},{"floor":40,"key":"Juzu Bracelet"},{"floor":45,"key":"Calipers"}],"event_choices":[{"cards_removed":["Strike_R"],"damage_healed":0,"gold_gain":0,"player_choice":"Card Removal","damage_taken":0,"max_hp_gain":0,"max_hp_loss":0,"event_name":"The Cleric","floor":2,"gold_loss":75},{"damage_healed":0,"gold_gain":0,"player_choice":"Donut","damage_taken":0,"max_hp_gain":5,"max_hp_loss":0,"event_name":"Big Fish","floor":5,"gold_loss":0},{"damage_healed":0,"gold_gain":0,"player_choice":"Ignored","damage_taken":0,"max_hp_gain":0,"max_hp_loss":0,"event_name":"The Mausoleum","floor":19,"gold_loss":0},{"damage_healed":0,"gold_gain":0,"player_choice":"Ignored","damage_taken":0,"max_hp_gain":0,"max_hp_loss":0,"event_name":"N\u0027loth","floor":20,"gold_loss":0},{"damage_healed":0,"gold_gain":0,"player_choice":"Cursed","damage_taken":0,"max_hp_gain":0,"max_hp_loss":0,"event_name":"Wheel of Change","floor":46,"gold_loss":0,"cards_obtained":["Decay"]},{"damage_healed":0,"gold_gain":0,"player_choice":"Paid","damage_taken":0,"relics_obtained":["Red Mask"],"max_hp_gain":0,"max_hp_loss":0,"event_name":"Tomb of Lord Red Mask","floor":47,"gold_loss":10},{"damage_healed":0,"gold_gain":0,"player_choice":"Ignored","damage_taken":0,"max_hp_gain":0,"max_hp_loss":0,"event_name":"The Moai Head","floor":48,"gold_loss":0}],"is_beta":false,"boss_relics":[{"not_picked":["Cursed Key","Pandora\u0027s Box"],"picked":"Ectoplasm"},{"not_picked":["SlaversCollar","Black Star"],"picked":"Fusion Hammer"}],"items_purged_floors":[],"is_endless":false,"potions_floor_spawned":[7,11,14,16,22,30,31,36,40],"killed_by":"Awakened One","ascension_level":20}}