{"host":"ki5kvxn974a96omm","time":1607832666,"event":{"mods":["BaseMod","Better Altar","Better Match","Better Note","Better Sensory Stone","Better Skull","Colored Map","Colored Powertips","Highlight Path","Minty Spire (QoL Compilation)","Random Character Button","Relic Sorter","StSLib"],"gold_per_floor":[110,185,196,213,213,213,223,223,274,301,301,327,341,361,361,438,438,457,457,457,475,475,508,102,102,155,190,210,210,244,255,255,255,255],"floor_reached":33,"playtime":2152,"items_purged":["Strike_G"],"score":595,"play_id":"f53f4d2a-70a1-4b31-98ed-9eabe22fab7c","local_time":"20201212231106","is_ascension_mode":true,"campfire_choices":[{"floor":6.0,"key":"REST"},{"data":"Deadly Poison","floor":8.0,"key":"SMITH"},{"data":"Infinite Blades","floor":11.0,"key":"SMITH"},{"data":"Catalyst","floor":15.0,"key":"SMITH"},{"data":"Envenom","floor":25.0,"key":"SMITH"},{"floor":32.0,"key":"REST"}],"circlet_count":0,"master_deck":["AscendersBane","Strike_G","Strike_G","Defend_G","Defend_G","Defend_G+1","Survivor","Neutralize+1","Storm of Steel","Dash","Dagger Spray","Deadly Poison+1","Infinite Blades+1","Underhanded Strike","Catalyst+1","Bane","Envenom+1","Deflect+1","Heel Hook+1","Skewer+1","All Out Attack+1","PiercingWail","Footwork","Dagger Throw","A Thousand Cuts+1","Dodge and Roll","Reflex","Backflip"],"relics":["Ring of the Snake","Anchor","Bag of Preparation","InkBottle","Astrolabe","Matryoshka","Membership Card","Frozen Egg 2","Potion Belt","Pen Nib","MutagenicStrength","Nunchaku"],"acts_visited":["Exordium","TheCity"],"potions_floor_usage":[],"damage_taken":[{"damage":0.0,"enemies":"Small Slimes","floor":1.0,"turns":3.0},{"damage":0.0,"enemies":"2 Louse","floor":3.0,"turns":2.0},{"damage":0.0,"enemies":"Jaw Worm","floor":4.0,"turns":5.0},{"damage":0.0,"enemies":"Red Slaver","floor":7.0,"turns":5.0},{"damage":14.0,"enemies":"3 Sentries","floor":10.0,"turns":8.0},{"damage":4.0,"enemies":"Lagavulin","floor":12.0,"turns":6.0},{"damage":0.0,"enemies":"Large Slime","floor":13.0,"turns":4.0},{"damage":2.0,"enemies":"3 Louse","floor":14.0,"turns":2.0},{"damage":16.0,"enemies":"Hexaghost","floor":16.0,"turns":7.0},{"damage":17.0,"enemies":"Shell Parasite","floor":18.0,"turns":6.0},{"damage":0.0,"enemies":"Chosen","floor":21.0,"turns":4.0},{"damage":1.0,"enemies":"Gremlin Leader","floor":23.0,"turns":6.0},{"damage":23.0,"enemies":"Book of Stabbing","floor":27.0,"turns":5.0},{"damage":1.0,"enemies":"Centurion and Healer","floor":28.0,"turns":6.0},{"damage":0.0,"enemies":"Gremlin Leader","floor":30.0,"turns":4.0},{"damage":8.0,"enemies":"Snake Plant","floor":31.0,"turns":4.0},{"damage":24,"enemies":"Champ","floor":33,"turns":6}],"seed_played":"7379735923610139209","potions_obtained":[{"floor":3.0,"key":"SpeedPotion"},{"floor":4.0,"key":"ColorlessPotion"},{"floor":10.0,"key":"Dexterity Potion"},{"floor":12.0,"key":"SteroidPotion"},{"floor":21.0,"key":"PowerPotion"},{"floor":27.0,"key":"Fire Potion"},{"floor":28.0,"key":"CunningPotion"},{"floor":30.0,"key":"Swift Potion"}],"is_trial":false,"path_per_floor":["M","?","M","M","?","R","M","R","T","E","R","E","M","M","R","B",null,"M","?","?","M","?","E","$","R","T","E","M","?","E","M","R","B"],"character_chosen":"THE_SILENT","items_purchased":["Membership Card","Frozen Egg 2","A Thousand Cuts+1","SkillPotion"],"campfire_rested":2,"item_purchase_floors":[24,24,24,24],"current_hp_per_floor":[59,48,48,48,28,47,47,47,47,33,33,29,29,27,27,11,52,35,35,35,35,35,34,34,34,34,11,10,10,10,2,21,0,0],"gold":255,"neow_bonus":"TRANSFORM_CARD","is_daily":false,"chose_seed":false,"campfire_upgraded":4,"win_rate":0.0,"timestamp":1607832666,"path_taken":["M","?","M","M","?","R","M","R","T","E","R","E","M","M","R","BOSS","M","?","?","M","?","E","$","R","T","E","M","?","E","M","R","BOSS"],"items_purchased_type":["Relic","Relic","Card","Potion"],"build_version":"2020-11-30","purchased_purges":1,"victory":false,"max_hp_per_floor":[66,66,66,66,66,66,66,66,66,66,66,66,66,66,66,66,66,66,66,66,66,66,66,66,66,66,66,66,66,66,66,66,66,66],"card_choices":[{"not_picked":["Sucker Punch","Deadly Poison"],"picked":"Dash","floor":1.0},{"not_picked":["Eviscerate","Setup","Tactician"],"picked":"SKIP","floor":3.0},{"not_picked":["Underhanded Strike","Terror"],"picked":"Dagger Spray","floor":4.0},{"not_picked":["Deflect","Underhanded Strike"],"picked":"Deadly Poison","floor":7.0},{"not_picked":["Blade Dance","Deflect"],"picked":"Infinite Blades","floor":10.0},{"not_picked":["Prepared","Storm of Steel"],"picked":"Underhanded Strike","floor":12.0},{"not_picked":["PiercingWail","Deflect"],"picked":"Catalyst","floor":13.0},{"not_picked":["Underhanded Strike","Distraction"],"picked":"Bane","floor":14.0},{"not_picked":["Storm of Steel","Wraith Form v2"],"picked":"Envenom","floor":16.0},{"not_picked":["Backflip","Eviscerate+1"],"picked":"All Out Attack+1","floor":18.0},{"not_picked":["Cloak And Dagger","Blade Dance"],"picked":"PiercingWail","floor":21.0},{"not_picked":["Bouncing Flask","Deflect"],"picked":"Dagger Throw","floor":23.0},{"not_picked":["Bullet Time","Crippling Poison"],"picked":"Dodge and Roll","floor":27.0},{"not_picked":["Concentrate","Bane"],"picked":"Reflex","floor":28.0},{"not_picked":["PiercingWail","Expertise"],"picked":"Backflip","floor":30.0},{"not_picked":["Heel Hook","Riddle With Holes+1","Poisoned Stab+1"],"picked":"SKIP","floor":31.0}],"player_experience":1602183,"relics_obtained":[{"floor":9.0,"key":"Anchor"},{"floor":10.0,"key":"Bag of Preparation"},{"floor":12.0,"key":"InkBottle"},{"floor":23.0,"key":"Matryoshka"},{"floor":26.0,"key":"Potion Belt"},{"floor":27.0,"key":"Pen Nib"},{"floor":30.0,"key":"Nunchaku"}],"event_choices":[{"damage_healed":0.0,"max_hp_gain":0.0,"max_hp_loss":0.0,"gold_gain":75.0,"event_name":"World of Goop","player_choice":"Gather Gold","floor":2.0,"gold_loss":0.0,"damage_taken":11.0},{"damage_healed":0.0,"max_hp_gain":0.0,"max_hp_loss":0.0,"gold_gain":0.0,"event_name":"Shining Light","player_choice":"Entered Light","floor":5.0,"gold_loss":0.0,"damage_taken":20.0,"cards_upgraded":["Defend_G","Neutralize"]},{"damage_healed":0.0,"max_hp_gain":0.0,"max_hp_loss":0.0,"gold_gain":0.0,"event_name":"Ghosts","player_choice":"Ignored","floor":19.0,"gold_loss":0.0,"damage_taken":0.0},{"damage_healed":0.0,"max_hp_gain":0.0,"max_hp_loss":0.0,"gold_gain":0.0,"event_name":"Vampires","player_choice":"Ignored","floor":20.0,"gold_loss":0.0,"damage_taken":0.0},{"damage_healed":0.0,"max_hp_gain":0.0,"max_hp_loss":0.0,"gold_gain":0.0,"event_name":"The Library","player_choice":"Read","floor":22.0,"gold_loss":0.0,"damage_taken":0.0,"cards_obtained":["Footwork"]},{"damage_healed":0.0,"max_hp_gain":0.0,"max_hp_loss":0.0,"gold_gain":0.0,"event_name":"Drug Dealer","player_choice":"Inject Mutagens","floor":29.0,"gold_loss":0.0,"damage_taken":0.0,"relics_obtained":["MutagenicStrength"]}],"is_beta":false,"boss_relics":[{"not_picked":["Sozu","Fusion Hammer"],"picked":"Astrolabe"}],"items_purged_floors":[24],"is_endless":false,"potions_floor_spawned":[3,4,10,12,21,27,28,30],"killed_by":"Champ","ascension_level":15}}