{"host":"vxxgntm1odai56nh","time":1607901738,"event":{"mods":["AchievementEnabler","BaseMod","Colored Map","Colored Powertips","Highlight Path","Minty Spire (QoL Compilation)","Permanent Neow","Rare Cards Sparkle","Relic Stats","StSLib"],"gold_per_floor":[109,128,142,39,12,12,37,49,76,103,114,114,114,125,125,226,226,246,246,259,270,285,318,318,318,318,352,368,368,402,34,34,135,135,147,162,173,185,203,203,233,233,233,251,12,22,56,70,70,70,70],"floor_reached":50,"playtime":6179,"items_purged":[],"score":688,"play_id":"150ff98f-37fe-4f5e-b589-642e37cd5af5","local_time":"20201213182218","is_ascension_mode":true,"campfire_choices":[{"data":"Apotheosis","floor":6,"key":"SMITH"},{"floor":12,"key":"REST"},{"data":"Battle Trance","floor":15,"key":"SMITH"},{"data":"Havoc","floor":24,"key":"SMITH"},{"data":"Flame Barrier","floor":29,"key":"SMITH"},{"data":"Seeing Red","floor":32,"key":"SMITH"},{"floor":40,"key":"REST"},{"data":"Combust","floor":42,"key":"SMITH"},{"data":"Shrug It Off","floor":49,"key":"SMITH"}],"circlet_count":0,"master_deck":["Strike_R","Strike_R","Strike_R","Defend_R","Defend_R","Defend_R","Bash","Apotheosis+1","Cleave","Perfected Strike","Havoc+1","Flex","Uppercut","Battle Trance+1","Flex","Spot Weakness","Disarm","Sword Boomerang","Reaper","Wild Strike+1","Fire Breathing+1","Warcry","Headbutt","Rage","Ghostly Armor","Flame Barrier+1","Seeing Red+1","True Grit","Shrug It Off+1","Limit Break","Feel No Pain","Heavy Blade+1","Body Slam","Heavy Blade+1","Combust+1","Infernal Blade+1","Reaper","Perfected Strike+1"],"relics":["Black Blood","Ancient Tea Set","Dream Catcher","Bronze Scales","Mercury Hourglass","Calipers","The Courier","Anchor","Lantern","Matryoshka","Velvet Choker","White Beast Statue","Happy Flower","Pen Nib","Bag of Preparation","Eternal Feather"],"acts_visited":["Exordium","TheCity","TheBeyond"],"potions_floor_usage":[3,8,16,18,21,23,30,33,33,36,41,41,44,46,47,48,48,50,50],"damage_taken":[{"damage":5,"enemies":"2 Louse","floor":1,"turns":3},{"damage":3,"enemies":"Small Slimes","floor":2,"turns":4},{"damage":0,"enemies":"Cultist","floor":3,"turns":4},{"damage":5,"enemies":"Lagavulin","floor":7,"turns":4},{"damage":13,"enemies":"2 Fungi Beasts","floor":8,"turns":4},{"damage":10,"enemies":"3 Sentries","floor":10,"turns":4},{"damage":12,"enemies":"Lots of Slimes","floor":11,"turns":3},{"damage":3,"enemies":"Red Slaver","floor":14,"turns":2},{"damage":39,"enemies":"Slime Boss","floor":16,"turns":11},{"damage":22,"enemies":"Spheric Guardian","floor":18,"turns":4},{"damage":32,"enemies":"Shell Parasite","floor":20,"turns":4},{"damage":16,"enemies":"Shelled Parasite and Fungi","floor":21,"turns":3},{"damage":2,"enemies":"Snecko","floor":22,"turns":3},{"damage":27,"enemies":"Book of Stabbing","floor":23,"turns":4},{"damage":31,"enemies":"Gremlin Leader","floor":27,"turns":4},{"damage":34,"enemies":"3 Cultists","floor":28,"turns":5},{"damage":7,"enemies":"Book of Stabbing","floor":30,"turns":4},{"damage":67,"enemies":"Automaton","floor":33,"turns":10},{"damage":5,"enemies":"Orb Walker","floor":35,"turns":4},{"damage":69,"enemies":"3 Darklings","floor":36,"turns":7},{"damage":0,"enemies":"Sphere and 2 Shapes","floor":37,"turns":5},{"damage":24,"enemies":"Transient","floor":38,"turns":5},{"damage":0,"enemies":"Maw","floor":39,"turns":6},{"damage":35,"enemies":"Nemesis","floor":41,"turns":7},{"damage":22,"enemies":"3 Darklings","floor":44,"turns":6},{"damage":20,"enemies":"Transient","floor":46,"turns":5},{"damage":32,"enemies":"Giant Head","floor":47,"turns":7},{"damage":51,"enemies":"Maw","floor":48,"turns":7},{"damage":86,"enemies":"Awakened One","floor":50,"turns":8}],"seed_played":"4461135298710631021","potions_obtained":[{"floor":1,"key":"EntropicBrew"},{"floor":7,"key":"DuplicationPotion"},{"floor":8,"key":"FearPotion"},{"floor":16,"key":"Explosive Potion"},{"floor":21,"key":"FearPotion"},{"floor":22,"key":"SpeedPotion"},{"floor":27,"key":"BloodPotion"},{"floor":33,"key":"DuplicationPotion"},{"floor":35,"key":"ElixirPotion"},{"floor":39,"key":"EntropicBrew"},{"floor":44,"key":"ColorlessPotion"},{"floor":46,"key":"ColorlessPotion"},{"floor":47,"key":"FearPotion"},{"floor":48,"key":"PowerPotion"}],"is_trial":false,"path_per_floor":["M","M","M","$","?","R","E","M","T","E","M","R","?","M","R","B",null,"M","?","M","M","M","E","R","?","T","E","M","R","E","$","R","B",null,"M","M","M","M","M","R","E","R","T","M","$","M","E","M","R","B"],"character_chosen":"IRONCLAD","items_purchased":["Flex","Uppercut","True Grit","Shrug It Off","Lantern","Matryoshka","Bag of Preparation","Reaper"],"campfire_rested":2,"item_purchase_floors":[4,4,31,31,31,31,45,45],"current_hp_per_floor":[57,60,66,66,66,66,67,60,60,56,50,74,74,77,77,44,80,70,70,50,68,80,65,65,65,65,46,42,42,80,80,80,25,80,80,23,37,25,37,61,38,38,38,62,62,54,65,54,75,0,0],"gold":70,"neow_bonus":"RANDOM_COLORLESS_2","is_daily":false,"chose_seed":false,"campfire_upgraded":7,"win_rate":0.0,"timestamp":1607901738,"path_taken":["M","M","M","$","?","R","E","M","T","E","M","R","?","M","R","BOSS","M","?","M","?","M","E","R","?","T","E","M","R","E","$","R","BOSS","M","M","M","M","M","R","E","R","T","M","?","M","E","M","R","BOSS"],"items_purchased_type":["Card","Card","Card","Card","Relic","Relic","Relic","Card"],"build_version":"2020-11-30","purchased_purges":0,"victory":false,"max_hp_per_floor":[80,80,80,80,80,80,80,80,80,80,80,80,80,80,80,80,80,80,80,80,80,80,80,80,80,80,80,80,80,80,80,80,80,80,80,80,80,80,80,80,80,80,80,80,80,80,80,80,80,80,80],"relic_stats":{"Dream Catcher":2,"Happy Flower":[11],"counters":[29,146],"Bronze Scales":[353],"Black Blood":263,"Eternal Feather":21,"Pen Nib":[6],"Bag of Preparation":[8],"obtain_stats":[{"Lantern":31,"Calipers":26,"Happy Flower":43,"Black Blood":17,"Velvet Choker":34,"Eternal Feather":47,"The Courier":27,"Pen Nib":43,"Bag of Preparation":45,"Ancient Tea Set":7,"Burning Blood":0,"White Beast Statue":41,"Mercury Hourglass":23,"Dream Catcher":9,"Anchor":30,"Matryoshka":31,"Bronze Scales":10},{"Lantern":17,"Calipers":14,"Happy Flower":24,"Black Blood":9,"Velvet Choker":18,"Eternal Feather":27,"The Courier":15,"Pen Nib":24,"Bag of Preparation":25,"Ancient Tea Set":4,"Burning Blood":0,"White Beast Statue":24,"Mercury Hourglass":14,"Dream Catcher":5,"Anchor":17,"Matryoshka":17,"Bronze Scales":6},{"Lantern":69,"Calipers":57,"Happy Flower":113,"Black Blood":39,"Velvet Choker":79,"Eternal Feather":131,"The Courier":61,"Pen Nib":113,"Bag of Preparation":119,"Ancient Tea Set":15,"Burning Blood":0,"White Beast Statue":113,"Mercury Hourglass":57,"Dream Catcher":19,"Anchor":69,"Matryoshka":69,"Bronze Scales":23}],"Mercury Hourglass":[363]},"card_choices":[{"not_picked":["Thinking Ahead","Master of Strategy"],"picked":"Apotheosis","floor":0},{"not_picked":["Anger","Wild Strike"],"picked":"Cleave","floor":1},{"not_picked":["Iron Wave","Sword Boomerang"],"picked":"Perfected Strike","floor":2},{"not_picked":["Heavy Blade","Dark Embrace"],"picked":"Havoc","floor":3},{"not_picked":["Dark Embrace","Thunderclap","Entrench"],"picked":"SKIP","floor":7},{"not_picked":["Sword Boomerang","Pommel Strike"],"picked":"Battle Trance","floor":8},{"not_picked":["Iron Wave","Searing Blow"],"picked":"Flex","floor":10},{"not_picked":["Twin Strike","Perfected Strike"],"picked":"Spot Weakness","floor":11},{"not_picked":["Juggernaut","Clothesline"],"picked":"Disarm","floor":12},{"not_picked":["Body Slam","Carnage"],"picked":"Sword Boomerang","floor":14},{"not_picked":["Fiend Fire","Barricade"],"picked":"Reaper","floor":16},{"not_picked":["Thunderclap","Anger"],"picked":"Wild Strike+1","floor":18},{"not_picked":["Metallicize","Dark Embrace"],"picked":"Fire Breathing+1","floor":20},{"not_picked":["Sever Soul","Dual Wield"],"picked":"Warcry","floor":21},{"not_picked":["Anger","Body Slam"],"picked":"Headbutt","floor":22},{"not_picked":["Warcry+1","Thunderclap+1"],"picked":"Rage","floor":23},{"not_picked":["Headbutt","Entrench"],"picked":"Ghostly Armor","floor":27},{"not_picked":["True Grit","Wild Strike+1"],"picked":"Flame Barrier","floor":28},{"not_picked":["Searing Blow+1","Juggernaut"],"picked":"Seeing Red","floor":30},{"not_picked":["Immolate","Bludgeon"],"picked":"Limit Break","floor":33},{"not_picked":["Flex","Rupture+1"],"picked":"Feel No Pain","floor":35},{"not_picked":["Reckless Charge","Thunderclap+1"],"picked":"Heavy Blade+1","floor":36},{"not_picked":["Anger+1","Sword Boomerang+1","Bloodletting+1"],"picked":"SKIP","floor":37},{"not_picked":["Pommel Strike","Spot Weakness","Thunderclap"],"picked":"SKIP","floor":38},{"not_picked":["Wild Strike","Cleave"],"picked":"Body Slam","floor":39},{"not_picked":["Body Slam+1","Armaments"],"picked":"Heavy Blade+1","floor":40},{"not_picked":["Burning Pact","Rupture+1"],"picked":"Combust","floor":41},{"not_picked":["Rage","Sword Boomerang+1"],"picked":"Infernal Blade+1","floor":44},{"not_picked":["Havoc","Anger+1","Bloodletting"],"picked":"SKIP","floor":46},{"not_picked":["Flame Barrier","Sword Boomerang","Seeing Red+1"],"picked":"SKIP","floor":47},{"not_picked":["Body Slam+1","Corruption"],"picked":"Perfected Strike+1","floor":48}],"player_experience":93009,"relics_obtained":[{"floor":7,"key":"Ancient Tea Set"},{"floor":9,"key":"Dream Catcher"},{"floor":10,"key":"Bronze Scales"},{"floor":23,"key":"Mercury Hourglass"},{"floor":26,"key":"Calipers"},{"floor":27,"key":"The Courier"},{"floor":30,"key":"Anchor"},{"floor":41,"key":"White Beast Statue"},{"floor":43,"key":"Happy Flower"},{"floor":43,"key":"Pen Nib"},{"floor":47,"key":"Eternal Feather"}],"event_choices":[{"damage_healed":0,"gold_gain":0,"player_choice":"Left Gold","damage_taken":0,"max_hp_gain":0,"max_hp_loss":0,"event_name":"World of Goop","floor":5,"gold_loss":27},{"cards_removed":["Strike_R"],"damage_healed":0,"gold_gain":0,"player_choice":"Forget","damage_taken":0,"max_hp_gain":0,"max_hp_loss":0,"event_name":"Living Wall","floor":13,"gold_loss":0},{"cards_removed":["Defend_R"],"damage_healed":0,"gold_gain":0,"player_choice":"Offered Basic","damage_taken":0,"max_hp_gain":0,"max_hp_loss":0,"event_name":"Bonfire Elementals","floor":19,"gold_loss":0},{"cards_removed":["Strike_R"],"damage_healed":0,"gold_gain":0,"player_choice":"Purged","damage_taken":0,"max_hp_gain":0,"max_hp_loss":0,"event_name":"Purifier","floor":25,"gold_loss":0}],"is_beta":false,"boss_relics":[{"not_picked":["Tiny House","Runic Pyramid"],"picked":"Black Blood"},{"not_picked":["Busted Crown","Sozu"],"picked":"Velvet Choker"}],"items_purged_floors":[],"is_endless":false,"potions_floor_spawned":[1,7,8,16,21,22,27,33,35,39,44,46,47,48],"killed_by":"Awakened One","ascension_level":2}}