{"host":"ryuep8ewa00k39z9","time":1607887322,"event":{"mods":["AchievementEnabler","BaseMod","Best Route Mod","Colored Map","Colored Powertips","Displayed Cursed Tome","Highlight Path","Minty Spire (QoL Compilation)","Quick Restart","SuperFastMode"],"gold_per_floor":[164,183,183,195,213,213,240,255,255,255,285,299,299,224,224,296,296,312,329,48,48,60,80,106,106,106,133,133,159,74,93,93,168,168,179,22,71,85,97,132,143,143,143,143,157,171,16,29,29,29,29,29,29,54,54,54],"floor_reached":55,"playtime":3615,"items_purged":[],"score":1408,"play_id":"bb99beb9-10c7-4a70-938f-6da982302cf2","local_time":"20201213132202","is_ascension_mode":true,"campfire_choices":[{"data":"Body Slam","floor":6.0,"key":"SMITH"},{"data":"Entrench","floor":10.0,"key":"SMITH"},{"floor":13.0,"key":"REST"},{"data":"Body Slam","floor":15.0,"key":"SMITH"},{"data":"Apotheosis","floor":25.0,"key":"SMITH"},{"data":"Body Slam","floor":28.0,"key":"SMITH"},{"floor":32.0,"key":"REST"},{"floor":42.0,"key":"RECALL"},{"floor":44.0,"key":"REST"},{"floor":49.0,"key":"REST"},{"data":"Fire Breathing","floor":52.0,"key":"SMITH"}],"circlet_count":0,"master_deck":["AscendersBane","Strike_R+1","Defend_R+1","Defend_R","Defend_R","Defend_R+1","Bash","Cleave+1","Body Slam+1","Flame Barrier","Shrug It Off","Entrench+1","Immolate","Warcry","Body Slam+1","Whirlwind+1","Juggernaut","Barricade+1","Carnage+1","True Grit","Fire Breathing+1","Apotheosis+1","Power Through","Inflame","Impervious","Body Slam+1","Exhume","Reaper","Second Wind+1","Reaper","Whirlwind","Decay","Body Slam+1","Barricade","Evolve+1"],"relics":["Tiny House","Magic Flower","Pantograph","Champion Belt","Astrolabe","Darkstone Periapt","Pen Nib","Whetstone","Lantern","Vajra","Kunai","Cursed Key","Incense Burner","CaptainsWheel","DollysMirror","Orichalcum"],"acts_visited":["Exordium","TheCity","TheBeyond","TheEnding"],"potions_floor_usage":[55],"damage_taken":[{"damage":2.0,"enemies":"2 Louse","floor":1.0,"turns":3.0},{"damage":0.0,"enemies":"Jaw Worm","floor":2.0,"turns":3.0},{"damage":0.0,"enemies":"Cultist","floor":4.0,"turns":3.0},{"damage":10.0,"enemies":"Exordium Thugs","floor":5.0,"turns":5.0},{"damage":21.0,"enemies":"Gremlin Nob","floor":7.0,"turns":5.0},{"damage":0.0,"enemies":"3 Louse","floor":8.0,"turns":2.0},{"damage":8.0,"enemies":"Lagavulin","floor":11.0,"turns":7.0},{"damage":3.0,"enemies":"Blue Slaver","floor":12.0,"turns":4.0},{"damage":18.0,"enemies":"The Guardian","floor":16.0,"turns":15.0},{"damage":0.0,"enemies":"Spheric Guardian","floor":18.0,"turns":3.0},{"damage":0.0,"enemies":"3 Byrds","floor":19.0,"turns":2.0},{"damage":41.0,"enemies":"Centurion and Healer","floor":22.0,"turns":11.0},{"damage":0.0,"enemies":"Snecko","floor":23.0,"turns":2.0},{"damage":0.0,"enemies":"Gremlin Leader","floor":27.0,"turns":10.0},{"damage":35.0,"enemies":"Book of Stabbing","floor":29.0,"turns":7.0},{"damage":8.0,"enemies":"Shelled Parasite and Fungi","floor":31.0,"turns":6.0},{"damage":21.0,"enemies":"Automaton","floor":33.0,"turns":14.0},{"damage":14.0,"enemies":"Orb Walker","floor":35.0,"turns":3.0},{"damage":44.0,"enemies":"2 Orb Walkers","floor":37.0,"turns":5.0},{"damage":33.0,"enemies":"3 Shapes","floor":38.0,"turns":4.0},{"damage":4.0,"enemies":"Sphere and 2 Shapes","floor":39.0,"turns":6.0},{"damage":0.0,"enemies":"Giant Head","floor":40.0,"turns":9.0},{"damage":28.0,"enemies":"Jaw Worm Horde","floor":41.0,"turns":2.0},{"damage":0.0,"enemies":"Transient","floor":45.0,"turns":5.0},{"damage":0.0,"enemies":"Spire Growth","floor":46.0,"turns":6.0},{"damage":38.0,"enemies":"Jaw Worm Horde","floor":48.0,"turns":3.0},{"damage":47.0,"enemies":"Awakened One","floor":50.0,"turns":11.0},{"damage":29,"enemies":"Shield and Spear","floor":54,"turns":8},{"damage":104,"enemies":"The Heart","floor":55,"turns":8}],"seed_played":"-2803465729009916606","potions_obtained":[{"floor":0.0,"key":"HeartOfIron"},{"floor":2.0,"key":"DuplicationPotion"},{"floor":7.0,"key":"Dexterity Potion"},{"floor":12.0,"key":"BlessingOfTheForge"},{"floor":16.0,"key":"PowerPotion"},{"floor":22.0,"key":"LiquidMemories"},{"floor":27.0,"key":"BloodPotion"},{"floor":31.0,"key":"Strength Potion"},{"floor":38.0,"key":"Fruit Juice"},{"floor":45.0,"key":"SkillPotion"},{"floor":46.0,"key":"BlessingOfTheForge"},{"floor":48.0,"key":"DuplicationPotion"},{"floor":54,"key":"Strength Potion"}],"is_trial":false,"path_per_floor":["M","M","?","M","M","R","E","M","T","R","E","M","R","?","R","B",null,"M","M","$","?","M","M","T","R","T","E","R","E","?","M","R","B",null,"M","$","?","M","M","E","M","R","T","R","M","M","$","M","R","B",null,"R","$","E","B"],"character_chosen":"IRONCLAD","items_purchased":["Apotheosis","Power Through","Inflame","Reaper","DollysMirror"],"campfire_rested":4,"item_purchase_floors":[20,20,20,36,47],"current_hp_per_floor":[71,71,47,47,37,37,16,16,16,16,8,5,29,29,29,49,72,72,72,72,72,31,31,31,31,31,31,31,20,20,12,36,53,73,59,59,23,32,42,56,46,46,52,79,79,91,91,53,80,59,83,83,83,60,0,0],"gold":54,"neow_bonus":"BOSS_RELIC","is_daily":false,"chose_seed":false,"campfire_upgraded":6,"win_rate":0.0,"timestamp":1607887322,"path_taken":["M","M","?","M","M","R","E","M","T","R","E","M","R","?","R","BOSS","M","M","$","?","?","M","?","R","T","E","R","E","?","M","R","BOSS","M","$","?","M","M","E","M","R","T","R","M","M","$","M","R","BOSS","R","$","E","BOSS"],"items_purchased_type":["Card","Card","Card","Card","Relic"],"build_version":"2020-11-30","purchased_purges":0,"victory":false,"max_hp_per_floor":[80,80,80,80,80,80,80,80,80,80,80,80,80,80,80,80,80,80,80,80,80,80,80,80,80,80,80,80,80,80,80,80,80,80,80,80,80,85,85,85,85,85,91,91,91,91,91,91,91,91,91,91,91,91,91,91],"card_choices":[{"not_picked":["Shrug It Off","Havoc"],"picked":"Cleave","floor":0.0},{"not_picked":["Anger","Hemokinesis"],"picked":"Body Slam","floor":1.0},{"not_picked":["Perfected Strike","Twin Strike"],"picked":"Flame Barrier","floor":2.0},{"not_picked":["Heavy Blade","Sword Boomerang"],"picked":"Shrug It Off","floor":4.0},{"not_picked":["Perfected Strike","Pummel"],"picked":"Entrench","floor":5.0},{"not_picked":["Intimidate","Carnage"],"picked":"Immolate","floor":7.0},{"not_picked":["Shrug It Off","Heavy Blade"],"picked":"Warcry","floor":8.0},{"not_picked":["Evolve","Warcry"],"picked":"Body Slam","floor":11.0},{"not_picked":["Twin Strike","Metallicize"],"picked":"Whirlwind","floor":12.0},{"not_picked":["Corruption","Immolate"],"picked":"Juggernaut","floor":16.0},{"not_picked":["Headbutt","Flex"],"picked":"True Grit","floor":18.0},{"not_picked":["Clothesline","Havoc"],"picked":"Fire Breathing","floor":19.0},{"not_picked":["Bloodletting","Headbutt","Cleave"],"picked":"SKIP","floor":22.0},{"not_picked":["Anger","Rage"],"picked":"Impervious","floor":23.0},{"not_picked":["Iron Wave+1","Heavy Blade"],"picked":"Body Slam","floor":27.0},{"not_picked":["Cleave","Reckless Charge","Pummel+1"],"picked":"SKIP","floor":29.0},{"not_picked":["Burning Pact","True Grit","Pummel"],"picked":"SKIP","floor":31.0},{"not_picked":["Brutality","Immolate"],"picked":"Exhume","floor":33.0},{"not_picked":["Perfected Strike","Pommel Strike+1","Rupture"],"picked":"SKIP","floor":35.0},{"not_picked":["Perfected Strike+1","Combust"],"picked":"Second Wind+1","floor":37.0},{"not_picked":["Flex","Intimidate","Armaments+1"],"picked":"SKIP","floor":38.0},{"not_picked":["Seeing Red","Headbutt","Clash"],"picked":"SKIP","floor":39.0},{"not_picked":["Headbutt","Flex+1"],"picked":"Reaper","floor":40.0},{"not_picked":["Dropkick","Sentinel"],"picked":"Whirlwind","floor":41.0},{"not_picked":["Armaments","Iron Wave","Burning Pact"],"picked":"SKIP","floor":45.0},{"not_picked":["Armaments+1","Headbutt","Cleave"],"picked":"SKIP","floor":46.0},{"not_picked":["Power Through","Havoc"],"picked":"Barricade","floor":48.0},{"not_picked":["Infernal Blade+1","Heavy Blade"],"picked":"Evolve+1","floor":54}],"player_experience":3135827,"relics_obtained":[{"floor":7.0,"key":"Magic Flower"},{"floor":9.0,"key":"Pantograph"},{"floor":11.0,"key":"Champion Belt"},{"floor":24.0,"key":"Pen Nib"},{"floor":26.0,"key":"Whetstone"},{"floor":27.0,"key":"Lantern"},{"floor":29.0,"key":"Vajra"},{"floor":37.0,"key":"Incense Burner"},{"floor":40.0,"key":"CaptainsWheel"},{"floor":54,"key":"Orichalcum"}],"event_choices":[{"damage_healed":0.0,"max_hp_gain":0.0,"max_hp_loss":0.0,"gold_gain":0.0,"event_name":"Shining Light","player_choice":"Entered Light","floor":3.0,"gold_loss":0.0,"damage_taken":24.0,"cards_upgraded":["Strike_R","Defend_R"]},{"cards_removed":["Strike_R"],"damage_healed":0.0,"max_hp_gain":0.0,"max_hp_loss":0.0,"gold_gain":0.0,"event_name":"The Cleric","player_choice":"Card Removal","floor":14.0,"gold_loss":75.0,"damage_taken":0.0},{"cards_removed":["Twin Strike"],"damage_healed":0.0,"max_hp_gain":0.0,"max_hp_loss":0.0,"gold_gain":0.0,"event_name":"WeMeetAgain","player_choice":"Gave Card","floor":21.0,"gold_loss":0.0,"damage_taken":0.0,"relics_obtained":["Darkstone Periapt"]},{"damage_healed":0.0,"max_hp_gain":0.0,"max_hp_loss":0.0,"gold_gain":0.0,"event_name":"Addict","player_choice":"Obtained Relic","floor":30.0,"gold_loss":85.0,"damage_taken":0.0,"relics_obtained":["Kunai"]},{"damage_healed":0.0,"max_hp_gain":0.0,"max_hp_loss":0.0,"gold_gain":0.0,"event_name":"Mysterious Sphere","player_choice":"Fight","floor":37.0,"gold_loss":0.0,"damage_taken":0.0}],"is_beta":false,"boss_relics":[{"not_picked":["Pandora\u0027s Box","SacredBark"],"picked":"Astrolabe"},{"not_picked":["Busted Crown","Black Star"],"picked":"Cursed Key"}],"items_purged_floors":[],"is_endless":false,"potions_floor_spawned":[2,7,12,16,22,27,31,38,45,46,48,54],"killed_by":"The Heart","ascension_level":15}}