{"host":"fhujvjnj99vjue08","time":1607868864,"event":{"mods":["2.2 Compatiblity","AchievementEnabler","Aspiration","Astrologer","BaseMod","Beaked The Cultist","BetterRewards","CatGirl Mod","Colored Map","Colored Powertips","Conjunction","Conspire","Custom Start","Friendly Minions","GifTheSpireLib","Googly Eyes","Halation","Highlight Path","Hubris","Hyrulean Relics","Infinite Spire","Magitek Elite","Mimic Mod","Minty Spire (QoL Compilation)","Replay The Spire","Reworked Bosses","Shop Mod","StSLib","Strawberry Spire","Stuff the Spire","The Bug Knight","The Factory","The Gatherer","The Jungle","The Servant 0.9.4","TheBandit","TheFirefly","egg","thorton","vexMod"],"gold_per_floor":[111,111,131,141,161,188,188,213,240,240,240],"floor_reached":10,"playtime":516,"items_purged":[],"score":78,"play_id":"53ffe501-b264-4820-90f3-f1a8241b5386","local_time":"20201213141424","is_ascension_mode":false,"campfire_choices":[{"data":"Cure","floor":7,"key":"SMITH"}],"circlet_count":0,"master_deck":["Strike_L","Strike_L","Strike_L","Strike_L","Defend_L","Defend_L","Defend_L","Defend_L","Defend_L","Fire2","Cure","Ultima","Meltdown","Injury","Magus_Robe+1","Gaia_Gear+1","Quake","Dark","Transfusion+1"],"relics":["Pendant","Toxic Egg 2","StuffTheSpire:Experiment12","Replay:Ringing Soul"],"acts_visited":["Exordium"],"potions_floor_usage":[10,10],"damage_taken":[{"damage":0,"enemies":"2 Louse","floor":1,"turns":1},{"damage":11,"enemies":"Jaw Worm","floor":3,"turns":4},{"damage":0,"enemies":"Cultist","floor":4,"turns":4},{"damage":2,"enemies":"Red Slaver","floor":5,"turns":6},{"damage":18,"enemies":"3 Sentries","floor":6,"turns":4},{"damage":44,"enemies":"Gremlin Nob","floor":8,"turns":5},{"damage":8,"enemies":"3 Sentries","floor":10,"turns":2}],"seed_played":"-7822291170241373388","potions_obtained":[{"floor":4,"key":"Dexterity Potion"},{"floor":8,"key":"SkillPotion"}],"is_trial":false,"path_per_floor":["M","?","M","M","M","E","R","E","T","E"],"character_chosen":"MAGITEKELITE","items_purchased":["Ultima"],"campfire_rested":0,"item_purchase_floors":[0],"current_hp_per_floor":[63,63,52,58,61,49,49,8,8,0,0],"gold":240,"neow_bonus":"","is_daily":false,"chose_seed":false,"campfire_upgraded":1,"win_rate":0.0,"timestamp":1607868864,"path_taken":["M","?","M","M","M","E","R","E","T","E"],"items_purchased_type":["Card"],"build_version":"2020-11-30","purchased_purges":0,"victory":false,"max_hp_per_floor":[63,63,63,63,63,63,63,66,66,66,66],"card_choices":[{"not_picked":["Rasp","Circlet"],"picked":"Meltdown","floor":1},{"not_picked":["Vox+1","Float2_Spell"],"picked":"Magus_Robe+1","floor":3},{"not_picked":["Balance","Mirage_Vest+1"],"picked":"Gaia_Gear+1","floor":4},{"not_picked":["Thunder_Blade","Transpose_P"],"picked":"Quake","floor":5},{"not_picked":["Throw","Transpose_P"],"picked":"Dark","floor":6},{"not_picked":["Crystal_Sword","Tornado"],"picked":"Transfusion+1","floor":8}],"player_experience":290099,"relics_obtained":[{"floor":6,"key":"StuffTheSpire:Experiment12"},{"floor":8,"key":"Replay:Ringing Soul"}],"event_choices":[],"is_beta":false,"boss_relics":[],"items_purged_floors":[],"is_endless":false,"potions_floor_spawned":[4,8],"killed_by":"3 Sentries","ascension_level":0}}