{"host":"tmiksjdllv4oe9un","time":1607819460,"event":{"mods":["Act Like it!","BaseMod","BetterRewards","Card Forge","Duelist Mod","GifTheSpireLib","Googly Eyes","Hallownest","Minty Spire (QoL Compilation)","Quick Restart","Replay The Spire","StSLib"],"gold_per_floor":[143,143,160,160,178,178,209,209,236,252,100,100,116,116,116,214,214,226,226,226,242,242,242,254,286,286,286],"floor_reached":26,"playtime":705,"items_purged":[],"score":226,"play_id":"45102049-8ec3-4e24-8e82-c2d4ee53739d","local_time":"20201212193100","is_ascension_mode":false,"campfire_choices":[{"data":"theDuelist:BabyDragon","floor":6.0,"key":"SMITH"},{"floor":12.0,"key":"RECALL"},{"data":"theDuelist:TyrantWing","floor":15.0,"key":"SMITH"}],"circlet_count":0,"master_deck":["theDuelist:BabyDragon+1","theDuelist:CastleWalls","theDuelist:CastleWalls","theDuelist:CaveDragon","theDuelist:CaveDragon","theDuelist:LesserDragon+1","theDuelist:LesserDragon+1","theDuelist:Sparks","theDuelist:Sparks","theDuelist:YamataDragon","theDuelist:BSkullDragon","theDuelist:BlacklandFireDragon+1","theDuelist:TyrantWing+1","theDuelist:SliferSky","theDuelist:TailSwipe+1","Shame","theDuelist:ChimeratechOverdragon+1","theDuelist:StardustDragon","theDuelist:StardustDragon"],"relics":["theDuelist:MillenniumPuzzle","theDuelist:CardPoolRelic","theDuelist:CardPoolBasicRelic","theDuelist:BoosterPackPoolRelic","theDuelist:CardPoolAddRelic","theDuelist:CardPoolMinusRelic","theDuelist:CardPoolSaveRelic","theDuelist:CardPoolOptionsRelic","Hammer of Thor","Seething Fire","Anvil of the Gods","Hallownest:DreamNailRelic","Potion Belt","Solar Panel","Replay:Mystery Machine","theDuelist:MetronomeRelicB","Omamori","Hallownest:TeacherSealRelic","Abe\u0027s Treasure","WarpedTongs","Centennial Puzzle"],"acts_visited":["Hallownest:Greenpath","Hallownest:CityofTears"],"potions_floor_usage":[16,16,21],"damage_taken":[{"damage":0.0,"enemies":"Hallownest:2_MossCreeps","floor":1.0,"turns":4.0},{"damage":0.0,"enemies":"Hallownest:monsterHuskWarrior","floor":3.0,"turns":3.0},{"damage":3.0,"enemies":"Hallownest:2_Baldur","floor":5.0,"turns":3.0},{"damage":28.0,"enemies":"Hallownest:eliteMossKnight","floor":7.0,"turns":6.0},{"damage":0.0,"enemies":"Hallownest:monsterAspidMother","floor":10.0,"turns":4.0},{"damage":12.0,"enemies":"Hallownest:MossCreep_and_Mosskin","floor":13.0,"turns":4.0},{"damage":24,"enemies":"Hallownest:BossFalseKnight","floor":16,"turns":6},{"damage":22,"enemies":"Hallownest:2_Mistakes","floor":18,"turns":5},{"damage":17,"enemies":"Hallownest:Flukemon_and_Top","floor":21,"turns":4},{"damage":13,"enemies":"Hallownest:2_Flukemon","floor":24,"turns":7},{"damage":18,"enemies":"Hallownest:eliteSoulWarrior","floor":25,"turns":5},{"damage":16,"enemies":"Hallownest:Warrior_and_Youth","floor":26,"turns":3}],"seed_played":"-1374830412897535621","potions_obtained":[{"floor":1.0,"key":"theDuelist:CoolBottle"},{"floor":10.0,"key":"theDuelist:FlamingBottle"},{"floor":13.0,"key":"theDuelist:BottledKuriboh"},{"floor":21,"key":"Elixir"},{"floor":24,"key":"theDuelist:TributeBottle"}],"is_trial":false,"path_per_floor":["M","?","M","?","M","R","E","?","T","M","$","R","M","?","R","B",null,"M","?","?","M","PTL","PTL","M","E","M"],"character_chosen":"THE_DUELIST","items_purchased":["Omamori"],"campfire_rested":0,"item_purchase_floors":[11],"current_hp_per_floor":[80,80,80,80,77,77,49,39,39,39,39,39,27,27,27,3,80,58,58,58,41,41,41,28,10,0,0],"gold":286,"neow_bonus":"","is_daily":false,"chose_seed":false,"campfire_upgraded":2,"win_rate":0.0,"timestamp":1607819460,"path_taken":["M","?","?","?","M","R","E","?","T","?","$","R","M","?","R","BOSS","M","?","?","M","PTL","PTL","?","E","M"],"items_purchased_type":["Relic"],"build_version":"2020-11-30","purchased_purges":0,"victory":false,"max_hp_per_floor":[80,80,80,80,80,80,80,80,80,80,80,80,80,80,80,80,80,80,80,80,80,80,80,80,80,80,80],"card_choices":[{"not_picked":["theDuelist:BigFire","theDuelist:Hinotama","theDuelist:HaneHane","theDuelist:BlackPendant","theDuelist:DarkCreator"],"picked":"SKIP","floor":1.0},{"not_picked":["theDuelist:StampingDestruction","theDuelist:Earthquake","theDuelist:SuperStridentBlaze","theDuelist:DragonShield","theDuelist:ArtifactIgnition"],"picked":"SKIP","floor":3.0},{"not_picked":["theDuelist:BusterBlader","theDuelist:CyberDragonDrei","theDuelist:CurseDragon","theDuelist:DarkHorus","theDuelist:OneDayPeace"],"picked":"SKIP","floor":5.0},{"not_picked":["theDuelist:SurvivalFittest","theDuelist:SeismicShockwave","theDuelist:GaiaDragonChamp","theDuelist:ArmageddonDragonEmp"],"picked":"theDuelist:BSkullDragon","floor":7.0},{"not_picked":["theDuelist:TwinHeadedBehemoth+1","theDuelist:BlueEyes+1"],"picked":"theDuelist:BlacklandFireDragon+1","floor":10.0},{"not_picked":["theDuelist:SafeZone","theDuelist:FireDarts","theDuelist:DragonShield+1","theDuelist:DefenseDraw"],"picked":"theDuelist:TyrantWing","floor":13.0},{"not_picked":["theDuelist:WingedDragonRa","theDuelist:WaterDragon","theDuelist:SurvivalFittest","theDuelist:DefensiveTactics"],"picked":"theDuelist:SliferSky","floor":16},{"not_picked":["theDuelist:RedHeadedOni","theDuelist:ExploderDragon","theDuelist:CyberEltanin","theDuelist:QueenDragunDjinn"],"picked":"theDuelist:TailSwipe+1","floor":18},{"not_picked":["theDuelist:Scapegoat","theDuelist:OceanDragonLord","theDuelist:DefensiveTactics","theDuelist:BlasterDragonInfernos+1"],"picked":"theDuelist:ChimeratechOverdragon+1","floor":20},{"not_picked":["theDuelist:SliferSky","theDuelist:GaiaDragonChamp","theDuelist:DefensiveTactics","theDuelist:CyberDragonInfinity"],"picked":"theDuelist:StardustDragon","floor":21},{"not_picked":["theDuelist:EvilMind+1","theDuelist:DreadnoughtDreadnoid","theDuelist:BlackBrutdrago","theDuelist:TrihornedDragon","theDuelist:DarkHorus"],"picked":"SKIP","floor":24},{"not_picked":["theDuelist:OceanDragonLord","theDuelist:DefensiveTactics","theDuelist:BlueDuston","theDuelist:BlasterDragonInfernos"],"picked":"theDuelist:StardustDragon","floor":25}],"player_experience":11122,"relics_obtained":[{"floor":7.0,"key":"Potion Belt"},{"floor":9.0,"key":"theDuelist:MetronomeRelicB"},{"floor":25,"key":"Centennial Puzzle"}],"event_choices":[],"is_beta":false,"boss_relics":[{"not_picked":["Mark of Pain","theDuelist:HauntedRelic"],"picked":"Abe\u0027s Treasure"}],"items_purged_floors":[],"is_endless":false,"potions_floor_spawned":[1,10,13,21,24],"killed_by":"Hallownest:Warrior_and_Youth","ascension_level":0}}