{"host":"v380u9jqfq8325l5","time":1607894975,"event":{"mods":["BaseMod","BetterRewards","Colored Map","Colored Powertips","Halation","Hubris","Infinite Spire","Minty Spire (QoL Compilation)","StSLib","SuperFastMode"],"gold_per_floor":[117,136,148,148,148,179,179,194,194,3,3,37,37,62,62,191,191,205,219,235,235,235,235,258,298,345,379,398,398,427,447,447,544,544,562,562,562,572,584,617,316,316,392,392,422,437,437,437],"floor_reached":47,"playtime":1566,"items_purged":["Injury","Strike_R"],"score":688,"play_id":"889d1c1c-c449-4743-9159-563a24c79de5","local_time":"20201214002935","is_ascension_mode":true,"campfire_choices":[{"data":"infinitespire:Gouge","floor":15,"key":"SMITH"},{"data":"infinitespire:Execution","floor":23,"key":"SMITH"},{"data":"Body Slam","floor":32,"key":"SMITH"},{"floor":44,"key":"RECALL"}],"circlet_count":0,"master_deck":["Strike_R","Strike_R","Strike_R","Defend_R","Defend_R","Defend_R","Defend_R","Bash","Fire Breathing","infinitespire:Gouge+1","Body Slam+1","Shrug It Off","Disarm","Juggernaut","infinitespire:Execution+1","Barricade","hubris:Rewind","Body Slam","Entrench","hubris:Disease"],"relics":["Burning Blood","Dream Catcher","hubris:Towel","Pocketwatch","Letter Opener","ClockworkSouvenir","halation:PinkSoulGem","Anchor","Bloody Idol","Busted Crown","hubris:TenFootPole","PreservedInsect","halation:OrihimeAndHikoboshiSamaAndTears","infinitespire:FocusingShard","Cursed Key","Sozu","Pear","hubris:SlimyHat","infinitespire:Eraser"],"acts_visited":["Exordium","TheCity","TheBeyond"],"potions_floor_usage":[12,30,31,47],"damage_taken":[{"damage":1,"enemies":"2 Louse","floor":1,"turns":4},{"damage":3,"enemies":"Jaw Worm","floor":2,"turns":4},{"damage":0,"enemies":"Small Slimes","floor":3,"turns":3},{"damage":18,"enemies":"3 Sentries","floor":6,"turns":6},{"damage":11,"enemies":"2 Fungi Beasts","floor":8,"turns":4},{"damage":10,"enemies":"Gremlin Nob","floor":12,"turns":3},{"damage":0,"enemies":"Blue Slaver","floor":14,"turns":3},{"damage":0,"enemies":"Slime Boss","floor":16,"turns":6},{"damage":0,"enemies":"Spheric Guardian","floor":18,"turns":3},{"damage":10,"enemies":"2 Thieves","floor":19,"turns":4},{"damage":3,"enemies":"Snecko","floor":20,"turns":5},{"damage":21,"enemies":"Cultist and Chosen","floor":24,"turns":6},{"damage":5,"enemies":"Book of Stabbing","floor":25,"turns":4},{"damage":34,"enemies":"Slavers","floor":27,"turns":5},{"damage":0,"enemies":"Sentry and Sphere","floor":28,"turns":4},{"damage":15,"enemies":"Gremlin Leader","floor":30,"turns":3},{"damage":0,"enemies":"Chosen and Byrds","floor":31,"turns":5},{"damage":26,"enemies":"hubris:MusketHawk","floor":33,"turns":6},{"damage":2,"enemies":"3 Darklings","floor":35,"turns":6},{"damage":5,"enemies":"Orb Walker","floor":38,"turns":3},{"damage":10,"enemies":"4 Shapes","floor":39,"turns":4},{"damage":13,"enemies":"Nemesis","floor":40,"turns":5},{"damage":6,"enemies":"Giant Head","floor":45,"turns":5},{"damage":0,"enemies":"3 Darklings","floor":46,"turns":6},{"damage":59,"enemies":"Reptomancer","floor":47,"turns":2}],"seed_played":"-48322280285427938","potions_obtained":[{"floor":1,"key":"FearPotion"},{"floor":3,"key":"BloodPotion"},{"floor":8,"key":"BlessingOfTheForge"},{"floor":16,"key":"DuplicationPotion"},{"floor":30,"key":"Strength Potion"},{"floor":33,"key":"SteroidPotion"}],"is_trial":false,"path_per_floor":["M","M","M","?","?","E","?","M","T","$","?","E","?","M","R","B",null,"M","M","M","?","AVR","R","M","E","T","E","M","?","E","M","R","B",null,"M","HB","AVR","M","M","E","$","?","T","R","E","M","E"],"character_chosen":"IRONCLAD","items_purchased":["ClockworkSouvenir","Shrug It Off","Entrench","hubris:SlimyHat"],"campfire_rested":0,"item_purchase_floors":[10,10,41,41],"current_hp_per_floor":[80,80,80,80,60,48,41,36,36,36,36,32,32,38,38,44,80,80,76,79,79,79,79,64,65,65,37,43,43,55,66,66,51,80,80,40,40,40,40,48,48,48,50,50,50,50,0,0],"gold":437,"neow_bonus":"RANDOM_COMMON_RELIC","is_daily":false,"chose_seed":false,"campfire_upgraded":3,"win_rate":0.0,"timestamp":1607894975,"path_taken":["M","M","M","?","?","E","?","M","T","$","?","E","?","?","R","BOSS","M","M","M","?","AVR","R","M","E","T","E","M","?","E","M","R","BOSS","M","HB","AVR","M","M","E","$","?","T","R","E","?","E"],"items_purchased_type":["Relic","Card","Card","Relic"],"build_version":"2020-11-30","purchased_purges":2,"victory":false,"max_hp_per_floor":[80,80,80,80,80,80,80,80,80,80,80,80,80,80,80,80,80,80,80,80,80,80,80,80,80,80,80,80,80,80,80,80,80,80,80,40,40,40,40,50,50,50,50,50,50,50,50,50],"card_choices":[{"not_picked":["Carnage","Perfected Strike"],"picked":"Fire Breathing","floor":1},{"not_picked":["hubris:ReadiedAction","Pommel Strike","Headbutt"],"picked":"SKIP","floor":2},{"not_picked":["Iron Wave","Headbutt","Hemokinesis"],"picked":"SKIP","floor":3},{"not_picked":["infinitespire:Menacing","hubris:Rewind"],"picked":"infinitespire:Gouge","floor":5},{"not_picked":["Anger","Ghostly Armor"],"picked":"Body Slam","floor":6},{"not_picked":["Power Through","Uppercut","Wild Strike"],"picked":"SKIP","floor":8},{"not_picked":["Ghostly Armor","hubris:CleavingFinish","Warcry"],"picked":"SKIP","floor":12},{"not_picked":["Wild Strike","Anger"],"picked":"Disarm","floor":14},{"not_picked":["Exhume","Feed"],"picked":"Juggernaut","floor":16},{"not_picked":["hubris:ReadiedAction+1"],"picked":"SKIP","floor":18},{"not_picked":["Wild Strike"],"picked":"SKIP","floor":19},{"not_picked":["Cleave"],"picked":"SKIP","floor":20},{"not_picked":["True Grit"],"picked":"SKIP","floor":24},{"not_picked":["Havoc+1"],"picked":"SKIP","floor":25},{"not_picked":["Spot Weakness"],"picked":"SKIP","floor":27},{"not_picked":["Seeing Red"],"picked":"SKIP","floor":28},{"not_picked":["Seeing Red"],"picked":"SKIP","floor":30},{"not_picked":["Infernal Blade+1"],"picked":"SKIP","floor":31},{"not_picked":[],"picked":"Barricade","floor":33},{"not_picked":["Rampage"],"picked":"SKIP","floor":35},{"not_picked":["Limit Break"],"picked":"SKIP","floor":38},{"not_picked":[],"picked":"Body Slam","floor":39},{"not_picked":["hubris:ReadiedAction+1"],"picked":"SKIP","floor":40},{"not_picked":["Twin Strike+1"],"picked":"SKIP","floor":45},{"not_picked":["Perfected Strike"],"picked":"SKIP","floor":46}],"player_experience":210782,"relics_obtained":[{"floor":6,"key":"Pocketwatch"},{"floor":9,"key":"Letter Opener"},{"floor":12,"key":"Anchor"},{"floor":25,"key":"hubris:TenFootPole"},{"floor":26,"key":"PreservedInsect"},{"floor":27,"key":"halation:OrihimeAndHikoboshiSamaAndTears"},{"floor":30,"key":"infinitespire:FocusingShard"},{"floor":40,"key":"Pear"},{"floor":45,"key":"infinitespire:Eraser"}],"event_choices":[{"cards_removed":["Strike_R"],"damage_healed":0,"gold_gain":0,"player_choice":"Card Removal","damage_taken":7,"max_hp_gain":0,"max_hp_loss":0,"event_name":"Golden Wing","floor":7,"gold_loss":0},{"damage_healed":0,"gold_gain":0,"player_choice":"Take Wound","damage_taken":0,"relics_obtained":["Golden Idol"],"max_hp_gain":0,"max_hp_loss":0,"event_name":"Golden Idol","floor":13,"gold_loss":0,"cards_obtained":["Injury"]},{"damage_healed":0,"gold_gain":0,"player_choice":"Ignored","damage_taken":0,"max_hp_gain":0,"max_hp_loss":0,"event_name":"Ghosts","floor":21,"gold_loss":0},{"damage_healed":0,"gold_gain":0,"player_choice":"Gave Idol","damage_taken":0,"relics_obtained":["Bloody Idol"],"max_hp_gain":0,"max_hp_loss":0,"event_name":"Forgotten Altar","floor":29,"relics_lost":["Golden Idol"],"gold_loss":0},{"damage_healed":0,"gold_gain":0,"player_choice":"Bought 0 Potions","damage_taken":0,"max_hp_gain":0,"max_hp_loss":0,"event_name":"The Woman in Blue","floor":42,"gold_loss":0}],"is_beta":false,"boss_relics":[{"not_picked":["Philosopher\u0027s Stone","Runic Cube"],"picked":"Busted Crown"},{"not_picked":["halation:MonkeysPaw","Fusion Hammer"],"picked":"Cursed Key"}],"items_purged_floors":[22,41],"is_endless":false,"potions_floor_spawned":[1,3,8,16,20,24,30,33,38],"killed_by":"Reptomancer","ascension_level":1}}