{"host":"o5or1zybx7au40zl","time":1607897701,"event":{"mods":["2.2 Compatiblity","Act Like it!","BaseMod","Better Third Choice","Conspire","Dota2Spire","GifTheSpireLib","Hubris","Infinite Spire","Minty Spire (QoL Compilation)","Replay The Spire","StSLib","The Bug Knight"],"gold_per_floor":[117,134,149,167,167,167,197,207,230,505,518,518,552,572,572,677,677,688,688,688,698,715,366,381,392,392,419,433,462,11,51,51,179,179,219,219,219,239,93,93,93],"floor_reached":40,"playtime":1047,"items_purged":["Regret","Defend_R"],"score":442,"play_id":"cec1843d-fb63-4386-b3ef-15717ac0d034","local_time":"20201213231501","is_ascension_mode":false,"campfire_choices":[{"floor":6,"key":"RECALL"},{"floor":12,"key":"REST"},{"floor":15,"key":"REST"},{"floor":32,"key":"REST"}],"circlet_count":0,"master_deck":["Strike_R+1","Strike_R","Strike_R","Strike_R","Strike_R","Defend_R","Defend_R","Defend_R","Bash","Thunderclap","Perfected Strike","Pommel Strike","Juggernaut","Wild Strike","Twin Strike","Feed+1","infinitespire:Punishment","Pommel Strike+1","Wild Strike+1","Wild Strike","Inflame","Seeing Red+1","Fire Breathing+1","conspire:HitWhereItHurts+1","Flex+1","Amnesia"],"relics":["Black Blood","NeowsBlessing","Meat on the Bone","infinitespire:Lychee Nut","Dota2Spire:RefresherOrb","hubris:CrystalStatue","Blood Vial","Chemical X","ReplayTheSpireMod:Spearhead","StoneCalendar","HollowMod:PaleOreRelic","conspire:TreasureMap","Dota2Spire:Vanguard","Dota2Spire:HandOfMidas","hubris:Towel","ReplayTheSpireMod:Ring of Exchange","Ring of Searing","Guide Book"],"acts_visited":["Exordium","TheCity","TheBeyond"],"potions_floor_usage":[7,7,13,18,27,28,29,33,40],"damage_taken":[{"damage":0,"enemies":"Cultist","floor":1,"turns":1},{"damage":0,"enemies":"Small Slimes","floor":2,"turns":1},{"damage":0,"enemies":"Jaw Worm","floor":3,"turns":1},{"damage":4,"enemies":"Exordium Wildlife","floor":4,"turns":3},{"damage":27,"enemies":"3 Sentries","floor":7,"turns":6},{"damage":11,"enemies":"Lots of Slimes","floor":8,"turns":4},{"damage":13,"enemies":"conspire:2 RoseBushes","floor":11,"turns":4},{"damage":56,"enemies":"HollowMod:MossKnight","floor":13,"turns":9},{"damage":19,"enemies":"Red Slaver","floor":14,"turns":4},{"damage":59,"enemies":"Fading Forest","floor":16,"turns":11},{"damage":25,"enemies":"3 Byrds","floor":18,"turns":6},{"damage":16,"enemies":"Snake Plant","floor":21,"turns":3},{"damage":10,"enemies":"Chosen and Byrds","floor":22,"turns":4},{"damage":15,"enemies":"Cultist and Chosen","floor":24,"turns":4},{"damage":10,"enemies":"Sentry and Sphere","floor":25,"turns":3},{"damage":8,"enemies":"conspire:SneckoGhost","floor":27,"turns":3},{"damage":25,"enemies":"Shelled Parasite and Fungi","floor":28,"turns":3},{"damage":33,"enemies":"Nightmare","floor":29,"turns":6},{"damage":12,"enemies":"Centurion and Healer","floor":31,"turns":3},{"damage":66,"enemies":"Automaton","floor":33,"turns":6},{"damage":57,"enemies":"3 Darklings","floor":35,"turns":6},{"damage":22,"enemies":"3 Shapes","floor":38,"turns":3},{"damage":82,"enemies":"Reptomancer","floor":40,"turns":2}],"seed_played":"-7664545213955906477","potions_obtained":[{"floor":1,"key":"Energy Potion"},{"floor":3,"key":"Adrenaline Potion"},{"floor":8,"key":"Fire Potion"},{"floor":13,"key":"Weak Potion"},{"floor":16,"key":"Fire Potion"},{"floor":22,"key":"LiquidMemories"},{"floor":25,"key":"Ancient Potion"},{"floor":27,"key":"Block Potion"},{"floor":31,"key":"SkillPotion"},{"floor":38,"key":"FairyPotion"}],"is_trial":false,"path_per_floor":["M","M","M","M","?","R","E","M","T","?","M","R","E","M","R","B",null,"M","AVR","?","M","M","$","M","M","T","E","M","NM","$","M","R","B",null,"M","?","?","M","$","E"],"character_chosen":"IRONCLAD","items_purchased":["Wild Strike","Chemical X","Inflame","conspire:TreasureMap","Dota2Spire:Vanguard","Dota2Spire:HandOfMidas","Guide Book"],"campfire_rested":3,"item_purchase_floors":[23,23,23,30,30,30,39],"current_hp_per_floor":[80,80,80,80,80,80,59,54,54,54,47,71,33,38,56,39,60,47,47,47,44,48,48,47,50,50,55,46,39,39,40,59,19,66,36,36,36,48,48,0,0],"gold":93,"neow_bonus":"THREE_ENEMY_KILL","is_daily":false,"chose_seed":false,"campfire_upgraded":0,"win_rate":0.0,"timestamp":1607897701,"path_taken":["M","M","M","M","?","R","E","M","T","?","M","R","E","M","R","BOSS","M","AVR","?","M","M","$","M","M","T","E","M","NM","$","?","R","BOSS","M","?","?","M","?","E"],"items_purchased_type":["Card","Relic","Card","Relic","Relic","Relic","Relic"],"build_version":"2020-11-30","purchased_purges":2,"victory":false,"max_hp_per_floor":[80,80,80,80,80,80,80,80,80,80,80,80,60,60,60,60,60,63,63,63,63,63,63,63,63,63,63,66,66,66,66,66,66,66,66,66,66,69,69,69,69],"card_choices":[{"not_picked":["Massacre","Evolve"],"picked":"Thunderclap","floor":1},{"not_picked":["Twin Strike","Dual Wield"],"picked":"Perfected Strike","floor":2},{"not_picked":["Armaments","Anger","Flame Barrier"],"picked":"SKIP","floor":3},{"not_picked":["Wild Strike","Twin Strike"],"picked":"Pommel Strike","floor":4},{"not_picked":["Intimidate","Thunderclap","Shrug It Off"],"picked":"SKIP","floor":7},{"not_picked":["Cleave","Intimidate"],"picked":"Juggernaut","floor":8},{"not_picked":["ReplayTheSpireMod:Strike From Hell","Combust","Sword Boomerang"],"picked":"SKIP","floor":11},{"not_picked":["Clothesline","Power Through"],"picked":"Wild Strike","floor":13},{"not_picked":["Warcry","Thunderclap"],"picked":"Twin Strike","floor":14},{"not_picked":["Barricade","Hemogenesis"],"picked":"Feed","floor":16},{"not_picked":["Replay:Undeath\u0027s Touch","Anger","Battle Trance"],"picked":"SKIP","floor":18},{"not_picked":["Flex+1","Infernal Blade"],"picked":"Pommel Strike+1","floor":21},{"not_picked":["Pommel Strike","ReplayTheSpireMod:Corrosion Curse"],"picked":"Wild Strike+1","floor":22},{"not_picked":["ReplayTheSpireMod:Strike From Hell","ReplayTheSpireMod:Stacked","Dark Embrace+1"],"picked":"SKIP","floor":24},{"not_picked":["Hemokinesis","Power Through","Shrug It Off"],"picked":"SKIP","floor":25},{"not_picked":["Impervious","Iron Wave","Clothesline"],"picked":"SKIP","floor":27},{"not_picked":["ReplayTheSpireMod:Strike From Hell+1","True Grit"],"picked":"Seeing Red+1","floor":28},{"not_picked":["ReplayTheSpireMod:Stacked","Rupture"],"picked":"Fire Breathing+1","floor":29},{"not_picked":["Run Through","Sentinel","Dual Wield"],"picked":"SKIP","floor":31},{"not_picked":["Fiend Fire","Exhume"],"picked":"conspire:HitWhereItHurts","floor":33},{"not_picked":["Hemokinesis+1","Rupture+1"],"picked":"Flex+1","floor":35},{"not_picked":["Burning Pact+1","Combust","infinitespire:OneForAll"],"picked":"SKIP","floor":38}],"player_experience":963885,"relics_obtained":[{"floor":7,"key":"Meat on the Bone"},{"floor":13,"key":"infinitespire:Lychee Nut"},{"floor":20,"key":"Blood Vial"},{"floor":26,"key":"ReplayTheSpireMod:Spearhead"},{"floor":27,"key":"StoneCalendar"},{"floor":29,"key":"HollowMod:PaleOreRelic"},{"floor":37,"key":"ReplayTheSpireMod:Ring of Exchange"},{"floor":37,"key":"Ring of Searing"}],"event_choices":[{"damage_healed":0,"gold_gain":275,"player_choice":"Desecrate","damage_taken":0,"max_hp_gain":0,"max_hp_loss":0,"event_name":"Golden Shrine","floor":10,"gold_loss":0,"cards_obtained":["Regret"]},{"damage_healed":0,"gold_gain":0,"player_choice":"Relic","damage_taken":0,"max_hp_gain":0,"max_hp_loss":0,"event_name":"Wheel of Change","floor":20,"gold_loss":0}],"is_beta":false,"boss_relics":[{"not_picked":["Ectoplasm","conspire:RunicOctahedron"],"picked":"Dota2Spire:RefresherOrb"},{"not_picked":["hubris:HollowSoul","Fusion Hammer"],"picked":"Black Blood"}],"items_purged_floors":[19,23],"is_endless":false,"potions_floor_spawned":[1,3,8,13,16,22,25,27,31,38],"killed_by":"Reptomancer","ascension_level":0}}