{"host":"ya062ahhhuj9au1o","time":1607875344,"event":{"mods":["BaseMod","Better Third Choice","Filter the Spire","Hermit","Minty Spire (QoL Compilation)","Random Character Button","Robot Space Explorer","Somnambulant","StSLib","The Bug Knight","The Cursed","The Servant 0.9.4"],"gold_per_floor":[367,317,335,9,24,24,24,36,62,62,97,71,71,88,88,185,185,196,196,211,231,243,243,268,268,294,309,309,309,309,321,321,423,423,434,448,467,467,512,512,526,537,590,590,602,602,602,196,196,196],"floor_reached":51,"playtime":2454,"items_purged":["RobotSpaceExplorer:Strike"],"score":793,"play_id":"62f431d2-be03-4cb0-a5ad-015a68c0ed9e","local_time":"20201213110224","is_ascension_mode":true,"campfire_choices":[{"data":"RobotSpaceExplorer:MiniBoosters","floor":6.0,"key":"SMITH"},{"data":"RobotSpaceExplorer:StarLightning","floor":10.0,"key":"SMITH"},{"data":"RobotSpaceExplorer:MiniDrones","floor":15.0,"key":"SMITH"},{"data":"RobotSpaceExplorer:Asteroid","floor":23.0,"key":"SMITH"},{"data":"RobotSpaceExplorer:FreezeRay","floor":28.0,"key":"SMITH"},{"data":"RobotSpaceExplorer:MiniLasers","floor":32.0,"key":"SMITH"},{"data":"RobotSpaceExplorer:Blaster","floor":40,"key":"SMITH"},{"data":"RobotSpaceExplorer:ExhaustFan","floor":44,"key":"SMITH"},{"data":"RobotSpaceExplorer:PowerCollector","floor":46,"key":"SMITH"},{"data":"RobotSpaceExplorer:StarLightning","floor":49,"key":"SMITH"}],"circlet_count":0,"master_deck":["RobotSpaceExplorer:Strike","RobotSpaceExplorer:Strike","RobotSpaceExplorer:Strike","RobotSpaceExplorer:Defend+1","RobotSpaceExplorer:Scan+1","RobotSpaceExplorer:MiniLasers+1","RobotSpaceExplorer:FreezeRay+1","RobotSpaceExplorer:StarLightning+1","RobotSpaceExplorer:MiniBoosters+1","RobotSpaceExplorer:Probe","RobotSpaceExplorer:MiniDrones+1","RobotSpaceExplorer:StunGrenade","RobotSpaceExplorer:MiniDrones","RobotSpaceExplorer:Asteroid+1","RobotSpaceExplorer:ScrapMissile","RobotSpaceExplorer:SurgingStrike+1","RobotSpaceExplorer:MetalStrike+1","RobotSpaceExplorer:PowerGlove+1","RobotSpaceExplorer:StunGrenade","RobotSpaceExplorer:Blaster+1","RobotSpaceExplorer:MetalStrike+1","RobotSpaceExplorer:PowerGlove+1","RobotSpaceExplorer:ExhaustFan+1","RobotSpaceExplorer:ScrapMissile+1","RobotSpaceExplorer:PowerCollector+1","RobotSpaceExplorer:StarLightning+1"],"relics":["RobotSpaceExplorer:RoboCore","Shuriken","Anchor","Pen Nib","Philosopher\u0027s Stone","Pantograph","Bird Faced Urn","War Paint","RobotSpaceExplorer:Reprocessor","Prayer Wheel","Vajra","Kunai"],"acts_visited":["Exordium","TheCity","TheBeyond"],"potions_floor_usage":[35,35,37,50,50,50],"damage_taken":[{"damage":5.0,"enemies":"2 Louse","floor":1.0,"turns":2.0},{"damage":0.0,"enemies":"Small Slimes","floor":3.0,"turns":3.0},{"damage":2.0,"enemies":"Jaw Worm","floor":5.0,"turns":4.0},{"damage":14.0,"enemies":"Gremlin Gang","floor":8.0,"turns":3.0},{"damage":20.0,"enemies":"Gremlin Nob","floor":11.0,"turns":4.0},{"damage":0.0,"enemies":"3 Louse","floor":14.0,"turns":2.0},{"damage":21.0,"enemies":"The Guardian","floor":16.0,"turns":10.0},{"damage":0.0,"enemies":"Chosen","floor":18.0,"turns":3.0},{"damage":7.0,"enemies":"Spheric Guardian","floor":20.0,"turns":3.0},{"damage":0.0,"enemies":"Cultist and Chosen","floor":21.0,"turns":3.0},{"damage":2.0,"enemies":"3 Cultists","floor":22.0,"turns":3.0},{"damage":19.0,"enemies":"Slavers","floor":24.0,"turns":4.0},{"damage":0.0,"enemies":"Chosen and Byrds","floor":27.0,"turns":4.0},{"damage":1.0,"enemies":"Centurion and Healer","floor":31.0,"turns":4.0},{"damage":17.0,"enemies":"Collector","floor":33.0,"turns":5.0},{"damage":11,"enemies":"3 Shapes","floor":35,"turns":3},{"damage":0,"enemies":"Orb Walker","floor":36,"turns":2},{"damage":12,"enemies":"4 Shapes","floor":37,"turns":4},{"damage":14,"enemies":"2 Orb Walkers","floor":39,"turns":3},{"damage":8,"enemies":"3 Darklings","floor":41,"turns":2},{"damage":0,"enemies":"Jaw Worm Horde","floor":42,"turns":3},{"damage":0,"enemies":"Transient","floor":45,"turns":5},{"damage":28,"enemies":"Donu and Deca","floor":50,"turns":5}],"seed_played":"-1772036548626265262","potions_obtained":[{"floor":3.0,"key":"SteroidPotion"},{"floor":5.0,"key":"BlessingOfTheForge"},{"floor":8.0,"key":"Strength Potion"},{"floor":18.0,"key":"Ancient Potion"},{"floor":31.0,"key":"SkillPotion"},{"floor":33.0,"key":"RobotSpaceExplorer:PlasmaFlask"},{"floor":36,"key":"Explosive Potion"},{"floor":37,"key":"Explosive Potion"},{"floor":39,"key":"DistilledChaos"}],"is_trial":false,"path_per_floor":["M","?","M","$","M","R","?","M","T","R","E","$","?","M","R","B",null,"M","?","M","M","M","R","E","?","T","M","R","?","?","M","R","B",null,"M","M","M","?","?","R","M","M","T","R","M","R","?","$","R","B",null],"character_chosen":"RobotSpaceExplorer","items_purchased":["Shuriken","RobotSpaceExplorer:MiniBoosters","RobotSpaceExplorer:StunGrenade","Kunai","RobotSpaceExplorer:StarLightning"],"campfire_rested":0,"item_purchase_floors":[4,4,12,48,48],"current_hp_per_floor":[63,63,63,63,61,61,61,47,47,47,27,27,49,49,49,28,68,68,68,61,61,59,59,40,40,40,46,46,34,34,39,39,53,73,66,70,60,60,50,50,46,54,54,54,64,64,64,64,64,47],"gold":196,"neow_bonus":"TWO_FIFTY_GOLD","is_daily":false,"chose_seed":false,"campfire_upgraded":10,"win_rate":0.0,"timestamp":1607875344,"path_taken":["M","?","M","$","M","R","?","M","T","R","E","$","?","M","R","BOSS","M","?","?","M","M","R","E","?","T","M","R","?","?","M","R","BOSS","M","M","M","?","?","R","M","M","T","R","M","R","?","$","R","BOSS"],"items_purchased_type":["Relic","Card","Card","Relic","Card"],"build_version":"2020-11-30","purchased_purges":1,"victory":true,"max_hp_per_floor":[68,68,68,68,68,68,68,68,68,68,68,68,68,68,68,68,68,68,68,68,68,68,68,68,68,68,68,68,73,73,73,73,73,73,73,73,73,73,73,73,73,73,73,73,73,73,69,69,69,69],"card_choices":[{"not_picked":["RobotSpaceExplorer:LaserBurst","RobotSpaceExplorer:FrostMissile"],"picked":"RobotSpaceExplorer:FreezeRay","floor":1.0},{"not_picked":["RobotSpaceExplorer:DualCore","RobotSpaceExplorer:Blitz"],"picked":"RobotSpaceExplorer:StarLightning","floor":3.0},{"not_picked":["RobotSpaceExplorer:FranticSearch","RobotSpaceExplorer:ShockKick"],"picked":"RobotSpaceExplorer:Probe","floor":5.0},{"not_picked":["RobotSpaceExplorer:MetalStrike","RobotSpaceExplorer:FreezingShield"],"picked":"RobotSpaceExplorer:MiniDrones","floor":8.0},{"not_picked":["RobotSpaceExplorer:Explosion","RobotSpaceExplorer:Calculate","RobotSpaceExplorer:ShockKick"],"picked":"SKIP","floor":11.0},{"not_picked":["RobotSpaceExplorer:SlimeMissile","RobotSpaceExplorer:PowerCollector"],"picked":"RobotSpaceExplorer:MiniDrones","floor":14.0},{"not_picked":["RobotSpaceExplorer:DroneSwarm","RobotSpaceExplorer:HighVoltage"],"picked":"RobotSpaceExplorer:Asteroid","floor":16.0},{"not_picked":["RobotSpaceExplorer:ShockKick+1","RobotSpaceExplorer:Probe"],"picked":"RobotSpaceExplorer:ScrapMissile","floor":18.0},{"not_picked":["RobotSpaceExplorer:Fix","RobotSpaceExplorer:Counterblock","RobotSpaceExplorer:FranticSearch"],"picked":"SKIP","floor":20.0},{"not_picked":["RobotSpaceExplorer:TurboDodge","RobotSpaceExplorer:GlueSpray"],"picked":"RobotSpaceExplorer:SurgingStrike+1","floor":21.0},{"not_picked":["RobotSpaceExplorer:FrostMissile","RobotSpaceExplorer:LuckyStrike"],"picked":"RobotSpaceExplorer:MetalStrike","floor":22.0},{"not_picked":["RobotSpaceExplorer:Electroshield","RobotSpaceExplorer:Exploration"],"picked":"RobotSpaceExplorer:PowerGlove+1","floor":24.0},{"not_picked":["RobotSpaceExplorer:MiniDrones","RobotSpaceExplorer:FrostMissile"],"picked":"RobotSpaceExplorer:StunGrenade","floor":27.0},{"not_picked":["RobotSpaceExplorer:MetalStrike","RobotSpaceExplorer:DoubleFind","RobotSpaceExplorer:DoubleBlock+1"],"picked":"SKIP","floor":31.0},{"not_picked":["RobotSpaceExplorer:DroneSwarm","RobotSpaceExplorer:Accelerator"],"picked":"RobotSpaceExplorer:Blaster","floor":33.0},{"not_picked":["RobotSpaceExplorer:FranticSearch+1","RobotSpaceExplorer:IronShell"],"picked":"RobotSpaceExplorer:MetalStrike+1","floor":35},{"not_picked":["RobotSpaceExplorer:IronShell","RobotSpaceExplorer:Electroshield","RobotSpaceExplorer:StunGrenade"],"picked":"SKIP","floor":36},{"not_picked":["RobotSpaceExplorer:FrostMissile+1","RobotSpaceExplorer:FranticSearch","RobotSpaceExplorer:ShovelStrike"],"picked":"SKIP","floor":37},{"not_picked":["RobotSpaceExplorer:Electroshield","RobotSpaceExplorer:Probe"],"picked":"RobotSpaceExplorer:PowerGlove+1","floor":41},{"not_picked":["RobotSpaceExplorer:Ammunition+1","RobotSpaceExplorer:BlastShield"],"picked":"RobotSpaceExplorer:ExhaustFan","floor":41},{"not_picked":["RobotSpaceExplorer:FranticSearch","RobotSpaceExplorer:SurgingStrike"],"picked":"RobotSpaceExplorer:ScrapMissile+1","floor":42},{"not_picked":["RobotSpaceExplorer:Ammunition+1","RobotSpaceExplorer:StarDust","RobotSpaceExplorer:MetalStrike"],"picked":"SKIP","floor":42},{"not_picked":["RobotSpaceExplorer:SurgingShield","RobotSpaceExplorer:LuckyStrike+1"],"picked":"RobotSpaceExplorer:PowerCollector","floor":45},{"not_picked":["RobotSpaceExplorer:MetalStrike","RobotSpaceExplorer:SurgingStrike","RobotSpaceExplorer:SlimeMissile+1"],"picked":"SKIP","floor":45}],"player_experience":1606525,"relics_obtained":[{"floor":9.0,"key":"Anchor"},{"floor":11.0,"key":"Pen Nib"},{"floor":24.0,"key":"Pantograph"},{"floor":26.0,"key":"War Paint"},{"floor":39,"key":"Prayer Wheel"},{"floor":43,"key":"Vajra"}],"event_choices":[{"cards_removed":["RobotSpaceExplorer:Defend"],"damage_healed":0.0,"max_hp_gain":0.0,"max_hp_loss":0.0,"gold_gain":0.0,"event_name":"The Cleric","player_choice":"Card Removal","floor":2.0,"gold_loss":50.0,"damage_taken":0.0},{"cards_removed":["RobotSpaceExplorer:Defend"],"damage_healed":0.0,"max_hp_gain":0.0,"max_hp_loss":0.0,"gold_gain":0.0,"event_name":"Living Wall","player_choice":"Forget","floor":7.0,"gold_loss":0.0,"damage_taken":0.0},{"damage_healed":22.0,"max_hp_gain":0.0,"max_hp_loss":0.0,"gold_gain":0.0,"event_name":"Big Fish","player_choice":"Banana","floor":13.0,"gold_loss":0.0,"damage_taken":0.0},{"cards_removed":["RobotSpaceExplorer:Defend"],"damage_healed":0.0,"max_hp_gain":0.0,"max_hp_loss":0.0,"gold_gain":0.0,"event_name":"Bonfire Elementals","player_choice":"Offered Basic","floor":19.0,"gold_loss":0.0,"damage_taken":0.0},{"damage_healed":0.0,"max_hp_gain":0.0,"max_hp_loss":0.0,"gold_gain":0.0,"event_name":"The Mausoleum","player_choice":"Opened","floor":25.0,"gold_loss":0.0,"damage_taken":0.0,"relics_obtained":["Bird Faced Urn"]},{"damage_healed":0.0,"max_hp_gain":5.0,"max_hp_loss":0.0,"gold_gain":0.0,"event_name":"Forgotten Altar","player_choice":"Shed Blood","floor":29.0,"gold_loss":0.0,"damage_taken":17.0},{"damage_healed":0.0,"max_hp_gain":0.0,"max_hp_loss":0.0,"gold_gain":0.0,"event_name":"Upgrade Shrine","player_choice":"Upgraded","floor":30.0,"gold_loss":0.0,"damage_taken":0.0,"cards_upgraded":["RobotSpaceExplorer:MetalStrike"]},{"damage_healed":0,"gold_gain":0,"player_choice":"Memory 1","damage_taken":0,"max_hp_gain":0,"max_hp_loss":0,"event_name":"SensoryStone","floor":38,"gold_loss":0},{"damage_healed":0,"gold_gain":0,"player_choice":"Fight","damage_taken":0,"max_hp_gain":0,"max_hp_loss":0,"event_name":"Mysterious Sphere","floor":39,"gold_loss":0},{"damage_healed":0,"gold_gain":0,"player_choice":"Max HP","damage_taken":0,"max_hp_gain":0,"max_hp_loss":4,"event_name":"Winding Halls","floor":47,"gold_loss":0}],"is_beta":false,"boss_relics":[{"not_picked":["Cursed Key","Astrolabe"],"picked":"Philosopher\u0027s Stone"},{"not_picked":["RobotSpaceExplorer:SearchSpecs","Calling Bell"],"picked":"RobotSpaceExplorer:Reprocessor"}],"items_purged_floors":[48],"is_endless":false,"potions_floor_spawned":[3,5,8,18,31,33,36,37,39],"ascension_level":4}}