{"host":"951sez6ulsv0fw1i","time":1607890345,"event":{"mods":["2.2 Compatiblity","Aspiration","BaseMod","Better Third Choice","BetterRewards","CCEM","CapriCore","Conspire","Downfall","Googly Eyes","Hermit","Infinite Spire","JesterMod","KomeijiMod","Luminous","Mari Mod (Legacy)","Mari\u0027s V1 Patch","Marisa????????","Mimic Mod","Minty Spire (QoL Compilation)","Potionbrewer","Prisma Mod","Reimu??????","Shade Mod","StSLib","The Bug Knight","The Cursed","The Forsaken","The Immortal","The Mystic","The Poker Player","The Runesmith","The Servant 0.9.4","TheBandit","TheSwordswoman","???????????mod"],"gold_per_floor":[117,91,91,91,16,50,50,80,115,141,157,157,176,176,176,302,302,318,228,221,221,246,246,246],"floor_reached":23,"playtime":1192,"items_purged":["theForsaken:PlagueCurse"],"score":259,"play_id":"30aa6067-212d-40ea-9f26-93985131b539","local_time":"20201213211225","is_ascension_mode":false,"campfire_choices":[{"data":"PrismaMod:IllyaUncommonDefend","floor":7,"key":"SMITH"},{"data":"PrismaMod:IllyaAssassinRevenge","floor":12,"key":"SMITH"},{"floor":15,"key":"RECALL"}],"circlet_count":0,"master_deck":["PrismaMod:IllyaCommonAttack","PrismaMod:IllyaCommonDefend","PrismaMod:IllyaCommonAttack","PrismaMod:IllyaCommonDefend","PrismaMod:IllyaCommonAttack","PrismaMod:IllyaCommonDefend","PrismaMod:IllyaCommonAttack","PrismaMod:IllyaCommonDefend","PrismaMod:IllyaCommonAttack","PrismaMod:IllyaCommonDefend+1","PrismaMod:IllyaUncommonAttack+1","PrismaMod:IllyaUncommonDefend+1","PrismaMod:IllyaFeed","PrismaMod:IllyaPoisonTippedWeapons","PrismaMod:IllyaCheapAttack","PrismaMod:IllyaAlice+1","PrismaMod:IllyaAssassinRevenge+1","PrismaMod:IllyaBlindPoisonToss","PrismaMod:IllyaAOECommonAttack","PrismaMod:IllyaPoisonTippedWeapons","PrismaMod:IllyaFeed","PrismaMod:IllyaDetonatingBlow","PrismaMod:IllyaUncommonDefend"],"relics":["PrismaMod:PrismaZwei","NeowsBlessing","theForsaken:PlagueMask","The Courier","Ice Cream","Dream Catcher","Golden Idol"],"acts_visited":["Exordium","TheCity"],"potions_floor_usage":[11,21,23],"damage_taken":[{"damage":0,"enemies":"Jaw Worm","floor":1,"turns":1},{"damage":0,"enemies":"Gremlin Nob","floor":6,"turns":1},{"damage":0,"enemies":"3 Sentries","floor":8,"turns":2},{"damage":5,"enemies":"Small Slimes","floor":9,"turns":8},{"damage":19,"enemies":"Lagavulin","floor":10,"turns":6},{"damage":1,"enemies":"Small Slimes","floor":11,"turns":4},{"damage":0,"enemies":"Cultist","floor":13,"turns":2},{"damage":18,"enemies":"The Guardian","floor":16,"turns":10},{"damage":6,"enemies":"Shell Parasite","floor":18,"turns":5},{"damage":16,"enemies":"2 Thieves","floor":20,"turns":4},{"damage":0,"enemies":"Cultist and Chosen","floor":21,"turns":1},{"damage":34,"enemies":"Snake Plant","floor":22,"turns":5},{"damage":18,"enemies":"conspire:Head Lice","floor":23,"turns":6}],"seed_played":"-1031824942709580905","potions_obtained":[{"floor":1,"key":"Regen Potion"},{"floor":8,"key":"RedTea"},{"floor":13,"key":"Dexterity Potion"},{"floor":20,"key":"SmokeBomb"},{"floor":22,"key":"CalmPotion"}],"is_trial":false,"path_per_floor":["M","$","?","?","$","E","R","E","MIM","E","M","R","M","?","R","B",null,"M","?","M","M","M","E"],"character_chosen":"ILLYA","items_purchased":["PrismaMod:IllyaPoisonTippedWeapons"],"campfire_rested":0,"item_purchase_floors":[2],"current_hp_per_floor":[75,75,75,60,60,60,60,60,60,61,65,65,65,47,47,49,75,74,74,68,73,44,45,45],"gold":246,"neow_bonus":"THREE_ENEMY_KILL","is_daily":false,"chose_seed":false,"campfire_upgraded":2,"win_rate":0.0,"timestamp":1607890345,"path_taken":["M","$","?","?","$","E","R","E","MIM","E","M","R","?","?","R","BOSS","M","?","?","M","M","E"],"items_purchased_type":["Card"],"build_version":"2020-11-30","purchased_purges":1,"victory":false,"max_hp_per_floor":[75,75,75,75,75,75,75,75,75,75,75,75,75,75,75,75,75,75,75,75,75,75,75,75],"card_choices":[{"not_picked":["PrismaMod:IllyaGun","PrismaMod:IllyaBride"],"picked":"PrismaMod:IllyaFeed","floor":1},{"not_picked":["PrismaMod:IllyaUpgradeOrbs","PrismaMod:IllyaReinForce"],"picked":"PrismaMod:IllyaCheapAttack","floor":6},{"not_picked":["PrismaMod:IllyaCheapChannelAttack","PrismaMod:IllyaUberPoisonBlock"],"picked":"PrismaMod:IllyaAlice","floor":8},{"not_picked":["PrismaMod:IllyaSaphire","PrismaMod:IllyaBride"],"picked":"PrismaMod:IllyaAssassinRevenge","floor":9},{"not_picked":["PrismaMod:IllyaGun","PrismaMod:IllyaCheapChannelAttack"],"picked":"PrismaMod:IllyaBlindPoisonToss","floor":10},{"not_picked":["PrismaMod:IllyaRussianRoulette","PrismaMod:IllyaMaid"],"picked":"PrismaMod:IllyaAOECommonAttack","floor":11},{"not_picked":["PrismaMod:IllyaCheapChannelDefend","PrismaMod:IllyaRussianRoulette"],"picked":"PrismaMod:IllyaPoisonTippedWeapons","floor":13},{"not_picked":["PrismaMod:IllyaCarnivalDefend","PrismaMod:IllyaCarnivalAttack"],"picked":"PrismaMod:IllyaInstallShielder","floor":16},{"not_picked":["PrismaMod:IllyaHassanGift","PrismaMod:IllyaPoisonTippedWeapons+1"],"picked":"PrismaMod:IllyaFeed","floor":18},{"not_picked":["PrismaMod:IllyaAssassinRevenge","PrismaMod:IllyaGrailKun+1"],"picked":"PrismaMod:IllyaDetonatingBlow","floor":20},{"not_picked":["PrismaMod:IllyaCheapChannelAttack","PrismaMod:IllyaUberChannel+1"],"picked":"PrismaMod:IllyaUncommonDefend","floor":22}],"player_experience":488813,"relics_obtained":[{"floor":6,"key":"The Courier"},{"floor":8,"key":"Ice Cream"},{"floor":10,"key":"Dream Catcher"}],"event_choices":[{"damage_healed":0,"gold_gain":0,"player_choice":"Obtain Plague Curse","damage_taken":0,"max_hp_gain":0,"max_hp_loss":0,"event_name":"Plague Doctor","floor":3,"gold_loss":0,"cards_obtained":["theForsaken:PlagueCurse"]},{"damage_healed":75,"gold_gain":0,"player_choice":"Upgrade","damage_taken":15,"max_hp_gain":0,"max_hp_loss":75,"event_name":"betterThird:BetterShining","floor":4,"gold_loss":0,"cards_upgraded":["PrismaMod:IllyaUncommonAttack","PrismaMod:IllyaCommonDefend"]},{"damage_healed":0,"gold_gain":0,"player_choice":"Take Damage","damage_taken":18,"relics_obtained":["Golden Idol"],"max_hp_gain":0,"max_hp_loss":0,"event_name":"Golden Idol","floor":14,"gold_loss":0},{"cards_removed":["PrismaMod:IllyaInstallShielder"],"damage_healed":0,"gold_gain":0,"player_choice":"Upgrade and Remove","damage_taken":0,"max_hp_gain":0,"max_hp_loss":0,"event_name":"Designer","floor":19,"gold_loss":90,"cards_upgraded":["PrismaMod:IllyaAlice"]}],"is_beta":false,"boss_relics":[{"not_picked":["conspire:SpecialSausage","Philosopher\u0027s Stone"],"picked":"PrismaMod:PrismaZwei"}],"items_purged_floors":[5],"is_endless":false,"potions_floor_spawned":[1,8,13,20,21,22],"killed_by":"conspire:Head Lice","ascension_level":0}}