{"host":"foq4mrde4mssg7vt","time":1607867513,"event":{"mods":["AchievementEnabler","BaseMod","Colored Map","Colored Powertips","Highlight Path","Minty Spire (QoL Compilation)","Relic Stats","everything is the same but u backflip on backflip"],"gold_per_floor":[118,133,151,151,226,226,259,274,274,309,372,382,382,398,398,398,398],"floor_reached":16,"playtime":555,"items_purged":[],"score":185,"play_id":"fe2cd9d7-c1aa-46a8-b440-fb3a280548fe","local_time":"20201213215153","is_ascension_mode":true,"campfire_choices":[{"floor":6,"key":"REST"},{"data":"Leg Sweep","floor":15,"key":"SMITH"}],"circlet_count":0,"master_deck":["Strike_G","Strike_G","Strike_G","Strike_G","Strike_G","Defend_G","Defend_G","Defend_G","Defend_G","Defend_G","Survivor","Neutralize+1","Finisher","Blade Dance","Dagger Spray+1","Acrobatics","Poisoned Stab+1","Underhanded Strike+1","Deadly Poison","Leg Sweep+1"],"relics":["HoveringKite","Molten Egg 2","Kunai","Snake Skull","Tough Bandages"],"acts_visited":["Exordium"],"potions_floor_usage":[10],"damage_taken":[{"damage":0,"enemies":"2 Louse","floor":1,"turns":3},{"damage":12,"enemies":"Jaw Worm","floor":2,"turns":4},{"damage":2,"enemies":"Small Slimes","floor":3,"turns":3},{"damage":10,"enemies":"3 Sentries","floor":7,"turns":5},{"damage":0,"enemies":"Looter","floor":8,"turns":4},{"damage":0,"enemies":"Lagavulin","floor":10,"turns":3},{"damage":0,"enemies":"3 Sentries","floor":11,"turns":4},{"damage":0,"enemies":"Blue Slaver","floor":12,"turns":2},{"damage":0,"enemies":"3 Louse","floor":14,"turns":2},{"damage":40,"enemies":"Slime Boss","floor":16,"turns":6}],"seed_played":"-6979254260059883914","potions_obtained":[{"floor":3,"key":"Energy Potion"},{"floor":8,"key":"LiquidMemories"},{"floor":12,"key":"Ancient Potion"}],"is_trial":false,"path_per_floor":["M","M","M","?","?","R","E","M","T","E","?","M","T","M","R","B"],"character_chosen":"THE_SILENT","items_purchased":[],"campfire_rested":1,"item_purchase_floors":[],"current_hp_per_floor":[63,51,49,35,24,45,35,35,35,35,35,35,35,35,35,0,0],"gold":398,"neow_bonus":"BOSS_RELIC","is_daily":false,"chose_seed":false,"campfire_upgraded":1,"win_rate":0.0,"timestamp":1607867513,"path_taken":["M","M","M","?","?","R","E","M","T","E","?","M","?","M","R","BOSS"],"items_purchased_type":[],"build_version":"2020-11-30","purchased_purges":0,"victory":false,"max_hp_per_floor":[70,70,70,70,70,70,70,70,70,70,70,70,70,70,70,70,70],"relic_stats":{"Tough Bandages":[12],"counters":[10,36],"HoveringKite":[11],"Snake Skull":[3],"Kunai":[9],"obtain_stats":[{"Tough Bandages":11,"HoveringKite":0,"Molten Egg 2":7,"Snake Skull":10,"Kunai":9,"Ring of the Snake":0},{"Tough Bandages":7,"HoveringKite":0,"Molten Egg 2":4,"Snake Skull":6,"Kunai":5,"Ring of the Snake":0},{"Tough Bandages":26,"HoveringKite":0,"Molten Egg 2":15,"Snake Skull":22,"Kunai":19,"Ring of the Snake":0}]},"card_choices":[{"not_picked":["Dodge and Roll","Acrobatics"],"picked":"Finisher","floor":1},{"not_picked":["Expertise","Deadly Poison"],"picked":"Blade Dance","floor":2},{"not_picked":["Poisoned Stab","Flying Knee"],"picked":"Dagger Spray","floor":3},{"not_picked":["Accuracy","Blade Dance"],"picked":"Acrobatics","floor":7},{"not_picked":["Deflect","Skewer+1","Bane+1"],"picked":"SKIP","floor":8},{"not_picked":["Doppelganger","Flechettes+1"],"picked":"Poisoned Stab+1","floor":10},{"not_picked":["Dagger Spray+1","Sucker Punch+1"],"picked":"Underhanded Strike+1","floor":11},{"not_picked":["Prepared","Dagger Spray+1"],"picked":"Deadly Poison","floor":12},{"not_picked":["Dodge and Roll","Cloak And Dagger"],"picked":"Leg Sweep","floor":14}],"player_experience":174124,"relics_obtained":[{"floor":7,"key":"Molten Egg 2"},{"floor":9,"key":"Kunai"},{"floor":10,"key":"Snake Skull"},{"floor":11,"key":"Tough Bandages"}],"event_choices":[{"damage_healed":0,"gold_gain":0,"player_choice":"Entered Light","damage_taken":14,"max_hp_gain":0,"max_hp_loss":0,"event_name":"Shining Light","floor":4,"gold_loss":0,"cards_upgraded":["Dagger Spray","Neutralize"]},{"damage_healed":0,"gold_gain":75,"player_choice":"Gather Gold","damage_taken":11,"max_hp_gain":0,"max_hp_loss":0,"event_name":"World of Goop","floor":5,"gold_loss":0},{"damage_healed":0,"gold_gain":30,"player_choice":"Searched \u00273\u0027 times","damage_taken":0,"max_hp_gain":0,"max_hp_loss":0,"event_name":"Dead Adventurer","floor":11,"gold_loss":0}],"is_beta":false,"boss_relics":[],"items_purged_floors":[],"is_endless":false,"potions_floor_spawned":[3,8,12],"killed_by":"Slime Boss","ascension_level":7}}