{"host":"hfvpa4llnnjpeawn","time":1607819305,"event":{"mods":["2.2 Compatiblity","Act Like it!","BaseMod","Better Skull","Better Third Choice","BetterRewards","CapriCore","Conspire","Downfall","Elementarium","Hermit","Hubris","Koishi","Lobotomy","Mad Scientist","Minty Spire (QoL Compilation)","Replay The Spire","Shade Mod","Somnambulant","StSLib","The Bladedancer","The Factory","The Jungle","Waifu the Spire"],"gold_per_floor":[99,99,26,52,52,52,130,130,130,157,157,23,41,52,68,173,173,23,138,166,185,195,120,171,171,10,10,10,43,10,46,58,160,160,160,435,451,471,471],"floor_reached":38,"playtime":2873,"items_purged":[],"score":273,"play_id":"75bce628-0490-4ede-bec7-40646042f605","local_time":"20201212192825","is_ascension_mode":false,"campfire_choices":[{"floor":1.0,"key":"RECALL"},{"data":"Guardian:TwinSlam","floor":6,"key":"SMITH"},{"data":"Guardian:PiercingHide","floor":23,"key":"SMITH"},{"data":"Guardian:SpikerProtocol","floor":25,"key":"SMITH"},{"data":"Midas Touch","floor":27,"key":"SMITH"},{"floor":35,"key":"DIG"}],"circlet_count":0,"master_deck":["Guardian:Strike_Guardian","Guardian:Strike_Guardian","Guardian:Strike_Guardian","Guardian:Strike_Guardian","Guardian:Defend_Guardian","Guardian:Defend_Guardian","Guardian:Defend_Guardian","Guardian:Defend_Guardian","Guardian:CurlUp","Guardian:TwinSlam+1","Guardian:ChargeCore","Guardian:TimeBomb+1","Guardian:TemporalShield","Guardian:SpikerProtocol+1","Guardian:GuardianWhirl","Guardian:ChargeUp","Guardian:WalkerClaw","Guardian:SphericShield","Guardian:AncientConstruct","Guardian:PiercingHide+1","Guardian:Clone+1","Guardian:CrystalBeam+1","Midas Touch+1","Elementarium:GildedForm","Guardian:VentSteam","Guardian:BaubleBeam","Guardian:ShieldCharger","Guardian:TemporalStrike","Guardian:ConstructionForm","Regret"],"relics":["Guardian:ModeShifter","downfall:HeartsMalice","The Courier","Guardian:PickAxe","Mirror","PreservedInsect","Coffee Dripper","downfall:HeartBlessingRed","downfall:HeartBlessingBlue","hubris:ToyBattleship","Torii","downfall:HeartBlessingGreen","ReplayFunnel","hubris:HollowSoul","Replay:Arrowhead"],"acts_visited":["Exordium","Exordium","TheBeyond"],"potions_floor_usage":[20,20,20,20,20,22,26,31,32,37,38],"damage_taken":[{"damage":0.0,"enemies":"Jaw Worm","floor":2.0,"turns":1.0},{"damage":0,"enemies":"downfall:FleeingMerchant","floor":3,"turns":1},{"damage":20,"enemies":"Gremlin Nob","floor":4,"turns":5},{"damage":24,"enemies":"Lagavulin","floor":10,"turns":6},{"damage":4,"enemies":"downfall:FleeingMerchant","floor":12,"turns":4},{"damage":0,"enemies":"2 Louse","floor":13,"turns":1},{"damage":1,"enemies":"Cultist","floor":14,"turns":3},{"damage":4,"enemies":"Red Slaver","floor":15,"turns":4},{"damage":0,"enemies":"downfall:CharBossSilent","floor":16,"turns":1},{"damage":2,"enemies":"Elementarium:ElementalPortal","floor":20,"turns":5},{"damage":3,"enemies":"Elementarium:2_ELEMENTALS","floor":21,"turns":4},{"damage":1,"enemies":"Elementarium:VoidCorruption","floor":22,"turns":6},{"damage":1,"enemies":"downfall:FleeingMerchant","floor":26,"turns":4},{"damage":4,"enemies":"Elementarium:VoidBeast","floor":29,"turns":5},{"damage":0,"enemies":"downfall:FleeingMerchant","floor":30,"turns":4},{"damage":7,"enemies":"Elementarium:RubyGolem","floor":31,"turns":3},{"damage":0,"enemies":"Elementarium:CYCLONE_AND_ORB_OF_FIRE","floor":32,"turns":4},{"damage":0,"enemies":"downfall:CharBossDefect","floor":33,"turns":1},{"damage":11,"enemies":"3 Shapes","floor":37,"turns":2},{"damage":19,"enemies":"Nemesis","floor":38,"turns":4}],"seed_played":"1584879970055239082","potions_obtained":[{"floor":13,"key":"Fire Potion"},{"floor":14,"key":"Ancient Potion"},{"floor":16,"key":"PowerPotion"},{"floor":18,"key":"EntropicBrew"},{"floor":20,"key":"Guardian:DefensiveModePotion"},{"floor":31,"key":"sneckomod:MuddlingPotion"},{"floor":32,"key":"AttackPotion"},{"floor":33,"key":"sneckomod:MuddlingPotion"}],"is_trial":false,"path_per_floor":["R","M","$","E","?","R","T","?","?","E","?","$","M","M","M","B",null,"R","?","E","M","M","R","T","R","$","R","?","M","$","M","M","B",null,"R","?","M","E"],"character_chosen":"GUARDIAN","items_purchased":["Guardian:Gem_Crimson","PreservedInsect","Midas Touch","PowerPotion"],"campfire_rested":0,"item_purchase_floors":[3,12,26,30],"current_hp_per_floor":[80,80,80,60,60,60,60,60,60,36,36,32,32,31,27,27,80,90,59,57,54,53,53,53,53,52,52,52,48,48,41,41,41,80,80,80,69,0,0],"gold":471,"neow_bonus":"THREE_ENEMY_KILL","is_daily":false,"chose_seed":false,"campfire_upgraded":4,"win_rate":0.0,"timestamp":1607819305,"path_taken":["R","M","$","E","?","R","T","?","?","E","?","$","M","M","M","BOSS","R","?","E","M","?","R","T","R","$","R","?","M","$","M","M","BOSS","R","?","?","E"],"items_purchased_type":["Card","Relic","Card","Potion"],"build_version":"2020-11-30","purchased_purges":0,"victory":false,"max_hp_per_floor":[80,80,80,80,80,80,80,80,80,80,80,80,80,80,80,80,80,90,90,90,90,90,90,90,90,90,90,80,80,80,80,80,80,80,80,80,80,80,80],"card_choices":[{"not_picked":["Guardian:Gem_Cyan","Guardian:PolyBeam"],"picked":"Guardian:ChargeCore","floor":2.0},{"not_picked":["Guardian:StasisStrike","Guardian:PrimingBeam"],"picked":"Guardian:TimeBomb","floor":3},{"not_picked":["Guardian:PrimingBeam","Guardian:PolyBeam"],"picked":"Guardian:TemporalShield","floor":4},{"not_picked":["Guardian:Incinerate","Guardian:PrimingBeam"],"picked":"Guardian:SpikerProtocol","floor":10},{"not_picked":["Guardian:BronzeArmor","Guardian:Reroute"],"picked":"Guardian:GuardianWhirl","floor":12},{"not_picked":["Guardian:VentSteam","Guardian:Repulse"],"picked":"Guardian:ChargeUp","floor":13},{"not_picked":["Guardian:ShieldSpikes","Guardian:VentSteam"],"picked":"Guardian:WalkerClaw","floor":14},{"not_picked":["Guardian:VentSteam","Guardian:DecasProtection"],"picked":"Guardian:SphericShield","floor":15},{"not_picked":["Guardian:StasisField","Guardian:TimeSifter"],"picked":"Guardian:AncientConstruct","floor":16},{"not_picked":["Guardian:TimeCapacitor","Guardian:Gem_Purple"],"picked":"Guardian:Gem_White","floor":20},{"not_picked":["Guardian:Clone","Guardian:Reroute"],"picked":"Guardian:PiercingHide","floor":21},{"not_picked":["Guardian:FloatingOrbs","Guardian:DonusPower"],"picked":"Guardian:Clone+1","floor":22},{"not_picked":["Guardian:DecasProtection","Guardian:Gem_Crimson"],"picked":"Guardian:CrystalBeam+1","floor":26},{"not_picked":["Guardian:WalkerClaw","Guardian:PrimingBeam"],"picked":"Guardian:VentSteam","floor":29},{"not_picked":["Guardian:ChargeCore","Guardian:Gem_Purple"],"picked":"Guardian:BaubleBeam","floor":30},{"not_picked":["Guardian:WalkerClaw","Guardian:TemporalShield"],"picked":"Guardian:ShieldCharger","floor":31},{"not_picked":["Guardian:Clone","Guardian:WalkerClaw+1"],"picked":"Guardian:TemporalStrike","floor":32},{"not_picked":["Guardian:AncientConstruct","Guardian:BaubleBeam"],"picked":"Guardian:ConstructionForm","floor":33},{"not_picked":["Guardian:Harden+1","Guardian:Incinerate","Guardian:TimeBomb+1"],"picked":"SKIP","floor":37}],"player_experience":181146,"relics_obtained":[{"floor":4,"key":"The Courier"},{"floor":10,"key":"Mirror"},{"floor":20,"key":"Torii"},{"floor":24,"key":"ReplayFunnel"},{"floor":35,"key":"Replay:Arrowhead"}],"event_choices":[{"damage_healed":0,"gold_gain":0,"player_choice":"Disagree","damage_taken":0,"max_hp_gain":0,"max_hp_loss":0,"event_name":"conspire:LoneGhost","floor":5,"gold_loss":0},{"damage_healed":0,"gold_gain":115,"player_choice":"RE GO ","damage_taken":34,"relics_obtained":["hubris:ToyBattleship"],"max_hp_gain":0,"max_hp_loss":0,"event_name":"betterSkull:BetterSkull","floor":19,"gold_loss":0,"cards_upgraded":[]},{"damage_healed":0,"gold_gain":0,"player_choice":"Dive in","damage_taken":0,"max_hp_gain":0,"max_hp_loss":10,"event_name":"Elementarium:FountainOfGold","floor":28,"gold_loss":0,"cards_obtained":["Elementarium:GildedForm"]}],"is_beta":false,"boss_relics":[{"not_picked":["Replay:Wanted Poster","hubris:Stopwatch"],"picked":"Coffee Dripper"},{"not_picked":["Guardian:ModeShifterPlus","ChewingGum"],"picked":"hubris:HollowSoul"}],"items_purged_floors":[],"is_endless":false,"potions_floor_spawned":[13,14,16,20,31,32,33],"killed_by":"Nemesis","ascension_level":0}}