{"host":"p1xsuo25udtrkbq2","time":1607847451,"event":{"mods":["BaseMod","Colored Map","Minty Spire (QoL Compilation)","Rare Cards Sparkle","Relic Stats","Slay the Relics Exporter","StSLib","everything is the same but u backflip on backflip"],"gold_per_floor":[113,131,146,68,82,108,108,119,119,146,146,174,191,148,148,222,222,236,236,247,247,257,289,289,299,299,299,326,338,348,53,53,131,131],"floor_reached":33,"playtime":7130,"items_purged":["Strike_G"],"score":675,"play_id":"51f12b0c-3bcf-47a3-b9ca-9375eb75923f","local_time":"20201213031731","is_ascension_mode":true,"campfire_choices":[{"floor":7.0,"key":"REST"},{"floor":11.0,"key":"REST"},{"data":"Well Laid Plans","floor":15.0,"key":"SMITH"},{"data":"Noxious Fumes","floor":24.0,"key":"SMITH"},{"data":"Footwork","floor":27.0,"key":"SMITH"},{"data":"Adrenaline","floor":32.0,"key":"SMITH"}],"circlet_count":0,"master_deck":["AscendersBane","Strike_G","Strike_G","Strike_G","Defend_G","Defend_G","Defend_G","Defend_G","Defend_G","Survivor","Neutralize","Slice","Noxious Fumes+1","Poisoned Stab","Dash","Cloak And Dagger","Adrenaline","Well Laid Plans+1","Bane","Backflip","Deadly Poison","Adrenaline+1","Riddle With Holes+1","Footwork+1","Flechettes+1","PiercingWail","Doubt","Backstab","Calculated Gamble","Leg Sweep"],"relics":["Ring of the Snake","Bronze Scales","Gremlin Horn","The Courier","Bottled Tornado","Eternal Feather","Cursed Key","White Beast Statue","Kunai","Happy Flower","Omamori"],"acts_visited":[],"potions_floor_usage":[],"damage_taken":[{"damage":4.0,"enemies":"Small Slimes","floor":1.0,"turns":5.0},{"damage":1.0,"enemies":"2 Louse","floor":2.0,"turns":3.0},{"damage":7.0,"enemies":"Jaw Worm","floor":3.0,"turns":4.0},{"damage":5.0,"enemies":"Lots of Slimes","floor":5.0,"turns":4.0},{"damage":28.0,"enemies":"Gremlin Nob","floor":6.0,"turns":5.0},{"damage":0.0,"enemies":"Looter","floor":8.0,"turns":3.0},{"damage":25.0,"enemies":"Lagavulin","floor":10.0,"turns":7.0},{"damage":8.0,"enemies":"3 Sentries","floor":12.0,"turns":6.0},{"damage":8.0,"enemies":"3 Louse","floor":13.0,"turns":2.0},{"damage":6.0,"enemies":"Hexaghost","floor":16.0,"turns":8.0},{"damage":1.0,"enemies":"Shell Parasite","floor":18.0,"turns":4.0},{"damage":0.0,"enemies":"Spheric Guardian","floor":20.0,"turns":4.0},{"damage":5.0,"enemies":"Snecko","floor":22.0,"turns":5.0},{"damage":9.0,"enemies":"Book of Stabbing","floor":23.0,"turns":7.0},{"damage":2.0,"enemies":"Centurion and Healer","floor":25.0,"turns":6.0},{"damage":3.0,"enemies":"Gremlin Leader","floor":28.0,"turns":6.0},{"damage":3.0,"enemies":"Snake Plant","floor":29.0,"turns":4.0},{"damage":4.0,"enemies":"Snecko","floor":30.0,"turns":5.0},{"damage":8.0,"enemies":"Collector","floor":33.0,"turns":12.0}],"seed_played":"-7759411514076451754","potions_obtained":[{"floor":2.0,"key":"Swift Potion"},{"floor":5.0,"key":"SpeedPotion"},{"floor":12.0,"key":"Block Potion"},{"floor":20.0,"key":"Weak Potion"},{"floor":22.0,"key":"PowerPotion"},{"floor":25.0,"key":"Dexterity Potion"},{"floor":28.0,"key":"GhostInAJar"},{"floor":33,"key":"BlessingOfTheForge"}],"is_trial":false,"path_per_floor":["M","M","M","$","M","E","R","M","T","E","R","E","M","?","R","B",null,"M","?","M","?","M","E","R","M","T","R","E","M","M","$","R","B"],"character_chosen":"THE_SILENT","items_purchased":["Dash","Omamori","Calculated Gamble","Leg Sweep"],"campfire_rested":2,"item_purchase_floors":[4,31,31,31],"current_hp_per_floor":[59,58,51,51,46,18,39,39,39,14,35,27,19,19,31,25,59,58,45,45,45,40,31,46,44,44,59,56,53,49,49,67,59,59],"gold":131,"neow_bonus":"RANDOM_COMMON_RELIC","is_daily":false,"chose_seed":false,"campfire_upgraded":4,"win_rate":0.0,"timestamp":1607847451,"path_taken":["M","M","M","$","M","E","R","M","T","E","R","E","M","?","R","BOSS","M","?","M","?","M","E","R","?","T","R","E","M","M","$","R","BOSS","BOSS"],"items_purchased_type":["Card","Relic","Card","Card"],"build_version":"2020-11-30","purchased_purges":1,"victory":false,"max_hp_per_floor":[70,70,70,70,70,70,70,70,70,70,70,70,70,70,70,70,70,70,75,75,75,75,75,75,75,75,75,75,75,75,75,75,75,75],"relic_stats":{"Gremlin Horn":[12,12],"Happy Flower":[7],"counters":[19,100],"Bronze Scales":[299],"Eternal Feather":60,"Kunai":[11],"Cursed Key":1,"obtain_stats":[{"Gremlin Horn":6,"Happy Flower":28,"Bronze Scales":0,"Eternal Feather":12,"The Courier":9,"Omamori":31,"Kunai":26,"Bottled Tornado":10,"Cursed Key":17,"White Beast Statue":23,"Ring of the Snake":0},{"Gremlin Horn":5,"Happy Flower":16,"Bronze Scales":0,"Eternal Feather":8,"The Courier":6,"Omamori":18,"Kunai":15,"Bottled Tornado":7,"Cursed Key":10,"White Beast Statue":14,"Ring of the Snake":0},{"Gremlin Horn":21,"Happy Flower":79,"Bronze Scales":0,"Eternal Feather":37,"The Courier":24,"Omamori":88,"Kunai":73,"Bottled Tornado":31,"Cursed Key":47,"White Beast Statue":67,"Ring of the Snake":0}],"Ring of the Snake":[38]},"card_choices":[{"not_picked":["Acrobatics","Bane"],"picked":"Slice","floor":1.0},{"not_picked":["Dagger Spray","Slice"],"picked":"Noxious Fumes","floor":2.0},{"not_picked":["Bane","Blade Dance"],"picked":"Poisoned Stab","floor":3.0},{"not_picked":["Blade Dance","Dagger Throw"],"picked":"Cloak And Dagger","floor":5.0},{"not_picked":["Endless Agony","Prepared"],"picked":"Adrenaline","floor":6.0},{"not_picked":["Endless Agony","Dagger Throw"],"picked":"Well Laid Plans","floor":8.0},{"not_picked":["Dodge and Roll","Terror"],"picked":"Bane","floor":10.0},{"not_picked":["Escape Plan","Deadly Poison"],"picked":"Backflip","floor":12.0},{"not_picked":["Underhanded Strike","Deflect"],"picked":"Deadly Poison","floor":13.0},{"not_picked":["Storm of Steel","Unload"],"picked":"Adrenaline","floor":16.0},{"not_picked":["Prepared","Dash+1"],"picked":"Riddle With Holes+1","floor":18.0},{"not_picked":["Flying Knee","Riddle With Holes","Slice"],"picked":"SKIP","floor":20.0},{"not_picked":["Setup","Flying Knee+1"],"picked":"Footwork","floor":22.0},{"not_picked":["Unload","Eviscerate"],"picked":"Flechettes+1","floor":23.0},{"not_picked":["Masterful Stab","Choke"],"picked":"PiercingWail","floor":25.0},{"not_picked":["Slice","Sucker Punch","Expertise"],"picked":"SKIP","floor":28.0},{"not_picked":["Prepared","Dagger Spray","Heel Hook"],"picked":"SKIP","floor":29.0},{"not_picked":["Acrobatics","Flying Knee+1"],"picked":"Backstab","floor":30.0}],"player_experience":793171,"relics_obtained":[{"floor":6.0,"key":"Gremlin Horn"},{"floor":9.0,"key":"The Courier"},{"floor":10.0,"key":"Bottled Tornado"},{"floor":12.0,"key":"Eternal Feather"},{"floor":23.0,"key":"White Beast Statue"},{"floor":26.0,"key":"Kunai"},{"floor":28.0,"key":"Happy Flower"}],"event_choices":[{"damage_healed":0.0,"max_hp_gain":0.0,"max_hp_loss":0.0,"gold_gain":0.0,"event_name":"World of Goop","player_choice":"Left Gold","floor":14.0,"gold_loss":43.0,"damage_taken":0.0},{"damage_healed":0.0,"max_hp_gain":5.0,"max_hp_loss":0.0,"gold_gain":0.0,"event_name":"Forgotten Altar","player_choice":"Shed Blood","floor":19.0,"gold_loss":0.0,"damage_taken":18.0},{"cards_removed":["Strike_G"],"damage_healed":0.0,"max_hp_gain":0.0,"max_hp_loss":0.0,"gold_gain":0.0,"event_name":"Bonfire Elementals","player_choice":"Offered Basic","floor":21.0,"gold_loss":0.0,"damage_taken":0.0}],"is_beta":false,"boss_relics":[{"not_picked":["Astrolabe","Fusion Hammer"],"picked":"Cursed Key"}],"items_purged_floors":[31],"is_endless":false,"potions_floor_spawned":[2,5,12,13,20,22,25,28,29,30,33],"killed_by":"Collector","ascension_level":13}}