{"host":"x1qj4d8ympd5jdqh","time":1607850658,"event":{"mods":["AchievementEnabler","AlwaysNeverKeys","BaseMod","Colored Map","Custom Start","DeckTracker","Highlight Path","Minty Spire (QoL Compilation)","StSLib","SuperFastMode"],"gold_per_floor":[116,116,41,53,73,73,88,115,142,162,162,180,195,11,11,82,82,99,99,99],"floor_reached":19,"playtime":568,"items_purged":["Pain","Strike_G"],"score":342,"play_id":"ef6bbc70-e1fc-498f-8801-158f1de80a7f","local_time":"20201213181058","is_ascension_mode":true,"campfire_choices":[{"data":"Neutralize","floor":6,"key":"SMITH"},{"data":"Accuracy","floor":11,"key":"SMITH"},{"floor":15,"key":"REST"}],"circlet_count":0,"master_deck":["AscendersBane","Strike_G","Strike_G","Strike_G","Strike_G","Defend_G","Defend_G","Defend_G","Defend_G","Defend_G","Survivor","Neutralize+1","Blade Dance","Dagger Throw","Underhanded Strike","Accuracy+1","Concentrate","Infinite Blades","Adrenaline"],"relics":["Philosopher\u0027s Stone","WarpedTongs","Potion Belt","WristBlade"],"acts_visited":["Exordium","TheCity"],"potions_floor_usage":[8,16,16,16],"damage_taken":[{"damage":0,"enemies":"2 Louse","floor":1,"turns":5},{"damage":0,"enemies":"Cultist","floor":4,"turns":3},{"damage":0,"enemies":"Jaw Worm","floor":5,"turns":3},{"damage":0,"enemies":"2 Fungi Beasts","floor":7,"turns":3},{"damage":16,"enemies":"3 Sentries","floor":8,"turns":9},{"damage":2,"enemies":"Looter","floor":10,"turns":3},{"damage":13,"enemies":"Large Slime","floor":12,"turns":4},{"damage":5,"enemies":"3 Louse","floor":13,"turns":3},{"damage":11,"enemies":"Slime Boss","floor":16,"turns":7},{"damage":28,"enemies":"2 Thieves","floor":18,"turns":4},{"damage":0,"enemies":"3 Byrds","floor":19,"turns":2}],"seed_played":"-7625315386863795794","potions_obtained":[{"floor":1,"key":"Energy Potion"},{"floor":7,"key":"Block Potion"},{"floor":10,"key":"DistilledChaos"},{"floor":12,"key":"Strength Potion"},{"floor":13,"key":"AttackPotion"}],"is_trial":false,"path_per_floor":["M","?","$","M","M","R","M","E","T","M","R","M","M","$","R","B",null,"M","M"],"character_chosen":"THE_SILENT","items_purchased":["Infinite Blades"],"campfire_rested":1,"item_purchase_floors":[14],"current_hp_per_floor":[59,59,59,59,59,59,59,43,43,41,41,28,23,23,42,31,57,29,29,29],"gold":99,"neow_bonus":"BOSS_RELIC","is_daily":false,"chose_seed":false,"campfire_upgraded":2,"win_rate":0.0,"timestamp":1607850658,"path_taken":["M","?","?","M","M","R","M","E","T","M","R","?","M","$","R","BOSS","M","M"],"items_purchased_type":["Card"],"build_version":"2020-11-30","purchased_purges":2,"victory":false,"max_hp_per_floor":[66,66,66,66,66,66,66,66,66,66,66,66,66,66,66,66,66,66,66,66],"card_choices":[{"not_picked":["Flying Knee","Backflip"],"picked":"Blade Dance","floor":1},{"not_picked":["Deadly Poison","Caltrops","Setup"],"picked":"SKIP","floor":4},{"not_picked":["Footwork","Sucker Punch"],"picked":"Dagger Throw","floor":5},{"not_picked":["Dodge and Roll","Slice"],"picked":"Underhanded Strike","floor":7},{"not_picked":["Bane","Sucker Punch","Deflect"],"picked":"SKIP","floor":8},{"not_picked":["Well Laid Plans","Tactician"],"picked":"Accuracy","floor":10},{"not_picked":["Bane","Expertise"],"picked":"Concentrate","floor":12},{"not_picked":["Flying Knee","Concentrate","Storm of Steel"],"picked":"SKIP","floor":13},{"not_picked":["Unload","Tools of the Trade"],"picked":"Adrenaline","floor":16},{"not_picked":["Sucker Punch","Underhanded Strike","Deflect"],"picked":"SKIP","floor":18}],"player_experience":1208932,"relics_obtained":[{"floor":8,"key":"Potion Belt"}],"event_choices":[{"damage_healed":0,"gold_gain":0,"player_choice":"Rummage","damage_taken":0,"relics_obtained":["WarpedTongs"],"max_hp_gain":0,"max_hp_loss":0,"event_name":"Accursed Blacksmith","floor":2,"gold_loss":0,"cards_obtained":["Pain"]}],"is_beta":false,"boss_relics":[{"not_picked":["Runic Dome","HoveringKite"],"picked":"WristBlade"}],"items_purged_floors":[3,14],"is_endless":false,"potions_floor_spawned":[1,7,10,12,13],"killed_by":"3 Byrds","ascension_level":20}}