{"host":"tmiksjdllv4oe9un","time":1607838448,"event":{"mods":["Act Like it!","BaseMod","BetterRewards","Defuse TimeMaze Blight","Duelist Mod","Faster Ascension Climbing","GifTheSpireLib","Googly Eyes","Halation","Hallownest","Infinite Spire","Jedi Mod","Minty Spire (QoL Compilation)","Quick Restart","Replay The Spire","Shop Mod","StSLib"],"gold_per_floor":[135,60,60,78,78,104,104,136,136,136,155,167,197,210,210,210,210],"floor_reached":16,"playtime":519,"items_purged":["theDuelist:Sparks"],"score":310,"play_id":"22078660-2309-4299-9cc1-f3d5988a2218","local_time":"20201213004728","is_ascension_mode":true,"campfire_choices":[{"data":"theDuelist:Raigeki","floor":7,"key":"SMITH"},{"data":"theDuelist:BabyDragon","floor":10,"key":"SMITH"},{"floor":15,"key":"REST"}],"circlet_count":0,"master_deck":["AscendersBane","theDuelist:BabyDragon+1","theDuelist:CastleWalls","theDuelist:CastleWalls","theDuelist:CaveDragon","theDuelist:CaveDragon","theDuelist:LesserDragon","theDuelist:LesserDragon","theDuelist:Sparks","theDuelist:YamataDragon","Hallownest:curseDreamersLament","theDuelist:Raigeki+1"],"relics":["theDuelist:MillenniumPuzzle","theDuelist:CardPoolRelic","theDuelist:CardPoolBasicRelic","theDuelist:BoosterPackPoolRelic","theDuelist:CardPoolAddRelic","theDuelist:CardPoolMinusRelic","theDuelist:CardPoolSaveRelic","theDuelist:CardPoolOptionsRelic","Strange Spoon","Hallownest:TeacherSealRelic","jedi:purplefairy","Singing Bowl","theDuelist:MillenniumRod","halation:KoshaPiece","Chameleon Ring"],"acts_visited":["Hallownest:Greenpath"],"potions_floor_usage":[13,16],"damage_taken":[{"damage":1,"enemies":"Hallownest:2_Baldur","floor":1,"turns":3},{"damage":5,"enemies":"Hallownest:2_MossCreeps","floor":4,"turns":4},{"damage":14,"enemies":"Hallownest:eliteVengeflyKing","floor":6,"turns":6},{"damage":28,"enemies":"Hallownest:eliteCrystalGuardian","floor":8,"turns":6},{"damage":1,"enemies":"Hallownest:monsterHuskWarrior","floor":11,"turns":3},{"damage":8,"enemies":"Hallownest:MossCreep_and_Mosskin","floor":12,"turns":4},{"damage":8,"enemies":"Hallownest:eliteMossKnight","floor":13,"turns":7},{"damage":1,"enemies":"Hallownest:monsterAspidMother","floor":14,"turns":3},{"damage":42,"enemies":"Hallownest:BossHornet","floor":16,"turns":7}],"seed_played":"-7038559185739800674","potions_obtained":[{"floor":1,"key":"SneckoOil"},{"floor":11,"key":"Fire Potion"},{"floor":13,"key":"theDuelist:SolderPotionB"}],"is_trial":false,"path_per_floor":["M","$","?","M","T","E","R","E","T","R","M","M","E","M","R","B"],"character_chosen":"THE_DUELIST","items_purchased":["Strange Spoon"],"campfire_rested":1,"item_purchase_floors":[0],"current_hp_per_floor":[57,57,57,52,52,40,41,15,15,25,26,20,14,15,39,0,0],"gold":210,"neow_bonus":"","is_daily":false,"chose_seed":false,"campfire_upgraded":2,"win_rate":0.0,"timestamp":1607838448,"path_taken":["M","?","?","M","?","E","R","E","T","R","?","M","E","M","R","BOSS"],"items_purchased_type":["Relic"],"build_version":"2020-11-30","purchased_purges":1,"victory":false,"max_hp_per_floor":[70,70,70,70,70,72,72,74,74,74,76,78,80,82,82,82,82],"card_choices":[{"not_picked":["theDuelist:BlueEyes","theDuelist:AtomicScrapDragon","theDuelist:CyberEltanin","theDuelist:BackgroundDragon","theDuelist:VoidOgreDragon"],"picked":"SKIP","floor":1},{"not_picked":["theDuelist:Hinotama","theDuelist:LightningDarts","theDuelist:RainbowOverdragon","theDuelist:BattleguardKing"],"picked":"theDuelist:Raigeki","floor":4},{"not_picked":["theDuelist:YamataDragon","theDuelist:RedRisingDragon","theDuelist:SnowDragon","theDuelist:BabyDragon","theDuelist:ArmedDragon3"],"picked":"Singing Bowl","floor":6},{"not_picked":["theDuelist:MadSwordBeast","theDuelist:Hydrogeddon","theDuelist:GiantRex","theDuelist:DarkDriceratops","theDuelist:BlackPtera"],"picked":"Singing Bowl","floor":8},{"not_picked":["theDuelist:RainbowOverdragon","theDuelist:PotGreed","theDuelist:LabyrinthWall","theDuelist:Hinotama","theDuelist:GoldenApples"],"picked":"Singing Bowl","floor":11},{"not_picked":["theDuelist:MirageDragon","theDuelist:MaskedDragon","theDuelist:MadSwordBeast","theDuelist:BlackPtera","theDuelist:Kabazauls"],"picked":"Singing Bowl","floor":12},{"not_picked":["theDuelist:Pyrorex","theDuelist:MaskedDragon","theDuelist:DarkDriceratops","theDuelist:CurseDragon","theDuelist:SnowdustDragon"],"picked":"Singing Bowl","floor":13},{"not_picked":["theDuelist:DragonMirror","theDuelist:FangCritias","theDuelist:EyeTimaeus","theDuelist:DefenseZone","theDuelist:FluteSummoning"],"picked":"Singing Bowl","floor":14}],"player_experience":17650,"relics_obtained":[{"floor":5,"key":"jedi:purplefairy"},{"floor":6,"key":"Singing Bowl"},{"floor":8,"key":"theDuelist:MillenniumRod"},{"floor":9,"key":"halation:KoshaPiece"},{"floor":13,"key":"Chameleon Ring"}],"event_choices":[],"is_beta":false,"boss_relics":[],"items_purged_floors":[2],"is_endless":false,"potions_floor_spawned":[1,11,13],"killed_by":"Hallownest:BossHornet","ascension_level":20}}