{"host":"tmiksjdllv4oe9un","time":1607818696,"event":{"mods":["Act Like it!","BaseMod","BetterRewards","Card Forge","Duelist Mod","GifTheSpireLib","Googly Eyes","Hallownest","Minty Spire (QoL Compilation)","Quick Restart","Replay The Spire","StSLib"],"gold_per_floor":[142,142,162,11,21,49,102,102,102],"floor_reached":8,"playtime":341,"items_purged":[],"score":56,"play_id":"67ec6a5a-c75f-474c-9c30-2ee089dca7fa","local_time":"20201212191816","is_ascension_mode":false,"campfire_choices":[],"circlet_count":0,"master_deck":["theDuelist:BabyDragon","theDuelist:CastleWalls","theDuelist:CastleWalls","theDuelist:CaveDragon","theDuelist:CaveDragon","theDuelist:LesserDragon","theDuelist:LesserDragon","theDuelist:YamataDragon","theDuelist:YamataDragon","theDuelist:WingedDragonRa"],"relics":["theDuelist:MillenniumPuzzle","theDuelist:CardPoolRelic","theDuelist:CardPoolBasicRelic","theDuelist:BoosterPackPoolRelic","theDuelist:CardPoolAddRelic","theDuelist:CardPoolMinusRelic","theDuelist:CardPoolSaveRelic","theDuelist:CardPoolOptionsRelic","Hammer of Thor","Seething Fire","Anvil of the Gods","NeowsBlessing","Hallownest:DreamNailRelic","theDuelist:Spellheart","Darkstone Periapt","CaptainsWheel","Replay:Byrd Feeder","WingedGreaves"],"acts_visited":["Hallownest:Greenpath"],"potions_floor_usage":[7],"damage_taken":[{"damage":0,"enemies":"Hallownest:2_MossCreeps","floor":1,"turns":1},{"damage":0,"enemies":"Hallownest:2_Baldur","floor":3,"turns":1},{"damage":0,"enemies":"2_ Uuma","floor":5,"turns":1},{"damage":15,"enemies":"Hallownest:eliteVengeflyKing","floor":6,"turns":6},{"damage":62,"enemies":"Hallownest:eliteVengeflyKing","floor":7,"turns":16},{"damage":18,"enemies":"Hallownest:eliteMossKnight","floor":8,"turns":7}],"seed_played":"8951405977520812012","potions_obtained":[{"floor":6,"key":"theDuelist:TokenPotionB"}],"is_trial":false,"path_per_floor":["M","?","M","$","M","E","?","E"],"character_chosen":"THE_DUELIST","items_purchased":["theDuelist:Spellheart"],"campfire_rested":0,"item_purchase_floors":[4],"current_hp_per_floor":[80,80,80,88,88,73,11,0,0],"gold":102,"neow_bonus":"THREE_ENEMY_KILL","is_daily":false,"chose_seed":false,"campfire_upgraded":0,"win_rate":0.0,"timestamp":1607818696,"path_taken":["M","?","?","?","M","E","?","E"],"items_purchased_type":["Relic"],"build_version":"2020-11-30","purchased_purges":0,"victory":false,"max_hp_per_floor":[80,80,80,88,88,88,88,88,88],"card_choices":[{"not_picked":["theDuelist:GiantRex","theDuelist:AtomicScrapDragon","theDuelist:AncientPixieDragon","theDuelist:AncientDragon","theDuelist:BarrelDragon"],"picked":"SKIP","floor":1},{"not_picked":["theDuelist:BlackStego","theDuelist:SafeZone","theDuelist:TwinHeadedFire","theDuelist:AutorokketDragon"],"picked":"theDuelist:YamataDragon","floor":3},{"not_picked":["theDuelist:MadFlameKaiju","theDuelist:DarkDriceratops","theDuelist:Beatraptor","theDuelist:Babycerasaurus","theDuelist:Anthrosaurus"],"picked":"SKIP","floor":5},{"not_picked":["theDuelist:BlizzardDragon","theDuelist:BlackTyranno","theDuelist:StardustDragon","theDuelist:ChimeratechOverdragon"],"picked":"theDuelist:WingedDragonRa","floor":6}],"player_experience":11122,"relics_obtained":[{"floor":6,"key":"Darkstone Periapt"},{"floor":7,"key":"CaptainsWheel"},{"floor":7,"key":"Replay:Byrd Feeder"},{"floor":7,"key":"WingedGreaves"}],"event_choices":[{"damage_healed":0,"gold_gain":0,"player_choice":"Fight","duelist":true,"damage_taken":0,"max_hp_gain":0,"max_hp_loss":0,"event_name":"Battle City","floor":7,"gold_loss":0}],"is_beta":false,"boss_relics":[],"items_purged_floors":[],"is_endless":false,"potions_floor_spawned":[6],"killed_by":"Hallownest:eliteMossKnight","ascension_level":0}}