{"host":"ilxricga2547gmyy","time":1607898390,"event":{"mods":["AchievementEnabler","BaseMod","Minty Spire (QoL Compilation)","Quick Restart","StSLib"],"gold_per_floor":[115,115,115,115,133,133,164,164,164,184,217,231,295,338,338,469,469,483,498,498,518,518,518,518,518],"floor_reached":24,"playtime":863,"items_purged":[],"score":300,"play_id":"81a4131a-74f7-4392-a46c-e500479f7172","local_time":"20201213232630","is_ascension_mode":true,"campfire_choices":[{"floor":6,"key":"REST"},{"floor":8,"key":"REST"},{"floor":15,"key":"REST"},{"floor":23,"key":"REST"}],"circlet_count":0,"master_deck":["Strike_R","Strike_R+1","Strike_R+1","Strike_R","Strike_R","Defend_R","Defend_R","Defend_R","Defend_R","Bash","Combust","Warcry","Pommel Strike","Clash","Limit Break","Corruption","Rage","Clothesline+1","Warcry"],"relics":["SlaversCollar","FossilizedHelix","Golden Idol","Whetstone","Art of War","Blood Vial","Self Forming Clay","Cursed Key"],"acts_visited":["Exordium","TheCity"],"potions_floor_usage":[21,24,24],"damage_taken":[{"damage":12,"enemies":"Small Slimes","floor":1,"turns":4},{"damage":10,"enemies":"2 Louse","floor":5,"turns":3},{"damage":23,"enemies":"Lagavulin","floor":7,"turns":5},{"damage":0,"enemies":"Jaw Worm","floor":10,"turns":2},{"damage":14,"enemies":"Gremlin Nob","floor":11,"turns":3},{"damage":24,"enemies":"3 Louse","floor":12,"turns":3},{"damage":27,"enemies":"Lagavulin","floor":14,"turns":4},{"damage":19,"enemies":"Slime Boss","floor":16,"turns":9},{"damage":27,"enemies":"3 Byrds","floor":18,"turns":6},{"damage":10,"enemies":"Chosen","floor":19,"turns":4},{"damage":31,"enemies":"Shelled Parasite and Fungi","floor":21,"turns":5},{"damage":39,"enemies":"Snecko","floor":24,"turns":6}],"seed_played":"-8755378381229302789","potions_obtained":[{"floor":1,"key":"BloodPotion"},{"floor":5,"key":"ElixirPotion"},{"floor":18,"key":"Fire Potion"},{"floor":21,"key":"Weak Potion"}],"is_trial":false,"path_per_floor":["M","?","?","?","M","R","E","R","T","M","E","M","?","E","R","B",null,"M","M","?","M","?","R","M"],"character_chosen":"IRONCLAD","items_purchased":[],"campfire_rested":4,"item_purchase_floors":[],"current_hp_per_floor":[60,65,53,53,43,66,43,66,66,66,52,30,30,5,28,11,62,37,29,29,15,3,26,0,0],"gold":518,"neow_bonus":"BOSS_RELIC","is_daily":false,"chose_seed":false,"campfire_upgraded":0,"win_rate":0.0,"timestamp":1607898390,"path_taken":["M","?","?","?","M","R","E","R","T","?","E","M","?","E","R","BOSS","M","M","?","M","?","R","M"],"items_purchased_type":[],"build_version":"2020-11-30","purchased_purges":0,"victory":false,"max_hp_per_floor":[80,85,85,79,79,79,79,79,79,79,79,79,79,79,79,79,79,79,79,79,79,79,79,79,79],"card_choices":[{"not_picked":["Rampage","Sword Boomerang"],"picked":"Combust","floor":1},{"not_picked":["Body Slam","Carnage"],"picked":"Warcry","floor":5},{"not_picked":["Entrench","Sword Boomerang"],"picked":"Pommel Strike","floor":7},{"not_picked":["Wild Strike","Inflame"],"picked":"Clash","floor":10},{"not_picked":["Juggernaut","Demon Form","Rampage"],"picked":"SKIP","floor":11},{"not_picked":["Perfected Strike","Armaments","Anger"],"picked":"SKIP","floor":12},{"not_picked":["Perfected Strike","Clothesline"],"picked":"Limit Break","floor":14},{"not_picked":["Offering","Impervious"],"picked":"Corruption","floor":16},{"not_picked":["Entrench","Flex"],"picked":"Rage","floor":18},{"not_picked":["Whirlwind","Twin Strike"],"picked":"Clothesline+1","floor":19},{"not_picked":["Hemokinesis","Clothesline"],"picked":"Warcry","floor":21}],"player_experience":217403,"relics_obtained":[{"floor":7,"key":"Whetstone"},{"floor":9,"key":"Art of War"},{"floor":11,"key":"Blood Vial"},{"floor":14,"key":"Self Forming Clay"}],"event_choices":[{"damage_healed":0,"gold_gain":0,"player_choice":"Donut","damage_taken":0,"max_hp_gain":5,"max_hp_loss":0,"event_name":"Big Fish","floor":2,"gold_loss":0},{"damage_healed":0,"gold_gain":0,"player_choice":"Success","damage_taken":12,"relics_obtained":["FossilizedHelix"],"max_hp_gain":0,"max_hp_loss":0,"event_name":"Scrap Ooze","floor":3,"gold_loss":0},{"damage_healed":0,"gold_gain":0,"player_choice":"Lose Max HP","damage_taken":0,"relics_obtained":["Golden Idol"],"max_hp_gain":0,"max_hp_loss":6,"event_name":"Golden Idol","floor":4,"gold_loss":0},{"damage_healed":0,"gold_gain":64,"player_choice":"Gained Gold","damage_taken":0,"max_hp_gain":0,"max_hp_loss":0,"event_name":"Golden Wing","floor":13,"gold_loss":0},{"damage_healed":0,"gold_gain":0,"player_choice":"Ignored","damage_taken":0,"max_hp_gain":0,"max_hp_loss":0,"event_name":"The Mausoleum","floor":20,"gold_loss":0},{"damage_healed":0,"gold_gain":0,"player_choice":"POTION ","damage_taken":12,"max_hp_gain":0,"max_hp_loss":0,"event_name":"Knowing Skull","floor":22,"potions_obtained":["LiquidMemories"],"gold_loss":0,"cards_obtained":[]}],"is_beta":false,"boss_relics":[{"not_picked":["Runic Cube","Runic Dome"],"picked":"Cursed Key"}],"items_purged_floors":[],"is_endless":false,"potions_floor_spawned":[1,5,18,21],"killed_by":"Snecko","ascension_level":8}}