{"host":"51f0ad793vly1w6u","time":1607872658,"event":{"mods":["BaseMod","Colored Map","DeckTracker","Minty Spire (QoL Compilation)","StSLib","SuperFastMode"],"gold_per_floor":[118,118,42,60,60,93,103,103,103,103,120,130,130,55,55,131,131,107,122,172,183,198,198,69,69,117,117,117,117,117,209,209,220,220,240,259,305,305,305,305,319,319,319],"floor_reached":42,"playtime":913,"items_purged":["Strike_G"],"score":856,"play_id":"6992c632-1107-4991-b998-5ba973375804","local_time":"20201214001738","is_ascension_mode":true,"campfire_choices":[{"floor":8.0,"key":"REST"},{"data":"Crippling Poison","floor":10.0,"key":"SMITH"},{"data":"Crippling Poison","floor":13.0,"key":"SMITH"},{"data":"Noxious Fumes","floor":15.0,"key":"SMITH"},{"data":"Prepared","floor":23.0,"key":"SMITH"},{"data":"Deadly Poison","floor":25.0,"key":"SMITH"},{"floor":27.0,"key":"REST"},{"data":"After Image","floor":29.0,"key":"SMITH"},{"data":"Blur","floor":32.0,"key":"SMITH"}],"circlet_count":0,"master_deck":["AscendersBane","Defend_G","Defend_G+1","Survivor","Neutralize+1","Noxious Fumes+1","Escape Plan","Crippling Poison+1","Acrobatics","Crippling Poison+1","PiercingWail","After Image+1","Blur+1","Prepared+1","Deadly Poison+1","Corpse Explosion","Escape Plan+1","Calculated Gamble+1","Dagger Throw+1","Adrenaline","Finesse","Finesse","Blade Dance+1"],"relics":["Ring of the Serpent","Ninja Scroll","Tiny Chest","Nloth\u0027s Gift","Pear","Astrolabe","Prayer Wheel"],"acts_visited":["Exordium","TheCity","TheBeyond"],"potions_floor_usage":[40],"damage_taken":[{"damage":2.0,"enemies":"Jaw Worm","floor":1.0,"turns":5.0},{"damage":9.0,"enemies":"Small Slimes","floor":4.0,"turns":4.0},{"damage":18.0,"enemies":"3 Sentries","floor":6.0,"turns":7.0},{"damage":3.0,"enemies":"2 Louse","floor":7.0,"turns":2.0},{"damage":0.0,"enemies":"Red Slaver","floor":11.0,"turns":2.0},{"damage":0.0,"enemies":"Looter","floor":12.0,"turns":3.0},{"damage":8.0,"enemies":"The Guardian","floor":16.0,"turns":10.0},{"damage":12.0,"enemies":"2 Thieves","floor":18.0,"turns":4.0},{"damage":4.0,"enemies":"3 Byrds","floor":19.0,"turns":5.0},{"damage":5.0,"enemies":"3 Cultists","floor":21.0,"turns":4.0},{"damage":11.0,"enemies":"Cultist and Chosen","floor":22.0,"turns":8.0},{"damage":10.0,"enemies":"Sentry and Sphere","floor":31.0,"turns":4.0},{"damage":15.0,"enemies":"Automaton","floor":33.0,"turns":9.0},{"damage":0.0,"enemies":"Orb Walker","floor":35.0,"turns":4.0},{"damage":2.0,"enemies":"3 Shapes","floor":36.0,"turns":3.0},{"damage":10.0,"enemies":"2 Orb Walkers","floor":37.0,"turns":3.0},{"damage":0,"enemies":"Giant Head","floor":40,"turns":1},{"damage":20,"enemies":"Jaw Worm Horde","floor":41,"turns":3},{"damage":25,"enemies":"Reptomancer","floor":42,"turns":4}],"seed_played":"-2647082291169407510","potions_obtained":[{"floor":1.0,"key":"Explosive Potion"},{"floor":11.0,"key":"FearPotion"},{"floor":12.0,"key":"Weak Potion"},{"floor":18.0,"key":"Explosive Potion"},{"floor":19.0,"key":"Block Potion"},{"floor":22.0,"key":"EntropicBrew"},{"floor":35.0,"key":"ColorlessPotion"}],"is_trial":false,"path_per_floor":["M","?","$","M","?","E","M","R","T","R","M","M","R","?","R","B",null,"M","M","?","M","M","R","$","R","T","R","?","R","?","M","R","B",null,"M","M","?","?","?","E","M","E"],"character_chosen":"THE_SILENT","items_purchased":["Noxious Fumes","Deadly Poison"],"campfire_rested":2,"item_purchase_floors":[3,24],"current_hp_per_floor":[57,62,62,53,33,15,12,31,31,31,31,31,31,31,31,23,55,43,39,39,34,23,23,23,23,23,42,42,42,42,42,42,27,63,63,61,51,51,41,41,21,0,0],"gold":319,"neow_bonus":"REMOVE_TWO","is_daily":false,"chose_seed":false,"campfire_upgraded":7,"win_rate":0.0,"timestamp":1607872658,"path_taken":["M","?","$","M","?","E","M","R","T","R","M","M","R","?","R","BOSS","M","M","?","?","M","R","$","R","T","R","?","R","?","?","R","BOSS","M","M","?","?","?","E","M","E"],"items_purchased_type":["Card","Card"],"build_version":"2020-11-30","purchased_purges":1,"victory":false,"max_hp_per_floor":[60,65,65,65,65,65,65,65,65,65,65,65,65,65,65,65,65,65,65,65,65,65,65,65,65,65,65,65,65,65,75,75,75,75,75,75,75,75,75,75,75,75,75],"card_choices":[{"not_picked":["Setup","Backstab"],"picked":"Dagger Throw","floor":1.0},{"not_picked":["Masterful Stab","Sucker Punch"],"picked":"Escape Plan","floor":4.0},{"not_picked":["All Out Attack","Terror"],"picked":"Crippling Poison","floor":6.0},{"not_picked":["Flechettes","Quick Slash"],"picked":"Acrobatics","floor":7.0},{"not_picked":["Sucker Punch","Bane"],"picked":"Crippling Poison","floor":11.0},{"not_picked":["Masterful Stab","Flying Knee"],"picked":"PiercingWail","floor":12.0},{"not_picked":["Doppelganger","Envenom"],"picked":"After Image","floor":16.0},{"not_picked":["Finisher","Dagger Throw","Flechettes"],"picked":"SKIP","floor":18.0},{"not_picked":["Finisher","Dagger Throw","Flechettes"],"picked":"SKIP","floor":18.0},{"not_picked":["Flying Knee","Acrobatics"],"picked":"Blur","floor":19.0},{"not_picked":["Dagger Spray","Riddle With Holes"],"picked":"Prepared","floor":21.0},{"not_picked":["Infinite Blades","Dodge and Roll","Distraction"],"picked":"SKIP","floor":22.0},{"not_picked":["Adrenaline","Malaise"],"picked":"Corpse Explosion","floor":33.0},{"not_picked":["Prepared","Blur","Sucker Punch"],"picked":"SKIP","floor":35.0},{"not_picked":["Dagger Spray","Bane"],"picked":"Adrenaline","floor":36.0},{"not_picked":["Panacea","Apotheosis"],"picked":"Finesse","floor":39.0},{"not_picked":["Mayhem","HandOfGreed"],"picked":"Finesse","floor":39.0},{"not_picked":["Prepared","Bullet Time"],"picked":"Blade Dance+1","floor":41},{"not_picked":["Dodge and Roll","PiercingWail","Masterful Stab"],"picked":"SKIP","floor":41}],"player_experience":1363470,"relics_obtained":[{"floor":6.0,"key":"Ninja Scroll"},{"floor":9.0,"key":"Whetstone"},{"floor":26.0,"key":"Tiny Chest"},{"floor":31.0,"key":"Pear"},{"floor":37.0,"key":"Prayer Wheel"}],"event_choices":[{"damage_healed":0.0,"max_hp_gain":5.0,"max_hp_loss":0.0,"gold_gain":0.0,"event_name":"Big Fish","player_choice":"Donut","floor":2.0,"gold_loss":0.0,"damage_taken":0.0},{"damage_healed":0.0,"max_hp_gain":0.0,"max_hp_loss":0.0,"gold_gain":0.0,"event_name":"Shining Light","player_choice":"Entered Light","floor":5.0,"gold_loss":0.0,"damage_taken":20.0,"cards_upgraded":["Strike_G","Defend_G"]},{"cards_removed":["Strike_G"],"damage_healed":0.0,"max_hp_gain":0.0,"max_hp_loss":0.0,"gold_gain":0.0,"event_name":"The Cleric","player_choice":"Card Removal","floor":14.0,"gold_loss":75.0,"damage_taken":0.0},{"damage_healed":0.0,"max_hp_gain":0.0,"max_hp_loss":0.0,"gold_gain":50.0,"event_name":"Golden Shrine","player_choice":"Pray","floor":20.0,"gold_loss":0.0,"damage_taken":0.0},{"cards_removed":["Strike_G"],"damage_healed":0.0,"max_hp_gain":0.0,"max_hp_loss":0.0,"gold_gain":0.0,"event_name":"Back to Basics","player_choice":"Elegance","floor":28.0,"gold_loss":0.0,"damage_taken":0.0},{"damage_healed":0.0,"max_hp_gain":0.0,"max_hp_loss":0.0,"gold_gain":0.0,"event_name":"N\u0027loth","player_choice":"Traded Relic","floor":30.0,"relics_lost":["Whetstone"],"gold_loss":0.0,"damage_taken":0.0,"relics_obtained":["Nloth\u0027s Gift"]},{"damage_healed":0.0,"max_hp_gain":0.0,"max_hp_loss":0.0,"gold_gain":0.0,"event_name":"Mysterious Sphere","player_choice":"Fight","floor":37.0,"gold_loss":0.0,"damage_taken":0.0},{"cards_removed":["Dagger Throw"],"damage_healed":0.0,"max_hp_gain":0.0,"max_hp_loss":0.0,"gold_gain":0.0,"event_name":"Falling","player_choice":"Removed Attack","floor":38.0,"gold_loss":0.0,"damage_taken":0.0},{"damage_healed":0.0,"max_hp_gain":0.0,"max_hp_loss":0.0,"gold_gain":0.0,"event_name":"SensoryStone","player_choice":"Memory 3","floor":39.0,"gold_loss":0.0,"damage_taken":10.0}],"is_beta":false,"boss_relics":[{"not_picked":["Snecko Eye","Sozu"],"picked":"Ring of the Serpent"},{"not_picked":["Black Star","Cursed Key"],"picked":"Astrolabe"}],"items_purged_floors":[24],"is_endless":false,"potions_floor_spawned":[1,11,12,18,19,22,35,40],"killed_by":"Reptomancer","ascension_level":20}}