{"host":"cqsz3xitorlhbrhq","time":1607902707,"event":{"mods":["AchievementEnabler","BaseMod","Bestiary","Block Reminder","Minty Spire (QoL Compilation)","Relic Stats","egg"],"gold_per_floor":[117,130,130,32,43,43,72,72,72,105,121,121,133,150,150,249,249,269,279,204,219,235,261,261,296,296,296,313,313,3,33,33,129,129,149,163,1162,1162,784,784,816,816,816,816,816,6,41,57,57,57],"floor_reached":51,"playtime":4153,"items_purged":["Strike_R","Strike_R","Normality","Strike_R"],"score":884,"play_id":"be43e2d7-8206-46b9-be26-b4ef2fcd871d","local_time":"20201213183827","is_ascension_mode":true,"campfire_choices":[{"data":"Armaments","floor":6,"key":"SMITH"},{"data":"Disarm","floor":12,"key":"SMITH"},{"data":"Bash","floor":15,"key":"SMITH"},{"data":"Flame Barrier","floor":24,"key":"SMITH"},{"data":"Seeing Red","floor":27,"key":"SMITH"},{"data":"Seeing Red","floor":29,"key":"SMITH"},{"floor":32,"key":"REST"},{"data":"Demon Form","floor":40,"key":"SMITH"},{"data":"Clothesline","floor":42,"key":"SMITH"},{"data":"Double Tap","floor":49,"key":"SMITH"}],"circlet_count":0,"master_deck":["Strike_R","Defend_R","Defend_R","Defend_R","Defend_R","Bash+1","Clothesline+1","Cleave","Armaments+1","Disarm+1","Seeing Red+1","Demon Form+1","Flame Barrier+1","Seeing Red+1","Heavy Blade","Double Tap+1","Sword Boomerang+1","Reaper","Shrug It Off","Impervious","Disarm+1","Clothesline+1","Flame Barrier"],"relics":["Burning Blood","NeowsBlessing","InkBottle","Centennial Puzzle","Orichalcum","Runic Pyramid","Potion Belt","Strawberry","Boot","Kunai","Snecko Eye","Bottled Lightning","Bronze Scales","Ice Cream","Spirit Poop","Happy Flower","Unceasing Top","Pantograph"],"acts_visited":["Exordium","TheCity","TheBeyond"],"potions_floor_usage":[10,19,23,31,33,36,47,50,50,50,50],"damage_taken":[{"damage":0,"enemies":"Jaw Worm","floor":1,"turns":1},{"damage":0,"enemies":"Cultist","floor":2,"turns":1},{"damage":0,"enemies":"Small Slimes","floor":5,"turns":2},{"damage":15,"enemies":"Gremlin Nob","floor":7,"turns":4},{"damage":12,"enemies":"3 Sentries","floor":10,"turns":11},{"damage":5,"enemies":"Exordium Wildlife","floor":11,"turns":5},{"damage":19,"enemies":"Exordium Thugs","floor":13,"turns":8},{"damage":6,"enemies":"Large Slime","floor":14,"turns":8},{"damage":6,"enemies":"Hexaghost","floor":16,"turns":11},{"damage":0,"enemies":"Chosen","floor":18,"turns":5},{"damage":11,"enemies":"2 Thieves","floor":19,"turns":4},{"damage":4,"enemies":"Chosen and Byrds","floor":21,"turns":9},{"damage":5,"enemies":"Cultist and Chosen","floor":22,"turns":7},{"damage":21,"enemies":"Book of Stabbing","floor":23,"turns":9},{"damage":13,"enemies":"Gremlin Leader","floor":25,"turns":5},{"damage":2,"enemies":"Snecko","floor":28,"turns":4},{"damage":45,"enemies":"Slavers","floor":31,"turns":8},{"damage":35,"enemies":"Collector","floor":33,"turns":10},{"damage":0,"enemies":"Orb Walker","floor":35,"turns":4},{"damage":59,"enemies":"3 Darklings","floor":36,"turns":12},{"damage":18,"enemies":"Nemesis","floor":41,"turns":5},{"damage":76,"enemies":"Reptomancer","floor":47,"turns":8},{"damage":9,"enemies":"Writhing Mass","floor":48,"turns":6},{"damage":64,"enemies":"Awakened One","floor":50,"turns":15}],"seed_played":"4604694246787074518","potions_obtained":[{"floor":2,"key":"Regen Potion"},{"floor":3,"key":"SpeedPotion"},{"floor":3,"key":"HeartOfIron"},{"floor":10,"key":"Energy Potion"},{"floor":13,"key":"Block Potion"},{"floor":19,"key":"LiquidMemories"},{"floor":23,"key":"CultistPotion"},{"floor":28,"key":"BlessingOfTheForge"},{"floor":31,"key":"SkillPotion"},{"floor":33,"key":"FearPotion"},{"floor":35,"key":"EssenceOfSteel"},{"floor":41,"key":"FairyPotion"},{"floor":47,"key":"Regen Potion"}],"is_trial":false,"path_per_floor":["M","M","?","$","M","R","E","?","T","E","M","R","M","M","R","B",null,"M","M","?","M","M","E","R","E","T","R","M","R","$","E","R","B",null,"M","M","?","?","$","R","E","R","T","?","?","$","E","M","R","B",null],"character_chosen":"IRONCLAD","items_purchased":["Armaments","Reaper","Shrug It Off","Bottled Lightning","ElixirPotion","Happy Flower","Flame Barrier","Dexterity Potion","Unceasing Top"],"campfire_rested":1,"item_purchase_floors":[4,30,30,39,46,46,46,46,46],"current_hp_per_floor":[80,80,80,80,80,80,71,71,71,65,66,66,53,53,53,53,80,80,75,75,77,78,63,63,63,63,63,67,67,67,58,84,87,87,87,87,87,87,87,87,75,75,75,65,65,65,67,87,87,87],"gold":57,"neow_bonus":"THREE_ENEMY_KILL","is_daily":false,"chose_seed":false,"campfire_upgraded":9,"win_rate":0.0,"timestamp":1607902707,"path_taken":["M","M","?","$","?","R","E","?","T","E","M","R","M","M","R","BOSS","M","M","?","M","M","E","R","E","T","R","M","R","$","E","R","BOSS","M","M","?","?","$","R","E","R","T","?","?","$","E","M","R","BOSS"],"items_purchased_type":["Card","Card","Card","Relic","Potion","Relic","Card","Potion","Relic"],"build_version":"2020-11-30","purchased_purges":4,"victory":true,"max_hp_per_floor":[80,80,80,80,80,80,80,80,80,80,80,80,80,80,80,80,80,80,80,80,80,80,80,80,87,87,87,87,87,87,87,87,87,87,87,87,87,87,87,87,87,87,87,87,87,87,87,87,87,87],"relic_stats":{"Happy Flower":[9],"counters":[24,162],"Orichalcum":[270],"Boot":[32],"Burning Blood":94,"Centennial Puzzle":[50],"Bronze Scales":[141],"Pantograph":0,"Snecko Eye":[45,46,42,48],"Kunai":[5],"obtain_stats":[{"Potion Belt":23,"Ice Cream":43,"NeowsBlessing":0,"Happy Flower":46,"Spirit Poop":45,"Orichalcum":10,"Boot":26,"Burning Blood":0,"Centennial Puzzle":9,"Strawberry":25,"Bronze Scales":41,"Pantograph":47,"Snecko Eye":34,"Kunai":31,"Bottled Lightning":39,"InkBottle":7,"Unceasing Top":46,"Runic Pyramid":17},{"Potion Belt":14,"Ice Cream":21,"NeowsBlessing":0,"Happy Flower":21,"Spirit Poop":21,"Orichalcum":5,"Boot":15,"Burning Blood":0,"Centennial Puzzle":4,"Strawberry":15,"Bronze Scales":21,"Pantograph":22,"Snecko Eye":18,"Kunai":17,"Bottled Lightning":20,"InkBottle":4,"Unceasing Top":21,"Runic Pyramid":9},{"Potion Belt":85,"Ice Cream":133,"NeowsBlessing":0,"Happy Flower":133,"Spirit Poop":133,"Orichalcum":19,"Boot":90,"Burning Blood":0,"Centennial Puzzle":8,"Strawberry":90,"Bronze Scales":133,"Pantograph":141,"Snecko Eye":112,"Kunai":102,"Bottled Lightning":128,"InkBottle":8,"Unceasing Top":133,"Runic Pyramid":51}],"InkBottle":[41],"Unceasing Top":[0]},"card_choices":[{"not_picked":["Armaments","Searing Blow"],"picked":"Clothesline","floor":1},{"not_picked":["Thunderclap","True Grit"],"picked":"Cleave","floor":2},{"not_picked":["Sword Boomerang","Clash","Clothesline"],"picked":"SKIP","floor":5},{"not_picked":["Heavy Blade","Blood for Blood","Cleave"],"picked":"SKIP","floor":7},{"not_picked":["Pummel","Sword Boomerang","Second Wind"],"picked":"SKIP","floor":10},{"not_picked":["Twin Strike","Headbutt"],"picked":"Disarm","floor":11},{"not_picked":["Rage","Cleave","Wild Strike"],"picked":"SKIP","floor":13},{"not_picked":["Perfected Strike","Flex"],"picked":"Seeing Red","floor":14},{"not_picked":["Fiend Fire","Bludgeon"],"picked":"Demon Form","floor":16},{"not_picked":["Sever Soul","Infernal Blade"],"picked":"Flame Barrier","floor":18},{"not_picked":["Anger","Dark Embrace","Inflame"],"picked":"SKIP","floor":19},{"not_picked":["Body Slam+1","Iron Wave"],"picked":"Seeing Red","floor":21},{"not_picked":["Sever Soul","Armaments","Perfected Strike"],"picked":"SKIP","floor":22},{"not_picked":["Fire Breathing","Warcry"],"picked":"Heavy Blade","floor":23},{"not_picked":["Twin Strike","Flex"],"picked":"Double Tap","floor":25},{"not_picked":["Flex","Pommel Strike"],"picked":"Sword Boomerang+1","floor":28},{"not_picked":["Juggernaut","Body Slam","Inflame"],"picked":"SKIP","floor":31},{"not_picked":["Bludgeon","Fiend Fire"],"picked":"Impervious","floor":33},{"not_picked":["Twin Strike","Clothesline"],"picked":"Disarm+1","floor":35},{"not_picked":["Wild Strike+1","Heavy Blade+1","Rampage+1"],"picked":"SKIP","floor":36},{"not_picked":["Entrench+1","Cleave+1"],"picked":"Clothesline+1","floor":41},{"not_picked":["Twin Strike+1","Thunderclap+1","Wild Strike"],"picked":"SKIP","floor":47},{"not_picked":["Armaments","Body Slam+1","Clothesline+1"],"picked":"SKIP","floor":48}],"player_experience":52652,"relics_obtained":[{"floor":7,"key":"InkBottle"},{"floor":9,"key":"Centennial Puzzle"},{"floor":10,"key":"Orichalcum"},{"floor":23,"key":"Potion Belt"},{"floor":25,"key":"Strawberry"},{"floor":26,"key":"Boot"},{"floor":31,"key":"Kunai"},{"floor":41,"key":"Bronze Scales"},{"floor":43,"key":"Ice Cream"},{"floor":47,"key":"Pantograph"}],"event_choices":[{"damage_healed":0,"gold_gain":0,"player_choice":"Got Potions","damage_taken":0,"max_hp_gain":0,"max_hp_loss":0,"event_name":"Lab","floor":3,"gold_loss":0},{"damage_healed":0,"gold_gain":0,"player_choice":"Ignored","damage_taken":0,"max_hp_gain":0,"max_hp_loss":0,"event_name":"Liars Game","floor":8,"gold_loss":0},{"cards_removed":["Strike_R"],"damage_healed":0,"gold_gain":0,"player_choice":"Gave Gold","damage_taken":0,"max_hp_gain":0,"max_hp_loss":0,"event_name":"Beggar","floor":20,"gold_loss":75},{"damage_healed":0,"gold_gain":999,"player_choice":"Gold","damage_taken":0,"max_hp_gain":0,"max_hp_loss":0,"event_name":"MindBloom","floor":37,"gold_loss":0,"cards_obtained":["Normality","Normality"]},{"damage_healed":0,"gold_gain":0,"player_choice":"Ignored","damage_taken":0,"max_hp_gain":0,"max_hp_loss":0,"event_name":"Tomb of Lord Red Mask","floor":38,"gold_loss":0},{"damage_healed":0,"gold_gain":0,"player_choice":"Memory 3","damage_taken":10,"max_hp_gain":0,"max_hp_loss":0,"event_name":"SensoryStone","floor":44,"gold_loss":0},{"cards_removed":["Normality"],"damage_healed":0,"gold_gain":0,"player_choice":"Offered Curse","damage_taken":0,"relics_obtained":["Spirit Poop"],"max_hp_gain":0,"max_hp_loss":0,"event_name":"Bonfire Elementals","floor":45,"gold_loss":0}],"is_beta":false,"boss_relics":[{"not_picked":["Empty Cage","Calling Bell"],"picked":"Runic Pyramid"},{"not_picked":["Black Blood","SacredBark"],"picked":"Snecko Eye"}],"items_purged_floors":[4,30,39,46],"is_endless":false,"potions_floor_spawned":[2,10,13,16,19,23,28,31,33,35,41,47,48],"ascension_level":3}}