{"host":"3iouabftir4t7z56","time":1607818320,"event":{"mods":["Astrologer","BaseMod","Colored Map","Minty Spire (QoL Compilation)","StSLib","The Cursed"],"gold_per_floor":[114,114,129,142,157,188,188,201,228,241,127,127,143,43,43,139,139,151,151,168,168,187,187,198,198,248,87,99,112,138,148,148,253,253,264,264,264,274,293,293,293],"floor_reached":40,"playtime":2844,"items_purged":["TheCursedMod:Defend_TheCursed","TheCursedMod:Defend_TheCursed","TheCursedMod:Strike_TheCursed"],"score":414,"play_id":"737f276f-3d67-46d2-9aa1-8fdf7d06324f","local_time":"20201213011200","is_ascension_mode":false,"campfire_choices":[{"data":"TheCursedMod:CursedBlade","floor":7,"key":"SMITH"},{"floor":15,"key":"REST"},{"data":"TheCursedMod:ManaBullet","floor":23,"key":"SMITH"},{"data":"TheCursedMod:CircleOfFlame","floor":25,"key":"SMITH"},{"data":"TheCursedMod:DemonSword","floor":32,"key":"SMITH"}],"circlet_count":0,"master_deck":["TheCursedMod:Strike_TheCursed+1","TheCursedMod:Defend_TheCursed","TheCursedMod:Defend_TheCursed","TheCursedMod:CursedWand+1","TheCursedMod:CleanUpWorkshop","TheCursedMod:Dregs","TheCursedMod:DoubleShield","TheCursedMod:TroublousMinions","TheCursedMod:SpitefulPray","TheCursedMod:CursedBlade+1","TheCursedMod:ManaBullet+1","TheCursedMod:SurpriseAttack","TheCursedMod:Neurasthenia","TheCursedMod:Stretching","TheCursedMod:CircleOfCorruption","TheCursedMod:BlessingInDisguise","TheCursedMod:CircleOfFlame+1","TheCursedMod:HellfireBreathing","TheCursedMod:CursedAmulet","TheCursedMod:SurpriseAttack+1","TheCursedMod:SpitefulPlan+1","TheCursedMod:DemonSword+1","TheCursedMod:StunningStrike","TheCursedMod:SmokeScreen+1","TheCursedMod:CircleOfCorruption","TheCursedMod:RapidMovement+1"],"relics":["TheCursedMod:BlackMagic101","Whetstone","Letter Opener","Vajra","Omamori","Coffee Dripper","Juzu Bracelet","MealTicket","TheCursedMod:FourLeafCloverCharm"],"acts_visited":["Exordium","TheCity","TheBeyond"],"potions_floor_usage":[6,24,31,31,35,40],"damage_taken":[{"damage":8,"enemies":"2 Louse","floor":1,"turns":2},{"damage":0,"enemies":"Cultist","floor":3,"turns":3},{"damage":0,"enemies":"Jaw Worm","floor":4,"turns":5},{"damage":8,"enemies":"Exordium Thugs","floor":5,"turns":6},{"damage":35,"enemies":"Lagavulin","floor":6,"turns":11},{"damage":5,"enemies":"Looter","floor":8,"turns":2},{"damage":0,"enemies":"2 Fungi Beasts","floor":10,"turns":2},{"damage":0,"enemies":"3 Louse","floor":13,"turns":1},{"damage":18,"enemies":"Slime Boss","floor":16,"turns":7},{"damage":5,"enemies":"2 Thieves","floor":18,"turns":4},{"damage":0,"enemies":"3 Byrds","floor":20,"turns":4},{"damage":8,"enemies":"Shelled Parasite and Fungi","floor":22,"turns":6},{"damage":0,"enemies":"Snecko","floor":24,"turns":4},{"damage":0,"enemies":"Chosen and Byrds","floor":28,"turns":4},{"damage":0,"enemies":"Centurion and Healer","floor":29,"turns":5},{"damage":22,"enemies":"Slavers","floor":30,"turns":4},{"damage":15,"enemies":"Snake Plant","floor":31,"turns":2},{"damage":22,"enemies":"Champ","floor":33,"turns":8},{"damage":0,"enemies":"3 Shapes","floor":35,"turns":4},{"damage":8,"enemies":"3 Darklings","floor":38,"turns":3},{"damage":9,"enemies":"Spire Growth","floor":39,"turns":5},{"damage":75,"enemies":"Giant Head","floor":40,"turns":10}],"seed_played":"5706475226374700418","potions_obtained":[{"floor":1,"key":"Fire Potion"},{"floor":6,"key":"Block Potion"},{"floor":13,"key":"Ancient Potion"},{"floor":16,"key":"SpeedPotion"},{"floor":18,"key":"Weak Potion"},{"floor":24,"key":"Strength Potion"},{"floor":29,"key":"Explosive Potion"},{"floor":35,"key":"Block Potion"}],"is_trial":false,"path_per_floor":["M","?","M","M","M","E","R","M","T","M","$","?","M","$","R","B",null,"M","?","M","?","M","R","M","R","T","$","M","M","E","M","R","B",null,"M","?","?","M","M","E"],"character_chosen":"THE_CURSED","items_purchased":["TheCursedMod:ManaBullet","TheCursedMod:HellfireBreathing"],"campfire_rested":1,"item_purchase_floors":[11,27],"current_hp_per_floor":[67,67,67,67,59,24,24,19,19,19,19,19,19,19,41,23,75,70,70,70,70,62,62,62,62,62,62,62,62,40,25,25,3,75,75,71,71,63,54,0,0],"gold":293,"neow_bonus":"RANDOM_COMMON_RELIC","is_daily":false,"chose_seed":false,"campfire_upgraded":4,"win_rate":0.0,"timestamp":1607818320,"path_taken":["M","?","?","M","M","E","R","M","T","M","$","?","M","?","R","BOSS","M","?","M","?","M","R","M","R","T","$","M","M","E","M","R","BOSS","M","?","?","M","M","E"],"items_purchased_type":["Card","Card"],"build_version":"2020-11-30","purchased_purges":3,"victory":false,"max_hp_per_floor":[75,75,75,75,75,75,75,75,75,75,75,75,75,75,75,75,75,75,75,75,75,75,75,75,75,75,75,75,75,75,75,75,75,75,75,71,71,71,71,71,71],"card_choices":[{"not_picked":["TheCursedMod:SpreadPlague","TheCursedMod:CursedMace"],"picked":"TheCursedMod:DoubleShield","floor":1},{"not_picked":["TheCursedMod:WearCloak","TheCursedMod:SpitefulPray"],"picked":"TheCursedMod:TroublousMinions","floor":3},{"not_picked":["TheCursedMod:Stretching","TheCursedMod:CursedBoomerang"],"picked":"TheCursedMod:SpitefulPray","floor":4},{"not_picked":["TheCursedMod:VitalStrike","TheCursedMod:Torture","TheCursedMod:CursedMace"],"picked":"SKIP","floor":5},{"not_picked":["TheCursedMod:ManaCirculation","TheCursedMod:Wield"],"picked":"TheCursedMod:CursedBlade","floor":6},{"not_picked":["TheCursedMod:CursedMace","TheCursedMod:StingEye","TheCursedMod:FleshFromBone"],"picked":"SKIP","floor":8},{"not_picked":["TheCursedMod:CursedShiv","TheCursedMod:Wield","TheCursedMod:RapidMovement"],"picked":"SKIP","floor":10},{"not_picked":["TheCursedMod:WearCloak","TheCursedMod:CircleOfBlood"],"picked":"TheCursedMod:SurpriseAttack","floor":13},{"not_picked":["TheCursedMod:DemonicPact","TheCursedMod:CircleOfAbyss"],"picked":"TheCursedMod:Neurasthenia","floor":16},{"not_picked":["TheCursedMod:SpitefulStrike","TheCursedMod:CircleOfAmplification+1","TheCursedMod:Stretching"],"picked":"SKIP","floor":18},{"not_picked":["TheCursedMod:StingEye","TheCursedMod:BloodBarrier","TheCursedMod:Obscuration"],"picked":"SKIP","floor":20},{"not_picked":["TheCursedMod:CursedMace","TheCursedMod:BloodBarrier"],"picked":"TheCursedMod:BlessingInDisguise","floor":22},{"not_picked":["TheCursedMod:Hemoplague+1","TheCursedMod:SaltUponWound"],"picked":"TheCursedMod:CircleOfFlame","floor":24},{"not_picked":["TheCursedMod:Mangle+1","TheCursedMod:SurpriseAttack"],"picked":"TheCursedMod:CursedAmulet","floor":28},{"not_picked":["TheCursedMod:BlessingInDisguise","TheCursedMod:SmokeScreen"],"picked":"TheCursedMod:SurpriseAttack+1","floor":29},{"not_picked":["TheCursedMod:CircleOfCorruption","TheCursedMod:TacticalStrike"],"picked":"TheCursedMod:SpitefulPlan+1","floor":30},{"not_picked":["TheCursedMod:WearCloak","TheCursedMod:CursedAmulet"],"picked":"TheCursedMod:DemonSword","floor":31},{"not_picked":["TheCursedMod:ManaCirculation","TheCursedMod:DemonSword"],"picked":"TheCursedMod:StunningStrike","floor":33},{"not_picked":["TheCursedMod:RavingStaff","TheCursedMod:Obscuration"],"picked":"TheCursedMod:SmokeScreen+1","floor":35},{"not_picked":["TheCursedMod:TroublousMinions","TheCursedMod:Torture+1"],"picked":"TheCursedMod:CircleOfCorruption","floor":38},{"not_picked":["TheCursedMod:CursedAmulet","TheCursedMod:CursedMace+1"],"picked":"TheCursedMod:RapidMovement+1","floor":39}],"player_experience":588927,"relics_obtained":[{"floor":6,"key":"Letter Opener"},{"floor":9,"key":"Vajra"},{"floor":26,"key":"Juzu Bracelet"},{"floor":30,"key":"MealTicket"}],"event_choices":[{"damage_healed":0,"gold_gain":0,"player_choice":"Bought 0 Potions","damage_taken":0,"max_hp_gain":0,"max_hp_loss":0,"event_name":"The Woman in Blue","floor":2,"gold_loss":0},{"damage_healed":0,"gold_gain":0,"player_choice":"Gave Potion","damage_taken":0,"relics_obtained":["Omamori"],"max_hp_gain":0,"max_hp_loss":0,"event_name":"WeMeetAgain","floor":12,"gold_loss":0},{"damage_healed":0,"gold_gain":0,"player_choice":"Ignored","damage_taken":0,"max_hp_gain":0,"max_hp_loss":0,"event_name":"Vampires","floor":19,"gold_loss":0},{"damage_healed":0,"gold_gain":0,"cards_transformed":["TheCursedMod:Strike_TheCursed","TheCursedMod:Strike_TheCursed"],"player_choice":"Became Test Subject","damage_taken":0,"max_hp_gain":0,"max_hp_loss":0,"event_name":"Drug Dealer","floor":21,"gold_loss":0,"cards_obtained":["TheCursedMod:Stretching","TheCursedMod:CircleOfCorruption"]},{"damage_healed":0,"gold_gain":0,"player_choice":"Max HP","damage_taken":0,"max_hp_gain":0,"max_hp_loss":4,"event_name":"Winding Halls","floor":36,"gold_loss":0},{"damage_healed":0,"gold_gain":0,"player_choice":"Ignored","damage_taken":0,"max_hp_gain":0,"max_hp_loss":0,"event_name":"Tomb of Lord Red Mask","floor":37,"gold_loss":0}],"is_beta":false,"boss_relics":[{"not_picked":["TheCursedMod:BlackMagicAdvanced","Runic Pyramid"],"picked":"Coffee Dripper"},{"not_picked":["Calling Bell","Velvet Choker"],"picked":"TheCursedMod:FourLeafCloverCharm"}],"items_purged_floors":[11,14,27],"is_endless":false,"potions_floor_spawned":[1,6,13,16,18,24,28,29,35],"killed_by":"Giant Head","ascension_level":0}}