{"host":"6fbjdsiu9jij34p7","time":1607870204,"event":{"mods":["2.2 Compatiblity","AchievementEnabler","BaseMod","Colored Map","DeckTracker","Highlight Path","Keyboard Shortcuts","Minty Spire (QoL Compilation)","Permanent Neow","Quick Restart","StSLib","SuperFastMode"],"gold_per_floor":[113,113,113,60,60,89,89,118,118,118,193,193,207,236,236,333,333,350,260,278,7,17,34,34,133,160,174,174,190,190,210,210,308,308,326,341,356,55,102,102,130,130,157,171,190,190,215,215,215,215],"floor_reached":51,"playtime":1308,"items_purged":["Strike_R"],"score":942,"play_id":"3ec94db8-d95b-4513-b5d5-50e65e17dfc4","local_time":"20201213233644","is_ascension_mode":true,"campfire_choices":[{"data":"Entrench","floor":10,"key":"SMITH"},{"data":"Whirlwind","floor":12,"key":"SMITH"},{"data":"Iron Wave","floor":15,"key":"SMITH"},{"data":"Flex","floor":24,"key":"SMITH"},{"data":"Offering","floor":28,"key":"SMITH"},{"data":"Flame Barrier","floor":30,"key":"SMITH"},{"data":"Shrug It Off","floor":32,"key":"SMITH"},{"data":"Barricade","floor":40,"key":"SMITH"},{"data":"Reaper","floor":42,"key":"SMITH"},{"floor":49,"key":"REST"}],"circlet_count":0,"master_deck":["Strike_R+1","Strike_R+1","Strike_R+1","Strike_R+1","Defend_R+1","Defend_R+1","Defend_R+1","Bash+1","Entrench+1","Shrug It Off+1","Whirlwind+1","Iron Wave+1","Thunderclap+1","Flex+1","Shrug It Off+1","Offering+1","Flame Barrier+1","Thunderclap+1","Body Slam+1","Reaper+1","Barricade+1","Bloodletting+1","Shame","Parasite","Writhe"],"relics":["Burning Blood","NeowsBlessing","White Beast Statue","Vajra","Matryoshka","Art of War","HornCleat","Ancient Tea Set","Philosopher\u0027s Stone","Pen Nib","PreservedInsect","Bag of Preparation","Cursed Key","StoneCalendar","Centennial Puzzle","Strawberry","Potion Belt","Mark of the Bloom"],"acts_visited":["Exordium","TheCity","TheBeyond"],"potions_floor_usage":[16,16,20,31,33,33,33,35,50,50,50,50],"damage_taken":[{"damage":0,"enemies":"Jaw Worm","floor":1,"turns":1},{"damage":0,"enemies":"3 Sentries","floor":6,"turns":1},{"damage":0,"enemies":"Lagavulin","floor":8,"turns":1},{"damage":0,"enemies":"2 Louse","floor":13,"turns":1},{"damage":12,"enemies":"3 Sentries","floor":14,"turns":4},{"damage":48,"enemies":"The Guardian","floor":16,"turns":8},{"damage":21,"enemies":"Shell Parasite","floor":18,"turns":6},{"damage":11,"enemies":"2 Thieves","floor":20,"turns":3},{"damage":0,"enemies":"3 Cultists","floor":22,"turns":3},{"damage":5,"enemies":"Snecko","floor":23,"turns":3},{"damage":0,"enemies":"Centurion and Healer","floor":27,"turns":3},{"damage":4,"enemies":"Snake Plant","floor":29,"turns":3},{"damage":6,"enemies":"Shelled Parasite and Fungi","floor":31,"turns":1},{"damage":85,"enemies":"Champ","floor":33,"turns":11},{"damage":6,"enemies":"3 Shapes","floor":35,"turns":3},{"damage":6,"enemies":"3 Darklings","floor":36,"turns":1},{"damage":16,"enemies":"4 Shapes","floor":37,"turns":1},{"damage":6,"enemies":"2 Orb Walkers","floor":39,"turns":3},{"damage":6,"enemies":"Nemesis","floor":41,"turns":1},{"damage":8,"enemies":"Writhing Mass","floor":44,"turns":6},{"damage":6,"enemies":"Maw","floor":45,"turns":7},{"damage":7,"enemies":"Time Eater","floor":50,"turns":7}],"seed_played":"-2956959191551141753","potions_obtained":[{"floor":6,"key":"Energy Potion"},{"floor":8,"key":"FairyPotion"},{"floor":13,"key":"Energy Potion"},{"floor":16,"key":"SteroidPotion"},{"floor":18,"key":"Energy Potion"},{"floor":20,"key":"Fire Potion"},{"floor":23,"key":"EntropicBrew"},{"floor":31,"key":"HeartOfIron"},{"floor":33,"key":"BlessingOfTheForge"},{"floor":35,"key":"Weak Potion"},{"floor":37,"key":"EntropicBrew"},{"floor":45,"key":"Block Potion"}],"is_trial":false,"path_per_floor":["M","?","?","$","?","E","?","E","T","R","?","R","M","E","R","B",null,"M","?","M","$","M","M","R","?","T","M","R","M","R","M","R","B",null,"M","M","M","$","?","R","E","R","T","M","M","?","T","?","R","B",null],"character_chosen":"IRONCLAD","items_purchased":["Shrug It Off","Pen Nib","Flex","Reaper","Barricade"],"campfire_rested":1,"item_purchase_floors":[4,21,21,38,38],"current_hp_per_floor":[80,77,61,61,61,67,80,80,80,80,69,69,75,69,69,27,80,65,65,60,60,66,67,67,67,67,73,73,75,75,75,75,24,77,77,77,67,67,74,74,74,74,81,84,84,84,84,84,84,77],"gold":215,"neow_bonus":"THREE_ENEMY_KILL","is_daily":false,"chose_seed":false,"campfire_upgraded":9,"win_rate":0.0,"timestamp":1607870204,"path_taken":["M","?","?","$","?","E","?","E","T","R","?","R","M","E","R","BOSS","M","?","M","?","?","M","R","?","T","M","R","M","R","M","R","BOSS","M","M","M","$","?","R","E","R","T","M","M","?","?","?","R","BOSS"],"items_purchased_type":["Card","Relic","Card","Card","Card"],"build_version":"2020-11-30","purchased_purges":1,"victory":true,"max_hp_per_floor":[80,80,80,80,80,80,80,80,80,80,80,80,80,80,80,80,80,80,77,77,77,77,77,77,77,77,77,77,77,77,77,77,77,77,77,77,77,77,77,77,77,77,84,84,84,84,84,84,84,84],"card_choices":[{"not_picked":["Armaments","Sword Boomerang"],"picked":"Entrench","floor":1},{"not_picked":["Entrench","Metallicize"],"picked":"Whirlwind","floor":6},{"not_picked":["Wild Strike","Inflame"],"picked":"Iron Wave","floor":8},{"not_picked":["Fire Breathing","Brutality"],"picked":"Thunderclap","floor":13},{"not_picked":["Anger","Iron Wave","Sentinel"],"picked":"SKIP","floor":14},{"not_picked":["Sword Boomerang","Iron Wave","Perfected Strike"],"picked":"SKIP","floor":18},{"not_picked":["Burning Pact","Reckless Charge+1","Armaments"],"picked":"SKIP","floor":20},{"not_picked":["Metallicize+1","Battle Trance"],"picked":"Shrug It Off","floor":22},{"not_picked":["Dropkick+1","Carnage","Pummel"],"picked":"SKIP","floor":23},{"not_picked":["Dropkick+1","Burning Pact+1"],"picked":"Offering","floor":27},{"not_picked":["Anger","Battle Trance"],"picked":"Flame Barrier","floor":29},{"not_picked":["Sword Boomerang","Disarm+1"],"picked":"Thunderclap+1","floor":31},{"not_picked":["Perfected Strike","Combust+1","Evolve+1"],"picked":"SKIP","floor":35},{"not_picked":["Havoc","Hemokinesis"],"picked":"Body Slam+1","floor":36},{"not_picked":["Combust+1","Wild Strike","Perfected Strike"],"picked":"SKIP","floor":37},{"not_picked":["Blood for Blood","Pummel"],"picked":"Bloodletting+1","floor":41},{"not_picked":["Havoc","Intimidate+1","True Grit+1"],"picked":"SKIP","floor":44},{"not_picked":["Thunderclap","Spot Weakness","Reckless Charge+1"],"picked":"SKIP","floor":45}],"player_experience":232151,"relics_obtained":[{"floor":6,"key":"Vajra"},{"floor":8,"key":"Matryoshka"},{"floor":9,"key":"Art of War"},{"floor":9,"key":"HornCleat"},{"floor":14,"key":"Ancient Tea Set"},{"floor":26,"key":"PreservedInsect"},{"floor":26,"key":"Bag of Preparation"},{"floor":39,"key":"StoneCalendar"},{"floor":41,"key":"Centennial Puzzle"},{"floor":43,"key":"Strawberry"},{"floor":47,"key":"Potion Belt"}],"event_choices":[{"damage_healed":0,"gold_gain":0,"player_choice":"Success","damage_taken":3,"relics_obtained":["White Beast Statue"],"max_hp_gain":0,"max_hp_loss":0,"event_name":"Scrap Ooze","floor":2,"gold_loss":0},{"damage_healed":0,"gold_gain":0,"player_choice":"Entered Light","damage_taken":16,"max_hp_gain":0,"max_hp_loss":0,"event_name":"Shining Light","floor":3,"gold_loss":0,"cards_upgraded":["Strike_R","Strike_R"]},{"cards_removed":["Defend_R"],"damage_healed":0,"gold_gain":0,"player_choice":"Forget","damage_taken":0,"max_hp_gain":0,"max_hp_loss":0,"event_name":"Living Wall","floor":5,"gold_loss":0},{"damage_healed":20,"gold_gain":0,"player_choice":"Healed and dodged fight","damage_taken":0,"max_hp_gain":0,"max_hp_loss":0,"event_name":"Mushrooms","floor":7,"gold_loss":0,"cards_obtained":["Parasite"]},{"damage_healed":0,"gold_gain":75,"player_choice":"Gather Gold","damage_taken":11,"max_hp_gain":0,"max_hp_loss":0,"event_name":"World of Goop","floor":11,"gold_loss":0},{"cards_removed":["Parasite"],"damage_healed":0,"gold_gain":0,"player_choice":"Upgrade and Remove","damage_taken":0,"max_hp_gain":0,"max_hp_loss":0,"event_name":"Designer","floor":19,"gold_loss":90,"cards_upgraded":["Strike_R"]},{"damage_healed":0,"gold_gain":99,"player_choice":"Stole From Cult","damage_taken":0,"max_hp_gain":0,"max_hp_loss":0,"event_name":"Nest","floor":25,"gold_loss":0},{"damage_healed":0,"gold_gain":0,"player_choice":"Fight","damage_taken":0,"max_hp_gain":0,"max_hp_loss":0,"event_name":"Mysterious Sphere","floor":39,"gold_loss":0},{"damage_healed":0,"gold_gain":0,"player_choice":"Memory 1","damage_taken":0,"max_hp_gain":0,"max_hp_loss":0,"event_name":"SensoryStone","floor":46,"gold_loss":0},{"damage_healed":0,"gold_gain":0,"player_choice":"Upgrade","damage_taken":0,"relics_obtained":["Mark of the Bloom"],"max_hp_gain":0,"max_hp_loss":0,"event_name":"MindBloom","floor":48,"gold_loss":0,"cards_upgraded":["Strike_R","Defend_R","Defend_R","Defend_R","Bash","Shrug It Off","Thunderclap"]}],"is_beta":false,"boss_relics":[{"not_picked":["Black Blood","Tiny House"],"picked":"Philosopher\u0027s Stone"},{"not_picked":["Runic Dome","Pandora\u0027s Box"],"picked":"Cursed Key"}],"items_purged_floors":[21],"is_endless":false,"potions_floor_spawned":[6,8,13,14,16,18,20,22,23,27,29,31,33,35,36,37,39,41,44,45],"ascension_level":4}}