{"host":"y89x8uui45kcjy42","time":1607820043,"event":{"mods":["2.2 Compatiblity","BaseMod","Colored Map","Colored Powertips","Friendly Minions","Highlight Path","Keyboard Shortcuts","Minty Spire (QoL Compilation)","StSLib","SuperFastMode","The Bug Knight","Waifu the Spire"],"gold_per_floor":[111,126,20,20,231,231,231,231,231,263,263,25,25,45,45,148,148,168,168,267,13,13,13,13,13,13,13,13,13,113,124,124,225,275,288,342,0,330,1,32,32,32,32,67,92,92,92,92,92,92,92,92,30,73,73],"floor_reached":56,"playtime":1801,"items_purged":["HollowMod:QuickDashStart","HollowMod:NailStrikeStart","HollowMod:QuickDashStart","HollowMod:NailStrikeStart","HollowMod:NailStrikeStart","HollowMod:QuickDashStart+1"],"score":2635,"play_id":"8af24804-0c76-4cf0-bf3f-58ee02c66ea4","local_time":"20201213094043","is_ascension_mode":true,"campfire_choices":[{"data":"1","floor":6,"key":"LIFT"},{"data":"2","floor":7,"key":"LIFT"},{"data":"3","floor":8,"key":"LIFT"},{"data":"HollowMod:SlysStrikes","floor":11,"key":"SMITH"},{"data":"HollowMod:HeavyBlow","floor":13,"key":"SMITH"},{"data":"HollowMod:CoiledNail","floor":15,"key":"SMITH"},{"data":"HollowMod:LifebloodCore","floor":23,"key":"SMITH"},{"data":"HollowMod:DashSlash","floor":24,"key":"SMITH"},{"data":"HollowMod:CycloneSlash","floor":25,"key":"SMITH"},{"data":"Panacea","floor":29,"key":"SMITH"},{"data":"HollowMod:CloakDash","floor":32,"key":"SMITH"},{"data":"HollowMod:SlysStrikes","floor":41,"key":"SMITH"},{"data":"HollowMod:PogoStrike","floor":42,"key":"SMITH"},{"floor":49,"key":"RECALL"},{"floor":52,"key":"DIG"}],"circlet_count":0,"master_deck":["AscendersBane","HollowMod:FocusHealStart+1","HollowMod:PogoStrike+1","HollowMod:DoubleDash+1","HollowMod:DashSlash+1","HollowMod:SlysStrikes+1","HollowMod:HeavyBlow+1","HollowMod:CoiledNail+1","HollowMod:CycloneSlash+1","Panacea+1","HollowMod:CloakDash+1","HollowMod:LifebloodCore+1","HollowMod:SlysStrikes+1","HollowMod:NewLittleFool+1","HollowMod:RecoilStrike+1"],"relics":["HollowMod:VesselMask","Coffee Dripper","Champion Belt","Girya","Torii","Turnip","TungstenRod","Ginger","Paper Crane","Paper Frog","Membership Card","The Courier","Boot","Juzu Bracelet","Calipers","HandDrill","Sling","StrikeDummy","Orrery","Strawberry","Ancient Tea Set","Omamori","War Paint","Potion Belt","Anchor","Mummified Hand","Nunchaku","Incense Burner","Oddly Smooth Stone","HollowMod:MantisClawRelic","Coffee Dripper","OrangePellets","CaptainsWheel","HollowMod:DelicateFlower","Ring of the Serpent","Tiny House","StoneCalendar","Red Mask","Toy Ornithopter","Lantern","Blood Vial","Vajra","Bag of Preparation","MealTicket","Thread and Needle","Shovel","CeramicFish","WingedGreaves","WarpedTongs","Bottled Flame","HollowMod:JonisBlessing","FossilizedHelix","HollowMod:QueensCombRelic","InkBottle","Blue Candle","Akabeko"],"acts_visited":["Exordium","TheCity","TheBeyond","TheEnding"],"potions_floor_usage":[36,55,55,55,55],"damage_taken":[{"damage":6,"enemies":"Jaw Worm","floor":1,"turns":3},{"damage":0,"enemies":"Cultist","floor":2,"turns":4},{"damage":6,"enemies":"Lagavulin","floor":10,"turns":3},{"damage":0,"enemies":"2 Louse","floor":14,"turns":2},{"damage":0,"enemies":"Slime Boss","floor":16,"turns":5},{"damage":0,"enemies":"2 Thieves","floor":18,"turns":3},{"damage":0,"enemies":"Chosen","floor":31,"turns":3},{"damage":0,"enemies":"Automaton","floor":33,"turns":6},{"damage":0,"enemies":"3 Shapes","floor":35,"turns":3},{"damage":0,"enemies":"2 Orb Walkers","floor":36,"turns":4},{"damage":0,"enemies":"Nemesis","floor":40,"turns":5},{"damage":0,"enemies":"Giant Head","floor":44,"turns":5},{"damage":0,"enemies":"Nemesis","floor":45,"turns":5},{"damage":0,"enemies":"Time Eater","floor":50,"turns":8},{"damage":0,"enemies":"Shield and Spear","floor":54,"turns":4},{"damage":0,"enemies":"The Heart","floor":55,"turns":7}],"seed_played":"4951932322175623071","potions_obtained":[{"floor":2,"key":"Ancient Potion"},{"floor":16,"key":"DuplicationPotion"},{"floor":18,"key":"EssenceOfSteel"},{"floor":31,"key":"Ancient Potion"},{"floor":44,"key":"Block Potion"}],"is_trial":false,"path_per_floor":["M","M","$","?","$","R","R","R","T","E","R","$","R","M","R","B",null,"M","?","?","$","?","R","R","R","T","?","?","R","?","M","R","B",null,"M","?","?","?","$","E","R","R","T","E","E","?","?","?","R","B",null,"R","$","E","B",null],"character_chosen":"THE_BUGKNIGHT","items_purchased":["StrikeDummy","Orrery","Strawberry","Ancient Tea Set","Omamori","War Paint","Potion Belt","Anchor","Mummified Hand","Nunchaku","Panacea","Oddly Smooth Stone","HollowMod:CloakDash","HollowMod:MantisClawRelic","OrangePellets","CaptainsWheel","Lantern","Blood Vial","Vajra","Bag of Preparation","HollowMod:JonisBlessing","FossilizedHelix","HollowMod:QueensCombRelic","InkBottle","Blue Candle","SpeedPotion","DuplicationPotion"],"campfire_rested":0,"item_purchase_floors":[3,3,3,3,3,3,3,3,3,3,5,12,12,12,21,21,39,39,39,39,53,53,53,53,53,53,53],"current_hp_per_floor":[69,75,82,82,82,82,82,82,82,76,76,76,76,76,76,82,82,82,82,82,82,82,82,82,82,82,67,67,67,67,73,73,79,90,90,92,92,92,92,92,92,92,92,92,92,92,87,87,87,87,87,87,58,58,58],"gold":73,"neow_bonus":"RANDOM_COLORLESS_2","is_daily":false,"chose_seed":false,"campfire_upgraded":10,"win_rate":0.0,"timestamp":1607820043,"path_taken":["M","M","$","?","$","R","R","R","T","E","R","?","R","M","R","BOSS","M","?","?","$","?","R","R","R","T","?","?","R","?","M","R","BOSS","M","?","?","?","$","E","R","R","T","E","E","?","?","?","R","BOSS","R","$","E","BOSS"],"items_purchased_type":["Relic","Relic","Relic","Relic","Relic","Relic","Relic","Relic","Relic","Relic","Card","Relic","Card","Relic","Relic","Relic","Relic","Relic","Relic","Relic","Relic","Relic","Relic","Relic","Relic","Potion","Potion"],"build_version":"2020-11-30","purchased_purges":6,"victory":true,"max_hp_per_floor":[75,75,82,82,82,82,82,82,82,82,82,82,82,82,82,82,82,82,82,82,82,82,82,82,82,82,87,87,87,87,87,87,87,92,92,92,92,92,92,92,92,92,92,92,92,92,87,87,87,87,87,87,58,58,58],"card_choices":[{"not_picked":["Transmutation","Violence"],"picked":"Apotheosis","floor":0.0},{"not_picked":["HollowMod:VengefulVoid","HollowMod:InfectedCysts"],"picked":"HollowMod:DoubleDash","floor":1},{"not_picked":["HollowMod:HowlingWraiths","HollowMod:FastStrike"],"picked":"HollowMod:DashSlash","floor":2},{"not_picked":["HollowMod:DescendingDark","HollowMod:RecoilStrike"],"picked":"HollowMod:SlysStrikes","floor":3},{"not_picked":["HollowMod:MantisMark","HollowMod:BaldurShell"],"picked":"HollowMod:HeavyBlow","floor":3},{"not_picked":["HollowMod:DesolateDive","HollowMod:NewJinnsSoul"],"picked":"HollowMod:CoiledNail","floor":3},{"not_picked":["HollowMod:MonarchWings","HollowMod:SiblingsShadow"],"picked":"HollowMod:CycloneSlash","floor":3},{"not_picked":["HollowMod:SoulStrike","HollowMod:SiblingsSouls","HollowMod:VengefulVoid"],"picked":"SKIP","floor":10},{"not_picked":["HollowMod:SoulSplash","HollowMod:SoulEater","HollowMod:Grubsong"],"picked":"SKIP","floor":14},{"not_picked":["HollowMod:VoidDash","HollowMod:theNailsmith"],"picked":"HollowMod:LifebloodCore","floor":16},{"not_picked":["HollowMod:LuriensSpire+1","HollowMod:DescendingDark","HollowMod:SoulEater+1"],"picked":"SKIP","floor":18},{"not_picked":["HollowMod:MothsMistake","HollowMod:ShadowDash+1","HollowMod:NewJinnsSoul"],"picked":"SKIP","floor":31},{"not_picked":["HollowMod:WhiteLadysBlessing","HollowMod:LordofShades"],"picked":"HollowMod:SlysStrikes","floor":33},{"not_picked":["HollowMod:ChannelNail","HollowMod:SoulShaman"],"picked":"HollowMod:NewLittleFool+1","floor":35},{"not_picked":["HollowMod:SoulSplash+1","HollowMod:LordofShades","HollowMod:SoulMaster"],"picked":"SKIP","floor":40},{"not_picked":["HollowMod:SharpenedShadows","HollowMod:HeavyBlow+1","HollowMod:DoubleDash+1"],"picked":"SKIP","floor":44},{"not_picked":["HollowMod:CornifersMapStart","HollowMod:LuriensSpire+1","HollowMod:CycloneSlash"],"picked":"SKIP","floor":45},{"not_picked":["HollowMod:DreamGate+1","HollowMod:NewLittleFool"],"picked":"HollowMod:RecoilStrike+1","floor":54}],"player_experience":517229,"relics_obtained":[{"floor":10,"key":"Incense Burner"},{"floor":26,"key":"HollowMod:DelicateFlower"},{"floor":36,"key":"StoneCalendar"},{"floor":40,"key":"MealTicket"},{"floor":43,"key":"Thread and Needle"},{"floor":44,"key":"Shovel"},{"floor":45,"key":"CeramicFish"},{"floor":52,"key":"Bottled Flame"},{"floor":54,"key":"Akabeko"}],"event_choices":[{"cards_removed":["HollowMod:NailStrikeStart"],"damage_healed":0,"gold_gain":0,"player_choice":"Offered Basic","damage_taken":0,"max_hp_gain":0,"max_hp_loss":0,"event_name":"Bonfire Elementals","floor":4,"gold_loss":0},{"cards_removed":["HollowMod:QuickDashStart"],"damage_healed":0,"gold_gain":0,"player_choice":"Card Removal","damage_taken":0,"max_hp_gain":0,"max_hp_loss":0,"event_name":"Wheel of Change","floor":19,"gold_loss":0},{"damage_healed":0,"gold_gain":99,"player_choice":"Stole From Cult","damage_taken":0,"max_hp_gain":0,"max_hp_loss":0,"event_name":"Nest","floor":20,"gold_loss":0},{"damage_healed":0,"gold_gain":0,"player_choice":"Leave","damage_taken":0,"max_hp_gain":0,"max_hp_loss":0,"event_name":"FaceTrader","floor":22,"gold_loss":0},{"damage_healed":0,"gold_gain":0,"player_choice":"Shed Blood","damage_taken":21,"max_hp_gain":5,"max_hp_loss":0,"event_name":"Forgotten Altar","floor":27,"gold_loss":0},{"damage_healed":0,"gold_gain":0,"player_choice":"Ignored","damage_taken":0,"max_hp_gain":0,"max_hp_loss":0,"event_name":"Ghosts","floor":28,"gold_loss":0},{"damage_healed":0,"gold_gain":100,"player_choice":"Pray","damage_taken":0,"max_hp_gain":0,"max_hp_loss":0,"event_name":"Golden Shrine","floor":30,"gold_loss":0},{"damage_healed":0,"gold_gain":0,"player_choice":"Fight","damage_taken":0,"max_hp_gain":0,"max_hp_loss":0,"event_name":"Mysterious Sphere","floor":36,"gold_loss":0},{"damage_healed":0,"gold_gain":0,"player_choice":"Paid","damage_taken":0,"relics_obtained":["Red Mask"],"max_hp_gain":0,"max_hp_loss":0,"event_name":"Tomb of Lord Red Mask","floor":37,"gold_loss":342},{"damage_healed":0,"gold_gain":0,"player_choice":"Gave Potion","damage_taken":0,"relics_obtained":["Toy Ornithopter"],"max_hp_gain":0,"max_hp_loss":0,"event_name":"WeMeetAgain","floor":38,"gold_loss":0},{"damage_healed":0,"gold_gain":0,"player_choice":"Max HP","damage_taken":0,"max_hp_gain":0,"max_hp_loss":5,"event_name":"Winding Halls","floor":47,"gold_loss":0},{"damage_healed":0,"gold_gain":0,"player_choice":"Rummage","damage_taken":0,"relics_obtained":["WarpedTongs"],"max_hp_gain":0,"max_hp_loss":0,"event_name":"Accursed Blacksmith","floor":48,"gold_loss":0,"cards_obtained":["Pain"]}],"is_beta":false,"boss_relics":[{"not_picked":["Fusion Hammer","Sozu","Pandora\u0027s Box"]},{"not_picked":["SlaversCollar","Black Star"],"picked":"Tiny House"}],"items_purged_floors":[3,5,12,21,39,53],"is_endless":false,"potions_floor_spawned":[2,16,18,31,44],"ascension_level":11}}