{"host":"6qo42zgaknezulyg","time":1607865144,"event":{"mods":["2.2 Compatiblity","BaseMod","Keyboard Shortcuts","Minty Spire (QoL Compilation)","Permanent Neow","Quick Restart","StSLib","SuperFastMode","The Cursed"],"gold_per_floor":[117,128,146,163,128,128,165,165,165,209,209,68,68,93,93,174,174,197,242,242,277,302,343,343,379,379,379,404,5,34,109,109,189,189,212,67,83,108,108,139,159,159,182,212,237,271,285,14,14,14],"floor_reached":51,"playtime":3430,"items_purged":["TheCursedMod:Strike_TheCursed","TheCursedMod:Strike_TheCursed","TheCursedMod:Torture+1"],"score":1525,"play_id":"c6d329b3-eb4b-4529-a574-240c1630971a","local_time":"20201213221224","is_ascension_mode":true,"campfire_choices":[{"data":"TheCursedMod:Torture","floor":6.0,"key":"SMITH"},{"data":"TheCursedMod:ManaBullet","floor":8.0,"key":"SMITH"},{"floor":13.0,"key":"REST"},{"data":"TheCursedMod:SpitefulPlan","floor":15.0,"key":"SMITH"},{"data":"TheCursedMod:CursedRelics","floor":24.0,"key":"SMITH"},{"data":"TheCursedMod:DarkBarrier","floor":27.0,"key":"SMITH"},{"floor":32.0,"key":"REST"},{"data":"TheCursedMod:ManaCirculation","floor":42.0,"key":"SMITH"},{"data":"Ghostly","floor":49,"key":"SMITH"}],"circlet_count":0,"master_deck":["AscendersBane","TheCursedMod:Defend_TheCursed","TheCursedMod:Defend_TheCursed","TheCursedMod:Defend_TheCursed","TheCursedMod:Defend_TheCursed","TheCursedMod:CursedWand","TheCursedMod:CleanUpWorkshop+1","TheCursedMod:Dregs","TheCursedMod:WearCloak","TheCursedMod:ManaBullet+1","TheCursedMod:SurpriseAttack","TheCursedMod:CursedRelics+1","TheCursedMod:Obscuration","TheCursedMod:CursedStaff","TheCursedMod:SoulCrush","TheCursedMod:SpitefulPlan+1","TheCursedMod:SpitefulStrike","TheCursedMod:Obscuration","TheCursedMod:CursedRelics+1","TheCursedMod:SoulReap","Ghostly+1","Ghostly","Ghostly","Ghostly","Ghostly","TheCursedMod:SpitefulStrike+1","TheCursedMod:DarkBarrier+1","TheCursedMod:WearCloak","TheCursedMod:CursedRelics+1","TheCursedMod:ManaCirculation+1","TheCursedMod:WearCloak","TheCursedMod:SurpriseAttack+1"],"relics":["TheCursedMod:BlackMagic101","CeramicFish","Darkstone Periapt","Turnip","Velvet Choker","Red Mask","Vajra","Molten Egg 2","Letter Opener","Happy Flower","HandDrill","Dead Branch","Philosopher\u0027s Stone","Lantern","Thread and Needle","Pear","Potion Belt","Toy Ornithopter","Eternal Feather","Strawberry","Nunchaku"],"acts_visited":["Exordium","TheCity","TheBeyond"],"potions_floor_usage":[50,50],"damage_taken":[{"damage":0.0,"enemies":"Jaw Worm","floor":1.0,"turns":5.0},{"damage":4.0,"enemies":"Small Slimes","floor":2.0,"turns":4.0},{"damage":0.0,"enemies":"2 Louse","floor":3.0,"turns":3.0},{"damage":19.0,"enemies":"Gremlin Gang","floor":4.0,"turns":7.0},{"damage":26.0,"enemies":"3 Sentries","floor":7.0,"turns":19.0},{"damage":9.0,"enemies":"Lagavulin","floor":10.0,"turns":7.0},{"damage":1.0,"enemies":"Blue Slaver","floor":14.0,"turns":3.0},{"damage":15.0,"enemies":"Slime Boss","floor":16.0,"turns":10.0},{"damage":19.0,"enemies":"3 Byrds","floor":18.0,"turns":6.0},{"damage":2.0,"enemies":"Masked Bandits","floor":21.0,"turns":6.0},{"damage":0.0,"enemies":"Shell Parasite","floor":22.0,"turns":4.0},{"damage":10.0,"enemies":"Gremlin Leader","floor":23.0,"turns":5.0},{"damage":3.0,"enemies":"Slavers","floor":25.0,"turns":9.0},{"damage":0.0,"enemies":"Gremlin Leader","floor":28.0,"turns":5.0},{"damage":8.0,"enemies":"Slavers","floor":30.0,"turns":6.0},{"damage":5.0,"enemies":"Collector","floor":33.0,"turns":9.0},{"damage":0.0,"enemies":"3 Shapes","floor":35.0,"turns":3.0},{"damage":0.0,"enemies":"3 Darklings","floor":37.0,"turns":6.0},{"damage":0.0,"enemies":"Mind Bloom Boss Battle","floor":38.0,"turns":4.0},{"damage":0.0,"enemies":"Nemesis","floor":40.0,"turns":7.0},{"damage":0.0,"enemies":"Jaw Worm Horde","floor":41.0,"turns":3.0},{"damage":0.0,"enemies":"Giant Head","floor":44.0,"turns":7.0},{"damage":0.0,"enemies":"Transient","floor":45.0,"turns":5.0},{"damage":0,"enemies":"Reptomancer","floor":46,"turns":2},{"damage":0,"enemies":"Writhing Mass","floor":47,"turns":4},{"damage":9,"enemies":"Donu and Deca","floor":50,"turns":8}],"seed_played":"3605066850305255707","potions_obtained":[{"floor":1.0,"key":"SmokeBomb"},{"floor":2.0,"key":"DistilledChaos"},{"floor":4.0,"key":"Regen Potion"},{"floor":16.0,"key":"AttackPotion"},{"floor":21.0,"key":"LiquidBronze"},{"floor":22.0,"key":"SmokeBomb"},{"floor":28.0,"key":"Dexterity Potion"},{"floor":40.0,"key":"SkillPotion"},{"floor":45.0,"key":"Swift Potion"},{"floor":47,"key":"Swift Potion"}],"is_trial":false,"path_per_floor":["M","M","M","M","?","R","E","R","T","E","?","$","R","M","R","B",null,"M","?","?","?","M","E","R","E","T","R","E","$","E","?","R","B",null,"M","$","M","?","?","E","M","R","T","E","M","E","M","$","R","B",null],"character_chosen":"THE_CURSED","items_purchased":["TheCursedMod:SpitefulPlan","TheCursedMod:SpitefulStrike","HandDrill","TheCursedMod:CursedRelics+1","Lantern","Nunchaku"],"campfire_rested":2,"item_purchase_floors":[12,12,29,29,36,48],"current_hp_per_floor":[50,46,46,27,45,45,34,34,34,25,10,10,32,31,31,16,60,41,37,33,34,35,25,25,28,28,28,28,28,24,20,32,33,40,40,40,42,42,52,52,52,52,52,52,52,59,59,59,59,55],"gold":14,"neow_bonus":"TRANSFORM_TWO_CARDS","is_daily":false,"chose_seed":false,"campfire_upgraded":7,"win_rate":0.0,"timestamp":1607865144,"path_taken":["M","M","M","M","?","R","E","R","T","E","?","$","R","M","R","BOSS","M","?","?","?","M","E","R","E","T","R","E","$","E","?","R","BOSS","M","$","?","?","?","E","M","R","T","E","?","E","M","$","R","BOSS"],"items_purchased_type":["Card","Card","Relic","Card","Relic","Relic"],"build_version":"2020-11-30","purchased_purges":3,"victory":true,"max_hp_per_floor":[75,75,75,75,75,75,75,75,75,75,75,75,75,75,75,75,75,75,37,42,42,42,42,42,42,42,42,42,42,42,42,42,42,42,42,42,42,42,52,52,52,52,52,52,52,59,59,59,59,59],"card_choices":[{"not_picked":["TheCursedMod:AshesToAshes","TheCursedMod:RapidMovement"],"picked":"TheCursedMod:ManaBullet","floor":1.0},{"not_picked":["TheCursedMod:Wield","TheCursedMod:VitalStrike"],"picked":"TheCursedMod:SurpriseAttack","floor":2.0},{"not_picked":["TheCursedMod:SpitefulPray","TheCursedMod:Stigma"],"picked":"TheCursedMod:CursedRelics","floor":3.0},{"not_picked":["TheCursedMod:CircleOfWindfury","TheCursedMod:Mangle"],"picked":"TheCursedMod:Obscuration","floor":4.0},{"not_picked":["TheCursedMod:CircleOfFlame","TheCursedMod:Stigma"],"picked":"TheCursedMod:CursedStaff","floor":7.0},{"not_picked":["TheCursedMod:CursedRelics","TheCursedMod:CircleOfBlood"],"picked":"TheCursedMod:SoulCrush","floor":10.0},{"not_picked":["TheCursedMod:TacticalStrike","TheCursedMod:CursedStaff"],"picked":"TheCursedMod:Obscuration","floor":14.0},{"not_picked":["TheCursedMod:CircleOfAbyss","TheCursedMod:Neurasthenia"],"picked":"TheCursedMod:CursedRelics","floor":16.0},{"not_picked":["TheCursedMod:FleshFromBone","TheCursedMod:Stretching+1"],"picked":"TheCursedMod:SoulReap","floor":18.0},{"not_picked":["TheCursedMod:CursedStaff","TheCursedMod:SurpriseAttack"],"picked":"TheCursedMod:SpitefulStrike+1","floor":22.0},{"not_picked":["TheCursedMod:RavingStaff","TheCursedMod:WearCloak"],"picked":"TheCursedMod:DarkBarrier","floor":23.0},{"not_picked":["TheCursedMod:EmpowerCircles","TheCursedMod:FleshFromBone"],"picked":"TheCursedMod:WearCloak","floor":25.0},{"not_picked":["TheCursedMod:SmokeScreen","TheCursedMod:Stretching","TheCursedMod:SoulReap+1"],"picked":"SKIP","floor":28.0},{"not_picked":["TheCursedMod:AshesToAshes","TheCursedMod:RapidMovement","TheCursedMod:StingEye+1"],"picked":"SKIP","floor":30.0},{"not_picked":["TheCursedMod:UltimatePain","TheCursedMod:DemonicPact"],"picked":"TheCursedMod:ManaCirculation","floor":33.0},{"not_picked":["TheCursedMod:CursedArmor","TheCursedMod:CircleOfFlame"],"picked":"TheCursedMod:WearCloak","floor":35.0},{"not_picked":["TheCursedMod:StingEye+1","TheCursedMod:HellfireBreathing","TheCursedMod:Torture"],"picked":"SKIP","floor":37.0},{"not_picked":["TheCursedMod:FleshFromBone","TheCursedMod:CircleOfFlame","TheCursedMod:SpitefulStrike+1"],"picked":"SKIP","floor":40.0},{"not_picked":["TheCursedMod:VitalStrike+1","TheCursedMod:RavingStaff+1","TheCursedMod:Mangle+1"],"picked":"SKIP","floor":41.0},{"not_picked":["TheCursedMod:FleshFromBone","TheCursedMod:Evocation","TheCursedMod:StunningStrike+1"],"picked":"SKIP","floor":44.0},{"not_picked":["TheCursedMod:FleshFromBone","TheCursedMod:Evocation","TheCursedMod:StunningStrike+1"],"picked":"SKIP","floor":44.0},{"not_picked":["TheCursedMod:ManaBullet+1","TheCursedMod:CircleOfWindfury"],"picked":"TheCursedMod:SurpriseAttack+1","floor":45.0},{"not_picked":["TheCursedMod:SpitefulPlan","TheCursedMod:CursedSpellbook","TheCursedMod:CursedMace+1"],"picked":"SKIP","floor":46},{"not_picked":["TheCursedMod:CursedBlade+1","TheCursedMod:BloodBarrier+1","TheCursedMod:Stretching+1"],"picked":"SKIP","floor":47}],"player_experience":767295,"relics_obtained":[{"floor":7.0,"key":"CeramicFish"},{"floor":9.0,"key":"Darkstone Periapt"},{"floor":10.0,"key":"Turnip"},{"floor":21.0,"key":"Red Mask"},{"floor":23.0,"key":"Vajra"},{"floor":25.0,"key":"Molten Egg 2"},{"floor":26.0,"key":"Letter Opener"},{"floor":28.0,"key":"Happy Flower"},{"floor":30.0,"key":"Dead Branch"},{"floor":38.0,"key":"Thread and Needle"},{"floor":40.0,"key":"Potion Belt"},{"floor":43.0,"key":"Toy Ornithopter"},{"floor":44.0,"key":"Eternal Feather"},{"floor":46,"key":"Strawberry"}],"event_choices":[{"damage_healed":18.0,"max_hp_gain":0.0,"max_hp_loss":0.0,"gold_gain":0.0,"event_name":"The Cleric","player_choice":"Healed","floor":5.0,"gold_loss":35.0,"damage_taken":0.0},{"damage_healed":0.0,"max_hp_gain":0.0,"max_hp_loss":0.0,"gold_gain":0.0,"event_name":"Shining Light","player_choice":"Entered Light","floor":11.0,"gold_loss":0.0,"damage_taken":15.0,"cards_upgraded":["TheCursedMod:CursedRelics","TheCursedMod:CleanUpWorkshop"]},{"damage_healed":0.0,"max_hp_gain":0.0,"max_hp_loss":38.0,"gold_gain":0.0,"event_name":"Ghosts","player_choice":"Became a Ghost","floor":19.0,"gold_loss":0.0,"damage_taken":0.0,"cards_obtained":["Ghostly","Ghostly","Ghostly","Ghostly","Ghostly"]},{"damage_healed":0.0,"max_hp_gain":5.0,"max_hp_loss":0.0,"gold_gain":0.0,"event_name":"Forgotten Altar","player_choice":"Shed Blood","floor":20.0,"gold_loss":0.0,"damage_taken":9.0},{"damage_healed":0.0,"max_hp_gain":0.0,"max_hp_loss":0.0,"gold_gain":0.0,"event_name":"Masked Bandits","player_choice":"Fought Bandits","floor":21.0,"gold_loss":0.0,"damage_taken":0.0},{"damage_healed":0.0,"max_hp_gain":0.0,"max_hp_loss":0.0,"gold_gain":75.0,"event_name":"FaceTrader","player_choice":"Touch","floor":31.0,"gold_loss":0.0,"damage_taken":4.0},{"damage_healed":0.0,"max_hp_gain":0.0,"max_hp_loss":0.0,"gold_gain":0.0,"event_name":"MindBloom","player_choice":"Fight","floor":38.0,"gold_loss":0.0,"damage_taken":0.0},{"damage_healed":0.0,"max_hp_gain":0.0,"max_hp_loss":0.0,"gold_gain":0.0,"event_name":"WeMeetAgain","player_choice":"Gave Potion","floor":39.0,"gold_loss":0.0,"damage_taken":0.0,"relics_obtained":["Pear"]}],"is_beta":false,"boss_relics":[{"not_picked":["Astrolabe","Coffee Dripper"],"picked":"Velvet Choker"},{"not_picked":["Tiny House","TheCursedMod:OminousMark"],"picked":"Philosopher\u0027s Stone"}],"items_purged_floors":[12,29,48],"is_endless":false,"potions_floor_spawned":[1,2,4,16,21,22,28,37,40,45,47],"ascension_level":13}}