{"host":"wghdsg8ym2wc7ov9","time":1607888039,"event":{"mods":["AchievementEnabler","BaseMod","Better Altar","Better Note","Colored Map","Highlight Path","Minty Spire (QoL Compilation)","Random Character Button","Relic Stats","Shop Mod","StSLib"],"gold_per_floor":[109,74,74,89,105,105,124,124,124,124,56,90,102,120,120,225,225,242,242,252,270,270,301,311,410,410,410,410,18,18,28,28,130,130,144,144,158,170,27,60,60,78,78,78,93,93,93,93,93,93],"floor_reached":51,"playtime":13177,"items_purged":[],"score":722,"play_id":"c9ab81da-a6ad-4286-82f1-54988e55f9ed","local_time":"20201213113359","is_ascension_mode":false,"campfire_choices":[{"data":"Magnetism","floor":6.0,"key":"SMITH"},{"floor":10.0,"key":"REST"},{"floor":15.0,"key":"REST"},{"data":"After Image","floor":27.0,"key":"SMITH"},{"data":"Noxious Fumes","floor":30.0,"key":"SMITH"},{"floor":32.0,"key":"REST"},{"floor":41.0,"key":"REST"},{"floor":49,"key":"REST"}],"circlet_count":0,"master_deck":["Strike_G","Strike_G","Strike_G","Strike_G","Defend_G","Defend_G","Defend_G","Defend_G","Defend_G","Survivor","Neutralize","Magnetism+1","Leg Sweep","Outmaneuver","Caltrops","Corpse Explosion","Noxious Fumes+1","Deflect","Endless Agony","After Image+1","Finisher","Dash","Noxious Fumes","A Thousand Cuts+1","Dash","Deadly Poison+1","Adrenaline","Caltrops","Distraction+1","Deflect+1","Crippling Poison+1","Noxious Fumes+1","Dodge and Roll","Discovery"],"relics":["Ring of the Snake","Thread and Needle","FossilizedHelix","SlaversCollar","Sundial","Mercury Hourglass","Blood Vial","TwistedFunnel","Black Star","Pen Nib","Potion Belt","Ancient Tea Set","Molten Egg 2"],"acts_visited":["Exordium","TheCity","TheBeyond"],"potions_floor_usage":[50],"damage_taken":[{"damage":7.0,"enemies":"Jaw Worm","floor":1.0,"turns":5.0},{"damage":0.0,"enemies":"2 Louse","floor":4.0,"turns":4.0},{"damage":4.0,"enemies":"Cultist","floor":5.0,"turns":5.0},{"damage":0.0,"enemies":"Blue Slaver","floor":7.0,"turns":7.0},{"damage":59.0,"enemies":"Gremlin Nob","floor":12.0,"turns":7.0},{"damage":0.0,"enemies":"Looter","floor":13.0,"turns":5.0},{"damage":0.0,"enemies":"Exordium Thugs","floor":14.0,"turns":5.0},{"damage":14.0,"enemies":"The Guardian","floor":16.0,"turns":11.0},{"damage":4.0,"enemies":"Chosen","floor":18.0,"turns":7.0},{"damage":0.0,"enemies":"Spheric Guardian","floor":20.0,"turns":7.0},{"damage":0.0,"enemies":"Snecko","floor":21.0,"turns":8.0},{"damage":22.0,"enemies":"Gremlin Leader","floor":23.0,"turns":7.0},{"damage":0.0,"enemies":"Shelled Parasite and Fungi","floor":24.0,"turns":6.0},{"damage":0.0,"enemies":"Chosen and Byrds","floor":31.0,"turns":4.0},{"damage":0.0,"enemies":"Automaton","floor":33.0,"turns":8.0},{"damage":0.0,"enemies":"3 Darklings","floor":35.0,"turns":5.0},{"damage":8.0,"enemies":"Orb Walker","floor":37.0,"turns":5.0},{"damage":0.0,"enemies":"Maw","floor":38.0,"turns":7.0},{"damage":54.0,"enemies":"Giant Head","floor":40.0,"turns":10.0},{"damage":19.0,"enemies":"Spire Growth","floor":42.0,"turns":6.0},{"damage":11.0,"enemies":"Sphere and 2 Shapes","floor":45.0,"turns":5.0},{"damage":15,"enemies":"Donu and Deca","floor":50,"turns":8}],"seed_played":"-8231677145981811199","potions_obtained":[{"floor":7.0,"key":"FairyPotion"},{"floor":12.0,"key":"FearPotion"},{"floor":16.0,"key":"ColorlessPotion"},{"floor":23.0,"key":"DistilledChaos"},{"floor":33.0,"key":"DistilledChaos"},{"floor":38.0,"key":"SneckoOil"},{"floor":40.0,"key":"BlessingOfTheForge"}],"is_trial":false,"path_per_floor":["M","?","?","M","M","R","M","?","T","R","$","E","M","M","R","B",null,"M","?","M","M","?","E","M","?","T","R","?","$","R","M","R","B",null,"M","?","M","M","$","E","R","M","T","$","M","?","?","?","R","B",null],"character_chosen":"THE_SILENT","items_purchased":["Corpse Explosion","Blood Vial","TwistedFunnel","CultistPotion","Pen Nib"],"campfire_rested":5,"item_purchase_floors":[11,29,29,29,39],"current_hp_per_floor":[42,59,59,59,55,55,55,55,55,70,70,11,11,11,32,18,70,66,66,66,66,66,44,44,44,44,44,44,44,44,46,67,69,70,70,70,62,64,64,12,33,16,16,16,7,7,7,7,28,15],"gold":93,"neow_bonus":"RANDOM_COLORLESS_2","is_daily":false,"chose_seed":false,"campfire_upgraded":3,"win_rate":0.0,"timestamp":1607888039,"path_taken":["M","?","?","M","?","R","M","?","T","R","$","E","M","M","R","BOSS","M","?","M","M","?","E","M","?","T","R","?","$","R","?","R","BOSS","M","?","?","M","$","E","R","M","T","$","?","?","?","?","R","BOSS"],"items_purchased_type":["Card","Relic","Relic","Potion","Relic"],"build_version":"2020-11-30","purchased_purges":0,"victory":true,"max_hp_per_floor":[70,70,70,70,70,70,70,70,70,70,70,70,70,70,70,70,70,70,70,70,70,70,70,70,70,70,70,70,70,70,70,70,70,70,70,70,70,70,70,70,70,70,70,70,70,70,70,70,70,70],"relic_stats":{"Blood Vial":14,"counters":[22,142],"Sundial":[4],"Pen Nib":[4],"Black Star":1,"obtain_stats":[{"TwistedFunnel":29,"Potion Belt":40,"Thread and Needle":9,"Pen Nib":39,"Ancient Tea Set":40,"Mercury Hourglass":26,"Blood Vial":29,"SlaversCollar":17,"Sundial":23,"Molten Egg 2":43,"Black Star":34,"FossilizedHelix":12,"Ring of the Snake":0},{"TwistedFunnel":13,"Potion Belt":19,"Thread and Needle":4,"Pen Nib":18,"Ancient Tea Set":19,"Mercury Hourglass":13,"Blood Vial":13,"SlaversCollar":8,"Sundial":12,"Molten Egg 2":20,"Black Star":15,"FossilizedHelix":5,"Ring of the Snake":0},{"TwistedFunnel":84,"Potion Belt":123,"Thread and Needle":21,"Pen Nib":113,"Ancient Tea Set":123,"Mercury Hourglass":84,"Blood Vial":84,"SlaversCollar":49,"Sundial":78,"Molten Egg 2":129,"Black Star":96,"FossilizedHelix":28,"Ring of the Snake":0}],"Ring of the Snake":[46],"Mercury Hourglass":[215]},"card_choices":[{"not_picked":["Master of Strategy","Chrysalis"],"picked":"Magnetism","floor":0.0},{"not_picked":["Quick Slash","Terror"],"picked":"Leg Sweep","floor":1.0},{"not_picked":["Catalyst","Dagger Throw"],"picked":"Outmaneuver","floor":4.0},{"not_picked":["Backflip","Prepared"],"picked":"Caltrops","floor":5.0},{"not_picked":["All Out Attack","Quick Slash"],"picked":"Sucker Punch","floor":7.0},{"not_picked":["Acrobatics","Slice"],"picked":"Noxious Fumes","floor":12.0},{"not_picked":["Bane","Tactician"],"picked":"Deflect","floor":13.0},{"not_picked":["Quick Slash","Finisher"],"picked":"Endless Agony","floor":14.0},{"not_picked":["Tools of the Trade","Glass Knife"],"picked":"After Image","floor":16.0},{"not_picked":["Endless Agony","PiercingWail"],"picked":"Finisher","floor":18.0},{"not_picked":["Eviscerate+1","Tactician+1"],"picked":"Dash","floor":20.0},{"not_picked":["Riddle With Holes","Caltrops+1"],"picked":"Noxious Fumes","floor":21.0},{"not_picked":["Bane","Quick Slash+1"],"picked":"A Thousand Cuts","floor":23.0},{"not_picked":["Underhanded Strike","Blade Dance+1"],"picked":"Dash","floor":24.0},{"not_picked":["Quick Slash","Escape Plan"],"picked":"Deadly Poison+1","floor":31.0},{"not_picked":["Storm of Steel","Wraith Form v2"],"picked":"Adrenaline","floor":33.0},{"not_picked":["Escape Plan","Underhanded Strike+1"],"picked":"Caltrops","floor":35.0},{"not_picked":["PiercingWail+1","Calculated Gamble"],"picked":"Distraction+1","floor":37.0},{"not_picked":["Underhanded Strike+1","Dagger Throw+1"],"picked":"Deflect+1","floor":38.0},{"not_picked":["Riddle With Holes+1","Skewer+1"],"picked":"Crippling Poison+1","floor":40.0},{"not_picked":["Tactician","Dagger Spray"],"picked":"Noxious Fumes+1","floor":42.0},{"not_picked":["Acrobatics+1","Dagger Throw+1"],"picked":"Dodge and Roll","floor":45.0},{"not_picked":["Thinking Ahead","Swift Strike+1"],"picked":"Discovery","floor":46.0}],"player_experience":357517,"relics_obtained":[{"floor":9.0,"key":"Thread and Needle"},{"floor":12.0,"key":"FossilizedHelix"},{"floor":23.0,"key":"Sundial"},{"floor":26.0,"key":"Mercury Hourglass"},{"floor":40.0,"key":"Potion Belt"},{"floor":40.0,"key":"Ancient Tea Set"},{"floor":43.0,"key":"Molten Egg 2"}],"event_choices":[{"damage_healed":17.0,"max_hp_gain":0.0,"max_hp_loss":0.0,"gold_gain":0.0,"event_name":"The Cleric","player_choice":"Healed","floor":2.0,"gold_loss":35.0,"damage_taken":0.0},{"damage_healed":0.0,"max_hp_gain":0.0,"max_hp_loss":0.0,"gold_gain":0.0,"event_name":"Purifier","player_choice":"Ignored","floor":3.0,"gold_loss":0.0,"damage_taken":0.0},{"damage_healed":0.0,"max_hp_gain":0.0,"max_hp_loss":0.0,"gold_gain":0.0,"cards_transformed":["Strike_G"],"event_name":"Living Wall","player_choice":"Change","floor":8.0,"gold_loss":0.0,"damage_taken":0.0,"cards_obtained":["Outmaneuver"]},{"cards_removed":["Magnetism"],"damage_healed":0.0,"max_hp_gain":0.0,"max_hp_loss":0.0,"gold_gain":0.0,"event_name":"betterNote:BetterNote","player_choice":"Give","floor":19.0,"gold_loss":0.0,"damage_taken":0.0,"cards_obtained":["None"]},{"damage_healed":0.0,"max_hp_gain":0.0,"max_hp_loss":0.0,"gold_gain":0.0,"event_name":"Vampires","player_choice":"Ignored","floor":22.0,"gold_loss":0.0,"damage_taken":0.0},{"damage_healed":0.0,"max_hp_gain":0.0,"max_hp_loss":0.0,"gold_gain":99.0,"event_name":"Nest","player_choice":"Stole From Cult","floor":25.0,"gold_loss":0.0,"damage_taken":0.0},{"damage_healed":0.0,"max_hp_gain":0.0,"max_hp_loss":0.0,"gold_gain":0.0,"event_name":"Upgrade Shrine","player_choice":"Upgraded","floor":28.0,"gold_loss":0.0,"damage_taken":0.0,"cards_upgraded":["A Thousand Cuts"]},{"cards_removed":["Outmaneuver"],"damage_healed":5.0,"max_hp_gain":0.0,"max_hp_loss":0.0,"gold_gain":0.0,"event_name":"Bonfire Elementals","player_choice":"Offered Common","floor":36.0,"gold_loss":0.0,"damage_taken":0.0},{"cards_removed":["Outmaneuver"],"damage_healed":5.0,"max_hp_gain":0.0,"max_hp_loss":0.0,"gold_gain":0.0,"event_name":"Bonfire Elementals","player_choice":"Offered Special","floor":36.0,"gold_loss":0.0,"damage_taken":0.0},{"damage_healed":0.0,"max_hp_gain":0.0,"max_hp_loss":0.0,"gold_gain":0.0,"event_name":"SensoryStone","player_choice":"Memory 1","floor":46.0,"gold_loss":0.0,"damage_taken":0.0},{"cards_removed":["Sucker Punch"],"damage_healed":0.0,"max_hp_gain":0.0,"max_hp_loss":0.0,"gold_gain":0.0,"event_name":"Falling","player_choice":"Removed Attack","floor":47.0,"gold_loss":0.0,"damage_taken":0.0},{"damage_healed":0,"gold_gain":0,"player_choice":"Ignored","damage_taken":0,"max_hp_gain":0,"max_hp_loss":0,"event_name":"Mysterious Sphere","floor":48,"gold_loss":0}],"is_beta":false,"boss_relics":[{"not_picked":["Philosopher\u0027s Stone","Coffee Dripper"],"picked":"SlaversCollar"},{"not_picked":["Cursed Key","Calling Bell"],"picked":"Black Star"}],"items_purged_floors":[],"is_endless":false,"potions_floor_spawned":[7,12,16,20,21,23,33,35,38,40],"ascension_level":0}}