{"host":"avubdp6g9c73gpvt","time":1607823754,"event":{"mods":["BaseMod","Minty Spire (QoL Compilation)","StSLib"],"gold_per_floor":[113,129,129,4,17,17,45,45,45,64,64,29,43,63,63,63,63],"floor_reached":16,"playtime":1830,"items_purged":["Strike_B"],"score":179,"play_id":"4d269ed7-f87e-416c-ac2a-126412bc7b43","local_time":"20201212204234","is_ascension_mode":true,"campfire_choices":[{"data":"Dualcast","floor":6.0,"key":"SMITH"},{"data":"Streamline","floor":11.0,"key":"SMITH"},{"data":"Melter","floor":15.0,"key":"SMITH"}],"circlet_count":0,"master_deck":["AscendersBane","Strike_B","Defend_B+1","Defend_B","Defend_B","Defend_B","Zap","Dualcast+1","Gash","Melter+1","Hologram+1","Streamline+1"],"relics":["Cracked Core","Letter Opener","White Beast Statue"],"acts_visited":[],"potions_floor_usage":[16],"damage_taken":[{"damage":1.0,"enemies":"Cultist","floor":1.0,"turns":3.0},{"damage":2.0,"enemies":"Jaw Worm","floor":2.0,"turns":4.0},{"damage":0.0,"enemies":"2 Louse","floor":5.0,"turns":3.0},{"damage":10.0,"enemies":"3 Sentries","floor":7.0,"turns":7.0},{"damage":6.0,"enemies":"Looter","floor":10.0,"turns":3.0},{"damage":0.0,"enemies":"Large Slime","floor":13.0,"turns":2.0},{"damage":10.0,"enemies":"Lots of Slimes","floor":14.0,"turns":4.0},{"damage":6,"enemies":"Hexaghost","floor":16,"turns":9}],"seed_played":"-224104121182437756","potions_obtained":[{"floor":1.0,"key":"DistilledChaos"},{"floor":7.0,"key":"Strength Potion"},{"floor":10.0,"key":"DuplicationPotion"},{"floor":13.0,"key":"SpeedPotion"}],"is_trial":false,"path_per_floor":["M","M","?","$","M","R","E","?","T","M","R","?","M","M","R","B"],"character_chosen":"DEFECT","items_purchased":["Block Potion"],"campfire_rested":0,"item_purchase_floors":[4],"current_hp_per_floor":[63,61,54,54,54,54,44,23,23,17,17,34,34,24,24,18,18],"gold":63,"neow_bonus":"REMOVE_CARD","is_daily":false,"chose_seed":false,"campfire_upgraded":3,"win_rate":0.0,"timestamp":1607823754,"path_taken":["M","M","?","$","M","R","E","?","T","M","R","?","M","M","R","BOSS"],"items_purchased_type":["Potion"],"build_version":"2020-11-30","purchased_purges":1,"victory":false,"max_hp_per_floor":[71,71,71,71,71,71,71,71,71,71,71,71,71,71,71,71,71],"card_choices":[{"not_picked":["Blizzard","FTL"],"picked":"Gash","floor":1.0},{"not_picked":["Sweeping Beam","Consume"],"picked":"Melter","floor":2.0},{"not_picked":["Ball Lightning","Conserve Battery"],"picked":"Hologram","floor":5.0},{"not_picked":["Self Repair","Storm","Darkness"],"picked":"SKIP","floor":7.0},{"not_picked":["Heatsinks","Chill"],"picked":"Streamline","floor":10.0},{"not_picked":["Tempest","Compile Driver","Cold Snap"],"picked":"SKIP","floor":13.0},{"not_picked":["Redo","Cold Snap","Heatsinks"],"picked":"SKIP","floor":14.0}],"player_experience":934211,"relics_obtained":[{"floor":7.0,"key":"Letter Opener"},{"floor":9.0,"key":"White Beast Statue"}],"event_choices":[{"cards_removed":["Strike_B"],"damage_healed":0.0,"max_hp_gain":0.0,"max_hp_loss":0.0,"gold_gain":0.0,"event_name":"Golden Wing","player_choice":"Card Removal","floor":3.0,"gold_loss":0.0,"damage_taken":7.0},{"damage_healed":0.0,"max_hp_gain":0.0,"max_hp_loss":0.0,"gold_gain":0.0,"event_name":"Shining Light","player_choice":"Entered Light","floor":8.0,"gold_loss":0.0,"damage_taken":21.0,"cards_upgraded":["Defend_B","Hologram"]},{"damage_healed":17.0,"max_hp_gain":0.0,"max_hp_loss":0.0,"gold_gain":0.0,"event_name":"The Cleric","player_choice":"Healed","floor":12.0,"gold_loss":35.0,"damage_taken":0.0}],"is_beta":false,"boss_relics":[],"items_purged_floors":[4],"is_endless":false,"potions_floor_spawned":[1,7,10,13,14],"killed_by":"Hexaghost","ascension_level":15}}