{"host":"1tl36azeqm6yhdgj","time":1607900211,"event":{"mods":["AchievementEnabler","BaseMod","Minty Spire (QoL Compilation)","StSLib","The IronCluck","everything is the same but u backflip on backflip"],"gold_per_floor":[110,110,125,125,146,146,187,202,202,245,245,260,260,275,275,405,405,398,398,398,0,21,62,62,103,126,146,146],"floor_reached":27,"playtime":982,"items_purged":["Writhe"],"score":470,"play_id":"eb4b790e-8adb-40a3-8005-1a16b833923b","local_time":"20201213175651","is_ascension_mode":true,"campfire_choices":[{"data":"Cleave","floor":6.0,"key":"SMITH"},{"floor":11.0,"key":"REST"},{"data":"Uppercut","floor":15.0,"key":"SMITH"},{"data":"Bludgeon","floor":24.0,"key":"SMITH"}],"circlet_count":0,"master_deck":["AscendersBane","Strike_R","Defend_R","Defend_R","Defend_R","Defend_R","Bash","Feel No Pain","Rupture","Uppercut+1","Cleave+1","Anger","Thunderclap","Hemokinesis","Fire Breathing","Bludgeon+1","Rage","Feed","Warcry","HandOfGreed","Inflame+1"],"relics":["Burning Blood","CultistMask","Golden Idol","Blood Vial","Ornamental Fan","Meat on the Bone","Empty Cage","Singing Bowl","Red Skull","Frozen Egg 2"],"acts_visited":["Exordium","TheCity"],"potions_floor_usage":[25,25],"damage_taken":[{"damage":18.0,"enemies":"Jaw Worm","floor":1.0,"turns":4.0},{"damage":5.0,"enemies":"Cultist","floor":3.0,"turns":4.0},{"damage":9.0,"enemies":"2 Louse","floor":5.0,"turns":3.0},{"damage":30.0,"enemies":"Lagavulin","floor":7.0,"turns":7.0},{"damage":8.0,"enemies":"Blue Slaver","floor":8.0,"turns":4.0},{"damage":31.0,"enemies":"3 Sentries","floor":10.0,"turns":8.0},{"damage":13.0,"enemies":"Gremlin Gang","floor":12.0,"turns":4.0},{"damage":0.0,"enemies":"Lagavulin","floor":13.0,"turns":1.0},{"damage":9.0,"enemies":"Looter","floor":14.0,"turns":3.0},{"damage":2.0,"enemies":"Slime Boss","floor":16.0,"turns":7.0},{"damage":33.0,"enemies":"2 Thieves","floor":18.0,"turns":4.0},{"damage":2.0,"enemies":"Spheric Guardian","floor":22.0,"turns":3.0},{"damage":41.0,"enemies":"Slavers","floor":23.0,"turns":4.0},{"damage":39,"enemies":"Snecko","floor":25,"turns":4},{"damage":45,"enemies":"Shelled Parasite and Fungi","floor":27,"turns":4}],"seed_played":"1608444996748903785","potions_obtained":[{"floor":1.0,"key":"Regen Potion"},{"floor":7.0,"key":"Block Potion"},{"floor":10.0,"key":"Regen Potion"},{"floor":12.0,"key":"SmokeBomb"},{"floor":14.0,"key":"LiquidMemories"},{"floor":20.0,"key":"Fire Potion"},{"floor":22.0,"key":"LiquidMemories"},{"floor":23.0,"key":"SteroidPotion"}],"is_trial":false,"path_per_floor":["M","?","M","?","M","R","E","M","T","E","R","M","E","M","R","B",null,"M","?","?","$","M","E","R","M","T","M"],"character_chosen":"IRONCLAD","items_purchased":["HandOfGreed","Red Skull"],"campfire_rested":1,"item_purchase_floors":[21,21],"current_hp_per_floor":[60,60,61,43,40,40,31,31,31,8,29,36,44,43,43,49,66,44,44,44,44,55,37,37,32,32,0,0],"gold":146,"neow_bonus":"TRANSFORM_TWO_CARDS","is_daily":false,"chose_seed":false,"campfire_upgraded":3,"win_rate":0.0,"timestamp":1607900211,"path_taken":["M","?","?","?","M","R","E","M","T","E","R","M","E","M","R","BOSS","M","?","?","$","M","E","R","?","T","M"],"items_purchased_type":["Card","Relic"],"build_version":"2020-11-30","purchased_purges":1,"victory":false,"max_hp_per_floor":[72,72,72,72,72,72,72,72,72,72,72,72,72,72,72,72,72,75,75,75,75,80,83,83,85,85,85,85],"card_choices":[{"not_picked":["Intimidate","Headbutt"],"picked":"Uppercut","floor":1.0},{"not_picked":["Shrug It Off","Heavy Blade"],"picked":"Cleave","floor":3.0},{"not_picked":["Perfected Strike","True Grit"],"picked":"Anger","floor":5.0},{"not_picked":["Anger","Armaments"],"picked":"Thunderclap","floor":7.0},{"not_picked":["Iron Wave","Headbutt"],"picked":"Hemokinesis","floor":8.0},{"not_picked":["Seeing Red","Ghostly Armor"],"picked":"Fire Breathing","floor":10.0},{"not_picked":["Warcry","Headbutt"],"picked":"Bludgeon","floor":12.0},{"not_picked":["Havoc","Ghostly Armor"],"picked":"Rage","floor":14.0},{"not_picked":["Corruption","Double Tap"],"picked":"Feed","floor":16.0},{"not_picked":["Power Through","Thunderclap+1"],"picked":"Warcry","floor":18.0},{"not_picked":["Sword Boomerang","Thunderclap+1","Cleave"],"picked":"Singing Bowl","floor":22.0},{"not_picked":["Carnage","Iron Wave"],"picked":"Inflame+1","floor":23.0},{"not_picked":["Second Wind","Pommel Strike","Havoc"],"picked":"Singing Bowl","floor":25}],"player_experience":1921529,"relics_obtained":[{"floor":7.0,"key":"Blood Vial"},{"floor":9.0,"key":"Ornamental Fan"},{"floor":10.0,"key":"Meat on the Bone"},{"floor":23.0,"key":"Frozen Egg 2"}],"event_choices":[{"damage_healed":0.0,"max_hp_gain":0.0,"max_hp_loss":0.0,"gold_gain":0.0,"event_name":"FaceTrader","player_choice":"Trade","floor":2.0,"gold_loss":0.0,"damage_taken":0.0,"relics_obtained":["CultistMask"]},{"damage_healed":0.0,"max_hp_gain":0.0,"max_hp_loss":0.0,"gold_gain":0.0,"event_name":"Golden Idol","player_choice":"Take Damage","floor":4.0,"gold_loss":0.0,"damage_taken":18.0,"relics_obtained":["Golden Idol"]},{"damage_healed":0.0,"max_hp_gain":0.0,"max_hp_loss":0.0,"gold_gain":0.0,"event_name":"The Mausoleum","player_choice":"Opened","floor":19.0,"gold_loss":0.0,"damage_taken":0.0,"relics_obtained":["Singing Bowl"],"cards_obtained":["Writhe"]},{"damage_healed":0.0,"max_hp_gain":0.0,"max_hp_loss":0.0,"gold_gain":0.0,"event_name":"Lab","player_choice":"Got Potions","floor":20.0,"gold_loss":0.0,"damage_taken":0.0}],"is_beta":false,"boss_relics":[{"not_picked":["Tiny House","Runic Dome"],"picked":"Empty Cage"}],"items_purged_floors":[21],"is_endless":false,"potions_floor_spawned":[1,7,10,12,13,14,22,23],"killed_by":"Shelled Parasite and Fungi","ascension_level":11}}