{"host":"ncjvx38sfs73mj1s","time":1607831916,"event":{"mods":["BaseMod","KinomotoSakuraMod(木之本樱)","Marisa（F雨　魔理沙）","Minty Spire (QoL Compilation)","Remilia（蕾米莉亚）","The Servant 0.9.4","Yuyuko"],"gold_per_floor":[119,119,119,136,136,167,167,187,211,223,237,257,272,272,272,369,369,386,25,36,36,36,36,68,68,121,141,141,91,91,24,24,129,179,193,204,154,171,191,191,210,239,266,266,266,279,279,296,296,296],"floor_reached":51,"playtime":3063,"items_purged":["Regret","Strike_MRS","Strike_MRS"],"score":724,"play_id":"d8bc800b-aeac-4e32-93c6-5685d6ba1a07","local_time":"20201213115836","is_ascension_mode":false,"campfire_choices":[{"data":"MilkyWay","floor":7.0,"key":"SMITH"},{"data":"DragonMeteor","floor":15.0,"key":"SMITH"},{"floor":23.0,"key":"REST"},{"data":"EscapeVelocity","floor":25,"key":"SMITH"},{"floor":28,"key":"REST"},{"floor":32,"key":"REST"},{"floor":40,"key":"REST"},{"floor":44,"key":"REST"},{"floor":47,"key":"REST"},{"floor":49,"key":"REST"}],"circlet_count":0,"master_deck":["Strike_MRS","Strike_MRS","Defend_MRS+1","Defend_MRS+1","Defend_MRS","Defend_MRS","UpSweep+1","GalacticHalo","DarkSpark+1","MilkyWay+1","ShootingEcho","Orbital","DragonMeteor+1","SuperNova","IllusionStar+1","EscapeVelocity+1","Parasite","Parasite","MagicAbsorber","ManaConvection","BinaryStars","PulseMagic","AsteroidBelt+1","WitchLeyline","NonDirectionalLaser+1","EnergyFlow+1","BlazeAway+1","MeteoricShower+1"],"relics":["MiniHakkero","NeowsBlessing","Nunchaku","Smiling Mask","ExperimentalFamiliar","SimpleLauncher","Nloth\u0027s Gift","AntiCross","ShroomBag","Meat on the Bone","Tiny House","Pen Nib","Bronze Scales"],"acts_visited":["Exordium","TheCity","TheBeyond"],"potions_floor_usage":[33,33,42,50],"damage_taken":[{"damage":0.0,"enemies":"Cultist","floor":1.0,"turns":1.0},{"damage":0.0,"enemies":"2 Louse","floor":4.0,"turns":1.0},{"damage":0.0,"enemies":"Lagavulin","floor":6.0,"turns":1.0},{"damage":2.0,"enemies":"Small Slimes","floor":8.0,"turns":3.0},{"damage":1.0,"enemies":"2 Fungi Beasts","floor":10.0,"turns":4.0},{"damage":0.0,"enemies":"Exordium Thugs","floor":11.0,"turns":3.0},{"damage":3.0,"enemies":"Exordium Wildlife","floor":12.0,"turns":2.0},{"damage":1.0,"enemies":"Large Slime","floor":13.0,"turns":5.0},{"damage":58.0,"enemies":"The Guardian","floor":16.0,"turns":9.0},{"damage":13.0,"enemies":"Shell Parasite","floor":18.0,"turns":3.0},{"damage":20.0,"enemies":"3 Byrds","floor":20.0,"turns":5.0},{"damage":26,"enemies":"Gremlin Leader","floor":24,"turns":4},{"damage":12,"enemies":"Centurion and Healer","floor":27,"turns":2},{"damage":33,"enemies":"Collector","floor":33,"turns":8},{"damage":18,"enemies":"3 Shapes","floor":35,"turns":3},{"damage":14,"enemies":"3 Darklings","floor":36,"turns":2},{"damage":10,"enemies":"Sphere and 2 Shapes","floor":38,"turns":3},{"damage":24,"enemies":"Writhing Mass","floor":39,"turns":4},{"damage":34,"enemies":"Jaw Worm Horde","floor":41,"turns":4},{"damage":50,"enemies":"Giant Head","floor":42,"turns":6},{"damage":28,"enemies":"3 Darklings","floor":46,"turns":3},{"damage":9,"enemies":"4 Shapes","floor":48,"turns":4},{"damage":79,"enemies":"Awakened One","floor":50,"turns":7}],"seed_played":"-1185797535347939880","potions_obtained":[{"floor":4.0,"key":"BlessingOfTheForge"},{"floor":8.0,"key":"BlessingOfTheForge"},{"floor":11.0,"key":"Weak Potion"},{"floor":18.0,"key":"Energy Potion"},{"floor":34,"key":"CultistPotion"},{"floor":35,"key":"PowerPotion"},{"floor":42,"key":"SteroidPotion"},{"floor":46,"key":"Fire Potion"},{"floor":48,"key":"Fire Potion"}],"is_trial":false,"path_per_floor":["M","?","$","M","?","E","R","M","T","M","M","M","M","?","R","B",null,"M","$","M","?","$","R","E","R","T","M","R","$","T","$","R","B",null,"M","M","$","M","M","R","M","E","T","R","?","M","R","M","R","B",null],"character_chosen":"MARISA","items_purchased":["SimpleLauncher","ManaConvection"],"campfire_rested":7,"item_purchase_floors":[19,31],"current_hp_per_floor":[75,60,60,60,60,60,60,58,58,57,57,54,53,59,59,1,81,68,68,48,48,48,72,46,46,46,38,62,62,62,62,81,49,86,70,58,58,54,46,71,53,19,19,44,44,32,57,52,77,16],"gold":296,"neow_bonus":"THREE_ENEMY_KILL","is_daily":false,"chose_seed":false,"campfire_upgraded":3,"win_rate":0.0,"timestamp":1607831916,"path_taken":["M","?","$","M","?","E","R","?","T","M","M","M","M","?","R","BOSS","M","$","M","?","?","R","E","R","T","M","R","$","?","$","R","BOSS","M","M","$","M","M","R","M","E","T","R","?","M","R","M","R","BOSS"],"items_purchased_type":["Relic","Card"],"build_version":"2020-11-30","purchased_purges":3,"victory":true,"max_hp_per_floor":[75,75,75,75,75,75,75,75,75,75,75,75,75,81,81,81,81,81,81,81,81,81,81,81,81,81,81,81,81,81,81,81,81,86,86,86,86,86,86,86,86,86,86,86,86,86,86,86,86,86],"card_choices":[{"not_picked":["PowerUp","UnstableBomb"],"picked":"GalacticHalo","floor":1.0},{"not_picked":["LuminesStrike","EventHorizon"],"picked":"DarkSpark","floor":4.0},{"not_picked":["CollectingQuirk","EarthLightRay"],"picked":"MilkyWay","floor":6.0},{"not_picked":["6A","IllusionStar","SporeBomb"],"picked":"SKIP","floor":8.0},{"not_picked":["NonDirectionalLaser","UnstableBomb"],"picked":"ShootingEcho","floor":10.0},{"not_picked":["PulseMagic","DarkMatter"],"picked":"Orbital","floor":11.0},{"not_picked":["PowerUp","UnstableBomb","MysteriousBeam"],"picked":"SKIP","floor":12.0},{"not_picked":["GravityBeat","MysteriousBeam"],"picked":"DragonMeteor","floor":13.0},{"not_picked":["BigCrunch","FinalSpark"],"picked":"SuperNova","floor":16.0},{"not_picked":["GalacticHalo","PowerUp","WitchOfGreed"],"picked":"SKIP","floor":18.0},{"not_picked":["Acceleration","PulseMagic"],"picked":"IllusionStar+1","floor":20.0},{"not_picked":["ShootingEcho","Singularity"],"picked":"EscapeVelocity","floor":24},{"not_picked":["IllusionStar","GravityBeat+1"],"picked":"MagicAbsorber","floor":27},{"not_picked":["TreasureHunter","SuperNova"],"picked":"BinaryStars","floor":33},{"not_picked":["Acceleration","WitchOfGreed+1"],"picked":"PulseMagic","floor":34},{"not_picked":["NonDirectionalLaser+1","6A+1"],"picked":"AsteroidBelt+1","floor":35},{"not_picked":["DC","ShootingEcho+1"],"picked":"WitchLeyline","floor":36},{"not_picked":["PowerUp+1","WitchOfGreed"],"picked":"NonDirectionalLaser+1","floor":38},{"not_picked":["PulseMagic+1","Acceleration"],"picked":"EnergyFlow+1","floor":39},{"not_picked":["DeepEcoloBomb","LuminesStrike"],"picked":"BlazeAway+1","floor":41},{"not_picked":["OortCloud+1","IllusionStar"],"picked":"MeteoricShower+1","floor":42},{"not_picked":["Acceleration+1","ManaConvection+1","NonDirectionalLaser"],"picked":"SKIP","floor":46},{"not_picked":["RefractionSpark+1","OpenUniverse+1","6A+1"],"picked":"SKIP","floor":48}],"player_experience":74187,"relics_obtained":[{"floor":6.0,"key":"Nunchaku"},{"floor":9.0,"key":"Smiling Mask"},{"floor":24,"key":"AntiCross"},{"floor":26,"key":"ShroomBag"},{"floor":30,"key":"Meat on the Bone"},{"floor":42,"key":"Pen Nib"},{"floor":43,"key":"Bronze Scales"}],"event_choices":[{"damage_healed":0.0,"max_hp_gain":0.0,"max_hp_loss":0.0,"gold_gain":0.0,"event_name":"Shining Light","player_choice":"Entered Light","floor":2.0,"gold_loss":0.0,"damage_taken":15.0,"cards_upgraded":["Defend_MRS","Defend_MRS"]},{"damage_healed":0.0,"max_hp_gain":0.0,"max_hp_loss":0.0,"gold_gain":0.0,"event_name":"Upgrade Shrine","player_choice":"Upgraded","floor":5.0,"gold_loss":0.0,"damage_taken":0.0,"cards_upgraded":["DarkSpark"]},{"damage_healed":0.0,"max_hp_gain":0.0,"max_hp_loss":0.0,"gold_gain":0.0,"event_name":"Big Fish","player_choice":"Box","floor":14.0,"gold_loss":0.0,"damage_taken":0.0,"relics_obtained":["Darkstone Periapt"],"cards_obtained":["Regret"]},{"damage_healed":0.0,"max_hp_gain":0.0,"max_hp_loss":0.0,"gold_gain":0.0,"event_name":"N\u0027loth","player_choice":"Traded Relic","floor":21.0,"relics_lost":["Darkstone Periapt"],"gold_loss":0.0,"damage_taken":0.0,"relics_obtained":["Nloth\u0027s Gift"]},{"cards_removed":["MasterSpark"],"damage_healed":0,"gold_gain":0,"player_choice":"Offered Basic","damage_taken":0,"max_hp_gain":0,"max_hp_loss":0,"event_name":"Bonfire Elementals","floor":45,"gold_loss":0}],"is_beta":false,"boss_relics":[{"not_picked":["Cursed Key","Ectoplasm"],"picked":"ExperimentalFamiliar"},{"not_picked":["Fusion Hammer","Velvet Choker"],"picked":"Tiny House"}],"items_purged_floors":[19,29,37],"is_endless":false,"potions_floor_spawned":[4,8,11,13,18,27,35,38,42,46,48],"ascension_level":0}}