{"host":"ow9msrs9p2ctkx99","time":1607875615,"event":{"mods":["AchievementEnabler","BaseMod","Colored Map","Colored Powertips","Minty Spire (QoL Compilation)","Permanent Neow","Quick Restart","SuperFastMode"],"gold_per_floor":[118,193,211,386,19,53,53,53,53,53,71,110,130,153,153,272,272,290,34,48,48,323,323,352,49,49,60,60,94,94,122,122,227,227,241,241,241,261,136,167,167,187,213,213,230,260,260,20,20,20,20],"floor_reached":50,"playtime":1150,"items_purged":["Doubt","Strike_B","Regret","Doubt"],"score":907,"play_id":"023d0bb2-5933-4182-957a-4d0be71c2386","local_time":"20201213170655","is_ascension_mode":true,"campfire_choices":[{"data":"Coolheaded","floor":8.0,"key":"SMITH"},{"data":"Dualcast","floor":10.0,"key":"SMITH"},{"floor":15.0,"key":"REST"},{"data":"Reinforced Body","floor":23.0,"key":"SMITH"},{"data":"Electrodynamics","floor":28.0,"key":"SMITH"},{"floor":32.0,"key":"RECALL"},{"data":"White Noise","floor":41.0,"key":"SMITH"},{"data":"Lockon","floor":44.0,"key":"SMITH"},{"data":"Biased Cognition","floor":47.0,"key":"SMITH"},{"data":"Loop","floor":49.0,"key":"SMITH"}],"circlet_count":0,"master_deck":["AscendersBane","Strike_B","Strike_B","Defend_B","Defend_B","Defend_B","Zap","Dualcast+1","Lockon+1","Coolheaded+1","Compile Driver","Reinforced Body+1","Compile Driver","Cold Snap","FTL","Electrodynamics+1","Chaos+1","Turbo","Rebound","Core Surge","Writhe","Go for the Eyes+1","Conserve Battery","Biased Cognition+1","White Noise+1","Seek","Hologram+1","Undo","Consume+1","Loop+1","White Noise+1","Good Instincts"],"relics":["Cracked Core","DataDisk","MealTicket","Bottled Lightning","Bloody Idol","Lizard Tail","Juzu Bracelet","Cursed Key","Chemical X","Gambling Chip","Akabeko","Turnip","Red Mask","PreservedInsect","SacredBark","Eternal Feather","Bag of Preparation"],"acts_visited":["Exordium","TheCity","TheBeyond"],"potions_floor_usage":[50,50],"damage_taken":[{"damage":1.0,"enemies":"Cultist","floor":1.0,"turns":3.0},{"damage":7.0,"enemies":"Jaw Worm","floor":3.0,"turns":2.0},{"damage":18.0,"enemies":"Lagavulin","floor":6.0,"turns":5.0},{"damage":0.0,"enemies":"2 Louse","floor":11.0,"turns":2.0},{"damage":23.0,"enemies":"3 Sentries","floor":12.0,"turns":10.0},{"damage":0.0,"enemies":"Blue Slaver","floor":13.0,"turns":2.0},{"damage":5.0,"enemies":"Large Slime","floor":14.0,"turns":5.0},{"damage":27.0,"enemies":"Hexaghost","floor":16.0,"turns":16.0},{"damage":30.0,"enemies":"2 Thieves","floor":18.0,"turns":4.0},{"damage":0.0,"enemies":"Shell Parasite","floor":20.0,"turns":3.0},{"damage":4.0,"enemies":"Gremlin Leader","floor":24.0,"turns":8.0},{"damage":0.0,"enemies":"Snecko","floor":27.0,"turns":3.0},{"damage":4.0,"enemies":"Masked Bandits","floor":29.0,"turns":3.0},{"damage":11.0,"enemies":"Book of Stabbing","floor":31.0,"turns":4.0},{"damage":54.0,"enemies":"Collector","floor":33.0,"turns":7.0},{"damage":4.0,"enemies":"Orb Walker","floor":35.0,"turns":2.0},{"damage":2.0,"enemies":"3 Shapes","floor":38.0,"turns":3.0},{"damage":12.0,"enemies":"Reptomancer","floor":40.0,"turns":4.0},{"damage":21.0,"enemies":"Jaw Worm Horde","floor":42.0,"turns":2.0},{"damage":0.0,"enemies":"Sphere and 2 Shapes","floor":45.0,"turns":2.0},{"damage":26.0,"enemies":"Giant Head","floor":46.0,"turns":7.0},{"damage":73,"enemies":"Time Eater","floor":50,"turns":12}],"seed_played":"-102429389657548165","potions_obtained":[{"floor":3.0,"key":"Block Potion"},{"floor":11.0,"key":"ColorlessPotion"},{"floor":16.0,"key":"EssenceOfSteel"},{"floor":29.0,"key":"Block Potion"},{"floor":31.0,"key":"SteroidPotion"},{"floor":33.0,"key":"Ancient Potion"},{"floor":46.0,"key":"Energy Potion"}],"is_trial":false,"path_per_floor":["M","?","M","?","$","E","?","R","T","R","M","E","M","M","R","B",null,"M","$","M","?","?","R","E","$","T","M","R","?","?","E","R","B",null,"M","?","?","M","$","E","R","M","T","R","M","E","R","$","R","B"],"character_chosen":"DEFECT","items_purchased":["DataDisk","MealTicket","Chemical X","Akabeko","Core Surge","Good Instincts"],"campfire_rested":1,"item_purchase_floors":[5,5,19,25,25,48],"current_hp_per_floor":[67,56,49,49,49,31,31,31,31,31,31,8,8,3,23,34,60,30,45,45,45,50,50,51,66,66,69,69,69,69,63,63,14,55,56,56,56,59,66,59,66,50,55,66,66,45,63,66,66,0,0],"gold":20,"neow_bonus":"REMOVE_CARD","is_daily":false,"chose_seed":false,"campfire_upgraded":8,"win_rate":0.0,"timestamp":1607875615,"path_taken":["M","?","M","?","$","E","?","R","T","R","M","E","M","M","R","BOSS","M","$","M","?","?","R","E","$","T","M","R","?","?","E","R","BOSS","M","?","?","M","$","E","R","M","T","R","M","E","R","?","R","BOSS"],"items_purchased_type":["Relic","Relic","Relic","Relic","Card","Card"],"build_version":"2020-11-30","purchased_purges":4,"victory":false,"max_hp_per_floor":[75,75,75,75,75,75,69,69,69,69,69,69,69,69,69,69,69,69,69,69,69,69,69,69,69,69,69,69,69,69,69,69,69,69,69,69,66,66,66,66,66,66,66,66,66,66,66,66,66,66,66],"card_choices":[{"not_picked":["Steam","Go for the Eyes"],"picked":"Lockon","floor":1.0},{"not_picked":["Sweeping Beam","Streamline"],"picked":"Coolheaded","floor":3.0},{"not_picked":["Conserve Battery","Sweeping Beam"],"picked":"Compile Driver","floor":6.0},{"not_picked":["Blizzard","Streamline"],"picked":"Reinforced Body","floor":11.0},{"not_picked":["Conserve Battery","Steam"],"picked":"Compile Driver","floor":12.0},{"not_picked":["Conserve Battery","Thunder Strike"],"picked":"Cold Snap","floor":13.0},{"not_picked":["Coolheaded","Turbo"],"picked":"FTL","floor":14.0},{"not_picked":["Machine Learning","Rainbow"],"picked":"Electrodynamics","floor":16.0},{"not_picked":["Loop+1","Steam"],"picked":"Chaos+1","floor":18.0},{"not_picked":["Lockon","Streamline+1"],"picked":"Turbo","floor":20.0},{"not_picked":["Hologram","Storm"],"picked":"Rebound","floor":24.0},{"not_picked":["Conserve Battery","Turbo"],"picked":"Go for the Eyes+1","floor":27.0},{"not_picked":["Chaos","Cold Snap"],"picked":"Conserve Battery","floor":29.0},{"not_picked":["Barrage","Hello World"],"picked":"White Noise","floor":31.0},{"not_picked":["Machine Learning","Amplify"],"picked":"Seek","floor":33.0},{"not_picked":["Sweeping Beam+1","Steam"],"picked":"Hologram+1","floor":35.0},{"not_picked":["Leap","Go for the Eyes+1"],"picked":"Undo","floor":38.0},{"not_picked":["Steam Power","Gash"],"picked":"Consume+1","floor":40.0},{"not_picked":["Barrage","Gash+1","Beam Cell"],"picked":"SKIP","floor":42.0},{"not_picked":["Rebound+1","Electrodynamics"],"picked":"Loop","floor":45.0},{"not_picked":["Lockon","Ball Lightning+1"],"picked":"White Noise+1","floor":46.0}],"player_experience":1017689,"relics_obtained":[{"floor":6.0,"key":"Bottled Lightning"},{"floor":9.0,"key":"Lizard Tail"},{"floor":12.0,"key":"Juzu Bracelet"},{"floor":24.0,"key":"Gambling Chip"},{"floor":26.0,"key":"Turnip"},{"floor":29.0,"key":"Red Mask"},{"floor":31.0,"key":"PreservedInsect"},{"floor":40.0,"key":"Eternal Feather"},{"floor":46.0,"key":"Bag of Preparation"}],"event_choices":[{"damage_healed":0.0,"max_hp_gain":0.0,"max_hp_loss":0.0,"gold_gain":75.0,"event_name":"World of Goop","player_choice":"Gather Gold","floor":2.0,"gold_loss":0.0,"damage_taken":11.0},{"damage_healed":0.0,"max_hp_gain":0.0,"max_hp_loss":0.0,"gold_gain":175.0,"event_name":"Liars Game","player_choice":"AGREE","floor":4.0,"gold_loss":0.0,"damage_taken":0.0,"cards_obtained":["Doubt"]},{"damage_healed":0.0,"max_hp_gain":0.0,"max_hp_loss":6.0,"gold_gain":0.0,"event_name":"Golden Idol","player_choice":"Lose Max HP","floor":7.0,"gold_loss":0.0,"damage_taken":0.0,"relics_obtained":["Golden Idol"]},{"damage_healed":0.0,"max_hp_gain":0.0,"max_hp_loss":0.0,"gold_gain":0.0,"event_name":"Forgotten Altar","player_choice":"Gave Idol","floor":21.0,"relics_lost":["Golden Idol"],"gold_loss":0.0,"damage_taken":0.0,"relics_obtained":["Bloody Idol"]},{"damage_healed":0.0,"max_hp_gain":0.0,"max_hp_loss":0.0,"gold_gain":275.0,"event_name":"Golden Shrine","player_choice":"Desecrate","floor":22.0,"gold_loss":0.0,"damage_taken":0.0,"cards_obtained":["Regret"]},{"damage_healed":0.0,"max_hp_gain":0.0,"max_hp_loss":0.0,"gold_gain":0.0,"event_name":"Masked Bandits","player_choice":"Fought Bandits","floor":29.0,"gold_loss":0.0,"damage_taken":0.0},{"damage_healed":0.0,"max_hp_gain":0.0,"max_hp_loss":0.0,"gold_gain":0.0,"event_name":"The Library","player_choice":"Read","floor":30.0,"gold_loss":0.0,"damage_taken":0.0,"cards_obtained":["Biased Cognition"]},{"cards_removed":["Defend_B"],"damage_healed":0.0,"max_hp_gain":0.0,"max_hp_loss":0.0,"gold_gain":0.0,"event_name":"Falling","player_choice":"Removed Skill","floor":36.0,"gold_loss":0.0,"damage_taken":0.0},{"damage_healed":0.0,"max_hp_gain":0.0,"max_hp_loss":3.0,"gold_gain":0.0,"event_name":"Winding Halls","player_choice":"Max HP","floor":37.0,"gold_loss":0.0,"damage_taken":0.0}],"is_beta":false,"boss_relics":[{"not_picked":["Pandora\u0027s Box","Snecko Eye"],"picked":"Cursed Key"},{"not_picked":["Fusion Hammer","Busted Crown"],"picked":"SacredBark"}],"items_purged_floors":[5,19,39,48],"is_endless":false,"potions_floor_spawned":[3,11,16,29,31,33,35,38,46],"killed_by":"Time Eater","ascension_level":11}}