{"host":"7sngik4anfkwrhe0","time":1607832657,"event":{"mods":["BaseMod","GifTheSpireLib","HololiveMod","Marisa（F雨　魔理沙）","Minty Spire (QoL Compilation)","StSLib","The Administrix","The Animator","The Cursed","The Senshi","The Servant 0.9.4","Waifu the Spire","WarShipGirlsR/战舰少女R mod"],"gold_per_floor":[116,132,132,132,151,184,184],"floor_reached":6,"playtime":422,"items_purged":[],"score":46,"play_id":"336494d1-3f95-402c-b121-9779652b9483","local_time":"20201213121057","is_ascension_mode":false,"campfire_choices":[],"circlet_count":0,"master_deck":["AdministrixMod:Strike_Administrix","AdministrixMod:Strike_Administrix","AdministrixMod:Strike_Administrix","AdministrixMod:Strike_Administrix","AdministrixMod:RedCloak","AdministrixMod:Defend_Administrix","AdministrixMod:Defend_Administrix","AdministrixMod:Defend_Administrix","AdministrixMod:BlueCloak","AdministrixMod:SyncreticSurge","AdministrixMod:CenturiesAscent","Iron Wave","AdministrixMod:ArmillarySphere"],"relics":["AdministrixMod:ConductorRitualBaton","NeowsBlessing","Golden Idol","StoneCalendar"],"acts_visited":["Exordium"],"potions_floor_usage":[],"damage_taken":[{"damage":0,"enemies":"2 Louse","floor":1,"turns":1},{"damage":0,"enemies":"Cultist","floor":2,"turns":1},{"damage":0,"enemies":"Small Slimes","floor":5,"turns":1},{"damage":40,"enemies":"Gremlin Nob","floor":6,"turns":6}],"seed_played":"-5384803276047134648","potions_obtained":[{"floor":1,"key":"PowerPotion"},{"floor":5,"key":"BlessingOfTheForge"}],"is_trial":false,"path_per_floor":["M","M","?","?","M","E"],"character_chosen":"TheAdministrix","items_purchased":[],"campfire_rested":0,"item_purchase_floors":[],"current_hp_per_floor":[65,65,49,49,49,9,9],"gold":184,"neow_bonus":"THREE_ENEMY_KILL","is_daily":false,"chose_seed":false,"campfire_upgraded":0,"win_rate":0.0,"timestamp":1607832657,"path_taken":["M","M","?","?","M","E"],"items_purchased_type":[],"build_version":"2020-11-30","purchased_purges":0,"victory":false,"max_hp_per_floor":[65,65,65,65,65,65,65],"card_choices":[{"not_picked":["AdministrixMod:SeventeenArticleLaser","AdministrixMod:WickedPunishment"],"picked":"AdministrixMod:SyncreticSurge","floor":1},{"not_picked":["AdministrixMod:RisingSunPrince","AdministrixMod:ShadowPlay"],"picked":"AdministrixMod:CenturiesAscent","floor":2},{"not_picked":["AdministrixMod:ImmortalGrace","AdministrixMod:TouchOfCinnabar"],"picked":"AdministrixMod:ArmillarySphere","floor":5}],"player_experience":265495,"relics_obtained":[{"floor":6,"key":"StoneCalendar"}],"event_choices":[{"damage_healed":0,"gold_gain":0,"player_choice":"Take Damage","damage_taken":16,"relics_obtained":["Golden Idol"],"max_hp_gain":0,"max_hp_loss":0,"event_name":"Golden Idol","floor":3,"gold_loss":0},{"cards_removed":["AdministrixMod:Defend_Administrix"],"damage_healed":0,"gold_gain":0,"player_choice":"Took Card","damage_taken":0,"max_hp_gain":0,"max_hp_loss":0,"event_name":"NoteForYourself","floor":4,"gold_loss":0,"cards_obtained":["Iron Wave"]}],"is_beta":false,"boss_relics":[],"items_purged_floors":[],"is_endless":false,"potions_floor_spawned":[1,5],"killed_by":"Gremlin Nob","ascension_level":0}}