{"host":"exexdi9os29xec1d","time":1607855606,"event":{"mods":["Act Like it!","BaseMod","Colored Map","Conspire","Downfall","Gensokyo","Hero for Fun","Hubris","Infinite Spire","Marisa（F雨　魔理沙）","Minty Spire (QoL Compilation)","READ ME - Guardian Mod","Remilia（蕾米莉亚）","Replay The Spire","Shop Mod","StSLib","The Animator","The Bug Knight","The Cursed","The Disciple","The Hierophant","The Necromancer","The Servant 0.9.4","Youmu（魂魄妖梦）","[地精首领爬塔]The Maniac"],"gold_per_floor":[110,120,130,141,157,257,273,283,283,294,309,309,309,132,132,132,132],"floor_reached":16,"playtime":5569,"items_purged":[],"score":98,"play_id":"3026015b-36d5-45ff-9688-07e9038c502d","local_time":"20201213183326","is_ascension_mode":false,"campfire_choices":[{"data":"HollowMod:PogoStrike","floor":13,"key":"SMITH"}],"circlet_count":0,"master_deck":["HollowMod:NailStrikeStart","HollowMod:NailStrikeStart","HollowMod:NailStrikeStart","HollowMod:NailStrikeStart","HollowMod:QuickDashStart","HollowMod:QuickDashStart","HollowMod:QuickDashStart","HollowMod:QuickDashStart","HollowMod:FocusHealStart","HollowMod:PogoStrike+1","HollowMod:VengefulVoid","HollowMod:DescendingDark","HollowMod:DashSlash","HollowMod:VengefulVoid+1","HollowMod:ShadowDash","HollowMod:DescendingDark","HollowMod:ShadowDash","Apotheosis"],"relics":["HollowMod:VesselMask","NeowsBlessing","Shuriken","hubris:OldNail"],"acts_visited":["Exordium"],"potions_floor_usage":[16,16,16],"damage_taken":[{"damage":0,"enemies":"Small Slimes","floor":1,"turns":1},{"damage":0,"enemies":"Cultist","floor":2,"turns":1},{"damage":0,"enemies":"Jaw Worm","floor":3,"turns":1},{"damage":8,"enemies":"Looter","floor":4,"turns":2},{"damage":6,"enemies":"3 Louse","floor":5,"turns":2},{"damage":9,"enemies":"Large Slime","floor":7,"turns":7},{"damage":9,"enemies":"Looter","floor":8,"turns":3},{"damage":0,"enemies":"Lots of Slimes","floor":10,"turns":1},{"damage":7,"enemies":"Red Slaver","floor":11,"turns":2},{"damage":63,"enemies":"HollowMod:FalseKnight","floor":16,"turns":9}],"seed_played":"2634834589856060987","potions_obtained":[{"floor":4,"key":"hexamod:EctoCoolerPotion"},{"floor":7,"key":"champ:CounterPotion"},{"floor":8,"key":"Flashbang"}],"is_trial":false,"path_per_floor":["M","M","M","M","M","?","M","M","T","M","M","?","R","$","R_BF","B"],"character_chosen":"THE_BUGKNIGHT","items_purchased":["Apotheosis"],"campfire_rested":0,"item_purchase_floors":[14],"current_hp_per_floor":[75,75,75,67,61,61,52,43,43,43,36,29,29,29,51,0,0],"gold":132,"neow_bonus":"THREE_ENEMY_KILL","is_daily":false,"chose_seed":false,"campfire_upgraded":1,"win_rate":0.0,"timestamp":1607855606,"path_taken":["M","M","M","M","M","?","M","M","T","?","M","?","R","$","R_BF","BOSS"],"items_purchased_type":["Card"],"build_version":"2020-11-30","purchased_purges":0,"victory":false,"max_hp_per_floor":[75,75,75,75,75,75,75,75,75,75,75,75,75,75,75,75,75],"card_choices":[{"not_picked":["HollowMod:ShadowDash","HollowMod:SoulStrike"],"picked":"HollowMod:VengefulVoid","floor":1},{"not_picked":["HollowMod:SoulSplash","HollowMod:TaintedHusks","HollowMod:BaldurShell"],"picked":"SKIP","floor":2},{"not_picked":["HollowMod:ShapeofUnn","HollowMod:InfectedAttack"],"picked":"HollowMod:DescendingDark","floor":3},{"not_picked":["HollowMod:ChannelNail","HollowMod:NewGlowingWomb"],"picked":"HollowMod:DashSlash","floor":4},{"not_picked":["HollowMod:SoulSplash","HollowMod:GreatSlash","HollowMod:FallenFury"],"picked":"SKIP","floor":5},{"not_picked":["HollowMod:InfectedCysts","HollowMod:DashSlash"],"picked":"HollowMod:VengefulVoid","floor":7},{"not_picked":["HollowMod:DescendingDark","HollowMod:CrystalDash"],"picked":"HollowMod:ShadowDash","floor":8},{"not_picked":["HollowMod:ShadowDash","HollowMod:SiblingsSouls"],"picked":"HollowMod:DescendingDark","floor":10},{"not_picked":["HollowMod:SoulShaman","HollowMod:NewLittleFool"],"picked":"HollowMod:ShadowDash","floor":11}],"player_experience":18180,"relics_obtained":[{"floor":9,"key":"Shuriken"}],"event_choices":[{"damage_healed":0,"gold_gain":100,"player_choice":"Pray","damage_taken":0,"max_hp_gain":0,"max_hp_loss":0,"event_name":"Golden Shrine","floor":6,"gold_loss":0},{"damage_healed":0,"gold_gain":0,"player_choice":"Success","damage_taken":7,"relics_obtained":["hubris:OldNail"],"max_hp_gain":0,"max_hp_loss":0,"event_name":"Scrap Ooze","floor":12,"gold_loss":0}],"is_beta":false,"boss_relics":[],"items_purged_floors":[],"is_endless":false,"potions_floor_spawned":[4,7,8],"killed_by":"HollowMod:FalseKnight","ascension_level":0}}