{"host":"t0dvmwh9w61bq0j7","time":1607886787,"event":{"mods":["2.2 Compatiblity","AchievementEnabler","BaseMod","Better Note","Block Reminder","Colored Map","DeckTracker","Highlight Path","Jorbs\u0027s Wanderer Trilogy","Minty Spire (QoL Compilation)","Random Character Button","Rare Cards Sparkle","Relic Stats","StSLib","The Cursed","The Judge","TheVacant","Transform Curses"],"gold_per_floor":[111,138,138,138,154,197,197,212,212,212,261,286,196,245,245,373,373,397,681,709,156,181,228,228,269,295,348,348,100,140,163,163,292,301,328,376,439,461,470,510,510,563,563,572,602,635,635,675,684,684,684,684,2,55,55],"floor_reached":56,"playtime":4059,"items_purged":["Regret","theVacant:VacantStarterStrike","theVacant:VacantStarterStrike"],"score":1509,"play_id":"cb5a72f9-e503-49da-93dd-81386c166588","local_time":"20201213201307","is_ascension_mode":true,"campfire_choices":[{"floor":7.0,"key":"RECALL"},{"floor":15.0,"key":"REST"},{"data":"theVacant:Husk","floor":24.0,"key":"SMITH"},{"floor":28.0,"key":"REST"},{"data":"theVacant:OnSecondThought","floor":32.0,"key":"SMITH"},{"data":"theVacant:SpiritOrb","floor":41.0,"key":"SMITH"},{"floor":49,"key":"REST"},{"data":"theVacant:ShriekingBlast","floor":52,"key":"SMITH"}],"circlet_count":0,"master_deck":["theVacant:VacantStarterStrike","theVacant:VacantStarterStrike","theVacant:VacantStarterDefend","theVacant:VacantStarterDefend","theVacant:VacantStarterDefend","theVacant:VacantStarterDefend","theVacant:Release+1","theVacant:Crunch","theVacant:GraveWave","theVacant:SpiritOrb","theVacant:ShutAway","theVacant:Recover","theVacant:Carve","theVacant:CleanseSoul","theVacant:EmbraceDarkness","theVacant:Recover","theVacant:VoidForm","theVacant:Snowball","theVacant:ShriekingBlast+1","theVacant:Husk+1","theVacant:Whip+1","theVacant:SpiritOrb+1","theVacant:OnSecondThought+1","theVacant:Gloom","theVacant:DeathSpiral","CurseOfTheBell","theVacant:GraveDigger","theVacant:Recover+1","Pain","theVacant:GraveDigger+1","theVacant:OnSecondThought+1","theVacant:ShriekingBlast+1","theVacant:EyePoke+1","theVacant:BurdenBreak+1","theVacant:Barrage"],"relics":["theVacant:BrassGoblet","NeowsBlessing","Anchor","Golden Idol","CeramicFish","Lantern","NlothsMask","Bird Faced Urn","Potion Belt","SlaversCollar","CaptainsWheel","Mummified Hand","Juzu Bracelet","Pantograph","Lee\u0027s Waffle","Bag of Preparation","Calling Bell","Bag of Marbles","Frozen Egg 2","TungstenRod","Incense Burner","WarpedTongs","Dream Catcher","Pen Nib","Oddly Smooth Stone","Lizard Tail","Ornamental Fan","Happy Flower","Ice Cream"],"acts_visited":["Exordium","TheCity","TheBeyond","TheEnding"],"potions_floor_usage":[48,55,55],"damage_taken":[{"damage":0.0,"enemies":"Cultist","floor":1.0,"turns":1.0},{"damage":0.0,"enemies":"Small Slimes","floor":5.0,"turns":1.0},{"damage":0.0,"enemies":"3 Sentries","floor":6.0,"turns":1.0},{"damage":0.0,"enemies":"Jaw Worm","floor":8.0,"turns":3.0},{"damage":22.0,"enemies":"Lagavulin","floor":11.0,"turns":7.0},{"damage":0.0,"enemies":"3 Louse","floor":12.0,"turns":2.0},{"damage":36.0,"enemies":"Gremlin Nob","floor":14.0,"turns":4.0},{"damage":23.0,"enemies":"The Guardian","floor":16.0,"turns":10.0},{"damage":15.0,"enemies":"Shell Parasite","floor":18.0,"turns":5.0},{"damage":17.0,"enemies":"Spheric Guardian","floor":20.0,"turns":5.0},{"damage":28.0,"enemies":"3 Cultists","floor":22.0,"turns":5.0},{"damage":0.0,"enemies":"Slavers","floor":23.0,"turns":1.0},{"damage":22.0,"enemies":"Gremlin Leader","floor":25.0,"turns":6.0},{"damage":46.0,"enemies":"Slavers","floor":27.0,"turns":6.0},{"damage":22.0,"enemies":"Gremlin Leader","floor":30.0,"turns":5.0},{"damage":11.0,"enemies":"Sentry and Sphere","floor":31.0,"turns":3.0},{"damage":44.0,"enemies":"Champ","floor":33.0,"turns":8.0},{"damage":7.0,"enemies":"3 Darklings","floor":35.0,"turns":2.0},{"damage":24.0,"enemies":"Mind Bloom Boss Battle","floor":37.0,"turns":7.0},{"damage":0.0,"enemies":"3 Shapes","floor":38.0,"turns":1.0},{"damage":10.0,"enemies":"Reptomancer","floor":40.0,"turns":5.0},{"damage":4.0,"enemies":"Giant Head","floor":42.0,"turns":5.0},{"damage":3.0,"enemies":"Spire Growth","floor":45.0,"turns":4.0},{"damage":51,"enemies":"Writhing Mass","floor":46,"turns":6},{"damage":47,"enemies":"Reptomancer","floor":48,"turns":5},{"damage":17,"enemies":"Donu and Deca","floor":50,"turns":5},{"damage":24,"enemies":"Shield and Spear","floor":54,"turns":3},{"damage":80,"enemies":"The Heart","floor":55,"turns":7}],"seed_played":"726332042652481430","potions_obtained":[{"floor":5.0,"key":"SpeedPotion"},{"floor":8.0,"key":"FearPotion"},{"floor":11.0,"key":"DistilledChaos"},{"floor":20.0,"key":"DistilledChaos"},{"floor":23.0,"key":"Dexterity Potion"},{"floor":33.0,"key":"SpeedPotion"},{"floor":48,"key":"SpeedPotion"},{"floor":54,"key":"Strength Potion"}],"is_trial":false,"path_per_floor":["M","T","?","?","M","E","R","M","T","?","E","M","$","E","R","B",null,"M","?","M","$","M","E","R","E","T","E","R","$","E","M","R","B",null,"M","T","?","M","?","E","R","E","T","?","M","M","?","E","R","B",null,"R","$","E","B",null],"character_chosen":"THE_VACANT","items_purchased":["theVacant:CleanseSoul","theVacant:EmbraceDarkness","theVacant:Husk","CaptainsWheel","FairyPotion","Lee\u0027s Waffle","theVacant:BurdenBreak+1","Ornamental Fan","Happy Flower","FairyPotion"],"campfire_rested":3,"item_purchase_floors":[13,13,21,21,21,29,53,53,53,53],"current_hp_per_floor":[80,80,60,60,60,60,60,60,60,60,38,38,38,11,35,36,80,74,74,73,73,55,55,55,52,52,31,55,87,65,70,70,53,87,82,82,70,70,70,84,84,83,83,74,84,63,63,42,68,87,87,87,87,69,31],"gold":55,"neow_bonus":"THREE_ENEMY_KILL","is_daily":false,"chose_seed":false,"campfire_upgraded":4,"win_rate":0.0,"timestamp":1607886787,"path_taken":["M","?","?","?","M","E","R","M","T","?","E","?","$","E","R","BOSS","M","?","?","$","M","E","R","E","T","E","R","?","E","M","R","BOSS","M","?","?","M","?","E","R","E","T","?","M","M","?","E","R","BOSS","R","$","E","BOSS"],"items_purchased_type":["Card","Card","Card","Relic","Potion","Relic","Card","Relic","Relic","Potion"],"build_version":"2020-11-30","purchased_purges":3,"victory":true,"max_hp_per_floor":[80,80,80,80,80,80,80,80,80,80,80,80,80,80,80,80,80,80,80,80,80,80,80,80,80,80,80,80,87,87,87,87,87,87,87,87,87,87,87,87,87,87,87,87,87,87,87,87,87,87,87,87,87,87,87],"relic_stats":{"Lee\u0027s Waffle":32,"Happy Flower":[3],"counters":[28,123],"Golden Idol":241,"CeramicFish":243,"Pen Nib":[7],"Juzu Bracelet":1,"Bag of Preparation":[26],"WarpedTongs":[40],"Dream Catcher":1,"Lizard Tail":0,"Mummified Hand":[97],"Ornamental Fan":[8],"Bird Faced Urn":[121],"Pantograph":59,"obtain_stats":[{"Ice Cream":54,"Lantern":9,"theVacant:BrassGoblet":0,"CeramicFish":6,"Juzu Bracelet":25,"Bag of Preparation":30,"Incense Burner":37,"Dream Catcher":40,"Lizard Tail":48,"Mummified Hand":23,"Pantograph":27,"Potion Belt":14,"Lee\u0027s Waffle":29,"NeowsBlessing":0,"Happy Flower":53,"Golden Idol":3,"Oddly Smooth Stone":43,"Pen Nib":42,"Frozen Egg 2":34,"WarpedTongs":39,"Calling Bell":34,"SlaversCollar":17,"Anchor":2,"CaptainsWheel":21,"Ornamental Fan":53,"Bird Faced Urn":11,"Bag of Marbles":34,"TungstenRod":34,"NlothsMask":10},{"Ice Cream":27,"Lantern":4,"theVacant:BrassGoblet":0,"CeramicFish":3,"Juzu Bracelet":13,"Bag of Preparation":15,"Incense Burner":19,"Dream Catcher":21,"Lizard Tail":25,"Mummified Hand":12,"Pantograph":14,"Potion Belt":7,"Lee\u0027s Waffle":14,"NeowsBlessing":0,"Happy Flower":26,"Golden Idol":1,"Oddly Smooth Stone":22,"Pen Nib":22,"Frozen Egg 2":17,"WarpedTongs":20,"Calling Bell":17,"SlaversCollar":8,"Anchor":1,"CaptainsWheel":10,"Ornamental Fan":26,"Bird Faced Urn":5,"Bag of Marbles":17,"TungstenRod":17,"NlothsMask":4},{"Ice Cream":116,"Lantern":6,"theVacant:BrassGoblet":0,"CeramicFish":3,"Juzu Bracelet":51,"Bag of Preparation":62,"Incense Burner":82,"Dream Catcher":88,"Lizard Tail":108,"Mummified Hand":45,"Pantograph":57,"Potion Belt":19,"Lee\u0027s Waffle":57,"NeowsBlessing":0,"Happy Flower":113,"Golden Idol":1,"Oddly Smooth Stone":93,"Pen Nib":93,"Frozen Egg 2":73,"WarpedTongs":83,"Calling Bell":73,"SlaversCollar":29,"Anchor":1,"CaptainsWheel":39,"Ornamental Fan":113,"Bird Faced Urn":13,"Bag of Marbles":73,"TungstenRod":73,"NlothsMask":6}],"TungstenRod":105},"card_choices":[{"not_picked":["theVacant:LashOut","theVacant:GraveDigger"],"picked":"theVacant:GraveWave","floor":1.0},{"not_picked":["theVacant:Carve","theVacant:BrassMagnet"],"picked":"theVacant:SpiritOrb","floor":5.0},{"not_picked":["theVacant:Reconnect","theVacant:SurpriseAttack"],"picked":"theVacant:ShutAway","floor":6.0},{"not_picked":["theVacant:Spinshield","theVacant:Barrage","theVacant:FranticBlow"],"picked":"SKIP","floor":8.0},{"not_picked":["theVacant:BattleScars","theVacant:Fling"],"picked":"theVacant:Recover","floor":11.0},{"not_picked":["theVacant:Gloom","theVacant:EyePoke"],"picked":"theVacant:Carve","floor":12.0},{"not_picked":["theVacant:Yeet","theVacant:Fortify"],"picked":"theVacant:Recover","floor":14.0},{"not_picked":["theVacant:Showdown","theVacant:Prevent"],"picked":"theVacant:VoidForm","floor":16.0},{"not_picked":["theVacant:Dig","theVacant:Thoughtseize"],"picked":"theVacant:Snowball","floor":18.0},{"not_picked":["theVacant:HolyWater","theVacant:ShutAway"],"picked":"theVacant:ShriekingBlast","floor":20.0},{"not_picked":["theVacant:Fling","theVacant:GraveDigger"],"picked":"theVacant:Whip+1","floor":22.0},{"not_picked":["theVacant:BellToll","theVacant:Snowball"],"picked":"theVacant:SpiritOrb","floor":23.0},{"not_picked":["theVacant:Thoughtseize","theVacant:Fortify","theVacant:Fling"],"picked":"SKIP","floor":25.0},{"not_picked":["theVacant:EyePoke","theVacant:Cower"],"picked":"theVacant:OnSecondThought","floor":27.0},{"not_picked":["theVacant:FranticBlow+1","theVacant:FromNothing","theVacant:Enrage+1"],"picked":"SKIP","floor":30.0},{"not_picked":["theVacant:Barrage","theVacant:ShriekingBlast+1"],"picked":"theVacant:Gloom","floor":31.0},{"not_picked":["theVacant:FromNothing","theVacant:Prevent"],"picked":"theVacant:DeathSpiral","floor":33.0},{"not_picked":["theVacant:CursedBlast+1","theVacant:Fling"],"picked":"theVacant:GraveDigger","floor":35.0},{"not_picked":["theVacant:Spinshield+1","theVacant:Enrage+1"],"picked":"theVacant:Recover+1","floor":38.0},{"not_picked":["theVacant:Fortify","theVacant:MindBreak","theVacant:Exorcise"],"picked":"SKIP","floor":40.0},{"not_picked":["theVacant:PitOfDespair+1","theVacant:ReaperStrike+1"],"picked":"theVacant:GraveDigger+1","floor":42.0},{"not_picked":["Mind Blast","Purity"],"picked":"Flash of Steel","floor":44.0},{"not_picked":["theVacant:Necromancy+1","theVacant:Yeet"],"picked":"theVacant:OnSecondThought+1","floor":45.0},{"not_picked":["theVacant:Reconnect","theVacant:Hex+1"],"picked":"theVacant:ShriekingBlast+1","floor":46},{"not_picked":["theVacant:Spinshield+1","theVacant:WhenDarknessComes+1","theVacant:Fling"],"picked":"SKIP","floor":48},{"not_picked":["theVacant:FranticBlow","theVacant:CleanseSoul+1"],"picked":"theVacant:EyePoke+1","floor":49},{"not_picked":["theVacant:ShutAway","theVacant:Spinshield"],"picked":"theVacant:Barrage","floor":54}],"player_experience":296605,"relics_obtained":[{"floor":2.0,"key":"Anchor"},{"floor":6.0,"key":"CeramicFish"},{"floor":9.0,"key":"Lantern"},{"floor":11.0,"key":"Bird Faced Urn"},{"floor":14.0,"key":"Potion Belt"},{"floor":23.0,"key":"Mummified Hand"},{"floor":25.0,"key":"Juzu Bracelet"},{"floor":27.0,"key":"Pantograph"},{"floor":30.0,"key":"Bag of Preparation"},{"floor":34.0,"key":"Bag of Marbles"},{"floor":34.0,"key":"Frozen Egg 2"},{"floor":34.0,"key":"TungstenRod"},{"floor":37.0,"key":"Incense Burner"},{"floor":40.0,"key":"Dream Catcher"},{"floor":42.0,"key":"Pen Nib"},{"floor":43.0,"key":"Oddly Smooth Stone"},{"floor":48,"key":"Lizard Tail"},{"floor":54,"key":"Ice Cream"}],"event_choices":[{"damage_healed":0.0,"max_hp_gain":0.0,"max_hp_loss":0.0,"gold_gain":0.0,"event_name":"Golden Idol","player_choice":"Take Damage","floor":3.0,"gold_loss":0.0,"damage_taken":20.0,"relics_obtained":["Golden Idol"]},{"damage_healed":0.0,"max_hp_gain":0.0,"max_hp_loss":0.0,"gold_gain":0.0,"event_name":"Living Wall","player_choice":"Grow","floor":4.0,"gold_loss":0.0,"damage_taken":0.0,"cards_upgraded":["theVacant:Release"]},{"damage_healed":0.0,"max_hp_gain":0.0,"max_hp_loss":0.0,"gold_gain":0.0,"event_name":"FaceTrader","player_choice":"Trade","floor":10.0,"gold_loss":0.0,"damage_taken":0.0,"relics_obtained":["NlothsMask"]},{"damage_healed":0.0,"max_hp_gain":0.0,"max_hp_loss":0.0,"gold_gain":275.0,"event_name":"Golden Shrine","player_choice":"Desecrate","floor":19.0,"gold_loss":0.0,"damage_taken":0.0,"cards_obtained":["Regret"]},{"damage_healed":0.0,"max_hp_gain":0.0,"max_hp_loss":0.0,"gold_gain":0.0,"event_name":"MindBloom","player_choice":"Fight","floor":37.0,"gold_loss":0.0,"damage_taken":0.0},{"damage_healed":0.0,"max_hp_gain":0.0,"max_hp_loss":0.0,"gold_gain":0.0,"event_name":"Accursed Blacksmith","player_choice":"Rummage","floor":39.0,"gold_loss":0.0,"damage_taken":0.0,"relics_obtained":["WarpedTongs"],"cards_obtained":["Pain"]},{"damage_healed":0.0,"max_hp_gain":0.0,"max_hp_loss":0.0,"gold_gain":0.0,"event_name":"SensoryStone","player_choice":"Memory 3","floor":44.0,"gold_loss":0.0,"damage_taken":10.0},{"cards_removed":["Flash of Steel"],"damage_healed":0,"gold_gain":0,"player_choice":"Removed Attack","damage_taken":0,"max_hp_gain":0,"max_hp_loss":0,"event_name":"Falling","floor":47,"gold_loss":0}],"is_beta":false,"boss_relics":[{"not_picked":["SacredBark","Busted Crown"],"picked":"SlaversCollar"},{"not_picked":["Tiny House","Sozu"],"picked":"Calling Bell"}],"items_purged_floors":[21,29,53],"is_endless":false,"potions_floor_spawned":[5,8,11,20,23,25,33,35,42,46,48,54],"ascension_level":2}}