{"host":"t8l92xzjkmihtain","time":1607829250,"event":{"mods":["AchievementEnabler","BaseMod","Colored Map","Minty Spire (QoL Compilation)","Rare Cards Sparkle","SuperFastMode","everything is the same but u backflip on backflip"],"gold_per_floor":[111,124,124,124,137,172,172,21,21,21,21,52,4,15,15,114,114,131,46,65,65,65,97,97,130,130,142,185,223,235,260,272,387,399,431,458,22,42,42,42,42,67,112,112,131,146,146,0,0,0,0],"floor_reached":50,"playtime":3369,"items_purged":["Bash","Strike_R"],"score":637,"play_id":"50e45c7e-8131-4b84-ab76-deb12619cd6f","local_time":"20201213121410","is_ascension_mode":true,"campfire_choices":[{"floor":7,"key":"REST"},{"data":"Barricade","floor":10,"key":"SMITH"},{"data":"Warcry","floor":15,"key":"SMITH"},{"data":"Body Slam","floor":24,"key":"SMITH"},{"floor":27,"key":"REST"},{"floor":32,"key":"REST"},{"floor":40,"key":"DIG"},{"floor":44,"key":"DIG"},{"floor":47,"key":"DIG"},{"floor":49,"key":"DIG"}],"circlet_count":0,"master_deck":["Strike_R+1","Defend_R","Defend_R","Defend_R","Defend_R+1","Armaments","Warcry+1","True Grit","Barricade+1","Impervious","Warcry","Warcry","Offering","Warcry+1","Body Slam+1","Seeing Red+1","Ghostly Armor+1","Juggernaut","Armaments+1","Body Slam","Trip","Impervious","Body Slam","Body Slam+1"],"relics":["Burning Blood","Bottled Lightning","Ornamental Fan","Charon\u0027s Ashes","Sozu","Juzu Bracelet","MutagenicStrength","Ginger","Regal Pillow","MawBank","Toy Ornithopter","Bag of Preparation","Empty Cage","Shovel","Meat on the Bone","Lantern","Centennial Puzzle","Frozen Egg 2","MealTicket","Red Mask","Blood Vial"],"acts_visited":["Exordium","TheCity","TheBeyond"],"potions_floor_usage":[16],"damage_taken":[{"damage":7,"enemies":"Cultist","floor":1,"turns":5},{"damage":9,"enemies":"Small Slimes","floor":2,"turns":4},{"damage":6,"enemies":"2 Louse","floor":5,"turns":3},{"damage":55,"enemies":"3 Sentries","floor":6,"turns":14},{"damage":0,"enemies":"Lagavulin","floor":12,"turns":13},{"damage":15,"enemies":"Looter","floor":14,"turns":4},{"damage":32,"enemies":"The Guardian","floor":16,"turns":17},{"damage":6,"enemies":"Chosen","floor":18,"turns":8},{"damage":15,"enemies":"Spheric Guardian","floor":20,"turns":8},{"damage":37,"enemies":"Book of Stabbing","floor":23,"turns":8},{"damage":29,"enemies":"Slavers","floor":25,"turns":5},{"damage":14,"enemies":"Book of Stabbing","floor":28,"turns":7},{"damage":6,"enemies":"Snecko","floor":31,"turns":3},{"damage":31,"enemies":"Collector","floor":33,"turns":17},{"damage":6,"enemies":"3 Darklings","floor":35,"turns":5},{"damage":2,"enemies":"Orb Walker","floor":36,"turns":5},{"damage":14,"enemies":"Writhing Mass","floor":38,"turns":4},{"damage":23,"enemies":"Reptomancer","floor":42,"turns":5},{"damage":6,"enemies":"Sphere and 2 Shapes","floor":45,"turns":2},{"damage":6,"enemies":"Maw","floor":46,"turns":6},{"damage":74,"enemies":"Time Eater","floor":50,"turns":10}],"seed_played":"-6075750090175760130","potions_obtained":[{"floor":6,"key":"LiquidBronze"},{"floor":16,"key":"SmokeBomb"}],"is_trial":false,"path_per_floor":["M","M","?","?","M","E","R","$","T","R","?","E","$","M","R","B",null,"M","?","M","?","?","E","R","E","T","R","E","T","?","M","R","B",null,"M","M","$","M","?","R","?","E","T","R","M","M","R","?","R","B"],"character_chosen":"IRONCLAD","items_purchased":["Impervious","Warcry","Body Slam","Shovel"],"campfire_rested":3,"item_purchase_floors":[8,13,37,37],"current_hp_per_floor":[87,84,84,84,84,35,61,61,61,61,43,49,49,40,40,14,88,88,88,79,79,79,48,48,25,25,66,58,58,58,58,88,63,88,88,88,88,80,80,80,80,63,63,63,63,63,63,63,63,0,0],"gold":0,"neow_bonus":"TEN_PERCENT_HP_BONUS","is_daily":false,"chose_seed":false,"campfire_upgraded":3,"win_rate":0.0,"timestamp":1607829250,"path_taken":["M","?","?","?","M","E","R","$","T","R","?","E","$","?","R","BOSS","M","?","M","?","?","E","R","E","T","R","E","?","?","M","R","BOSS","M","M","$","M","?","R","?","E","T","R","M","M","R","?","R","BOSS"],"items_purchased_type":["Card","Card","Card","Relic"],"build_version":"2020-11-30","purchased_purges":2,"victory":false,"max_hp_per_floor":[88,88,88,88,88,88,88,88,88,88,88,88,88,88,88,88,88,88,88,88,88,88,88,88,88,88,88,88,88,88,88,88,88,88,88,88,88,88,88,88,88,88,88,88,88,88,88,88,88,88,88],"card_choices":[{"not_picked":["Clothesline","Warcry"],"picked":"Armaments","floor":1},{"not_picked":["Pummel","Twin Strike"],"picked":"Warcry","floor":2},{"not_picked":["Perfected Strike","Bloodletting"],"picked":"True Grit","floor":5},{"not_picked":["Carnage","Shrug It Off"],"picked":"Barricade","floor":6},{"not_picked":["Flame Barrier","Blood for Blood","Rage"],"picked":"SKIP","floor":12},{"not_picked":["Flex","Wild Strike"],"picked":"Warcry","floor":14},{"not_picked":["Barricade","Double Tap"],"picked":"Offering","floor":16},{"not_picked":["Iron Wave+1","Combust"],"picked":"Warcry+1","floor":18},{"not_picked":["Dual Wield","Rampage","Cleave"],"picked":"SKIP","floor":20},{"not_picked":["Wild Strike+1","Dual Wield","Heavy Blade"],"picked":"SKIP","floor":23},{"not_picked":["Clash","Intimidate","Heavy Blade"],"picked":"SKIP","floor":25},{"not_picked":["Thunderclap+1","Reckless Charge"],"picked":"Seeing Red+1","floor":28},{"not_picked":["Heavy Blade+1","Cleave"],"picked":"Ghostly Armor+1","floor":31},{"not_picked":["Limit Break","Double Tap"],"picked":"Juggernaut","floor":33},{"not_picked":["Anger","Cleave","Clothesline+1"],"picked":"SKIP","floor":35},{"not_picked":["Pommel Strike+1","Cleave"],"picked":"Armaments+1","floor":36},{"not_picked":["Heavy Blade","Hemokinesis+1","Sword Boomerang"],"picked":"SKIP","floor":38},{"not_picked":["Discovery","Violence"],"picked":"Trip","floor":39},{"not_picked":["Hemokinesis+1","Feel No Pain+1","Anger+1"],"picked":"SKIP","floor":42},{"not_picked":["Cleave+1","Perfected Strike+1"],"picked":"Body Slam","floor":45},{"not_picked":["Perfected Strike+1","Sword Boomerang"],"picked":"Body Slam+1","floor":46}],"player_experience":11935,"relics_obtained":[{"floor":6,"key":"Bottled Lightning"},{"floor":9,"key":"Ornamental Fan"},{"floor":12,"key":"Charon\u0027s Ashes"},{"floor":23,"key":"Ginger"},{"floor":25,"key":"Regal Pillow"},{"floor":26,"key":"MawBank"},{"floor":28,"key":"Toy Ornithopter"},{"floor":29,"key":"Bag of Preparation"},{"floor":40,"key":"Meat on the Bone"},{"floor":42,"key":"Lantern"},{"floor":43,"key":"Centennial Puzzle"},{"floor":44,"key":"Frozen Egg 2"},{"floor":47,"key":"MealTicket"},{"floor":49,"key":"Blood Vial"}],"event_choices":[{"damage_healed":0,"gold_gain":0,"player_choice":"Ignored","damage_taken":0,"max_hp_gain":0,"max_hp_loss":0,"event_name":"Golden Wing","floor":3,"gold_loss":0},{"damage_healed":0,"gold_gain":0,"player_choice":"Leave","damage_taken":0,"max_hp_gain":0,"max_hp_loss":0,"event_name":"The Cleric","floor":4,"gold_loss":0},{"damage_healed":0,"gold_gain":0,"player_choice":"Entered Light","damage_taken":18,"max_hp_gain":0,"max_hp_loss":0,"event_name":"Shining Light","floor":11,"gold_loss":0,"cards_upgraded":["Strike_R","Defend_R"]},{"damage_healed":0,"gold_gain":0,"player_choice":"Obtained Relic","damage_taken":0,"relics_obtained":["Juzu Bracelet"],"max_hp_gain":0,"max_hp_loss":0,"event_name":"Addict","floor":19,"gold_loss":85},{"damage_healed":0,"gold_gain":0,"player_choice":"Inject Mutagens","damage_taken":0,"relics_obtained":["MutagenicStrength"],"max_hp_gain":0,"max_hp_loss":0,"event_name":"Drug Dealer","floor":21,"gold_loss":0},{"damage_healed":0,"gold_gain":0,"player_choice":"Read","damage_taken":0,"max_hp_gain":0,"max_hp_loss":0,"event_name":"The Library","floor":22,"gold_loss":0,"cards_obtained":["Body Slam"]},{"damage_healed":0,"gold_gain":0,"player_choice":"Ignored","damage_taken":0,"max_hp_gain":0,"max_hp_loss":0,"event_name":"Ghosts","floor":30,"gold_loss":0},{"damage_healed":0,"gold_gain":0,"player_choice":"Memory 1","damage_taken":0,"max_hp_gain":0,"max_hp_loss":0,"event_name":"SensoryStone","floor":39,"gold_loss":0},{"damage_healed":0,"gold_gain":0,"cards_transformed":["Strike_R"],"player_choice":"Transformed","damage_taken":0,"max_hp_gain":0,"max_hp_loss":0,"event_name":"Transmorgrifier","floor":41,"gold_loss":0,"cards_obtained":["Impervious"]},{"damage_healed":0,"gold_gain":0,"player_choice":"Paid","damage_taken":0,"relics_obtained":["Red Mask"],"max_hp_gain":0,"max_hp_loss":0,"event_name":"Tomb of Lord Red Mask","floor":48,"gold_loss":146}],"is_beta":false,"boss_relics":[{"not_picked":["Runic Pyramid","Ectoplasm"],"picked":"Sozu"},{"not_picked":["Velvet Choker","Snecko Eye"],"picked":"Empty Cage"}],"items_purged_floors":[8,37],"is_endless":false,"potions_floor_spawned":[6,16,18,25,35,45,46],"killed_by":"Time Eater","ascension_level":1}}