{"host":"qljq6nt1bltq73k9","time":1607849805,"event":{"mods":["BaseMod","Colored Map","Colored Powertips","Downfall","Lobotomy","Minty Spire (QoL Compilation)","Quick Restart","Replay The Spire","StSLib"],"gold_per_floor":[99,99,134,134,167,167],"floor_reached":5,"playtime":194,"items_purged":[],"score":70,"play_id":"d1eec5b4-3ce2-4837-9dfd-c262fc7fae63","local_time":"20201213165645","is_ascension_mode":false,"campfire_choices":[{"floor":1,"key":"RECALL"}],"circlet_count":0,"master_deck":["hexamod:Strike","hexamod:Strike","hexamod:Strike","hexamod:Strike","hexamod:Defend","hexamod:Defend","hexamod:Defend","hexamod:Defend","hexamod:Sear","hexamod:Float","hexamod:BacktrackSmack","hexamod:ThirdSeal","hexamod:InspiringFlames","hexamod:FastForward","hexamod:WildfireWeapon"],"relics":["hexamod:SpiritBrand","downfall:HeartsMalice","Question Card","Darkstone Periapt"],"acts_visited":["Exordium"],"potions_floor_usage":[],"damage_taken":[{"damage":0,"enemies":"Cultist","floor":2,"turns":1},{"damage":0,"enemies":"Replay:BlueRogue","floor":3,"turns":1},{"damage":0,"enemies":"Jaw Worm","floor":4,"turns":1},{"damage":26,"enemies":"3 Sentries","floor":5,"turns":11}],"seed_played":"-8649640302628248223","potions_obtained":[{"floor":3,"key":"GamblersBrew"}],"is_trial":false,"path_per_floor":["R_BF","M","E","M","E"],"character_chosen":"THE_SPIRIT","items_purchased":[],"campfire_rested":0,"item_purchase_floors":[],"current_hp_per_floor":[70,70,70,70,44,44],"gold":167,"neow_bonus":"THREE_ENEMY_KILL","is_daily":false,"chose_seed":false,"campfire_upgraded":0,"win_rate":0.0,"timestamp":1607849805,"path_taken":["R_BF","?","E","M","E"],"items_purchased_type":[],"build_version":"2020-11-30","purchased_purges":0,"victory":false,"max_hp_per_floor":[70,70,70,70,70,70],"card_choices":[{"not_picked":["hexamod:HeatCrush","hexamod:AdvancingGuard"],"picked":"hexamod:BacktrackSmack","floor":2},{"not_picked":["hexamod:Firestarter","hexamod:CatchUp"],"picked":"hexamod:ThirdSeal","floor":3},{"not_picked":["hexamod:SwordOfDarkness","hexamod:RainOfEmbers","hexamod:ThirdSeal"],"picked":"hexamod:InspiringFlames","floor":4},{"not_picked":["hexamod:RetreatToShadows","hexamod:ShieldOfDarkness","hexamod:BacktrackSmack"],"picked":"hexamod:FastForward","floor":5},{"not_picked":["hexamod:StepThrough","hexamod:GhostLash","hexamod:ParanormalForm"],"picked":"hexamod:WildfireWeapon","floor":5}],"player_experience":372029,"relics_obtained":[{"floor":3,"key":"Question Card"},{"floor":5,"key":"Darkstone Periapt"}],"event_choices":[],"is_beta":false,"boss_relics":[],"items_purged_floors":[],"is_endless":false,"potions_floor_spawned":[3],"killed_by":"3 Sentries","ascension_level":0}}