{"host":"a3oe3gstxz77c7qu","time":1607884691,"event":{"mods":["2.2 Compatiblity","Act Like it!","BaseMod","Bestiary","Better Altar","Better Match","Better Note","Better Sensory Stone","Better Skull","Better Third Choice","Block Reminder","Conspire","Curses Come First","Custom Start","Friendly Minions","GifTheSpireLib","Humility","Infinite Spire","Lobotomy","LobotomyExtend","Marisa????????","Minty Spire (QoL Compilation)","Permanent Neow","Quick Restart","Relic Stats","Replay The Spire","Robot Space Explorer","StSLib","The Blue Laboratory","Uncapped","Wandering Minibosses"],"gold_per_floor":[115,115,115,115,40,59,59,92,92,92,92,121,150,174,174,262,262,298,331,170,170,170,170,180,180],"floor_reached":24,"playtime":1636,"items_purged":["Regret"],"score":378,"play_id":"d26f1eb6-c3cf-4c67-883a-b696a281c8f3","local_time":"20201213183811","is_ascension_mode":true,"campfire_choices":[{"data":"Neutralize","floor":7,"key":"SMITH"},{"data":"PiercingWail","floor":10,"key":"SMITH"},{"data":"Survivor","floor":15,"key":"SMITH"},{"floor":23,"key":"REST"}],"circlet_count":0,"master_deck":["AscendersBane","Strike_G","Strike_G","Strike_G","Strike_G","Strike_G","Defend_G","Defend_G","Defend_G","Defend_G","Defend_G","Survivor+1","Neutralize+1","Laetitia","PiercingWail+1","LongBird","QueenOfHatred","UniverseFragment","Tools of the Trade","NakedNest","Well Laid Plans"],"relics":["Ring of the Snake","CogitoBucket","RabbitCall","LetterFromLob","Singing Bowl","conspire:Boomerang","Replay:Bandana","TreeSap","Snecko Scales","Chemical X","Strawberry"],"acts_visited":["Exordium","TheCity"],"potions_floor_usage":[16,16],"damage_taken":[{"damage":2,"enemies":"Small Slimes","floor":1,"turns":6},{"damage":0,"enemies":"2 Louse","floor":6,"turns":4},{"damage":19,"enemies":"Lagavulin","floor":8,"turns":7},{"damage":1,"enemies":"Jaw Worm","floor":12,"turns":5},{"damage":11,"enemies":"Blue Slaver","floor":13,"turns":4},{"damage":13,"enemies":"Lots of Slimes","floor":14,"turns":5},{"damage":136,"enemies":"Hexaghost","floor":16,"turns":19},{"damage":45,"enemies":"3 Byrds","floor":18,"turns":10},{"damage":23,"enemies":"Spheric Guardian","floor":19,"turns":11},{"damage":105,"enemies":"Slavers","floor":24,"turns":5}],"seed_played":"-2629434005140668904","potions_obtained":[{"floor":1,"key":"blueLaboratory:SavagePotion"},{"floor":13,"key":"Adrenaline Potion"},{"floor":19,"key":"blueLaboratory:ArtistsPotion"}],"is_trial":false,"path_per_floor":["M","?","?","?","$","M","R","E","T","R","$","M","M","M","R","B",null,"M","M","$","?","?","R","E"],"character_chosen":"THE_SILENT","items_purchased":["Chemical X"],"campfire_rested":1,"item_purchase_floors":[20],"current_hp_per_floor":[57,65,65,67,67,69,69,52,52,52,52,59,56,57,57,58,73,57,46,46,25,32,53,0,0],"gold":180,"neow_bonus":"","is_daily":false,"chose_seed":false,"campfire_upgraded":3,"win_rate":0.0,"timestamp":1607884691,"path_taken":["M","?","?","?","$","M","R","E","T","R","?","?","M","M","R","BOSS","M","M","$","?","?","R","E"],"items_purchased_type":["Relic"],"build_version":"2020-11-30","purchased_purges":1,"victory":false,"max_hp_per_floor":[66,66,66,68,68,70,70,72,72,72,72,74,76,78,78,78,78,65,65,65,65,72,72,72,72],"relic_stats":{"Singing Bowl":14,"counters":[11,77],"Chemical X":[1],"obtain_stats":[{"RabbitCall":0,"CogitoBucket":0,"Replay:Bandana":9,"Singing Bowl":3,"Snecko Scales":17,"TreeSap":14,"Strawberry":22,"LetterFromLob":1,"conspire:Boomerang":8,"Chemical X":20,"Ring of the Snake":0},{"RabbitCall":0,"CogitoBucket":0,"Replay:Bandana":3,"Singing Bowl":1,"Snecko Scales":8,"TreeSap":7,"Strawberry":10,"LetterFromLob":1,"conspire:Boomerang":3,"Chemical X":10,"Ring of the Snake":0},{"RabbitCall":0,"CogitoBucket":0,"Replay:Bandana":17,"Singing Bowl":6,"Snecko Scales":51,"TreeSap":32,"Strawberry":72,"LetterFromLob":6,"conspire:Boomerang":17,"Chemical X":72,"Ring of the Snake":0}],"Ring of the Snake":[22]},"card_choices":[{"not_picked":["CherryBlossoms","OldLady","OSAHOGD"],"picked":"Singing Bowl","floor":1},{"not_picked":["SpiderBud","VoidDream"],"picked":"Laetitia","floor":1},{"not_picked":["Deflect","Deadly Poison"],"picked":"PiercingWail","floor":1},{"not_picked":["Thinking Ahead","Replay:BasicMightCard","Swift Strike"],"picked":"Singing Bowl","floor":4},{"not_picked":["Acrobatics","Skewer","Dagger Throw"],"picked":"Singing Bowl","floor":6},{"not_picked":["FairyFestival","SpiderBud","Funeral"],"picked":"Singing Bowl","floor":6},{"not_picked":["MeatLantern","CrumblingArmor"],"picked":"LongBird","floor":6},{"not_picked":["Die Die Die","Choke","conspire:PoisonWeapons"],"picked":"Singing Bowl","floor":8},{"not_picked":["WallGazer","OldLady","Wellcheers"],"picked":"Singing Bowl","floor":8},{"not_picked":["FairyFestival","DespairKnight"],"picked":"QueenOfHatred","floor":8},{"not_picked":["Endless Agony","ReplayTheSpireMod:Tripwire","Infinite Blades"],"picked":"Singing Bowl","floor":12},{"not_picked":["PunishingBird","OldLady","BeautyBeast"],"picked":"Singing Bowl","floor":12},{"not_picked":["Acrobatics","Tactician","Sucker Punch"],"picked":"Singing Bowl","floor":13},{"not_picked":["SpiderBud","FairyFestival"],"picked":"UniverseFragment","floor":13},{"not_picked":["Bouncing Flask","Burst","Cloak And Dagger"],"picked":"Singing Bowl","floor":14},{"not_picked":["CherryBlossoms","VoidDream","Variant"],"picked":"Singing Bowl","floor":14},{"not_picked":["Replay:Bag of Tricks","A Thousand Cuts"],"picked":"Tools of the Trade","floor":16},{"not_picked":["HeroicMonk","OldLady","Mercenary"],"picked":"Singing Bowl","floor":16},{"not_picked":["Quick Slash","Prepared","Cloak And Dagger"],"picked":"Singing Bowl","floor":18},{"not_picked":["CrumblingArmor","Bloodbath","DespairKnight"],"picked":"Singing Bowl","floor":18},{"not_picked":["ShyLook","FairyFestival"],"picked":"NakedNest","floor":18},{"not_picked":["Cloak And Dagger","Dagger Throw"],"picked":"Well Laid Plans","floor":19},{"not_picked":["LittleHelper","FairyFestival","Murderer"],"picked":"Singing Bowl","floor":19}],"player_experience":702775,"relics_obtained":[{"floor":1,"key":"LetterFromLob"},{"floor":8,"key":"conspire:Boomerang"},{"floor":9,"key":"Replay:Bandana"}],"event_choices":[{"damage_healed":0,"gold_gain":0,"player_choice":"Box","damage_taken":0,"relics_obtained":["Singing Bowl"],"max_hp_gain":0,"max_hp_loss":0,"event_name":"Big Fish","floor":3,"gold_loss":0,"cards_obtained":["Regret"]},{"damage_healed":0,"gold_gain":1,"player_choice":"1","damage_taken":0,"max_hp_gain":0,"max_hp_loss":0,"event_name":"betterStone:BetterStone","floor":4,"gold_loss":0},{"damage_healed":0,"gold_gain":0,"player_choice":"Obtained Book","damage_taken":21,"max_hp_gain":0,"max_hp_loss":0,"event_name":"Cursed Tome","floor":21,"gold_loss":0},{"damage_healed":0,"gold_gain":0,"player_choice":"Gave Potion","damage_taken":0,"relics_obtained":["Strawberry"],"max_hp_gain":0,"max_hp_loss":0,"event_name":"WeMeetAgain","floor":22,"gold_loss":0}],"is_beta":false,"boss_relics":[{"not_picked":["Replay:Drink Me","Replay:Bronze Core"],"picked":"Snecko Scales"}],"items_purged_floors":[5],"is_endless":false,"potions_floor_spawned":[1,13,19],"killed_by":"Slavers","ascension_level":19}}