{"host":"x1qj4d8ympd5jdqh","time":1607864299,"event":{"mods":["AchievementEnabler","AlwaysNeverKeys","BaseMod","Colored Map","Custom Start","DeckTracker","Highlight Path","Minty Spire (QoL Compilation)","StSLib","SuperFastMode"],"gold_per_floor":[112,112,131,131,144,144,162,178,228,68,101,101,115,131,131,208,208,219,239,254,154,154,154,154,180,257,271,271,291,291,305,305,377,377,395,395,395,395,9,38,56,56,56],"floor_reached":42,"playtime":1370,"items_purged":["Strike_G","Strike_G","Strike_G"],"score":1000,"play_id":"67eb5b31-c2a2-409d-840f-bb45ba21d3e2","local_time":"20201213215819","is_ascension_mode":true,"campfire_choices":[{"data":"Riddle With Holes","floor":6.0,"key":"SMITH"},{"data":"Bouncing Flask","floor":12.0,"key":"SMITH"},{"data":"Well Laid Plans","floor":15.0,"key":"SMITH"},{"floor":23.0,"key":"REST"},{"floor":28.0,"key":"REST"},{"data":"Burst","floor":30.0,"key":"SMITH"},{"floor":32.0,"key":"REST"}],"circlet_count":0,"master_deck":["AscendersBane","Defend_G","Defend_G","Defend_G","Defend_G","Defend_G","Survivor","Neutralize","Poisoned Stab","Bouncing Flask+1","Riddle With Holes+1","Dagger Spray","Well Laid Plans+1","Reflex","Acrobatics","Dash","PiercingWail","Burst+1","Phantasmal Killer","Predator","Bullet Time+1","Forethought+1","Enlightenment+1","Adrenaline+1","Choke","Underhanded Strike+1"],"relics":["Ring of the Snake","Ancient Tea Set","Happy Flower","Mercury Hourglass","Snecko Eye","Nilry\u0027s Codex","Smiling Mask","Toxic Egg 2","Sozu","Chemical X","Ice Cream"],"acts_visited":["Exordium","TheCity","TheBeyond"],"potions_floor_usage":[],"damage_taken":[{"damage":2.0,"enemies":"2 Louse","floor":1.0,"turns":4.0},{"damage":3.0,"enemies":"Small Slimes","floor":3.0,"turns":4.0},{"damage":0.0,"enemies":"Jaw Worm","floor":5.0,"turns":4.0},{"damage":14.0,"enemies":"Gremlin Gang","floor":7.0,"turns":5.0},{"damage":7.0,"enemies":"3 Louse","floor":8.0,"turns":4.0},{"damage":8.0,"enemies":"Gremlin Nob","floor":11.0,"turns":3.0},{"damage":13.0,"enemies":"Large Slime","floor":13.0,"turns":3.0},{"damage":0.0,"enemies":"Blue Slaver","floor":14.0,"turns":4.0},{"damage":0.0,"enemies":"Hexaghost","floor":16.0,"turns":9.0},{"damage":7.0,"enemies":"3 Byrds","floor":18.0,"turns":3.0},{"damage":0.0,"enemies":"Chosen","floor":19.0,"turns":3.0},{"damage":15.0,"enemies":"Snecko","floor":20.0,"turns":6.0},{"damage":11.0,"enemies":"Book of Stabbing","floor":25.0,"turns":4.0},{"damage":14.0,"enemies":"Snake Plant","floor":27.0,"turns":3.0},{"damage":7.0,"enemies":"Chosen and Byrds","floor":29.0,"turns":4.0},{"damage":12.0,"enemies":"Sentry and Sphere","floor":31.0,"turns":5.0},{"damage":23.0,"enemies":"Collector","floor":33.0,"turns":8.0},{"damage":17.0,"enemies":"Orb Walker","floor":35.0,"turns":4.0},{"damage":14.0,"enemies":"Giant Head","floor":40.0,"turns":5.0},{"damage":6,"enemies":"3 Shapes","floor":41,"turns":2},{"damage":0,"enemies":"Nemesis","floor":42,"turns":2}],"seed_played":"-7790082365451184805","potions_obtained":[{"floor":5.0,"key":"LiquidMemories"},{"floor":8.0,"key":"SteroidPotion"},{"floor":11.0,"key":"EssenceOfSteel"},{"floor":18.0,"key":"BlessingOfTheForge"},{"floor":19.0,"key":"Weak Potion"},{"floor":20.0,"key":"PowerPotion"}],"is_trial":false,"path_per_floor":["M","?","M","?","M","R","M","M","T","$","E","R","M","M","R","B",null,"M","M","M","$","?","R","?","E","T","M","R","M","R","M","R","B",null,"M","?","?","?","$","E","M","E"],"character_chosen":"THE_SILENT","items_purchased":["Reflex","Chemical X","Adrenaline+1"],"campfire_rested":3,"item_purchase_floors":[10,39,39],"current_hp_per_floor":[57,57,54,59,59,59,45,38,38,38,30,30,17,17,17,17,58,51,51,36,36,15,36,36,25,25,11,32,25,25,13,34,11,56,39,29,29,29,29,15,9,9,9],"gold":56,"neow_bonus":"RANDOM_COMMON_RELIC","is_daily":false,"chose_seed":false,"campfire_upgraded":4,"win_rate":0.0,"timestamp":1607864299,"path_taken":["M","?","M","?","M","R","M","M","T","$","E","R","M","M","R","BOSS","M","M","M","$","?","R","?","E","T","?","R","M","R","M","R","BOSS","M","?","?","?","$","E","?","E"],"items_purchased_type":["Card","Relic","Card"],"build_version":"2020-11-30","purchased_purges":3,"victory":false,"max_hp_per_floor":[66,66,66,71,71,71,71,71,71,71,71,71,71,71,71,71,71,71,71,71,71,71,71,71,71,71,71,71,71,71,71,71,71,71,71,71,71,67,67,67,67,67,67],"card_choices":[{"not_picked":["Setup","Acrobatics"],"picked":"Poisoned Stab","floor":1.0},{"not_picked":["Underhanded Strike","Leg Sweep"],"picked":"Riddle With Holes","floor":3.0},{"not_picked":["Predator","Sucker Punch","Slice"],"picked":"SKIP","floor":5.0},{"not_picked":["Escape Plan","Backflip"],"picked":"Dagger Spray","floor":7.0},{"not_picked":["Finisher","Flying Knee"],"picked":"Well Laid Plans","floor":8.0},{"not_picked":["Unload","Doppelganger","Deflect"],"picked":"SKIP","floor":11.0},{"not_picked":["Accuracy","Setup"],"picked":"Acrobatics","floor":13.0},{"not_picked":["Setup","Underhanded Strike","Endless Agony"],"picked":"SKIP","floor":14.0},{"not_picked":["Expertise","Endless Agony"],"picked":"Dash","floor":18.0},{"not_picked":["Blade Dance","Bane","Deadly Poison"],"picked":"SKIP","floor":19.0},{"not_picked":["Acrobatics","Dagger Spray"],"picked":"PiercingWail","floor":20.0},{"not_picked":["Quick Slash","Eviscerate"],"picked":"Phantasmal Killer","floor":25.0},{"not_picked":["Outmaneuver+1","Deflect+1","Prepared+1"],"picked":"SKIP","floor":27.0},{"not_picked":["Sucker Punch","Finisher","Deadly Poison+1"],"picked":"SKIP","floor":29.0},{"not_picked":["Cloak And Dagger+1","Flying Knee"],"picked":"Predator","floor":31.0},{"not_picked":["Envenom","After Image"],"picked":"Bullet Time+1","floor":33.0},{"not_picked":["Sucker Punch","Blade Dance+1","Distraction+1"],"picked":"SKIP","floor":35.0},{"not_picked":["Enlightenment+1","Swift Strike"],"picked":"Forethought+1","floor":36.0},{"not_picked":["Mind Blast","Deep Breath+1"],"picked":"Enlightenment+1","floor":36.0},{"not_picked":["Venomology+1","Quick Slash"],"picked":"Choke","floor":40.0},{"not_picked":["PiercingWail+1","Deadly Poison+1"],"picked":"Underhanded Strike+1","floor":41}],"player_experience":1217645,"relics_obtained":[{"floor":9.0,"key":"Happy Flower"},{"floor":11.0,"key":"Mercury Hourglass"},{"floor":22.0,"key":"Nilry\u0027s Codex"},{"floor":25.0,"key":"Smiling Mask"},{"floor":26.0,"key":"Toxic Egg 2"},{"floor":40.0,"key":"Ice Cream"}],"event_choices":[{"damage_healed":0.0,"max_hp_gain":0.0,"max_hp_loss":0.0,"gold_gain":0.0,"cards_transformed":["Strike_G"],"event_name":"Living Wall","player_choice":"Change","floor":2.0,"gold_loss":0.0,"damage_taken":0.0,"cards_obtained":["Bouncing Flask"]},{"damage_healed":0.0,"max_hp_gain":5.0,"max_hp_loss":0.0,"gold_gain":0.0,"event_name":"Big Fish","player_choice":"Donut","floor":4.0,"gold_loss":0.0,"damage_taken":0.0},{"damage_healed":0.0,"max_hp_gain":0.0,"max_hp_loss":0.0,"gold_gain":0.0,"event_name":"Cursed Tome","player_choice":"Obtained Book","floor":22.0,"gold_loss":0.0,"damage_taken":21.0},{"damage_healed":0.0,"max_hp_gain":0.0,"max_hp_loss":0.0,"gold_gain":0.0,"event_name":"Match and Keep!","player_choice":"1 cards matched","floor":24.0,"gold_loss":0.0,"damage_taken":0.0,"cards_obtained":["Burst"]},{"damage_healed":0.0,"max_hp_gain":0.0,"max_hp_loss":0.0,"gold_gain":0.0,"event_name":"SensoryStone","player_choice":"Memory 3","floor":36.0,"gold_loss":0.0,"damage_taken":10.0},{"cards_removed":["Strike_G"],"damage_healed":0.0,"max_hp_gain":0.0,"max_hp_loss":0.0,"gold_gain":0.0,"event_name":"Falling","player_choice":"Removed Attack","floor":37.0,"gold_loss":0.0,"damage_taken":0.0},{"damage_healed":0.0,"max_hp_gain":0.0,"max_hp_loss":4.0,"gold_gain":0.0,"event_name":"Winding Halls","player_choice":"Max HP","floor":38.0,"gold_loss":0.0,"damage_taken":0.0}],"is_beta":false,"boss_relics":[{"not_picked":["Philosopher\u0027s Stone","Velvet Choker"],"picked":"Snecko Eye"},{"not_picked":["SlaversCollar","Tiny House"],"picked":"Sozu"}],"items_purged_floors":[10,21,39],"is_endless":false,"potions_floor_spawned":[5,8,11,18,19,20,35],"killed_by":"Nemesis","ascension_level":20}}