{"host":"g86tzja0f4rljy89","time":1607857165,"event":{"mods":["Bard","BaseMod","Conspire","Hermit","Infinite Spire","Jorbs\u0027s Wanderer Trilogy","Marisa????????","Minty Spire (QoL Compilation)","Remilia??????","Replay The Spire","StSLib","Td1madao Mod","The Cursed","The Hierophant","The Necromancer","The Runesmith","The Servant 0.9.4"],"gold_per_floor":[119,133,133,151,170,170,245,272,299,318,338,338,357,371,371,483,495,527,539,551,551],"floor_reached":20,"playtime":987,"items_purged":[],"score":176,"play_id":"2acc57ca-b138-40f8-ab9f-4793ca95856f","local_time":"20201213175925","is_ascension_mode":false,"campfire_choices":[{"data":"Stop_Heart","floor":6,"key":"SMITH"},{"floor":15,"key":"DIG"}],"circlet_count":0,"master_deck":["Strike_W","Strike_W","Strike_W","Strike_W","Defend_W","Defend_W","Defend_W","Defend_W","Negative_Energy_Arrows","Bone_Wall","Epidemic","Stop_Heart+1","Shackles_Of_Pain","Blood_Wake","Summon_Lich","Vampiric_Strike","Summon_Undead_Army","Negative_Energy_Burst","Summon_Undead_Army","Summon_Vampire_Lady","Spectral_Walk"],"relics":["Vampire_Amulet","NeowsBlessing","ReplayTheSpireMod:TigerMarble","infinitespire:Beetle Shell","Odd Mushroom","MawBank","SlaversCollar","Runesmith:Nanobots"],"acts_visited":["Exordium","TheCity"],"potions_floor_usage":[14,16,16,16],"damage_taken":[{"damage":0,"enemies":"2 Louse","floor":1,"turns":2},{"damage":0,"enemies":"Cultist","floor":2,"turns":1},{"damage":0,"enemies":"Small Slimes","floor":4,"turns":1},{"damage":17,"enemies":"Red Slaver","floor":5,"turns":4},{"damage":25,"enemies":"Gremlin Nob","floor":8,"turns":4},{"damage":8,"enemies":"Gremlin Gang","floor":10,"turns":2},{"damage":16,"enemies":"The Mushroom Lair","floor":11,"turns":4},{"damage":5,"enemies":"3 Louse","floor":13,"turns":2},{"damage":15,"enemies":"conspire:2 RoseBushes","floor":14,"turns":3},{"damage":10,"enemies":"Hexaghost","floor":16,"turns":9},{"damage":47,"enemies":"2 Thieves","floor":18,"turns":4},{"damage":37,"enemies":"Spheric Guardian","floor":20,"turns":4}],"seed_played":"1673611211124408804","potions_obtained":[{"floor":1,"key":"Flashbang"},{"floor":2,"key":"Fire Potion"},{"floor":11,"key":"Strength Potion"},{"floor":14,"key":"LifebloodPotion"},{"floor":16,"key":"FearPotion"}],"is_trial":false,"path_per_floor":["M","M","?","M","M","R","?","E","T","M","?","?","M","M","R","B",null,"M","T","M"],"character_chosen":"NECROMANCER","items_purchased":[],"campfire_rested":0,"item_purchase_floors":[],"current_hp_per_floor":[75,75,75,75,60,60,49,26,26,26,16,16,17,9,9,3,76,34,34,0,0],"gold":551,"neow_bonus":"THREE_ENEMY_KILL","is_daily":false,"chose_seed":false,"campfire_upgraded":1,"win_rate":0.0,"timestamp":1607857165,"path_taken":["M","M","?","M","?","R","?","E","T","M","?","?","M","M","R","BOSS","M","?","M"],"items_purchased_type":[],"build_version":"2020-11-29","purchased_purges":0,"victory":false,"max_hp_per_floor":[75,75,75,75,75,75,75,75,75,75,75,75,75,76,76,76,76,77,77,77,77],"card_choices":[{"not_picked":["Blood_Curse","Scare"],"picked":"Epidemic","floor":1},{"not_picked":["Blood_Shield","Death_Coil"],"picked":"Stop_Heart","floor":2},{"not_picked":["Consume_Illness","Blood_for_Blood"],"picked":"Shackles_Of_Pain","floor":4},{"not_picked":["Corrupt","Finger_Of_Death"],"picked":"Blood_Wake","floor":5},{"not_picked":["Blood_Whip","Spectral_Walk"],"picked":"Summon_Lich","floor":8},{"not_picked":["Bone_Armor","Consume_Illness"],"picked":"Vampiric_Strike","floor":10},{"not_picked":["Consume_Illness","Chill_Blood"],"picked":"Summon_Undead_Army","floor":11},{"not_picked":["Blood_Is_Power","Death_Coil"],"picked":"Negative_Energy_Burst","floor":13},{"not_picked":["Negative_Energy_Sphere","Summon_Undead"],"picked":"Summon_Undead_Army","floor":14},{"not_picked":["Negative_Energy_Bomb","Cloudkill"],"picked":"Summon_Vampire_Lady","floor":16},{"not_picked":["Shackles_Of_Pain","Bones_to_Steel"],"picked":"Spectral_Walk","floor":18}],"player_experience":200533,"relics_obtained":[{"floor":8,"key":"ReplayTheSpireMod:TigerMarble"},{"floor":9,"key":"infinitespire:Beetle Shell"},{"floor":11,"key":"Odd Mushroom"},{"floor":15,"key":"MawBank"},{"floor":19,"key":"Runesmith:Nanobots"}],"event_choices":[{"damage_healed":0,"gold_gain":0,"player_choice":"Bought 0 Potions","damage_taken":0,"max_hp_gain":0,"max_hp_loss":0,"event_name":"The Woman in Blue","floor":3,"gold_loss":0},{"damage_healed":0,"gold_gain":75,"player_choice":"Gather Gold","damage_taken":11,"max_hp_gain":0,"max_hp_loss":0,"event_name":"World of Goop","floor":7,"gold_loss":0},{"damage_healed":0,"gold_gain":0,"player_choice":"Fought Mushrooms","damage_taken":0,"max_hp_gain":0,"max_hp_loss":0,"event_name":"Mushrooms","floor":11,"gold_loss":0},{"damage_healed":0,"gold_gain":0,"player_choice":"Got Potions","damage_taken":0,"max_hp_gain":0,"max_hp_loss":0,"event_name":"Lab","floor":12,"gold_loss":0}],"is_beta":false,"boss_relics":[{"not_picked":["Replay:Drink Me","Ring of Chaos"],"picked":"SlaversCollar"}],"items_purged_floors":[],"is_endless":false,"potions_floor_spawned":[1,2,11,14,16],"killed_by":"Spheric Guardian","ascension_level":0}}