{"host":"usn420qyc3tqn20x","time":1607864368,"event":{"mods":["AchievementEnabler","Aspiration","BaseMod","Better Third Choice","BetterRewards","Colored Map","Colored Powertips","Conspire","Friendly Minions","Hermit","Hubris","Infinite Spire","Minty Spire (QoL Compilation)","Quick Restart","Rare Cards Sparkle","Replay The Spire","Shop Mod","Spicy Shops","StSLib","The Construct","The Cursed","The Disciple","The Jungle","The Necromancer","The Runesmith","The Servant 0.9.4","UnlockEverythingMod","Waifu the Spire","vexMod"],"gold_per_floor":[113,113,128,128,143,143,159,230,230,250,250,230,260,272,272,371,371,382,382,400,400,419,419,419],"floor_reached":23,"playtime":1531,"items_purged":[],"score":218,"play_id":"352862ea-932f-4305-a6b5-c5fb1e4af5d0","local_time":"20201213235928","is_ascension_mode":false,"campfire_choices":[{"data":"Cloak And Dagger","floor":6,"key":"SMITH"},{"data":"Infinite Blades","floor":11,"key":"SMITH"},{"data":"Cloak And Dagger","floor":15,"key":"SMITH"}],"circlet_count":0,"master_deck":["Strike_G","Strike_G","Strike_G","Strike_G","Strike_G","Defend_G","Defend_G","Defend_G","Defend_G","Defend_G","Survivor","Neutralize","Cloak And Dagger+1","Die Die Die","Outmaneuver","Cloak And Dagger+1","Infinite Blades+1","Die Die Die","Slice+1","Writhe","All Out Attack"],"relics":["Ring of the Snake","Tiny Chest","Letter Opener","conspire:GiftBox","Garlic","Ornamental Fan","hubris:MysteriousPyramids","HoveringKite","Shovel","Iron Hammer"],"acts_visited":["Exordium","Exordium"],"potions_floor_usage":[13,13,16],"damage_taken":[{"damage":0,"enemies":"Small Slimes","floor":1,"turns":4},{"damage":1,"enemies":"Jaw Worm","floor":3,"turns":4},{"damage":0,"enemies":"conspire:RoseBush","floor":5,"turns":2},{"damage":0,"enemies":"3 Louse","floor":7,"turns":3},{"damage":0,"enemies":"Red Slaver","floor":10,"turns":3},{"damage":0,"enemies":"3 Sentries","floor":13,"turns":8},{"damage":0,"enemies":"2 Fungi Beasts","floor":14,"turns":3},{"damage":63,"enemies":"The Guardian","floor":16,"turns":14},{"damage":29,"enemies":"theJungle:Flameango_and_Byrd","floor":18,"turns":7},{"damage":9,"enemies":"theJungle:GiantWrat","floor":20,"turns":6},{"damage":26,"enemies":"theJungle:2_Flameangoes","floor":22,"turns":7},{"damage":0,"enemies":"theJungle:Cassacara","floor":23,"turns":1}],"seed_played":"-2653969770965728007","potions_obtained":[{"floor":3,"key":"Elixir"},{"floor":5,"key":"LiquidBronze"},{"floor":12,"key":"SkillPotion"},{"floor":16,"key":"Milkshake"}],"is_trial":false,"path_per_floor":["M","?","M","T","M","R","M","T","T","M","R","?","E","M","R","B",null,"M","?","M","T","M","E"],"character_chosen":"THE_SILENT","items_purchased":[],"campfire_rested":0,"item_purchase_floors":[],"current_hp_per_floor":[70,70,69,69,69,69,69,69,69,69,69,69,69,69,69,6,70,41,41,32,32,6,6,6],"gold":419,"neow_bonus":"RANDOM_COMMON_RELIC","is_daily":false,"chose_seed":false,"campfire_upgraded":3,"win_rate":0.0,"timestamp":1607864368,"path_taken":["M","?","M","?","M","R","?","?","T","M","R","?","E","?","R","BOSS","M","?","M","?","?","E"],"items_purchased_type":[],"build_version":"2020-11-30","purchased_purges":0,"victory":false,"max_hp_per_floor":[70,70,70,70,70,70,70,70,70,70,70,70,70,70,70,70,70,70,70,70,70,70,70,70],"card_choices":[{"not_picked":["Deflect","Accuracy"],"picked":"Cloak And Dagger","floor":1},{"not_picked":["Leg Sweep","ReplayTheSpireMod:Exploit Weakness","Sucker Punch"],"picked":"SKIP","floor":3},{"not_picked":["Grand Finale","Tools of the Trade"],"picked":"Die Die Die","floor":4},{"not_picked":["PiercingWail","Flying Knee"],"picked":"Outmaneuver","floor":5},{"not_picked":["Poison Darts","Hidden Blade"],"picked":"Cloak And Dagger","floor":7},{"not_picked":["Acrobatics","Poisoned Stab"],"picked":"Infinite Blades","floor":10},{"not_picked":["Flying Knee","Quick Slash","Bouncing Flask"],"picked":"SKIP","floor":13},{"not_picked":["Dodge and Roll","Doppelganger","hubris:SlightOfHand"],"picked":"SKIP","floor":14},{"not_picked":["Unload","Doppelganger"],"picked":"Die Die Die","floor":16},{"not_picked":["Bane+1","Poisoned Stab"],"picked":"Slice+1","floor":18},{"not_picked":["Backflip","Deadly Poison","Prepared"],"picked":"SKIP","floor":20},{"not_picked":["Predator","Blur"],"picked":"All Out Attack","floor":22}],"player_experience":377011,"relics_obtained":[{"floor":2,"key":"Letter Opener"},{"floor":4,"key":"conspire:GiftBox"},{"floor":8,"key":"Garlic"},{"floor":9,"key":"Ornamental Fan"},{"floor":13,"key":"hubris:MysteriousPyramids"},{"floor":21,"key":"Iron Hammer"}],"event_choices":[{"damage_healed":0,"gold_gain":0,"player_choice":"Bought 1 Potion","damage_taken":0,"max_hp_gain":0,"max_hp_loss":0,"event_name":"The Woman in Blue","floor":12,"gold_loss":0}],"is_beta":false,"boss_relics":[{"not_picked":["hubris:BlackHole","conspire:RunicOctahedron"],"picked":"HoveringKite"}],"items_purged_floors":[],"is_endless":false,"potions_floor_spawned":[3,5,16],"killed_by":"theJungle:Cassacara","ascension_level":0}}