{"host":"mdxxh7xrx9vr3ma8","time":1607836592,"event":{"mods":["AchievementEnabler","Act Like it!","Aspiration","Bard","BaseMod","Beaked The Cultist","Better Altar","Better Match","Better Note","Better Sensory Stone","Better Skull","Better Third Choice","BetterRewards","CCEM","Challenge The Spire","Colored Map","Colored Powertips","Conspire","Downfall","Friendly Minions","GifTheSpireLib","Glutton Mod","Googly Eyes","Halation","Hallownest","Hermit","Hero for Fun","Highlight Path","Hubris","Hunter ??","Infinite Spire","Jedi Mod","Jorbs\u0027s Wanderer Trilogy","Lobotomy","Marisa????????","Mimic Mod","Minty Spire (QoL Compilation)","Rare Cards Sparkle","Relic Sorter","Replay The Spire","Shade Mod","Shop Mod","Spicy Shops","StSLib","Stuff the Spire","The Administrix","The Animator","The Bug Knight","The Construct","The Cursed","The Disciple","The Hierophant","The IronCluck","The Mystic","The Necromancer","The Problem Sleuth","The Servant 0.9.4","The Spell Scribe","The Witch","everything is the same but u backflip on backflip","vexMod"],"gold_per_floor":[115,18,18,18,33,33,33,43,90,102,102,114,62,78,78,177,177,193,193,193,213,225,256,256,276,323,323,346,346,364,379,379,379,379],"floor_reached":33,"playtime":1753,"items_purged":[],"score":259,"play_id":"9d8c8f1f-0999-4029-a6b2-a30d8e36ff90","local_time":"20201212211632","is_ascension_mode":false,"campfire_choices":[{"data":"infinitespire:OneForAll","floor":6,"key":"SMITH"},{"data":"Shrug It Off","floor":11,"key":"SMITH"},{"data":"Rage","floor":15,"key":"SMITH"},{"data":"Anger","floor":24,"key":"SMITH"},{"floor":29,"key":"REST"},{"data":"Rampage","floor":32,"key":"SMITH"}],"circlet_count":0,"master_deck":["Strike_R","Strike_R","Strike_R","Strike_R","Defend_R","Defend_R","Defend_R","Defend_R","Bash","infinitespire:OneForAll+1","jedi:MakeshiftSword","Shrug It Off+1","Armaments","Anger+1","Rage+1","Cleave","Anger+1","Rampage+1"],"relics":["Burning Blood","halation:Diary","Sozu","Replay:Mystery Machine","Sozu","Bag of Marbles","halation:LettersToHer"],"acts_visited":["Exordium","TheCity"],"potions_floor_usage":[],"damage_taken":[{"damage":3,"enemies":"Small Slimes","floor":1,"turns":4},{"damage":1,"enemies":"Jaw Worm","floor":5,"turns":6},{"damage":0,"enemies":"Cultist","floor":8,"turns":4},{"damage":1,"enemies":"Red Slaver","floor":10,"turns":3},{"damage":5,"enemies":"Looter","floor":12,"turns":2},{"damage":1,"enemies":"Blue Slaver","floor":14,"turns":2},{"damage":40,"enemies":"Slime Boss","floor":16,"turns":11},{"damage":8,"enemies":"Spheric Guardian","floor":18,"turns":6},{"damage":4,"enemies":"Chosen","floor":21,"turns":3},{"damage":0,"enemies":"Snake Plant","floor":22,"turns":3},{"damage":16,"enemies":"Book of Stabbing","floor":23,"turns":5},{"damage":6,"enemies":"Sentry and Sphere","floor":25,"turns":4},{"damage":0,"enemies":"3 Cultists","floor":30,"turns":4},{"damage":0,"enemies":"Centurion and Healer","floor":31,"turns":3},{"damage":82,"enemies":"Collector","floor":33,"turns":5}],"seed_played":"-1219752293563252459","potions_obtained":[{"floor":1,"key":"LifebloodPotion"}],"is_trial":false,"path_per_floor":["M","$","?","?","M","R","?","M","T","M","R","M","$","M","R","B",null,"M","?","?","M","M","E","R","M","T","?","T","R","M","M","R","B"],"character_chosen":"IRONCLAD","items_purchased":["halation:Diary","Anger"],"campfire_rested":1,"item_purchase_floors":[2,13],"current_hp_per_floor":[80,80,80,80,80,80,80,80,80,80,80,80,80,80,80,46,80,78,78,70,72,78,68,68,68,68,68,68,80,80,80,80,0,0],"gold":379,"neow_bonus":"TRANSFORM_CARD","is_daily":false,"chose_seed":false,"campfire_upgraded":5,"win_rate":0.0,"timestamp":1607836592,"path_taken":["M","$","?","?","?","R","?","M","T","?","R","M","$","M","R","BOSS","M","?","?","?","M","E","R","M","T","?","?","R","M","M","R","BOSS"],"items_purchased_type":["Relic","Card"],"build_version":"2020-11-30","purchased_purges":0,"victory":false,"max_hp_per_floor":[80,80,80,80,80,80,80,80,80,80,80,80,80,80,80,80,80,80,80,80,80,80,80,80,80,80,80,80,80,80,80,80,80,80],"card_choices":[{"not_picked":["Heavy Blade","Perfected Strike","Warcry"],"picked":"SKIP","floor":1},{"not_picked":["Thunderclap","Clothesline"],"picked":"Sword Boomerang","floor":5},{"not_picked":["Cleave","StuffTheSpire:Incineration"],"picked":"Shrug It Off","floor":8},{"not_picked":["Body Slam","Disarm","True Grit"],"picked":"SKIP","floor":10},{"not_picked":["Flame Barrier","ReplayTheSpireMod:LeadingStrike"],"picked":"Armaments","floor":12},{"not_picked":["Dropkick","Feel No Pain"],"picked":"Rage","floor":14},{"not_picked":["Clothesline","Combust+1","Entrench+1"],"picked":"SKIP","floor":18},{"not_picked":["Perfected Strike","Flex","Sever Soul"],"picked":"SKIP","floor":21},{"not_picked":["StuffTheSpire:RockThrow+1","Warcry+1","Combust"],"picked":"SKIP","floor":22},{"not_picked":["Heavy Blade","jedi:MakeshiftSword"],"picked":"Cleave","floor":23},{"not_picked":["jedi:fear+1","Headbutt+1"],"picked":"Anger+1","floor":25},{"not_picked":["Warcry+1","Berserk"],"picked":"Rampage","floor":30},{"not_picked":["Rage","Body Slam+1","True Grit+1"],"picked":"SKIP","floor":31}],"player_experience":123596,"relics_obtained":[{"floor":9,"key":"Replay:Mystery Machine"},{"floor":23,"key":"Bag of Marbles"},{"floor":28,"key":"halation:LettersToHer"}],"event_choices":[{"damage_healed":0,"gold_gain":0,"cards_transformed":["Sword Boomerang"],"player_choice":"Transformed","damage_taken":0,"max_hp_gain":0,"max_hp_loss":0,"event_name":"Transmorgrifier","floor":7,"gold_loss":0,"cards_obtained":["jedi:MakeshiftSword"]},{"damage_healed":0,"gold_gain":0,"player_choice":"Got Potions","damage_taken":0,"max_hp_gain":0,"max_hp_loss":0,"event_name":"Lab","floor":19,"gold_loss":0},{"damage_healed":0,"gold_gain":0,"player_choice":"Damaged","damage_taken":8,"max_hp_gain":0,"max_hp_loss":0,"event_name":"Wheel of Change","floor":20,"gold_loss":0},{"cards_removed":["infinitespire:OneForAll"],"damage_healed":0,"gold_gain":0,"player_choice":"Give","damage_taken":0,"max_hp_gain":0,"max_hp_loss":0,"event_name":"betterNote:BetterNote","floor":27,"gold_loss":0,"cards_obtained":["None"]}],"is_beta":false,"boss_relics":[{"not_picked":["StuffTheSpire:RunicConfusion","Coffee Dripper"],"picked":"Sozu"}],"items_purged_floors":[],"is_endless":false,"potions_floor_spawned":[1,5,16,18,22,23,25],"killed_by":"Collector","ascension_level":0}}