{"host":"htqwg582tjjtn9p7","time":1607879209,"event":{"mods":["2.2 Compatiblity","AchievementEnabler","Act Like it!","Aspiration","BaseMod","Better Third Choice","Colored Map","Conspire","Curses Come First","Displayed Cursed Tome","Energized Spire","Force Act Four","GifTheSpireLib","Hermit","Highlight Path","JesterMod","Mad Scientist","Minty Spire (QoL Compilation)","Pale of the Ancients","Permanent Neow","Random Character Button","Relic Stats","Replay The Spire","Robot Space Explorer","Somnambulant","Spicy Shops","Spikes Relics","StSLib","Stuff the Spire","The Blue Laboratory","The Disciple","The Dragon Tamer","The Forsaken","The Gatherer","The Judge","The Jungle","The Runesmith","The Servant 0.9.4"],"gold_per_floor":[118,130,38,38,38,71,82,113,163,224,255,58,77,118,127,127,127],"floor_reached":16,"playtime":850,"items_purged":[],"score":228,"play_id":"aea627c0-5564-4f33-bc25-59751db076f0","local_time":"20201213180649","is_ascension_mode":true,"campfire_choices":[{"floor":15,"key":"REST"}],"circlet_count":0,"master_deck":["AscendersBane","Strike_R","Strike_R","Strike_R","Strike_R","Strike_R","Defend_R","Defend_R","Defend_R","Defend_R","Bash","Metallicize","Feel No Pain","Pride","StuffTheSpire:BumpUp","Terror","Blur","Gatherer:FlowerFalling","jesterMod:Pillage","Metallicize+1","ForgedInTime","theForsaken:PanicDive"],"relics":["Runesmith:UraniumAnvil","PrismaticShard","SsserpentHead","Blue Doll","StuffTheSpire:Barrel","Dream Catcher","Champion Belt","Strawberry","CeramicFish"],"acts_visited":["Exordium"],"potions_floor_usage":[8,11,14,14],"damage_taken":[{"damage":2,"enemies":"Jaw Worm","floor":1,"turns":3},{"damage":7,"enemies":"Cultist","floor":2,"turns":4},{"damage":21,"enemies":"3 Sentries","floor":6,"turns":13},{"damage":4,"enemies":"Small Slimes","floor":7,"turns":4},{"damage":15,"enemies":"Gremlin Nob","floor":8,"turns":6},{"damage":5,"enemies":"Gremlin Gang","floor":10,"turns":7},{"damage":6,"enemies":"3 Sentries","floor":11,"turns":13},{"damage":1,"enemies":"Looter","floor":13,"turns":4},{"damage":8,"enemies":"Gremlin Nob","floor":14,"turns":5},{"damage":53,"enemies":"Fading Forest","floor":16,"turns":10}],"seed_played":"-8564818588474009636","potions_obtained":[{"floor":1,"key":"blueLaboratory:TrueEctoplasm"},{"floor":8,"key":"blueLaboratory:PhilterOfMotion"},{"floor":13,"key":"EssenceOfSteel"}],"is_trial":false,"path_per_floor":["M","M","$","?","$","E","M","E","T","M","E","$","M","E","R","B"],"character_chosen":"IRONCLAD","items_purchased":["Feel No Pain","PrismaticShard","Strawberry","Metallicize+1"],"campfire_rested":1,"item_purchase_floors":[3,3,12,12],"current_hp_per_floor":[66,59,59,59,59,38,34,19,19,14,8,15,22,14,38,0,0],"gold":127,"neow_bonus":"BOSS_RELIC","is_daily":false,"chose_seed":false,"campfire_upgraded":0,"win_rate":0.0,"timestamp":1607879209,"path_taken":["M","M","$","?","$","E","M","E","T","?","E","$","M","E","R","BOSS"],"items_purchased_type":["Card","Relic","Relic","Card"],"build_version":"2020-11-30","purchased_purges":0,"victory":false,"max_hp_per_floor":[75,75,75,75,75,75,75,75,75,75,75,82,82,82,82,82,82],"relic_stats":{"SsserpentHead":50,"Dream Catcher":1,"counters":[10,69],"CeramicFish":18,"Champion Belt":[6],"obtain_stats":[{"SsserpentHead":4,"StuffTheSpire:Barrel":8,"Dream Catcher":9,"Strawberry":12,"CeramicFish":14,"Runesmith:UraniumAnvil":0,"Blue Doll":6,"Champion Belt":11,"PrismaticShard":3,"Burning Blood":0},{"SsserpentHead":2,"StuffTheSpire:Barrel":5,"Dream Catcher":5,"Strawberry":7,"CeramicFish":9,"Runesmith:UraniumAnvil":0,"Blue Doll":3,"Champion Belt":7,"PrismaticShard":2,"Burning Blood":0},{"SsserpentHead":7,"StuffTheSpire:Barrel":30,"Dream Catcher":30,"Strawberry":50,"CeramicFish":59,"Runesmith:UraniumAnvil":0,"Blue Doll":20,"Champion Belt":50,"PrismaticShard":7,"Burning Blood":0}]},"card_choices":[{"not_picked":["Wild Strike","Whirlwind"],"picked":"Metallicize","floor":1},{"not_picked":["Bloodletting","StuffTheSpire:BloodClot","Replay:Undeath\u0027s Touch"],"picked":"SKIP","floor":2},{"not_picked":["LockedLightning","DTMod:Feint"],"picked":"StuffTheSpire:BumpUp","floor":6},{"not_picked":["RobotSpaceExplorer:ShockKick","WordoMod:WipingAllOut"],"picked":"Terror","floor":7},{"not_picked":["DTMod:Hide","AlternateTimeline"],"picked":"Blur","floor":8},{"not_picked":["hermit:BodyArmor","DTMod:FlameSlash"],"picked":"Gatherer:FlowerFalling","floor":10},{"not_picked":["Runesmith:HeatExchange","Ricochet"],"picked":"jesterMod:Pillage","floor":11},{"not_picked":["RobotSpaceExplorer:Electroshield","Deadly Poison","hermit:LuckOfTheDraw"],"picked":"SKIP","floor":13},{"not_picked":["MadScienceMod:AcidSpray","hermit:EternalForm"],"picked":"ForgedInTime","floor":14},{"not_picked":["EmptyMind","Quick Slash"],"picked":"theForsaken:PanicDive","floor":15}],"player_experience":1675130,"relics_obtained":[{"floor":6,"key":"Blue Doll"},{"floor":8,"key":"StuffTheSpire:Barrel"},{"floor":9,"key":"Dream Catcher"},{"floor":11,"key":"Champion Belt"},{"floor":14,"key":"CeramicFish"}],"event_choices":[{"damage_healed":0,"gold_gain":0,"player_choice":"Trade","damage_taken":0,"relics_obtained":["SsserpentHead"],"max_hp_gain":0,"max_hp_loss":0,"event_name":"FaceTrader","floor":4,"gold_loss":0}],"is_beta":false,"boss_relics":[],"items_purged_floors":[],"is_endless":false,"potions_floor_spawned":[1,8,13],"killed_by":"Fading Forest","ascension_level":15}}