{"host":"zxd2l8an9de7z7b9","time":1607874360,"event":{"mods":["2.2 Compatiblity","BaseMod","CapriCore","Colored Map","Colored Powertips","Hermit","Koishi","Lobotomy","Marisa£¨Ùöéë¡¡Øª×âÞÞ£©","Minty Spire (QoL Compilation)","Rare Cards Sparkle","StSLib","The Cursed","The Dragon Tamer","The Gatherer","The Hierophant","The Immortal","The Poker Player","The Runesmith","WarShipGirlsR/??á´Ò³R mod"],"gold_per_floor":[111,121,140,154,168,168,186,186,186,179,157,157,168,182,182,206,206,124,124,124,106,31,31,30,33,59,63,63,22,22,38,38,104,104,115,113,100,70,89,89,0,0,69,80,91,91,91,108,108,8,8,8],"floor_reached":53,"playtime":5743,"items_purged":["GreenStem"],"score":1629,"play_id":"3dcbeddd-628c-4e49-9334-baf2567164dc","local_time":"20201214004600","is_ascension_mode":false,"campfire_choices":[{"data":"Mimicry","floor":42.0,"key":"SMITH"}],"circlet_count":0,"master_deck":["SpecialBullet","SpecialBullet","SpecialBullet","SpecialBullet","SpecialBullet","SpecialBullet","InformationCode","SecurityCode","CentralCode","DespairKnight","RedEyes","CherryBlossom","Scorched","OSAHOGD","TheSmile","CherryBlossom","Freischutz","Soda","BlackSwan","TheSmile","LaLuna","GreenStem+1","WelfareCode","RecordCode","CENSORED","Mimicry+1","Funeral","Horn+1","ScreamingWedge+1","RedShoes","LittleHelper","Horn+1"],"relics":["CogitoBucket","LuminousBracelet","InkBottle","Runesmith:UraniumAnvil","SkinProphecy","Nilry\u0027s Codex","Molten Egg 2","Nunchaku","AtMidnight","AspirationHeart","SlaversCollar","Red Mask","Bottled Tornado"],"acts_visited":[],"potions_floor_usage":[],"damage_taken":[{"damage":11.0,"enemies":"Jaw Worm","floor":1.0,"turns":3.0},{"damage":0.0,"enemies":"2 Louse","floor":2.0,"turns":2.0},{"damage":6.0,"enemies":"Cultist","floor":3.0,"turns":3.0},{"damage":19.0,"enemies":"2 Fungi Beasts","floor":4.0,"turns":3.0},{"damage":11.0,"enemies":"Exordium Wildlife","floor":5.0,"turns":3.0},{"damage":28.0,"enemies":"Large Slime","floor":7.0,"turns":3.0},{"damage":12.0,"enemies":"Blue Slaver","floor":10.0,"turns":2.0},{"damage":6.0,"enemies":"Exordium Wildlife","floor":13.0,"turns":2.0},{"damage":16.0,"enemies":"Large Slime","floor":14.0,"turns":5.0},{"damage":66.0,"enemies":"Slime Boss","floor":16.0,"turns":5.0},{"damage":72.0,"enemies":"Shell Parasite","floor":18.0,"turns":9.0},{"damage":40.0,"enemies":"Spheric Guardian","floor":21.0,"turns":6.0},{"damage":42.0,"enemies":"Gremlin Leader","floor":24.0,"turns":15.0},{"damage":24.0,"enemies":"Snake Plant","floor":25.0,"turns":4.0},{"damage":38.0,"enemies":"Snecko","floor":27.0,"turns":5.0},{"damage":24.0,"enemies":"Shelled Parasite and Fungi","floor":29.0,"turns":5.0},{"damage":25.0,"enemies":"3 Cultists","floor":31.0,"turns":4.0},{"damage":107.0,"enemies":"Champ","floor":33.0,"turns":18.0},{"damage":15.0,"enemies":"Orb Walker","floor":35.0,"turns":6.0},{"damage":45.0,"enemies":"3 Darklings","floor":36.0,"turns":9.0},{"damage":47.0,"enemies":"Transient","floor":37.0,"turns":5.0},{"damage":67.0,"enemies":"Jaw Worm Horde","floor":39.0,"turns":8.0},{"damage":52.0,"enemies":"Sphere and 2 Shapes","floor":44.0,"turns":8.0},{"damage":139.0,"enemies":"Writhing Mass","floor":45.0,"turns":9.0},{"damage":28.0,"enemies":"Spire Growth","floor":48.0,"turns":7.0},{"damage":0.0,"enemies":"Awakened One","floor":50.0,"turns":20.0},{"damage":124.0,"enemies":"Malkuth","floor":51.0,"turns":20.0},{"damage":161.0,"enemies":"Hod","floor":52.0,"turns":23.0}],"seed_played":"-1323899815535731622","potions_obtained":[{"floor":0.0,"key":"SkillPotion"},{"floor":0.0,"key":"Fruit Juice"},{"floor":0.0,"key":"GamblersBrew"},{"floor":1.0,"key":"FearPotion"},{"floor":2.0,"key":"DistilledChaos"},{"floor":16.0,"key":"AttackPotion"},{"floor":21.0,"key":"Fruit Juice"},{"floor":25.0,"key":"Explosive Potion"},{"floor":27.0,"key":"Fire Potion"},{"floor":33.0,"key":"BlessingOfTheForge"},{"floor":35.0,"key":"Fire Potion"},{"floor":36.0,"key":"Block Potion"},{"floor":45.0,"key":"SkillPotion"}],"is_trial":false,"path_per_floor":["M","M","M","M","M","R","M","R","T","M","$","R","M","M","R","B",null,"M","$","?","M","$","R","E","M","T","M","R","M","R","M","R","B",null,"M","M","M","?","M","R","?","R","T","M","M","R","$","M","R","B",null,null,null,null,null],"character_chosen":"Angela","items_purchased":["Soda"],"campfire_rested":0,"item_purchase_floors":[11],"current_hp_per_floor":[72,75,75,64,64,64,62,62,62,61,61,61,67,68,68,24,94,71,71,55,42,42,42,58,64,64,47,47,50,50,52,52,43,121,127,129,135,135,137,137,137,137,137,143,137,137,137,147,147,121,103,85],"gold":8,"neow_bonus":"THREE_SMALL_POTIONS","is_daily":false,"chose_seed":false,"campfire_upgraded":1,"win_rate":0.0,"timestamp":1607874360,"path_taken":["M","M","M","M","M","R","M","R","T","M","$","R","M","M","R","BOSS","M","$","?","M","$","R","E","M","T","M","R","M","R","?","R","BOSS","M","M","M","?","M","R","?","R","T","M","M","R","$","M","R","BOSS"],"items_purchased_type":["Card"],"build_version":"2020-11-30","purchased_purges":1,"victory":true,"max_hp_per_floor":[75,75,75,75,75,75,90,90,90,90,90,90,90,90,90,94,94,94,94,94,100,100,100,101,93,93,95,95,109,109,115,115,121,121,127,129,135,135,137,137,137,137,137,143,145,145,145,147,147,121,103,85],"card_choices":[{"not_picked":["CherryBlossoms","ShyLook"],"picked":"DespairKnight","floor":1.0},{"not_picked":["CherryBlossom"],"picked":"RedEyes","floor":1.0},{"not_picked":["CherryBlossoms","FairyFestival"],"picked":"CrumblingArmor","floor":2.0},{"not_picked":["Beak"],"picked":"CherryBlossom","floor":2.0},{"not_picked":["Wellcheers","FairyFestival"],"picked":"Scorched","floor":3.0},{"not_picked":["Tough"],"picked":"GreenStem","floor":3.0},{"not_picked":["Bloodbath","FairyFestival"],"picked":"OSAHOGD","floor":4.0},{"not_picked":["WristCuter"],"picked":"TheSmile","floor":4.0},{"not_picked":["Hypocrisy"],"picked":"CherryBlossom","floor":5.0},{"not_picked":["Bloodbath","FairyFestival"],"picked":"Freischutz","floor":7.0},{"not_picked":["Loneliness","Lantern"],"picked":"SKIP","floor":7.0},{"not_picked":["GreenStem","Gaze"],"picked":"SKIP","floor":10.0},{"not_picked":["Gaze","RedEyes"],"picked":"SKIP","floor":13.0},{"not_picked":["RapturousDream","SomewhereSpear"],"picked":"SKIP","floor":14.0},{"not_picked":["Murderer","Woodsman"],"picked":"BlackSwan","floor":16.0},{"not_picked":["CENSORED_ego"],"picked":"TheSmile","floor":16.0},{"not_picked":["CUTE","Lantern"],"picked":"SKIP","floor":18.0},{"not_picked":["FairyFestival","MHz"],"picked":"LaLuna","floor":21.0},{"not_picked":["CherryBlossom"],"picked":"GreenStem+1","floor":21.0},{"not_picked":["FairyFestival","BeautyBeast"],"picked":"QueenOfHatred","floor":24.0},{"not_picked":["Tough+1","Loneliness"],"picked":"SKIP","floor":24.0},{"not_picked":["Harmony+1"],"picked":"Logging+1","floor":25.0},{"not_picked":["Tough+1","Noise"],"picked":"SKIP","floor":27.0},{"not_picked":["SolemnVow+1","Penitence"],"picked":"SKIP","floor":29.0},{"not_picked":["HappyTeddy","SingingMachine"],"picked":"CENSORED","floor":31.0},{"not_picked":["Wingbeat"],"picked":"Mimicry","floor":31.0},{"not_picked":["BigBird","Porccubus"],"picked":"Funeral","floor":33.0},{"not_picked":["SnowQueen","Wellcheers"],"picked":"UniverseFragment","floor":35.0},{"not_picked":["WristCuter+1"],"picked":"Horn+1","floor":35.0},{"not_picked":["Soda+1"],"picked":"ScreamingWedge+1","floor":36.0},{"not_picked":["SnowQueen","FieryBird"],"picked":"RedShoes","floor":37.0},{"not_picked":["LifeForTheDareDevil","SomewhereSpear"],"picked":"SKIP","floor":37.0},{"not_picked":[],"picked":"CENSORED_ego","floor":38.0},{"not_picked":["Loneliness","ParadiseLost+1"],"picked":"SKIP","floor":39.0},{"not_picked":["LongBird","CherryBlossoms"],"picked":"LittleHelper","floor":44.0},{"not_picked":["Hornet+1","Wingbeat"],"picked":"SKIP","floor":44.0},{"not_picked":["CUTE+1","Horn+1"],"picked":"SKIP","floor":45.0},{"not_picked":["SolemnVow+1"],"picked":"Horn+1","floor":48.0}],"player_experience":382068,"relics_obtained":[{"floor":9.0,"key":"InkBottle"},{"floor":20.0,"key":"Nilry\u0027s Codex"},{"floor":24.0,"key":"Molten Egg 2"},{"floor":26.0,"key":"Nunchaku"},{"floor":29.0,"key":"AtMidnight"},{"floor":43.0,"key":"Bottled Tornado"}],"event_choices":[{"damage_healed":0.0,"max_hp_gain":0.0,"max_hp_loss":0.0,"gold_gain":0.0,"event_name":"Cursed Tome","player_choice":"Obtained Book","floor":20.0,"gold_loss":0.0,"damage_taken":16.0},{"damage_healed":0.0,"max_hp_gain":0.0,"max_hp_loss":0.0,"gold_gain":0.0,"event_name":"Tomb of Lord Red Mask","player_choice":"Paid","floor":41.0,"gold_loss":89.0,"damage_taken":0.0,"relics_obtained":["Red Mask"]}],"is_beta":false,"boss_relics":[{"not_picked":["Snecko Eye","Velvet Choker"],"picked":"Runesmith:UraniumAnvil"},{"not_picked":["Fusion Hammer","Tiny House"],"picked":"SlaversCollar"}],"items_purged_floors":[22],"is_endless":false,"potions_floor_spawned":[1,2,16,21,25,27,33,35,36,45],"ascension_level":0}}