{"host":"exlsoi54q6pc3sri","time":1607900975,"event":{"mods":["2.2 Compatiblity","AchievementEnabler","Act Like it!","Aspiration","BaseMod","Beaked The Cultist","Better Altar","Better Match","Better Note","Better Sensory Stone","Better Skull","Better Third Choice","BetterRewards","CCEM","Colored Map","Colored Powertips","Conspire","Downfall","Friendly Minions","GifTheSpireLib","Halation","Hallownest","Highlight Path","Hubris","Infinite Spire","Jedi Mod","Jorbs\u0027s Wanderer Trilogy","Marisa????????","Mimic Mod","Minty Spire (QoL Compilation)","Permanent Neow","Rare Cards Sparkle","Replay The Spire","Shop Mod","Spicy Shops","StSLib","Stuff the Spire","The Jungle","Unceasing Turn Reminder"],"gold_per_floor":[0,11,45,45,45,45,125,151,76,110,110,124,224,236,250,354,354,354,354,354,380,390,423,473,473,473,473,505,430,444,33,33,46,64,169,169,169,185,185,235,285,314,363,396,321,349,359,513,533,596,607,703,703,703,737,79,79,79,79,79,79,79,79,79,79,79,79,79,121,121,121,153,203,235,120,120,154,154,179,179,229,279,305,334,359,472,484,496,558,720,759,771,801,846,892,904,949,85,149,162,177,194,295,295,295],"floor_reached":104,"playtime":18085,"items_purged":["Guardian:Strike_Guardian","Guardian:Defend_Guardian","Guardian:AncientConstruct","Guardian:Defend_Guardian"],"score":2936,"play_id":"4f092bf9-9008-4a82-80e1-88730afa9142","local_time":"20201213230935","is_ascension_mode":true,"campfire_choices":[{"floor":1,"key":"RECALL"},{"data":"Guardian:SentryBeam","floor":9,"key":"SMITH"},{"floor":25,"key":"REST"},{"data":"Guardian:EvasiveProtocol","floor":27,"key":"SMITH"},{"data":"Guardian:DecasProtection","floor":29,"key":"SMITH"},{"data":"Guardian:ExploitGems","floor":37,"key":"SMITH"},{"data":"Guardian:PiercingHide","floor":39,"key":"SMITH"},{"data":"Guardian:PiercingHide","floor":45,"key":"SMITH"},{"data":"Guardian:DonusPower","floor":62,"key":"SMITH"},{"floor":71,"key":"DIG"},{"floor":78,"key":"REST"},{"floor":80,"key":"REST"},{"data":"Guardian:PrismaticBarrier","floor":88,"key":"SMITH"},{"floor":92,"key":"REST"},{"floor":96,"key":"REST"}],"circlet_count":0,"master_deck":["Guardian:Strike_Guardian","Guardian:Strike_Guardian+1","Guardian:Defend_Guardian","Guardian:Defend_Guardian","Guardian:CurlUp","Guardian:TwinSlam","Guardian:PiercingHide+1","Guardian:SentryBeam+1","Guardian:ShieldCharger","Guardian:PiercingHide+1","Guardian:ChargeCore","Guardian:EvasiveProtocol+1","Guardian:TemporalStrike","Guardian:DecasProtection+1","Guardian:Planning","Guardian:FloatingOrbs+1","Guardian:VentSteam+1","Guardian:RevengeProtocol+1","Replay:Fractal Strike","Guardian:ArmoredProtocol+1","Guardian:FloatingOrbs+1","Guardian:ExploitGems+1","Guardian:BronzeOrb+1","Madness+1","Guardian:Repulse+1","Guardian:PrismaticBeam+1","Guardian:EvasiveProtocol+1","Guardian:Preprogram+1","Guardian:SphericShield+1","Guardian:SpikerProtocol+1","Guardian:SentryBeam+1","Guardian:DonusPower+1","Guardian:TemporalStrike+1","Guardian:ArmoredProtocol+1","Guardian:EvasiveProtocol+1","Guardian:Incinerate","Guardian:Emergency","Guardian:CrystalBeam","Guardian:PrismaticBarrier+1","Guardian:RollAttack+1","Guardian:TimeCapacitor+1","Guardian:TimeCapacitor+1","Madness+1","Guardian:ArmoredProtocol+1","Guardian:VentSteam+1","infinitespire:FutureSight","Guardian:ExploitGems","Guardian:CrystalBeam+1","Guardian:TemporalShield+1","Guardian:Planning+1","Replay:SS_forest_6+1","Guardian:Gem_Orange","Guardian:CrystalBeam","Guardian:CrystalBeam+1","Guardian:Gem_Orange"],"relics":["Guardian:ModeShifter","beaked:ShinyBauble","Bottled Flame","CCEMRelics:TechnogenicHelmet","downfall:HeartBlessingRed","Gremlin Horn","Bag of Preparation","hubris:MedicalManual","downfall:CloakOfManyFaces","CultistMask","FaceOfCleric","NlothsMask","GremlinMask","SsserpentHead","StuffTheSpire:Experiment12","StuffTheSpire:HeavyRock","halation:SelfBoilingWater","downfall:HeartBlessingGreen","Frozen Egg 2","aspiration:Lifesprig","jedi:cryingmask","SacredBark","Blue Doll","downfall:HeartBlessingBlue","Mirror","SlaversCollar","jedi:ominousloannote","Onion Ring","MerchantsRug","conspire:Dentures","Gremlin Food","hubris:ScarierMask","Ornamental Fan","halation:StarCompass","CCEMRelics:Francisca","BargainBundle","hubris:TenFootPole","halation:PinkSoulGem","MawBank","InkBottle","Replay:Towering Pillar of Hats","jedi:archwizardhat","jedi:fakemustache","Black Star"],"acts_visited":["Exordium","TheCity","TheBeyond","Exordium","TheCity","TheBeyond","Exordium"],"potions_floor_usage":[13,16,16,16,35,35,35,50,52,55,69,69,86,86,95,97,101,103],"damage_taken":[{"damage":3,"enemies":"2 Louse","floor":2,"turns":3},{"damage":40,"enemies":"Lagavulin","floor":3,"turns":13},{"damage":0,"enemies":"3 Sentries","floor":8,"turns":6},{"damage":3,"enemies":"Replay:BlueRogue","floor":10,"turns":6},{"damage":0,"enemies":"Small Slimes","floor":12,"turns":3},{"damage":0,"enemies":"downfall:FaceTrader","floor":13,"turns":6},{"damage":3,"enemies":"Cultist","floor":14,"turns":4},{"damage":0,"enemies":"3 Louse","floor":15,"turns":2},{"damage":38,"enemies":"downfall:Defect","floor":16,"turns":9},{"damage":24,"enemies":"Slavers","floor":21,"turns":5},{"damage":2,"enemies":"3 Byrds","floor":22,"turns":3},{"damage":32,"enemies":"Gremlin Leader","floor":23,"turns":11},{"damage":17,"enemies":"Slavers","floor":28,"turns":5},{"damage":0,"enemies":"Shell Parasite","floor":30,"turns":4},{"damage":0,"enemies":"downfall:FleeingMerchant","floor":31,"turns":4},{"damage":0,"enemies":"Cultist and Chosen","floor":33,"turns":5},{"damage":0,"enemies":"Shelled Parasite and Fungi","floor":34,"turns":5},{"damage":0,"enemies":"downfall:Ironclad","floor":35,"turns":5},{"damage":0,"enemies":"3 Shapes","floor":38,"turns":4},{"damage":0,"enemies":"Nightmare","floor":42,"turns":5},{"damage":1,"enemies":"beaked:SuperParasite","floor":44,"turns":6},{"damage":0,"enemies":"R_Hoarder","floor":46,"turns":6},{"damage":0,"enemies":"Orb Walker","floor":47,"turns":4},{"damage":0,"enemies":"Maw","floor":49,"turns":6},{"damage":0,"enemies":"Sphere and 2 Shapes","floor":50,"turns":5},{"damage":0,"enemies":"Spire Growth","floor":51,"turns":6},{"damage":0,"enemies":"downfall:Watcher","floor":52,"turns":8},{"damage":0,"enemies":"3 Sentries","floor":55,"turns":6},{"damage":0,"enemies":"downfall:FleeingMerchant","floor":56,"turns":4},{"damage":0,"enemies":"Cultist","floor":57,"turns":3},{"damage":0,"enemies":"Small Slimes","floor":58,"turns":3},{"damage":0,"enemies":"Replay:BlueRogue","floor":61,"turns":4},{"damage":0,"enemies":"Gremlin Nob","floor":63,"turns":3},{"damage":0,"enemies":"Jaw Worm","floor":65,"turns":3},{"damage":0,"enemies":"Gremlin Gang","floor":66,"turns":2},{"damage":0,"enemies":"Blue Slaver","floor":67,"turns":3},{"damage":5,"enemies":"Lots of Slimes","floor":68,"turns":2},{"damage":0,"enemies":"Hexaghost","floor":69,"turns":6},{"damage":11,"enemies":"Book of Stabbing","floor":72,"turns":4},{"damage":0,"enemies":"conspire:SneckoGhost","floor":74,"turns":5},{"damage":0,"enemies":"downfall:FleeingMerchant","floor":75,"turns":1},{"damage":0,"enemies":"conspire:Head Lice","floor":77,"turns":4},{"damage":12,"enemies":"Book of Stabbing","floor":79,"turns":4},{"damage":0,"enemies":"3 Byrds","floor":83,"turns":2},{"damage":0,"enemies":"3 Cultists","floor":84,"turns":4},{"damage":5,"enemies":"Snake Plant","floor":85,"turns":3},{"damage":0,"enemies":"Automaton","floor":86,"turns":7},{"damage":5,"enemies":"Nemesis","floor":91,"turns":5},{"damage":18,"enemies":"3 Darklings","floor":93,"turns":4},{"damage":0,"enemies":"Giant Head","floor":94,"turns":7},{"damage":0,"enemies":"R_Hoarder","floor":95,"turns":6},{"damage":5,"enemies":"Nemesis","floor":97,"turns":4},{"damage":0,"enemies":"Orb Walker","floor":99,"turns":3},{"damage":0,"enemies":"Jaw Worm Horde","floor":100,"turns":2},{"damage":15,"enemies":"4 Shapes","floor":101,"turns":4},{"damage":0,"enemies":"Maw","floor":102,"turns":6},{"damage":56,"enemies":"infinitespire:MassOfShapes","floor":103,"turns":6}],"seed_played":"5429238111497082039","potions_obtained":[{"floor":10,"key":"SteroidPotion"},{"floor":12,"key":"ColorlessPotion"},{"floor":13,"key":"ColorlessPotion"},{"floor":14,"key":"Guardian:AcceleratePotion"},{"floor":22,"key":"SpeedPotion"},{"floor":28,"key":"Energy Potion"},{"floor":33,"key":"Fire Potion"},{"floor":34,"key":"infinitespire:BlackPotion"},{"floor":38,"key":"PowerPotion"},{"floor":44,"key":"Block Potion"},{"floor":46,"key":"Energy Potion"},{"floor":51,"key":"SpeedPotion"},{"floor":55,"key":"Guardian:DefensiveModePotion"},{"floor":57,"key":"SpeedPotion"},{"floor":63,"key":"Elixir"},{"floor":69,"key":"Venom Potion"},{"floor":77,"key":"Milkshake"},{"floor":83,"key":"Weak Potion"},{"floor":86,"key":"SteroidPotion"},{"floor":93,"key":"Death Potion"},{"floor":94,"key":"ColorlessPotion"},{"floor":95,"key":"Adrenaline Potion"},{"floor":99,"key":"SneckoOil"}],"is_trial":false,"path_per_floor":["R_BF","M","E","?","?","R","T","E","R","E","$","M","?","M","M","B",null,"R_BF","PTL","R","E","M","E","?","R","T","R","E","R","M","$","AVR","M","M","B",null,"R","M","R","?","?","NM","T","E","R","E","M","?","M","M","M","B",null,"R_BF","E","$","M","M","?","T","E","R","E","?","M","M","M","M","B",null,"R_BF","E","?","E","$","AVR","E","R","E","R","?","?","M","M","M","B",null,"R","?","?","E","R","M","E","E","R","E","$","M","M","M","M","B",null],"character_chosen":"GUARDIAN","items_purchased":["CCEMRelics:WrappedPresent","Bag of Preparation","Frozen Egg 2","aspiration:Lifesprig","Guardian:TemporalStrike+1","Guardian:ArmoredProtocol+1","Guardian:Gem_Orange","jedi:ominousloannote","Onion Ring","MerchantsRug","conspire:Dentures","CCEMRelics:Francisca","BargainBundle","Guardian:Gem_Fragmented","Guardian:Gem_Crimson","Guardian:TimeCapacitor+1","hubris:TenFootPole","Elixir","Madness","Replay:SS_forest_6+1","InkBottle","Replay:Towering Pillar of Hats","jedi:archwizardhat","jedi:fakemustache"],"campfire_rested":5,"item_purchase_floors":[11,11,31,31,56,56,56,56,56,56,56,75,75,75,75,75,75,75,75,98,98,98,98,98],"current_hp_per_floor":[96,93,53,53,53,53,53,53,53,50,34,34,34,32,33,21,104,104,104,104,81,80,49,49,81,81,81,65,65,66,67,67,68,69,70,113,113,114,114,114,92,93,93,93,103,104,105,73,74,75,76,77,132,132,133,134,135,136,136,136,137,137,138,138,139,140,141,137,138,143,143,133,133,134,135,135,136,147,136,148,148,148,149,150,146,147,152,152,152,152,148,153,136,137,138,156,152,157,158,159,145,146,91,162,162],"gold":295,"neow_bonus":"TWENTY_PERCENT_HP_BONUS","is_daily":false,"chose_seed":false,"campfire_upgraded":8,"win_rate":0.0,"timestamp":1607900975,"path_taken":["R_BF","M","E","?","?","R","T","E","R","E","?","M","?","M","M","BOSS","R_BF","PTL","R","E","M","E","?","R","T","R","E","R","M","$","AVR","M","M","BOSS","R","M","R","?","?","NM","T","E","R","E","M","?","M","?","M","BOSS","R_BF","E","$","M","M","?","T","E","R","E","?","M","M","?","M","BOSS","R_BF","E","?","E","$","AVR","E","R","E","R","?","?","M","M","M","BOSS","R","?","?","E","R","M","E","E","R","E","$","?","M","M","M","BOSS"],"items_purchased_type":["Relic","Relic","Relic","Relic","Card","Card","Card","Relic","Relic","Relic","Relic","Relic","Relic","Card","Card","Card","Relic","Potion","Card","Card","Relic","Relic","Relic","Relic"],"build_version":"2020-11-30","purchased_purges":4,"victory":false,"max_hp_per_floor":[96,96,96,96,96,96,96,96,96,96,101,101,101,102,103,104,104,104,104,104,105,106,107,107,107,107,107,108,108,109,110,110,111,112,113,113,113,114,114,114,114,115,115,116,126,127,128,128,129,130,131,132,132,132,133,134,135,136,136,136,137,137,138,138,139,140,141,142,143,143,143,144,144,145,146,146,147,147,148,148,148,148,149,150,151,152,152,152,152,152,153,153,154,155,156,156,157,157,158,159,160,161,162,162,162],"card_choices":[{"not_picked":["Guardian:Reroute","Guardian:WalkerClaw"],"picked":"Guardian:Gem_Green","floor":2},{"not_picked":["Guardian:Suspension","Guardian:Incinerate"],"picked":"Guardian:PiercingHide","floor":3},{"not_picked":["Guardian:Incinerate","Guardian:PrimingBeam"],"picked":"Guardian:AncientConstruct","floor":8},{"not_picked":["Guardian:PrimingBeam","Guardian:Gem_Crimson"],"picked":"Guardian:ShieldCharger","floor":10},{"not_picked":["Guardian:CrystalBeam","Guardian:Gem_Green"],"picked":"Guardian:PiercingHide","floor":12},{"not_picked":["Guardian:Gem_Green","Guardian:MultiBeam"],"picked":"Guardian:ChargeCore","floor":13},{"not_picked":["Guardian:BronzeArmor","Guardian:Gem_Fragmented"],"picked":"Guardian:EvasiveProtocol","floor":14},{"not_picked":["Guardian:Gem_Cyan","Guardian:RollAttack"],"picked":"Guardian:TemporalStrike","floor":15},{"not_picked":["Guardian:FastForward","Guardian:HyperBeam_Guardian"],"picked":"Guardian:Gem_Synthetic","floor":16},{"not_picked":["Guardian:PrimingBeam","Guardian:Suspension"],"picked":"Guardian:DecasProtection","floor":21},{"not_picked":["Guardian:Gem_Green","Guardian:VentSteam"],"picked":"Guardian:Planning","floor":22},{"not_picked":["Guardian:BronzeOrb","Guardian:TimeBomb"],"picked":"Guardian:FloatingOrbs+1","floor":23},{"not_picked":["Guardian:Gem_White","Guardian:EvasiveProtocol"],"picked":"Guardian:VentSteam+1","floor":28},{"not_picked":["Guardian:Reroute+1","Guardian:Gem_Green"],"picked":"Guardian:Gem_Cyan","floor":30},{"not_picked":["Guardian:CrystalBeam","Guardian:PrismaticBeam"],"picked":"Guardian:RevengeProtocol","floor":31},{"not_picked":["Guardian:VentSteam+1","Guardian:TemporalShield+1"],"picked":"Guardian:ArmoredProtocol+1","floor":33},{"not_picked":["Guardian:PrismaticBarrier+1","Guardian:RollAttack+1"],"picked":"Guardian:FloatingOrbs+1","floor":34},{"not_picked":["Guardian:FastForward","Guardian:Gem_Orange"],"picked":"Guardian:ExploitGems","floor":35},{"not_picked":["Guardian:Gem_White","Guardian:PrimingBeam"],"picked":"Guardian:BronzeOrb+1","floor":38},{"not_picked":["Guardian:Emergency+1","Guardian:Recover+1"],"picked":"Guardian:Gem_Cyan","floor":42},{"not_picked":["Guardian:CrystalBeam","Guardian:DonusPower"],"picked":"Guardian:Repulse+1","floor":44},{"not_picked":["Guardian:Reroute+1","Guardian:TimeBomb"],"picked":"Guardian:PrismaticBeam+1","floor":46},{"not_picked":["Guardian:TemporalStrike+1","Guardian:MultiBeam+1"],"picked":"Guardian:EvasiveProtocol+1","floor":47},{"not_picked":["Guardian:Incinerate","Guardian:Planning"],"picked":"Guardian:Preprogram+1","floor":48},{"not_picked":["Guardian:Gem_Cyan","Guardian:Preprogram+1"],"picked":"Guardian:SphericShield","floor":48},{"not_picked":["Guardian:Incinerate+1","Guardian:CrystalBeam+1"],"picked":"Guardian:SpikerProtocol+1","floor":48},{"not_picked":["Guardian:TemporalShield","Guardian:Gem_Cyan"],"picked":"Guardian:SentryBeam+1","floor":49},{"not_picked":["Guardian:Incinerate","Guardian:ChargeCore+1","Guardian:RefractedBeam"],"picked":"SKIP","floor":50},{"not_picked":["Guardian:RefractedBeam+1","Guardian:EvasiveProtocol+1"],"picked":"Guardian:DonusPower","floor":51},{"not_picked":["Guardian:HyperBeam_Guardian","Guardian:TimeSifter+1"],"picked":"Guardian:Gem_Synthetic","floor":52},{"not_picked":["Guardian:Recover","Guardian:RefractedBeam","Guardian:ShieldCharger"],"picked":"SKIP","floor":55},{"not_picked":["Guardian:MultiBeam","Guardian:Emergency"],"picked":"Guardian:Gem_Blue","floor":56},{"not_picked":["Guardian:ShieldCharger","Guardian:WalkerClaw","Guardian:ShieldSpikes"],"picked":"SKIP","floor":57},{"not_picked":["Guardian:Reroute","Guardian:Clone"],"picked":"Guardian:Gem_White","floor":58},{"not_picked":["Guardian:Reroute","Guardian:Planning"],"picked":"Guardian:EvasiveProtocol+1","floor":61},{"not_picked":["Guardian:ShieldCharger","Guardian:ConstructionForm+1"],"picked":"Guardian:Incinerate","floor":63},{"not_picked":["Guardian:Recover","Guardian:Incinerate"],"picked":"Guardian:Emergency","floor":65},{"not_picked":["Guardian:Reroute","Guardian:PrimingBeam"],"picked":"Guardian:CrystalBeam","floor":66},{"not_picked":["Guardian:TemporalStrike","Guardian:PiercingHide","Guardian:PrimingBeam"],"picked":"SKIP","floor":67},{"not_picked":["Guardian:Reroute","Guardian:TemporalStrike"],"picked":"Guardian:PrismaticBarrier","floor":68},{"not_picked":["Guardian:TimeSifter+1","Guardian:StasisStrike"],"picked":"Guardian:Gem_Synthetic","floor":69},{"not_picked":["Guardian:Preprogram","Guardian:ChargeUp"],"picked":"Guardian:RollAttack","floor":72},{"not_picked":["Guardian:Gem_White","Guardian:ChargeCore"],"picked":"Guardian:TimeCapacitor+1","floor":74},{"not_picked":["Guardian:RollAttack","Guardian:Suspension","Guardian:Incinerate"],"picked":"SKIP","floor":75},{"not_picked":["Guardian:WalkerClaw","Guardian:ConstructionForm+1","Guardian:Emergency"],"picked":"SKIP","floor":77},{"not_picked":["Guardian:TimeCapacitor+1","Guardian:AncientConstruct+1","Guardian:TimeBomb+1"],"picked":"SKIP","floor":79},{"not_picked":["Guardian:ChargeCore+1","Guardian:Recover","Guardian:TimeBomb"],"picked":"SKIP","floor":83},{"not_picked":["Guardian:PrismaticBeam","Guardian:RollAttack+1"],"picked":"Guardian:ArmoredProtocol+1","floor":84},{"not_picked":["Guardian:DonusPower","Guardian:Harden"],"picked":"Guardian:VentSteam+1","floor":85},{"not_picked":["ReplayTheSpireMod:Black Plague","infinitespire:DeathsTouch"],"picked":"infinitespire:FutureSight","floor":86},{"not_picked":["Guardian:SphericShield","Guardian:BaubleBeam"],"picked":"Guardian:ExploitGems","floor":86},{"not_picked":["Guardian:Recover","Guardian:PolyBeam"],"picked":"Guardian:Gem_Lightblue","floor":91},{"not_picked":["Guardian:Gem_Lightblue","Guardian:BronzeArmor+1"],"picked":"Guardian:CrystalBeam+1","floor":93},{"not_picked":["Guardian:EvasiveProtocol+1","Guardian:RollAttack+1"],"picked":"Guardian:TemporalShield+1","floor":94},{"not_picked":["Guardian:BronzeOrb+1","Guardian:ShieldSpikes"],"picked":"Guardian:Gem_Crimson","floor":95},{"not_picked":["Guardian:Incinerate+1","Guardian:PrimingBeam"],"picked":"Guardian:Planning+1","floor":97},{"not_picked":["Guardian:TimeCapacitor+1","Guardian:RollAttack"],"picked":"Guardian:Gem_Orange","floor":99},{"not_picked":["Guardian:VentSteam","Guardian:Reroute+1","Guardian:WalkerClaw"],"picked":"SKIP","floor":100},{"not_picked":["Guardian:ShieldCharger","Guardian:WalkerClaw+1"],"picked":"Guardian:CrystalBeam","floor":101},{"not_picked":["Guardian:Recover","Guardian:Gem_Synthetic"],"picked":"Guardian:CrystalBeam+1","floor":102},{"not_picked":["Guardian:Gem_Synthetic","Guardian:FastForward"],"picked":"Guardian:Gem_Orange","floor":103}],"player_experience":48993,"relics_obtained":[{"floor":3,"key":"beaked:ShinyBauble"},{"floor":7,"key":"Bottled Flame"},{"floor":8,"key":"CCEMRelics:TechnogenicHelmet"},{"floor":10,"key":"Gremlin Horn"},{"floor":11,"key":"hubris:MedicalManual"},{"floor":13,"key":"downfall:CloakOfManyFaces"},{"floor":21,"key":"StuffTheSpire:Experiment12"},{"floor":23,"key":"StuffTheSpire:HeavyRock"},{"floor":28,"key":"halation:SelfBoilingWater"},{"floor":42,"key":"Blue Doll"},{"floor":44,"key":"jedi:cryingmask"},{"floor":46,"key":"Mirror"},{"floor":60,"key":"Gremlin Food"},{"floor":71,"key":"Ornamental Fan"},{"floor":82,"key":"MawBank"}],"event_choices":[{"damage_healed":0,"gold_gain":0,"player_choice":"Ignored","damage_taken":0,"max_hp_gain":0,"max_hp_loss":0,"event_name":"betterNote:BetterNote","floor":24,"gold_loss":0,"cards_obtained":["Guardian:Defend_Guardian"]},{"damage_healed":0,"gold_gain":3,"player_choice":"2","damage_taken":0,"max_hp_gain":0,"max_hp_loss":22,"event_name":"betterStone:BetterStone","floor":41,"gold_loss":0}],"is_beta":false,"boss_relics":[{"not_picked":["Kintsugi","StuffTheSpire:RunicConfusion","Replay:Wanted Poster"]},{"not_picked":["Runic Dome","hubris:RunicObelisk"],"picked":"SacredBark"},{"not_picked":["beaked:MawFillet","conspire:SpecialSausage"],"picked":"SlaversCollar"},{"not_picked":["hubris:CrackedHourglass","aspiration:SecretTechniqueScroll"],"picked":"hubris:ScarierMask"},{"not_picked":["Coffee Dripper","halation:MonkeysPaw","halation:Risk"]},{"not_picked":["beaked:MawFillet","Replay:Drink Me"],"picked":"Black Star"}],"items_purged_floors":[32,56,56,75],"is_endless":true,"potions_floor_spawned":[10,12,13,14,22,28,33,34,38,44,46,51,55,57,63,69,77,83,84,86,93,94,95,99],"ascension_level":1}}