{"host":"9pqy5lt7vda52ebm","time":1607883097,"event":{"mods":["BaseMod","Minty Spire (QoL Compilation)","Optimize The Spire","StSLib","The Evolution"],"gold_per_floor":[216,231,231,254,179,220,220,261,341,359,400,416,416,430,430,549,549,574,325,325,348,372,412,412,451,451,290,290,311,236,236,236,360,360,385,404,425,41,0,0,13,51,51],"floor_reached":42,"playtime":14982,"items_purged":["evolutionmod:DefendEvo","evolutionmod:StrikeEvo","evolutionmod:StrikeEvo"],"score":870,"play_id":"73373f71-bf4a-4324-b0b6-d2eae1ee2f6f","local_time":"20201213131137","is_ascension_mode":true,"campfire_choices":[{"data":"evolutionmod:FlameStrike","floor":7.0,"key":"SMITH"},{"data":"evolutionmod:Salamander","floor":13.0,"key":"SMITH"},{"data":"evolutionmod:LoyalCompanion","floor":15.0,"key":"SMITH"},{"data":"evolutionmod:Photosynthesis","floor":24.0,"key":"SMITH"},{"data":"evolutionmod:Dive","floor":32.0,"key":"SMITH"},{"data":"evolutionmod:DefendEvo","floor":40,"key":"PURGE"}],"circlet_count":0,"master_deck":["AscendersBane","evolutionmod:LoyalWarrior","evolutionmod:LoyalCompanion+1","evolutionmod:DefendEvo","evolutionmod:FlameStrike+1","evolutionmod:CrystalShard","evolutionmod:ChimeraDefense","evolutionmod:Aegis2","evolutionmod:Dive+1","evolutionmod:Salamander+1","evolutionmod:PoisonFangs","evolutionmod:Photosynthesis+1","evolutionmod:Antidote","evolutionmod:Salamander","evolutionmod:Grow","evolutionmod:ChimeraDefense+1","evolutionmod:Phoenix","evolutionmod:Salamander","evolutionmod:Drown","evolutionmod:CalmTheWaters","evolutionmod:NightMare","evolutionmod:Shrink","evolutionmod:Grow","evolutionmod:Barkskin","evolutionmod:Pheromones","evolutionmod:Salamander","evolutionmod:TalonStrike+1"],"relics":["evolutionmod:TorisGift","Golden Idol","Prayer Wheel","Bag of Preparation","Shuriken","Pantograph","SacredBark","Peace Pipe","Thread and Needle","Oddly Smooth Stone","Empty Cage","Chemical X","Anchor","Red Mask","Centennial Puzzle"],"acts_visited":["TheCity","TheBeyond"],"potions_floor_usage":[],"damage_taken":[{"damage":2.0,"enemies":"Small Slimes","floor":1.0,"turns":4.0},{"damage":0.0,"enemies":"Jaw Worm","floor":2.0,"turns":4.0},{"damage":0.0,"enemies":"Cultist","floor":4.0,"turns":3.0},{"damage":11.0,"enemies":"Gremlin Nob","floor":6.0,"turns":5.0},{"damage":20.0,"enemies":"Lagavulin","floor":8.0,"turns":8.0},{"damage":0.0,"enemies":"2 Fungi Beasts","floor":10.0,"turns":3.0},{"damage":10.0,"enemies":"Gremlin Nob","floor":11.0,"turns":5.0},{"damage":7.0,"enemies":"Exordium Wildlife","floor":12.0,"turns":5.0},{"damage":0.0,"enemies":"3 Louse","floor":14.0,"turns":1.0},{"damage":7.0,"enemies":"The Guardian","floor":16.0,"turns":8.0},{"damage":0.0,"enemies":"Chosen","floor":18.0,"turns":4.0},{"damage":9.0,"enemies":"2 Thieves","floor":21.0,"turns":3.0},{"damage":29.0,"enemies":"3 Cultists","floor":22.0,"turns":4.0},{"damage":13.0,"enemies":"Slavers","floor":23.0,"turns":5.0},{"damage":6.0,"enemies":"Gremlin Leader","floor":25.0,"turns":6.0},{"damage":0.0,"enemies":"Snake Plant","floor":29.0,"turns":4.0},{"damage":0.0,"enemies":"Champ","floor":33.0,"turns":10.0},{"damage":0.0,"enemies":"3 Darklings","floor":35.0,"turns":6.0},{"damage":0.0,"enemies":"Orb Walker","floor":36.0,"turns":4.0},{"damage":0.0,"enemies":"4 Shapes","floor":37.0,"turns":7.0},{"damage":2,"enemies":"Spire Growth","floor":41,"turns":6},{"damage":15,"enemies":"Nemesis","floor":42,"turns":8}],"seed_played":"7502574819849273232","potions_obtained":[{"floor":1.0,"key":"LiquidBronze"},{"floor":8.0,"key":"Strength Potion"},{"floor":11.0,"key":"DuplicationPotion"},{"floor":18.0,"key":"DuplicationPotion"},{"floor":20.0,"key":"Fruit Juice"},{"floor":20.0,"key":"EntropicBrew"},{"floor":20.0,"key":"LiquidMemories"},{"floor":29.0,"key":"BlessingOfTheForge"},{"floor":36.0,"key":"FearPotion"}],"is_trial":false,"path_per_floor":["M","M","?","M","$","E","R","E","T","M","E","M","R","M","R","B",null,"M","$","?","M","M","E","R","E","T","$","?","M","?","$","R","B",null,"M","M","M","$","?","R","M","E"],"character_chosen":"EVOLUTION_CLASS","items_purchased":["evolutionmod:Phoenix","evolutionmod:Salamander","evolutionmod:Shrink","Chemical X","Anchor","evolutionmod:Salamander"],"campfire_rested":0,"item_purchase_floors":[19,19,27,38,38,38],"current_hp_per_floor":[67,67,67,67,67,56,56,36,36,36,26,19,19,19,19,37,63,63,63,73,64,35,22,22,16,16,16,16,16,16,16,16,41,71,71,71,71,71,71,71,69,54,54],"gold":51,"neow_bonus":"HUNDRED_GOLD","is_daily":false,"chose_seed":false,"campfire_upgraded":5,"win_rate":0.0,"timestamp":1607883097,"path_taken":["M","M","?","M","$","E","R","E","T","M","E","M","R","M","R","BOSS","M","$","?","M","M","E","R","E","T","?","?","?","?","$","R","BOSS","M","M","M","$","?","R","M","E"],"items_purchased_type":["Card","Card","Card","Relic","Relic","Card"],"build_version":"2020-11-30","purchased_purges":3,"victory":false,"max_hp_per_floor":[77,77,71,71,71,71,71,71,71,71,71,71,71,71,71,71,71,71,71,81,81,81,81,81,81,81,81,81,81,81,81,81,81,81,81,81,81,81,81,81,81,81,81],"card_choices":[{"not_picked":["evolutionmod:ShiftingStrike","evolutionmod:Hatch"],"picked":"evolutionmod:FlameStrike","floor":1.0},{"not_picked":["evolutionmod:ShiftingGuard","evolutionmod:CursedTouch"],"picked":"evolutionmod:CrystalShard","floor":2.0},{"not_picked":["evolutionmod:Charm","evolutionmod:LeafBird"],"picked":"evolutionmod:ChimeraDefense","floor":4.0},{"not_picked":["evolutionmod:Pheromones","evolutionmod:PoisonFangs"],"picked":"evolutionmod:Aegis2","floor":6.0},{"not_picked":["evolutionmod:ChimeraStrike","evolutionmod:CursedTouch"],"picked":"evolutionmod:Dive","floor":8.0},{"not_picked":["evolutionmod:Antidote","evolutionmod:DrainMana"],"picked":"evolutionmod:Salamander","floor":10.0},{"not_picked":["evolutionmod:Battleborn","evolutionmod:Hatch"],"picked":"evolutionmod:PoisonFangs","floor":10.0},{"not_picked":["evolutionmod:ShiftingStrike","evolutionmod:Toxin"],"picked":"evolutionmod:Photosynthesis","floor":11.0},{"not_picked":["evolutionmod:SpiderBite","evolutionmod:CrystalShard"],"picked":"evolutionmod:Antidote","floor":12.0},{"not_picked":["evolutionmod:DrainMana","evolutionmod:CursedTouch","evolutionmod:ShiftingGuard"],"picked":"SKIP","floor":12.0},{"not_picked":["evolutionmod:ClawSlash","evolutionmod:TalonStrike"],"picked":"evolutionmod:Salamander","floor":14.0},{"not_picked":["evolutionmod:Dive","evolutionmod:FlameStrike","evolutionmod:PegasusDescent"],"picked":"SKIP","floor":14.0},{"not_picked":["evolutionmod:Stalker","evolutionmod:Eruption"],"picked":"evolutionmod:Grow","floor":16.0},{"not_picked":["evolutionmod:CrystalShard","evolutionmod:Barkskin"],"picked":"evolutionmod:ChimeraDefense+1","floor":18.0},{"not_picked":["evolutionmod:ChimeraDefense","evolutionmod:Charm","evolutionmod:Dive+1"],"picked":"SKIP","floor":18.0},{"not_picked":["evolutionmod:HeavyKick","evolutionmod:DepthsLurker","evolutionmod:ShiftingPower+1"],"picked":"SKIP","floor":21.0},{"not_picked":["evolutionmod:Phoenix","evolutionmod:Battleborn","evolutionmod:ChimeraDefense+1"],"picked":"SKIP","floor":21.0},{"not_picked":["evolutionmod:SeaSerpent","evolutionmod:ShiftingPower"],"picked":"evolutionmod:Drown","floor":22.0},{"not_picked":["evolutionmod:CrystalShard","evolutionmod:FlameStrike","evolutionmod:PoisonFangs"],"picked":"SKIP","floor":22.0},{"not_picked":["evolutionmod:ChimeraStrike","evolutionmod:Shadowbolt"],"picked":"evolutionmod:CalmTheWaters","floor":23.0},{"not_picked":["evolutionmod:Pheromones","evolutionmod:Dive"],"picked":"evolutionmod:NightMare","floor":25.0},{"not_picked":["evolutionmod:Shadowbolt+1","evolutionmod:Dive"],"picked":"evolutionmod:Grow","floor":29.0},{"not_picked":["evolutionmod:CursedTouch","evolutionmod:ChimeraStrike+1"],"picked":"evolutionmod:Barkskin","floor":29.0},{"not_picked":["evolutionmod:ClawSlash","evolutionmod:CurrentsDancer","evolutionmod:FlameStrike"],"picked":"SKIP","floor":35.0},{"not_picked":["evolutionmod:CrystalShard+1","evolutionmod:ClawSlash+1","evolutionmod:ShiftingGuard+1"],"picked":"SKIP","floor":35.0},{"not_picked":["evolutionmod:Dive+1","evolutionmod:HeightenedSenses","evolutionmod:HeavyKick+1"],"picked":"SKIP","floor":36.0},{"not_picked":["evolutionmod:BlackCat+1","evolutionmod:Battleborn+1","evolutionmod:ShiftingGuard+1"],"picked":"SKIP","floor":36.0},{"not_picked":["evolutionmod:ClawSlash+1","evolutionmod:Stampede"],"picked":"evolutionmod:Pheromones","floor":37},{"not_picked":["evolutionmod:ClawSlash+1","evolutionmod:ChimeraStrike","evolutionmod:ShiftingGuard"],"picked":"SKIP","floor":37},{"not_picked":["evolutionmod:Charm","evolutionmod:BlackCat"],"picked":"evolutionmod:TalonStrike+1","floor":41},{"not_picked":["evolutionmod:ChimeraDefense+1","evolutionmod:Aphrodisiac","evolutionmod:BlackCat"],"picked":"SKIP","floor":41}],"player_experience":729183,"relics_obtained":[{"floor":6.0,"key":"Prayer Wheel"},{"floor":8.0,"key":"Bag of Preparation"},{"floor":9.0,"key":"Shuriken"},{"floor":11.0,"key":"Pantograph"},{"floor":23.0,"key":"Peace Pipe"},{"floor":25.0,"key":"Thread and Needle"},{"floor":26.0,"key":"Oddly Smooth Stone"},{"floor":42,"key":"Centennial Puzzle"}],"event_choices":[{"damage_healed":0.0,"max_hp_gain":0.0,"max_hp_loss":6.0,"gold_gain":0.0,"event_name":"Golden Idol","player_choice":"Lose Max HP","floor":3.0,"gold_loss":0.0,"damage_taken":0.0,"relics_obtained":["Golden Idol"]},{"damage_healed":0.0,"max_hp_gain":0.0,"max_hp_loss":0.0,"gold_gain":0.0,"event_name":"Lab","player_choice":"Got Potions","floor":20.0,"gold_loss":0.0,"damage_taken":0.0},{"damage_healed":0.0,"max_hp_gain":0.0,"max_hp_loss":0.0,"gold_gain":0.0,"event_name":"Ghosts","player_choice":"Ignored","floor":28.0,"gold_loss":0.0,"damage_taken":0.0},{"cards_removed":["evolutionmod:StrikeEvo"],"damage_healed":0.0,"max_hp_gain":0.0,"max_hp_loss":0.0,"gold_gain":0.0,"event_name":"Beggar","player_choice":"Gave Gold","floor":30.0,"gold_loss":75.0,"damage_taken":0.0},{"damage_healed":0,"gold_gain":0,"player_choice":"Paid","damage_taken":0,"relics_obtained":["Red Mask"],"max_hp_gain":0,"max_hp_loss":0,"event_name":"Tomb of Lord Red Mask","floor":39,"gold_loss":41}],"is_beta":false,"boss_relics":[{"not_picked":["Fusion Hammer","Busted Crown"],"picked":"SacredBark"},{"not_picked":["SlaversCollar","Pandora\u0027s Box"],"picked":"Empty Cage"}],"items_purged_floors":[5,19,27],"is_endless":false,"potions_floor_spawned":[1,8,11,12,14,18,29,36,42],"killed_by":"Nemesis","ascension_level":10}}