{"host":"4jkxfxw6g7t9vgog","time":1607891273,"event":{"mods":["BaseMod","Colored Map","Minty Spire (QoL Compilation)"],"gold_per_floor":[113,113,41,116,129,129,38,58,58,58,75,91,105,116,116,215,215,231,259,30,42,59,59,84,84,84,84,84,84,84,94,94,94,94],"floor_reached":33,"playtime":2850,"items_purged":[],"score":308,"play_id":"f03d7469-5266-4e8d-b0f7-af03db54bcaa","local_time":"20201213232753","is_ascension_mode":true,"campfire_choices":[{"data":"Loop","floor":6,"key":"SMITH"},{"floor":15,"key":"REST"},{"floor":23,"key":"REST"},{"data":"Tempest","floor":25,"key":"SMITH"},{"data":"RitualDagger","floor":28,"key":"SMITH"},{"floor":32,"key":"REST"}],"circlet_count":0,"master_deck":["Strike_B+1","Strike_B+1","Strike_B+1","Strike_B+1","Defend_B+1","Defend_B+1","Defend_B+1","Defend_B+1","Zap","Dualcast+1","Loop+1","Sweeping Beam","Coolheaded","Ball Lightning","Redo","Coolheaded","Consume","Ball Lightning","Thunder Strike","Skim","Meteor Strike","Self Repair","Tempest+1","Doom and Gloom","Conserve Battery+1","RitualDagger+1"],"relics":["Cracked Core","Mummified Hand","Happy Flower","Nuclear Battery","Red Mask","Toolbox","Boot","Singing Bowl"],"acts_visited":["Exordium","TheCity"],"potions_floor_usage":[16,16,17,19,22,24,24,33],"damage_taken":[{"damage":7,"enemies":"Jaw Worm","floor":1,"turns":3},{"damage":8,"enemies":"2 Louse","floor":5,"turns":2},{"damage":0,"enemies":"Cultist","floor":8,"turns":4},{"damage":5,"enemies":"Exordium Wildlife","floor":11,"turns":4},{"damage":11,"enemies":"Exordium Thugs","floor":12,"turns":4},{"damage":4,"enemies":"Looter","floor":13,"turns":3},{"damage":0,"enemies":"Large Slime","floor":14,"turns":4},{"damage":17,"enemies":"Slime Boss","floor":16,"turns":9},{"damage":27,"enemies":"Shell Parasite","floor":18,"turns":6},{"damage":7,"enemies":"Masked Bandits","floor":19,"turns":3},{"damage":14,"enemies":"3 Byrds","floor":21,"turns":4},{"damage":14,"enemies":"3 Cultists","floor":22,"turns":3},{"damage":4,"enemies":"Gremlin Leader","floor":24,"turns":5},{"damage":15,"enemies":"Centurion and Healer","floor":31,"turns":7},{"damage":68,"enemies":"Collector","floor":33,"turns":6}],"seed_played":"-5588705263865537304","potions_obtained":[{"floor":8,"key":"EssenceOfSteel"},{"floor":12,"key":"GamblersBrew"},{"floor":16,"key":"EntropicBrew"},{"floor":21,"key":"BlessingOfTheForge"},{"floor":24,"key":"BlessingOfTheForge"}],"is_trial":false,"path_per_floor":["M","?","$","?","M","R","$","M","T","T","M","M","M","M","R","B",null,"M","?","$","M","M","R","E","R","T","?","R","?","?","M","R","B"],"character_chosen":"DEFECT","items_purchased":["Sweeping Beam","Coolheaded","Ball Lightning","Redo","Toolbox","Self Repair"],"campfire_rested":3,"item_purchase_floors":[3,3,7,7,20,20],"current_hp_per_floor":[68,68,68,57,49,49,49,49,49,49,44,33,29,29,51,34,75,48,41,41,34,20,42,45,45,45,39,39,39,39,33,56,0,0],"gold":94,"neow_bonus":"UPGRADE_CARD","is_daily":false,"chose_seed":false,"campfire_upgraded":3,"win_rate":0.0,"timestamp":1607891273,"path_taken":["M","?","$","?","M","R","?","M","T","?","M","?","M","M","R","BOSS","M","?","?","M","M","R","E","R","T","?","R","?","?","M","R","BOSS"],"items_purchased_type":["Card","Card","Card","Card","Relic","Card"],"build_version":"2020-11-30","purchased_purges":0,"victory":false,"max_hp_per_floor":[75,75,75,75,75,75,75,75,75,75,75,75,75,75,75,75,75,75,75,75,75,75,75,75,75,75,75,75,75,75,77,77,77,77],"card_choices":[{"not_picked":["Beam Cell","Barrage"],"picked":"Loop","floor":1},{"not_picked":["Hologram","Scrape","Steam"],"picked":"SKIP","floor":5},{"not_picked":["Stack","Sweeping Beam"],"picked":"Coolheaded","floor":8},{"not_picked":["Leap","Reinforced Body"],"picked":"Consume","floor":11},{"not_picked":["Force Field","Compile Driver"],"picked":"Ball Lightning","floor":12},{"not_picked":["Gash","Barrage"],"picked":"Thunder Strike","floor":13},{"not_picked":["Sweeping Beam","Coolheaded"],"picked":"Skim","floor":14},{"not_picked":["Hyperbeam","Fission"],"picked":"Meteor Strike","floor":16},{"not_picked":["Barrage","Rebound","Gash"],"picked":"SKIP","floor":18},{"not_picked":["Conserve Battery","Stack+1"],"picked":"Tempest","floor":21},{"not_picked":["FTL","Hello World+1"],"picked":"Doom and Gloom","floor":22},{"not_picked":["Compile Driver+1","Glacier+1"],"picked":"Conserve Battery+1","floor":24},{"not_picked":["Cold Snap","Core Surge","Barrage"],"picked":"Singing Bowl","floor":31}],"player_experience":266318,"relics_obtained":[{"floor":9,"key":"Mummified Hand"},{"floor":10,"key":"Happy Flower"},{"floor":19,"key":"Red Mask"},{"floor":24,"key":"Boot"},{"floor":26,"key":"Singing Bowl"}],"event_choices":[{"damage_healed":0,"gold_gain":0,"player_choice":"Ignored","damage_taken":0,"max_hp_gain":0,"max_hp_loss":0,"event_name":"Liars Game","floor":2,"gold_loss":0},{"damage_healed":0,"gold_gain":75,"player_choice":"Gather Gold","damage_taken":11,"max_hp_gain":0,"max_hp_loss":0,"event_name":"World of Goop","floor":4,"gold_loss":0},{"damage_healed":0,"gold_gain":0,"player_choice":"Fought Bandits","damage_taken":0,"max_hp_gain":0,"max_hp_loss":0,"event_name":"Masked Bandits","floor":19,"gold_loss":0},{"damage_healed":0,"gold_gain":0,"player_choice":"Joined the Cult","damage_taken":6,"max_hp_gain":0,"max_hp_loss":0,"event_name":"Nest","floor":27,"gold_loss":0,"cards_obtained":["RitualDagger"]},{"damage_healed":0,"gold_gain":0,"player_choice":"Simplicity","damage_taken":0,"max_hp_gain":0,"max_hp_loss":0,"event_name":"Back to Basics","floor":29,"gold_loss":0,"cards_upgraded":["Strike_B","Strike_B","Strike_B","Strike_B","Defend_B","Defend_B","Defend_B","Defend_B"]},{"damage_healed":0,"gold_gain":0,"player_choice":"Ignored","damage_taken":0,"max_hp_gain":0,"max_hp_loss":0,"event_name":"Vampires","floor":30,"gold_loss":0}],"is_beta":false,"boss_relics":[{"not_picked":["Cursed Key","Philosopher\u0027s Stone"],"picked":"Nuclear Battery"}],"items_purged_floors":[],"is_endless":false,"potions_floor_spawned":[8,12,16,18,21,24],"killed_by":"Collector","ascension_level":4}}