{"host":"aeidq2c3auzxo1yh","time":1607880275,"event":{"mods":["AchievementEnabler","BaseMod","Colored Map","Colored Powertips","Minty Spire (QoL Compilation)","Relic Stats","StSLib"],"gold_per_floor":[18,18,32,50,66,66,89,89,89,125,149,149,163,199,199,288,288,311,289,289,289,289],"floor_reached":21,"playtime":1530,"items_purged":[],"score":416,"play_id":"c21d8b29-d0c8-4da0-bca6-6957cc682a33","local_time":"20201213222435","is_ascension_mode":true,"campfire_choices":[{"data":"Body Slam","floor":6,"key":"SMITH"},{"data":"Heavy Blade","floor":8,"key":"SMITH"},{"data":"Demon Form","floor":12,"key":"SMITH"},{"floor":15,"key":"REST"}],"circlet_count":0,"master_deck":["AscendersBane","Strike_R","Strike_R","Strike_R","Strike_R","Strike_R","Defend_R","Defend_R","Defend_R","Defend_R","Bash","Thunderclap","Body Slam+1","Demon Form+1","Shrug It Off","Heavy Blade+1","Warcry","Limit Break","Reaper","Spot Weakness","Disarm+1","Disarm+1"],"relics":["Burning Blood","Golden Idol","PreservedInsect","Odd Mushroom","MealTicket","SlaversCollar"],"acts_visited":["Exordium","TheCity"],"potions_floor_usage":[7,14,16,16,19],"damage_taken":[{"damage":5,"enemies":"2 Louse","floor":1,"turns":4},{"damage":12,"enemies":"Jaw Worm","floor":3,"turns":3},{"damage":12,"enemies":"Cultist","floor":4,"turns":4},{"damage":5,"enemies":"2 Fungi Beasts","floor":5,"turns":4},{"damage":10,"enemies":"3 Louse","floor":7,"turns":6},{"damage":19,"enemies":"The Mushroom Lair","floor":10,"turns":4},{"damage":14,"enemies":"Red Slaver","floor":11,"turns":5},{"damage":21,"enemies":"Gremlin Gang","floor":13,"turns":8},{"damage":28,"enemies":"Gremlin Nob","floor":14,"turns":4},{"damage":26,"enemies":"The Guardian","floor":16,"turns":7},{"damage":62,"enemies":"Spheric Guardian","floor":18,"turns":7},{"damage":23,"enemies":"2 Thieves","floor":19,"turns":4},{"damage":9,"enemies":"Snecko","floor":21,"turns":8}],"seed_played":"1846581002561417165","potions_obtained":[{"floor":3,"key":"PowerPotion"},{"floor":5,"key":"Swift Potion"},{"floor":13,"key":"ElixirPotion"},{"floor":14,"key":"FearPotion"},{"floor":16,"key":"HeartOfIron"}],"is_trial":false,"path_per_floor":["M","?","M","M","M","R","M","R","T","?","M","R","M","E","R","B",null,"M","M","?","M"],"character_chosen":"IRONCLAD","items_purchased":[],"campfire_rested":1,"item_purchase_floors":[],"current_hp_per_floor":[83,81,75,69,70,70,66,66,66,53,45,45,30,8,32,12,64,24,7,7,0,0],"gold":289,"neow_bonus":"TWENTY_PERCENT_HP_BONUS","is_daily":false,"chose_seed":false,"campfire_upgraded":3,"win_rate":0.0,"timestamp":1607880275,"path_taken":["M","?","M","M","M","R","M","R","T","?","M","R","?","E","R","BOSS","M","M","?","?"],"items_purchased_type":[],"build_version":"2020-11-30","purchased_purges":0,"victory":false,"max_hp_per_floor":[89,81,81,81,81,81,81,81,81,81,81,81,81,81,81,81,81,81,81,81,81,81],"relic_stats":{"counters":[13,68],"Golden Idol":64,"MealTicket":0,"PreservedInsect":22,"obtain_stats":[{"SlaversCollar":17,"Golden Idol":2,"MealTicket":14,"PreservedInsect":9,"Odd Mushroom":10,"Burning Blood":0},{"SlaversCollar":10,"Golden Idol":1,"MealTicket":9,"PreservedInsect":5,"Odd Mushroom":6,"Burning Blood":0},{"SlaversCollar":49,"Golden Idol":4,"MealTicket":42,"PreservedInsect":21,"Odd Mushroom":25,"Burning Blood":0}],"Burning Blood":72},"card_choices":[{"not_picked":["Heavy Blade","Blood for Blood"],"picked":"Thunderclap","floor":1},{"not_picked":["Sword Boomerang","Pommel Strike"],"picked":"Body Slam","floor":3},{"not_picked":["Armaments","Clothesline"],"picked":"Demon Form","floor":4},{"not_picked":["Cleave","Warcry"],"picked":"Shrug It Off","floor":5},{"not_picked":["Headbutt","Battle Trance"],"picked":"Heavy Blade","floor":7},{"not_picked":["Twin Strike","Headbutt"],"picked":"Warcry","floor":11},{"not_picked":["Reckless Charge","Anger"],"picked":"Limit Break","floor":13},{"not_picked":["Clash","Anger","Twin Strike"],"picked":"SKIP","floor":14},{"not_picked":["Demon Form","Exhume"],"picked":"Reaper","floor":16},{"not_picked":["Havoc","Flex"],"picked":"Spot Weakness","floor":18},{"not_picked":["Clash+1","Headbutt"],"picked":"Disarm+1","floor":19}],"player_experience":857175,"relics_obtained":[{"floor":9,"key":"PreservedInsect"},{"floor":10,"key":"Odd Mushroom"},{"floor":14,"key":"MealTicket"}],"event_choices":[{"damage_healed":0,"gold_gain":0,"player_choice":"Lose Max HP","damage_taken":0,"relics_obtained":["Golden Idol"],"max_hp_gain":0,"max_hp_loss":8,"event_name":"Golden Idol","floor":2,"gold_loss":0},{"damage_healed":0,"gold_gain":0,"player_choice":"Fought Mushrooms","damage_taken":0,"max_hp_gain":0,"max_hp_loss":0,"event_name":"Mushrooms","floor":10,"gold_loss":0},{"damage_healed":0,"gold_gain":0,"player_choice":"Copied","damage_taken":0,"max_hp_gain":0,"max_hp_loss":0,"event_name":"Duplicator","floor":20,"gold_loss":0,"cards_obtained":["Disarm"]}],"is_beta":false,"boss_relics":[{"not_picked":["Philosopher\u0027s Stone","Tiny House"],"picked":"SlaversCollar"}],"items_purged_floors":[],"is_endless":false,"potions_floor_spawned":[3,5,13,14,16],"killed_by":"Snecko","ascension_level":20}}