{"host":"lgs","time":1607831920,"event":{"mods":["Act Like it!","BaseMod","CapriCore","Chen","Colored Powertips","Downfall","Gensokyo","Hermit","HololiveMod","Koishi","KomeijiMod","Lobotomy","LobotomyExtend","Minty Spire (QoL Compilation)","MostiFishMod","Replay The Spire","Robot Space Explorer","Shop Mod","Spicy Shops","StSLib","The Alterego","The Dragon Tamer","The Immortal","TheWitcher","Uncapped","WarShipGirlsR/’ΩΩ¢…Ÿ≈ÆR mod","Yuri Mod","Yuyuko","noobMod"],"gold_per_floor":[99,119,145,162,181,106,106,119,119,153,153,166,166,187,207,312,312,312,322,322,322,394,451,451,524,382,450,509,84,140,140,196,340,340,190,249,324,380,465,465,547,547,614,614,671,731,784,784,836,876,876,876,949,343,343,343],"floor_reached":57,"playtime":5755,"items_purged":["DTMod:Strike","DTMod:Strike","DTMod:Strike"],"score":1884,"play_id":"67671252-6833-4c2d-aeab-2267ac4bc12a","local_time":"20201213115840","is_ascension_mode":false,"metric_token":1879,"campfire_choices":[{"floor":1,"key":"RECALL"},{"data":"DTMod:DragonDance","floor":6,"key":"SMITH"},{"data":"DTMod:ComboAttack","floor":9,"key":"SMITH"},{"data":"MostiFishMod:WinterMarkForm","floor":18,"key":"SMITH"},{"data":"DTMod:Training","floor":20,"key":"SMITH"},{"data":"DTMod:MaximumCharge","floor":35,"key":"SMITH"},{"data":"1","floor":44,"key":"LIFT"},{"data":"2","floor":55,"key":"LIFT"}],"dtmod_dragon_data":[50,50,3,2,14,15],"circlet_count":0,"master_deck":["DTMod:Strike","DTMod:DoubleHit","DTMod:TargetDefense","DTMod:TargetDefense","DTMod:TargetDefense","DTMod:TargetDefense+1","DTMod:SwitchingTactic","DTMod:ComboAttack+1","DTMod:Hide+1","DTMod:CleansingStrike","DTMod:DragonDance+1","DTMod:Training+1","DTMod:Inferno","DTMod:Harmonize","MostiFishMod:FrostNova","MostiFishMod:WinterMarkForm+1","DTMod:BurningForce","DTMod:Training+1","DTMod:InvisibleFlame+1","Replay:SS_hec_4","DTMod:CrossStep","DTMod:Threaten","DTMod:TagTeam","DTMod:TagTeam","DTMod:FlameSlash","DTMod:QuickFly","DTMod:BurningEnergy","DTMod:ShieldDrain+1","DTMod:MaximumCharge+1","DTMod:TriAttack+1","DTMod:ShieldDrain+1","DTMod:FierySynthesis","DTMod:MagicField+1","DTMod:MasterPlan+1","DTMod:BlazingStrike+1","expansioncontent:LastStand","DTMod:Dissolve","DTMod:BreakAttack"],"relics":["DTMod:PactStone","DaveBox","ice","DianPoetry","LetterFromLob","War Paint","downfall:HeartBlessingRed","Singing Bowl","Replay:WaspNest","Odd Mushroom","ImportantClient","FrostBlade","downfall:KnowingSkull","Bronze Scales","ReplayTheSpireMod:Lightbulb","BargainBundle","MerchantsRug","ChiLing","Chi","Ling","Bag of Marbles","SynthV:C4","OrangePellets","Pantograph","RhineSuit","downfall:HeartBlessingGreen","downfall:HeartBlessingBlue","BranchBurnRelic","Anchor","Girya","DTMod:TacticalNote","StrikeDummy","DTMod:BindingString","SynthV","Nunchaku","Strange Spoon","Mirror","Pen Nib"],"acts_visited":["Exordium","TheCity","TheBeyond","TheEnding"],"potions_floor_usage":[14,33],"damage_taken":[{"damage":0,"enemies":"Cultist","floor":2,"turns":3},{"damage":0,"enemies":"Gremlin Nob","floor":3,"turns":4},{"damage":0,"enemies":"Small Slimes","floor":4,"turns":2},{"damage":0,"enemies":"2 Louse","floor":5,"turns":2},{"damage":0,"enemies":"Large Slime","floor":8,"turns":3},{"damage":0,"enemies":"Replay:BlueRogue","floor":10,"turns":3},{"damage":0,"enemies":"2 Fungi Beasts","floor":12,"turns":2},{"damage":0,"enemies":"The Mushroom Lair","floor":14,"turns":3},{"damage":0,"enemies":"Exordium Thugs","floor":15,"turns":3},{"damage":40,"enemies":"downfall:Defect","floor":16,"turns":5},{"damage":0,"enemies":"3 Byrds","floor":19,"turns":3},{"damage":0,"enemies":"Gremlin Leader","floor":22,"turns":5},{"damage":0,"enemies":"Snake Plant","floor":23,"turns":3},{"damage":27,"enemies":"Slavers","floor":25,"turns":3},{"damage":3,"enemies":"downfall:FleeingMerchant","floor":26,"turns":4},{"damage":3,"enemies":"Replay:Snechameleon","floor":27,"turns":4},{"damage":0,"enemies":"Snecko","floor":28,"turns":1},{"damage":0,"enemies":"3 Cultists","floor":30,"turns":2},{"damage":0,"enemies":"Centurion and Healer","floor":32,"turns":2},{"damage":17,"enemies":"downfall:Ironclad","floor":33,"turns":3},{"damage":0,"enemies":"3 Shapes","floor":36,"turns":2},{"damage":0,"enemies":"R_Hoarder","floor":37,"turns":3},{"damage":0,"enemies":"Orb Walker","floor":38,"turns":2},{"damage":0,"enemies":"2 Orb Walkers","floor":39,"turns":3},{"damage":0,"enemies":"Nemesis","floor":43,"turns":3},{"damage":0,"enemies":"Transient","floor":45,"turns":5},{"damage":0,"enemies":"3 Darklings","floor":46,"turns":2},{"damage":0,"enemies":"Maw","floor":47,"turns":4},{"damage":0,"enemies":"Transient","floor":49,"turns":5},{"damage":3,"enemies":"downfall:Silent","floor":50,"turns":4},{"damage":0,"enemies":"downfall:CharBossMerchant","floor":53,"turns":4},{"damage":2,"enemies":"downfall:NeowBoss","floor":56,"turns":10}],"seed_played":"2380706962596561965","potions_obtained":[{"floor":4,"key":"EntropicBrew"},{"floor":5,"key":"Explosive Potion"},{"floor":8,"key":"GamblersBrew"},{"floor":16,"key":"PowerPotion"},{"floor":19,"key":"Fire Potion"},{"floor":36,"key":"Swift Potion"}],"is_trial":false,"path_per_floor":["R","M","E","M","M","R","T","M","R","E","?","M","?","?","M","B",null,"R","M","R","?","E","M","T","E","$","E","M","$","M","?","M","B",null,"R","M","E","M","?","T","T","?","E","R","M","M","M","?","M","B",null,null,"E","$","R","B",null],"character_chosen":"THE_DT","items_purchased":["BargainBundle","MerchantsRug","SpeedPotion","Ancient Potion","ColorlessPotion","Strength Potion","Replay:SS_hec_4","DTMod:CrossStep","DTMod:Threaten","DTMod:TagTeam","DTMod:FlameSlash","DTMod:QuickFly","ChiLing","Dead Branch","SynthV:C4","OrangePellets","Pantograph","Strange Spoon","Mirror","Pen Nib","DTMod:BreakAttack"],"campfire_rested":0,"item_purchase_floors":[26,26,26,26,26,26,26,26,26,26,26,26,26,26,29,29,29,54,54,54,54],"current_hp_per_floor":[49,49,49,49,49,49,49,51,51,51,56,58,58,60,62,22,62,62,62,62,58,60,60,60,33,32,29,31,31,31,31,31,39,68,78,78,80,82,84,84,84,84,84,84,84,84,84,84,84,81,81,84,86,86,86,84],"gold":343,"neow_bonus":"TEN_PERCENT_HP_BONUS","is_daily":false,"chose_seed":false,"campfire_upgraded":5,"win_rate":0.0,"timestamp":1607831920,"path_taken":["R","M","E","M","M","R","T","M","R","E","?","M","?","?","M","BOSS","R","M","R","?","E","M","T","E","?","E","M","$","M","?","M","BOSS","R","M","E","M","?","?","T","?","E","R","M","M","?","?","M","BOSS","E","$","R","BOSS"],"items_purchased_type":["Relic","Relic","Potion","Potion","Potion","Potion","Card","Card","Card","Card","Card","Card","Relic","Relic","Relic","Relic","Relic","Relic","Relic","Relic","Card"],"build_version":"2020-12-07","purchased_purges":3,"victory":true,"max_hp_per_floor":[49,49,49,49,49,49,49,51,51,51,56,58,58,60,62,62,62,62,62,62,62,64,64,64,64,66,66,68,68,68,68,68,68,68,78,78,80,82,84,84,84,84,84,84,84,84,84,84,84,84,84,84,86,86,86,86],"card_choices":[{"not_picked":["DTMod:BuildUp","DTMod:BizarreTactic"],"picked":"DTMod:ComboAttack","floor":2},{"not_picked":["DTMod:Conduct","DTMod:BreakAttack"],"picked":"DTMod:Hide","floor":3},{"not_picked":["DTMod:LowKick","DTMod:ExcessFootwork"],"picked":"DTMod:CleansingStrike","floor":4},{"not_picked":["DTMod:HeatWave","DTMod:Training"],"picked":"DTMod:DragonDance","floor":5},{"not_picked":["DTMod:FlameSlash","DTMod:BizarreTactic","DTMod:BreakAttack"],"picked":"Singing Bowl","floor":8},{"not_picked":["DTMod:ComboAttack","DTMod:TagTeam"],"picked":"DTMod:Training","floor":10},{"not_picked":["DTMod:BlazingStrike","DTMod:BizarreTactic","DTMod:Feint"],"picked":"Singing Bowl","floor":12},{"not_picked":[],"picked":"DTMod:Inferno","floor":13},{"not_picked":["DTMod:BuildUp","DTMod:Threaten","DTMod:HeatWave"],"picked":"Singing Bowl","floor":14},{"not_picked":["DTMod:Haste","DTMod:Threaten","DTMod:Hide"],"picked":"Singing Bowl","floor":15},{"not_picked":["DTMod:TriAttack","DTMod:Outburst"],"picked":"DTMod:Harmonize","floor":16},{"not_picked":["DTMod:Cover","DTMod:BuildUp"],"picked":"DTMod:BurningForce","floor":19},{"not_picked":["DTMod:Feint","DTMod:Dissolve","DTMod:GhostSkin+1"],"picked":"Singing Bowl","floor":22},{"not_picked":["DTMod:Feint","DTMod:BlazingStrike"],"picked":"DTMod:Training+1","floor":23},{"not_picked":["DTMod:StarRain","DTMod:LowKick+1"],"picked":"DTMod:InvisibleFlame+1","floor":25},{"not_picked":["DTMod:Inferno","DTMod:Shift","DTMod:EchoTactic"],"picked":"Singing Bowl","floor":26},{"not_picked":["DTMod:MagicField","DTMod:Weaken"],"picked":"DTMod:BurningEnergy","floor":27},{"not_picked":["DTMod:GhostSkin","DTMod:QuickFly","DTMod:Overwhelm"],"picked":"Singing Bowl","floor":28},{"not_picked":["DTMod:CleansingStrike","DTMod:Feint"],"picked":"DTMod:ShieldDrain+1","floor":30},{"not_picked":["DTMod:Threaten","DTMod:BurningEnergy"],"picked":"DTMod:MaximumCharge","floor":32},{"not_picked":["DTMod:Inferno","DTMod:EchoTactic"],"picked":"DTMod:TriAttack","floor":33},{"not_picked":["DTMod:BurningEnergy+1","DTMod:Punisher"],"picked":"DTMod:ShieldDrain+1","floor":36},{"not_picked":["DTMod:QuickFly+1","DTMod:FlameSlash","DTMod:Dissolve+1"],"picked":"Singing Bowl","floor":37},{"not_picked":["DTMod:CleansingStrike","DTMod:HeatWave+1","DTMod:Threaten"],"picked":"Singing Bowl","floor":38},{"not_picked":["DTMod:CleansingStrike+1","DTMod:MasterPlan+1","DTMod:BizarreTactic+1"],"picked":"Singing Bowl","floor":39},{"not_picked":["DTMod:BurningEnergy","DTMod:Weaken"],"picked":"DTMod:FierySynthesis","floor":43},{"not_picked":["DTMod:StunTrap","DTMod:Feint+1"],"picked":"DTMod:MagicField+1","floor":45},{"not_picked":["DTMod:HeatWave","DTMod:BlazingStrike+1"],"picked":"DTMod:MasterPlan+1","floor":46},{"not_picked":["DTMod:BurningEnergy+1","DTMod:QuickFly"],"picked":"DTMod:BlazingStrike+1","floor":47},{"not_picked":["expansioncontent:BronzeBeam","expansioncontent:PrepareCrush"],"picked":"expansioncontent:LastStand","floor":48},{"not_picked":["DTMod:Observe+1","DTMod:FlameSlash"],"picked":"DTMod:Dissolve","floor":49},{"not_picked":["DTMod:BlazingStrike+1","DTMod:BlueScale","DTMod:ShieldDrain"],"picked":"Singing Bowl","floor":53}],"player_experience":322508,"relics_obtained":[{"floor":2,"key":"LetterFromLob"},{"floor":3,"key":"War Paint"},{"floor":7,"key":"Singing Bowl"},{"floor":10,"key":"Replay:WaspNest"},{"floor":14,"key":"Odd Mushroom"},{"floor":16,"key":"ImportantClient"},{"floor":22,"key":"Bronze Scales"},{"floor":25,"key":"ReplayTheSpireMod:Lightbulb"},{"floor":27,"key":"Bag of Marbles"},{"floor":37,"key":"Anchor"},{"floor":39,"key":"Girya"},{"floor":40,"key":"DTMod:TacticalNote"},{"floor":41,"key":"StrikeDummy"},{"floor":43,"key":"DTMod:BindingString"},{"floor":53,"key":"SynthV"},{"floor":53,"key":"Nunchaku"}],"event_choices":[{"damage_healed":0,"gold_gain":0,"player_choice":"Donut","damage_taken":0,"max_hp_gain":5,"max_hp_loss":0,"event_name":"Big Fish","floor":11,"gold_loss":0},{"damage_healed":0,"gold_gain":0,"player_choice":"Fought Mushrooms","damage_taken":0,"max_hp_gain":0,"max_hp_loss":0,"event_name":"Mushrooms","floor":14,"gold_loss":0},{"damage_healed":0,"gold_gain":0,"player_choice":"Ignored","damage_taken":0,"max_hp_gain":0,"max_hp_loss":0,"event_name":"Ghosts","floor":31,"gold_loss":0},{"damage_healed":0,"gold_gain":0,"player_choice":"Fight","damage_taken":0,"max_hp_gain":0,"max_hp_loss":0,"event_name":"Mysterious Sphere","floor":39,"gold_loss":0},{"damage_healed":0,"gold_gain":0,"player_choice":"Forge","damage_taken":0,"max_hp_gain":0,"max_hp_loss":0,"event_name":"Accursed Blacksmith","floor":42,"gold_loss":0,"cards_upgraded":["DTMod:TriAttack"]}],"is_beta":true,"boss_relics":[{"not_picked":["Tiny House","xbg"],"picked":"FrostBlade"},{"not_picked":["DTMod:TheChair","BirthdayGift-Tetrahedron"],"picked":"RhineSuit"}],"items_purged_floors":[26,54,54],"is_endless":false,"potions_floor_spawned":[4,5,8,16,19,22,23,30,32,36,39,46,53],"ascension_level":0}}