{"host":"o98f72bjn8jxgroo","time":1607820022,"event":{"mods":["Act Like it!","BaseMod","Become a monster ???","GifTheSpireLib","Jedi Mod","Minty Spire (QoL Compilation)","Relic Stats","Shedinja","Spicy Shops","StSLib","The Judge"],"gold_per_floor":[112,112,14,24,38,38,65,65,65,100,100,126,126,138,138,138,138],"floor_reached":16,"playtime":1126,"items_purged":[],"score":212,"play_id":"414fe750-f588-48b1-93a1-cebd71c00aa0","local_time":"20201212224022","is_ascension_mode":true,"campfire_choices":[{"data":"Shedinja:Elixir","floor":6.0,"key":"SMITH"},{"data":"Shedinja:ConfuseRay","floor":11.0,"key":"SMITH"},{"data":"Shedinja:PokeBall","floor":15,"key":"SMITH"}],"circlet_count":0,"master_deck":["Shedinja:Scratch","Shedinja:Scratch","Shedinja:Scratch","Shedinja:Scratch","Shedinja:Scratch","Shedinja:Endure","Shedinja:Endure","Shedinja:Endure","Shedinja:Endure","Shedinja:Endure","Shedinja:FocusSash","Shedinja:FocusSash","Shedinja:Absorb","Shedinja:Absorb","Shedinja:Elixir+1","Shedinja:ShadowSneak","Shedinja:ConfuseRay+1","Shedinja:PokeBall+1","Shedinja:AerialAce","Shedinja:PowerBracer"],"relics":["Shedinja:WonderGuard","NeowsBlessing","Pantograph","jedi:arcanewood","FossilizedHelix","Singing Bowl","Dream Catcher","Strawberry","Shedinja:EnergyLoss"],"acts_visited":["Exordium"],"potions_floor_usage":[16],"damage_taken":[{"damage":0.0,"enemies":"Small Slimes","floor":1.0,"turns":1.0},{"damage":0.0,"enemies":"Jaw Worm","floor":4.0,"turns":1.0},{"damage":0.0,"enemies":"Cultist","floor":5.0,"turns":1.0},{"damage":0.0,"enemies":"Gremlin Nob","floor":7.0,"turns":6.0},{"damage":0.0,"enemies":"Lagavulin","floor":10.0,"turns":9.0},{"damage":0.0,"enemies":"3 Sentries","floor":12.0,"turns":12.0},{"damage":0,"enemies":"Looter","floor":14,"turns":4},{"damage":7,"enemies":"Hexaghost","floor":16,"turns":15}],"seed_played":"-3481212852684544451","potions_obtained":[{"floor":4.0,"key":"ColorlessPotion"},{"floor":5.0,"key":"EntropicBrew"},{"floor":7.0,"key":"SpeedPotion"}],"is_trial":false,"path_per_floor":["M","?","?","M","M","R","E","?","T","E","R","E","?","M","R","B"],"character_chosen":"THE_DEFAULT","items_purchased":[],"campfire_rested":0,"item_purchase_floors":[],"current_hp_per_floor":[1,1,1,1,1,1,1,1,1,1,1,1,1,1,1,0,0],"gold":138,"neow_bonus":"THREE_ENEMY_KILL","is_daily":false,"chose_seed":false,"campfire_upgraded":3,"win_rate":0.0,"timestamp":1607820022,"path_taken":["M","?","?","M","?","R","E","?","T","E","R","E","?","?","R","BOSS"],"items_purchased_type":[],"build_version":"2020-11-30","purchased_purges":0,"victory":false,"max_hp_per_floor":[1,1,1,1,1,1,1,1,1,1,1,1,1,1,1,1,1],"relic_stats":{"Dream Catcher":0,"Singing Bowl":0,"counters":[8,49],"Pantograph":0,"obtain_stats":[{"Dream Catcher":10,"NeowsBlessing":0,"Singing Bowl":9,"Pantograph":2,"Strawberry":12,"Shedinja:EnergyLoss":13,"Shedinja:WonderGuard":0,"jedi:arcanewood":3,"FossilizedHelix":7},{"Dream Catcher":5,"NeowsBlessing":0,"Singing Bowl":4,"Pantograph":1,"Strawberry":6,"Shedinja:EnergyLoss":6,"Shedinja:WonderGuard":0,"jedi:arcanewood":1,"FossilizedHelix":4},{"Dream Catcher":18,"NeowsBlessing":0,"Singing Bowl":9,"Pantograph":1,"Strawberry":30,"Shedinja:EnergyLoss":30,"Shedinja:WonderGuard":0,"jedi:arcanewood":1,"FossilizedHelix":9}]},"card_choices":[{"not_picked":["Shedinja:RockyHelmet","Shedinja:ArtifactCard"],"picked":"Shedinja:Absorb","floor":1.0},{"not_picked":["Shedinja:BugBuzz","Shedinja:ArtifactCard"],"picked":"Shedinja:Absorb","floor":4.0},{"not_picked":["Shedinja:Agility","Shedinja:Facade"],"picked":"Shedinja:Elixir","floor":5.0},{"not_picked":["Shedinja:Ether","Shedinja:Mimic"],"picked":"Shedinja:ShadowSneak","floor":7.0},{"not_picked":["Shedinja:Round","Shedinja:BugBuzz"],"picked":"Shedinja:ConfuseRay","floor":10.0},{"not_picked":["Shedinja:FurySwipes","Shedinja:ShadowClaw"],"picked":"Shedinja:PokeBall","floor":12.0},{"not_picked":["Shedinja:Thief","Shedinja:Mimic"],"picked":"Shedinja:PowerBracer","floor":14}],"player_experience":320449,"relics_obtained":[{"floor":7.0,"key":"FossilizedHelix"},{"floor":9.0,"key":"Singing Bowl"},{"floor":10.0,"key":"Dream Catcher"},{"floor":12.0,"key":"Strawberry"}],"event_choices":[{"damage_healed":0.0,"max_hp_gain":0.0,"max_hp_loss":0.0,"gold_gain":0.0,"event_name":"WeMeetAgain","player_choice":"Paid Gold","floor":3.0,"gold_loss":98.0,"damage_taken":0.0,"relics_obtained":["jedi:arcanewood"]},{"damage_healed":0.0,"max_hp_gain":0.0,"max_hp_loss":0.0,"gold_gain":0.0,"event_name":"Dead Adventurer","player_choice":"Searched \u00271\u0027 times","floor":8.0,"gold_loss":0.0,"damage_taken":0.0}],"is_beta":false,"boss_relics":[],"items_purged_floors":[],"is_endless":false,"potions_floor_spawned":[4,5,7],"killed_by":"Hexaghost","ascension_level":2}}