{"host":"unahupgi85cj6bxp","time":1607847366,"event":{"mods":["Act Like it!","BaseMod","Card Forge","Conspire","Energized Spire","Googly Eyes","Hubris","Infinite Spire","Minty Spire (QoL Compilation)","Replay The Spire","StSLib","The Jungle","Unceasing Turn Reminder"],"gold_per_floor":[117,217,235,248,248,278,290,290,315,373,388,404,404,423,423,520,520,538,550,550,569,581,581,596,596,671,671,685,685,685],"floor_reached":29,"playtime":2516,"items_purged":[],"score":266,"play_id":"257eeeb4-6e8f-4acd-a22a-23b3ef0a4cf3","local_time":"20201213001606","is_ascension_mode":true,"campfire_choices":[{"floor":8,"key":"REST"},{"floor":13,"key":"REST"},{"floor":15,"key":"REST"},{"floor":23,"key":"REST"},{"floor":27,"key":"REST"}],"circlet_count":0,"master_deck":["Strike_G","Strike_G","Strike_G","Strike_G","Strike_G","Defend_G","Defend_G","Defend_G","Defend_G","Survivor","Neutralize","Poison Darts","Poisoned Stab","Deadly Poison","Burst","Blur","Backstab","Backflip","Blur","Deflect","Concentrate","Corpse Explosion","Dodge and Roll","Deflect","Deflect+1","Draining Mist","Slice"],"relics":["Ring of the Snake","Hammer of Thor","Seething Fire","Anvil of the Gods","Bronze Scales","ReplayTheSpireMod:TigerMarble","Ninja Scroll","hubris:Backtick","Snake Skull","Turnip","Snack Pack"],"acts_visited":["Exordium","TheCity"],"potions_floor_usage":[14,14,29],"damage_taken":[{"damage":2,"enemies":"Small Slimes","floor":1,"turns":3},{"damage":0,"enemies":"Cultist","floor":3,"turns":3},{"damage":8,"enemies":"2 Louse","floor":4,"turns":2},{"damage":25,"enemies":"Lagavulin","floor":6,"turns":5},{"damage":8,"enemies":"Looter","floor":7,"turns":2},{"damage":8,"enemies":"Blue Slaver","floor":11,"turns":1},{"damage":0,"enemies":"Lots of Slimes","floor":12,"turns":3},{"damage":4,"enemies":"Gremlin Gang","floor":14,"turns":4},{"damage":29,"enemies":"Hexaghost","floor":16,"turns":8},{"damage":17,"enemies":"2 Thieves","floor":18,"turns":2},{"damage":16,"enemies":"Spheric Guardian","floor":19,"turns":4},{"damage":24,"enemies":"Chosen and Byrds","floor":21,"turns":6},{"damage":34,"enemies":"Shelled Parasite and Fungi","floor":22,"turns":6},{"damage":18,"enemies":"Snake Plant","floor":24,"turns":4},{"damage":12,"enemies":"Snecko","floor":28,"turns":5},{"damage":28,"enemies":"3 Cultists","floor":29,"turns":5}],"seed_played":"-5490177397125923199","potions_obtained":[{"floor":1,"key":"Swift Potion"},{"floor":4,"key":"Weak Potion"},{"floor":12,"key":"FairyPotion"},{"floor":18,"key":"Dexterity Potion"},{"floor":22,"key":"ColorlessPotion"}],"is_trial":false,"path_per_floor":["M","?","M","M","?","E","M","R","T","?","M","M","R","M","R","B",null,"M","M","?","M","M","R","M","?","T","R","M","M"],"character_chosen":"THE_SILENT","items_purchased":[],"campfire_rested":5,"item_purchase_floors":[],"current_hp_per_floor":[68,68,68,60,60,35,27,48,48,20,12,12,33,29,50,21,70,53,37,37,13,3,24,6,6,6,27,17,0,0],"gold":685,"neow_bonus":"TRANSFORM_CARD","is_daily":false,"chose_seed":false,"campfire_upgraded":0,"win_rate":0.0,"timestamp":1607847366,"path_taken":["M","?","M","?","?","E","?","R","T","?","M","M","R","M","R","BOSS","M","M","?","?","?","R","M","?","T","R","M","M"],"items_purchased_type":[],"build_version":"2020-11-30","purchased_purges":0,"victory":false,"max_hp_per_floor":[70,70,70,70,70,70,70,70,70,70,70,70,70,70,70,70,70,70,70,70,70,70,70,70,70,70,70,70,70,70],"card_choices":[{"not_picked":["ReplayTheSpireMod:The Works","Blade Dance"],"picked":"Poisoned Stab","floor":1},{"not_picked":["Slice","Dodge and Roll"],"picked":"Deadly Poison","floor":3},{"not_picked":["Flying Knee","Underhanded Strike","Prepared"],"picked":"SKIP","floor":4},{"not_picked":["Deflect","Concentrate"],"picked":"Burst","floor":6},{"not_picked":["Acrobatics","Blade Dance"],"picked":"Blur","floor":7},{"not_picked":["Fluid Movement","hubris:TrickCloak"],"picked":"Backstab","floor":10},{"not_picked":["Underhanded Strike","Flying Knee"],"picked":"Backflip","floor":10},{"not_picked":["Calculated Gamble","Quick Slash"],"picked":"Blur","floor":11},{"not_picked":["Tactician","Underhanded Strike"],"picked":"Deflect","floor":12},{"not_picked":["ReplayTheSpireMod:Exploit Weakness","Skewer"],"picked":"Concentrate","floor":14},{"not_picked":["Replay:Bag of Tricks","Phantasmal Killer"],"picked":"Corpse Explosion","floor":16},{"not_picked":["Slice","Cloak And Dagger"],"picked":"Dodge and Roll","floor":18},{"not_picked":["Setup+1","Fluid Movement+1"],"picked":"Deflect","floor":19},{"not_picked":["Expertise+1","Underhanded Strike","Sucker Punch"],"picked":"SKIP","floor":21},{"not_picked":["Backstab","Slice"],"picked":"Deflect+1","floor":22},{"not_picked":["Skewer","Footwork"],"picked":"Draining Mist","floor":24},{"not_picked":["Leg Sweep","ReplayTheSpireMod:Speed Training+1"],"picked":"Slice","floor":28}],"player_experience":782841,"relics_obtained":[{"floor":6,"key":"Bronze Scales"},{"floor":9,"key":"ReplayTheSpireMod:TigerMarble"},{"floor":10,"key":"Ninja Scroll"},{"floor":26,"key":"Snack Pack"}],"event_choices":[{"damage_healed":0,"gold_gain":100,"player_choice":"Pray","damage_taken":0,"max_hp_gain":0,"max_hp_loss":0,"event_name":"Golden Shrine","floor":2,"gold_loss":0},{"damage_healed":0,"gold_gain":0,"player_choice":"Ignored","damage_taken":0,"max_hp_gain":0,"max_hp_loss":0,"event_name":"Purifier","floor":5,"gold_loss":0},{"damage_healed":0,"gold_gain":0,"player_choice":"Opened","damage_taken":0,"relics_obtained":["Turnip"],"max_hp_gain":0,"max_hp_loss":0,"event_name":"The Mausoleum","floor":20,"gold_loss":0},{"damage_healed":0,"gold_gain":0,"player_choice":"Leave","damage_taken":0,"max_hp_gain":0,"max_hp_loss":0,"event_name":"conspire:Investor","floor":25,"gold_loss":0}],"is_beta":false,"boss_relics":[{"not_picked":["energizedSpire:HugeHouse","energizedSpire:CursedPentagram"],"picked":"hubris:Backtick"}],"items_purged_floors":[],"is_endless":false,"potions_floor_spawned":[1,4,12,18,22],"killed_by":"3 Cultists","ascension_level":3}}