{"host":"8fd4hymsqydhyymv","time":1607854804,"event":{"mods":["BaseMod","Become a monster ???","Bestiary","Better Altar","Better Match","Better Note","Better Sensory Stone","Better Skull","Better Third Choice","Block Reminder","Clockwork Mod","Colored Powertips","Custom Start","DeckTracker","Downfall","Infinite Spire","Lobotomy","Minty Spire (QoL Compilation)","Quick Restart","Rare Cards Sparkle","Shop Mod","StSLib","Swap Starting Deck Mod","Thieving Mod","Uncapped","Unceasing Turn Reminder","everything is the same but u backflip on backflip"],"gold_per_floor":[99,99,99,116,141,157,157,157,171,202,214,214,214,514,525,625,625,625,640,490,490,524,524,524,542,542,542],"floor_reached":26,"playtime":1052,"items_purged":[],"score":234,"play_id":"7ec3ced6-db4c-4380-be5d-993849b059c8","local_time":"20201213152004","is_ascension_mode":false,"campfire_choices":[{"data":"Slimebound:Split","floor":1.0,"key":"SMITH"},{"data":"Slimebound:ItLooksTasty","floor":8.0,"key":"SMITH"},{"data":"Slimebound:OneTwoCombo","floor":18,"key":"SMITH"},{"data":"Slimebound:FinishingTackle","floor":21,"key":"SMITH"},{"data":"Slimebound:CorrosiveSpit","floor":23,"key":"SMITH"}],"circlet_count":0,"master_deck":["Slimebound:Strike_Slimebound","Slimebound:Strike_Slimebound","Slimebound:Tackle","Slimebound:Defend_Slimebound","Slimebound:Defend_Slimebound","Slimebound:Defend_Slimebound","Slimebound:Split+1","Slimebound:CorrosiveSpit+1","Slimebound:FinishingTackle+1","expansioncontent:AwakenDeath","Slimebound:SplitBruiser","Slimebound:TongueLash","Slimebound:ItLooksTasty+1","Slimebound:RejuvenatingLick","Slimebound:SamplingLick","Slimebound:SplitMire","Slimebound:SpikyOuterGoop","Slimebound:OneTwoCombo+1","Slimebound:SamplingLick+1","Slimebound:Schlurp+1","Slimebound:SelfFormingGoo"],"relics":["Slimebound:AbsorbEndCombat","Ice Cream","Question Card","Mummified Hand","Old Coin","Philosopher\u0027s Stone","Girya","Bottled Lightning"],"acts_visited":["Exordium","TheCity"],"potions_floor_usage":[16],"damage_taken":[{"damage":13.0,"enemies":"Jaw Worm","floor":4.0,"turns":3.0},{"damage":36.0,"enemies":"Lagavulin","floor":5.0,"turns":6.0},{"damage":14.0,"enemies":"Small Slimes","floor":6.0,"turns":3.0},{"damage":10.0,"enemies":"2 Louse","floor":9.0,"turns":3.0},{"damage":51.0,"enemies":"Gremlin Nob","floor":10.0,"turns":4.0},{"damage":15.0,"enemies":"Large Slime","floor":11.0,"turns":4.0},{"damage":14.0,"enemies":"3 Louse","floor":15.0,"turns":3.0},{"damage":26,"enemies":"downfall:Ironclad","floor":16,"turns":6},{"damage":39,"enemies":"Shell Parasite","floor":19,"turns":4},{"damage":68,"enemies":"Book of Stabbing","floor":22,"turns":5},{"damage":38,"enemies":"Centurion and Healer","floor":25,"turns":4},{"damage":20,"enemies":"Chosen and Byrds","floor":26,"turns":3}],"seed_played":"-2909412838916753436","potions_obtained":[{"floor":6.0,"key":"BlessingOfTheForge"},{"floor":10.0,"key":"infinitespire:BlackPotion"},{"floor":11.0,"key":"EntropicBrew"},{"floor":19,"key":"Fire Potion"}],"is_trial":false,"path_per_floor":["R","?","?","M","E","M","T","R","M","E","M","?","?","T","M","B",null,"R","M","?","R","E","R","T","M","M"],"character_chosen":"SLIMEBOUND","items_purchased":[],"campfire_rested":0,"item_purchase_floors":[],"current_hp_per_floor":[60,60,60,59,41,37,37,37,37,23,28,46,46,46,50,56,60,60,41,70,70,34,34,34,18,0,0],"gold":542,"neow_bonus":"TRANSFORM_CARD","is_daily":false,"chose_seed":false,"campfire_upgraded":5,"win_rate":0.0,"timestamp":1607854804,"path_taken":["R","?","?","M","E","M","T","R","M","E","M","?","?","?","M","BOSS","R","M","?","R","E","R","T","M","M"],"items_purchased_type":[],"build_version":"2020-11-30","purchased_purges":0,"victory":false,"max_hp_per_floor":[60,60,60,60,60,60,60,60,60,60,60,60,60,60,60,60,60,60,60,70,70,70,70,70,70,70,70],"card_choices":[{"not_picked":["Dramatic Entrance","Sadistic Nature"],"picked":"expansioncontent:AwakenDeath","floor":2.0},{"not_picked":["Slimebound:SplitAcid","Slimebound:GoopSpray"],"picked":"Slimebound:SplitBruiser","floor":4.0},{"not_picked":["Slimebound:Replication","Slimebound:LeechEnergy"],"picked":"Slimebound:TongueLash","floor":5.0},{"not_picked":["Slimebound:Grow","Slimebound:LeechingTouch"],"picked":"Slimebound:ItLooksTasty","floor":6.0},{"not_picked":["Slimebound:GoopSpray","Slimebound:RollThrough","Slimebound:SamplingLick"],"picked":"Slimebound:RejuvenatingLick","floor":9.0},{"not_picked":["Slimebound:SelfFormingGoo","Slimebound:LeechEnergy","Slimebound:Replication"],"picked":"Slimebound:SamplingLick","floor":10.0},{"not_picked":["Slimebound:SplitAcid","Slimebound:GoopTackle","Slimebound:SplitLeeching"],"picked":"Slimebound:SplitMire","floor":11.0},{"not_picked":["Slimebound:SplitMire","Slimebound:ViciousTackle","Slimebound:LeechingTouch"],"picked":"Slimebound:SpikyOuterGoop","floor":15.0},{"not_picked":["Slimebound:PrepareCrush","Slimebound:WasteNot","Slimebound:MassRepurpose"],"picked":"Slimebound:OneTwoCombo","floor":16},{"not_picked":["Slimebound:ProtectTheBoss","Slimebound:SplitMire","Slimebound:GoopSpray+1"],"picked":"Slimebound:SamplingLick+1","floor":19},{"not_picked":["Slimebound:SlimeBrawl","Slimebound:SplitBruiser","Slimebound:ViciousTackle"],"picked":"Slimebound:Schlurp+1","floor":22},{"not_picked":["Slimebound:PressTheAttack","Slimebound:GrowthPunch","Slimebound:Schlurp"],"picked":"Slimebound:SelfFormingGoo","floor":25}],"player_experience":130681,"relics_obtained":[{"floor":5.0,"key":"Ice Cream"},{"floor":7.0,"key":"Question Card"},{"floor":10.0,"key":"Mummified Hand"},{"floor":14.0,"key":"Old Coin"},{"floor":22,"key":"Girya"},{"floor":24,"key":"Bottled Lightning"}],"event_choices":[{"damage_healed":0.0,"max_hp_gain":0.0,"max_hp_loss":0.0,"gold_gain":1.0,"event_name":"betterStone:BetterStone","player_choice":"1","floor":2.0,"gold_loss":0.0,"damage_taken":0.0}],"is_beta":false,"boss_relics":[{"not_picked":["Fusion Hammer","Tiny House"],"picked":"Philosopher\u0027s Stone"}],"items_purged_floors":[],"is_endless":false,"potions_floor_spawned":[6,10,11,19],"killed_by":"Chosen and Byrds","ascension_level":0}}