{"host":"k5j3culymg4irp71","time":1607830793,"event":{"mods":["2.2 Compatiblity","Act Like it!","Art Attack!","Aspiration","Astrologer","Bard","BaseMod","Bestiary","Better Match","Better Note","BetterRewards","Block Reminder","CCEM","Colored Map","Colored Powertips","Conspire","Downfall","Emptier Cage","Energized Spire","GifTheSpireLib","GungeonMod","Halation","Hallownest","Hermit","Hubris","Infinite Spire","Ironclad Rager","Jorbs\u0027s Wanderer Trilogy","Lobotomy","LobotomyExtend","Mad Scientist","Minty Spire (QoL Compilation)","Pale of the Ancients","Potionbrewer","Quarter Circle Forward PUNCH!","Rare Cards Sparkle","Replay The Spire","Shade Mod","Shop Mod","Spikes Relics","StSLib","Stuff the Spire","The Animator","The Blackbeard","The Bladedancer","The Blue Laboratory","The Cursed","The Druid","The Forsaken","The Gatherer","The Hayseed","The Hierophant","The Juggle","The Necromancer","The Runesmith","The Servant 0.9.4","The Spell Scribe","TheArtist","Treasure Hunter","Waifu the Spire","Wandering Minibosses","slay the spire mod where everything is the same but ironclad has a cowboy hat","vexMod"],"gold_per_floor":[116,116,131,143,143,143,173,173,227,257,53,53,72,105,105,203,203,223,148,166,166,176,191,191,191,191,191,202,221,221,221],"floor_reached":30,"playtime":2020,"items_purged":[],"score":250,"play_id":"0849ed2f-e738-443f-88c1-4503ee601061","local_time":"20201212193953","is_ascension_mode":false,"campfire_choices":[{"data":"Blade Dance","floor":6,"key":"SMITH"},{"data":"Infinite Blades","floor":8,"key":"SMITH"},{"floor":15,"key":"REST"},{"data":"Blade Dance","floor":27,"key":"SMITH"}],"circlet_count":0,"master_deck":["Strike_G","Strike_G","Strike_G","Strike_G","Defend_G","Defend_G","Defend_G","Survivor","Neutralize","Replay:SS_forest_2+1","Caltrops+1","Blade Dance+1","Infinite Blades+1","StuffTheSpire:Incantation","Finisher","Blade Dance+1","infinitespire:Neurotoxin","Finisher","StuffTheSpire:Shiver","Blade Dance","Deadly Poison+1","Escape Plan"],"relics":["Ring of the Snake","LetterFromLob","vexMod:Dragonfruit","Replay:Bottled Snecko","hubris:Towel","Vajra","Replay:Drink Me","energizedSpire:DeadBattery","potionbrewer:RamsHorn"],"acts_visited":["Exordium","Exordium","Hallownest:CityofTears"],"potions_floor_usage":[],"damage_taken":[{"damage":0,"enemies":"conspire:RoseBush","floor":1,"turns":4},{"damage":2,"enemies":"Small Slimes","floor":3,"turns":4},{"damage":0,"enemies":"Jaw Worm","floor":4,"turns":4},{"damage":33,"enemies":"3 Sentries","floor":7,"turns":10},{"damage":7,"enemies":"Lagavulin","floor":10,"turns":7},{"damage":8,"enemies":"2 Fungi Beasts","floor":13,"turns":2},{"damage":14,"enemies":"Replay:BlueRogue","floor":14,"turns":5},{"damage":21,"enemies":"Hexaghost","floor":16,"turns":7},{"damage":9,"enemies":"Hallownest:2_Mistakes","floor":18,"turns":4},{"damage":0,"enemies":"Hallownest:3_Youths","floor":20,"turns":6},{"damage":11,"enemies":"Hallownest:monsterShrumalOgre","floor":22,"turns":4},{"damage":33,"enemies":"Hallownest:2_Flukemon","floor":23,"turns":6},{"damage":9,"enemies":"DemoMod:2_Veteran_bullet_kins_and_red_shotgun_kin","floor":28,"turns":2},{"damage":29,"enemies":"DemoMod:Red_and_blue_shotgun_kin","floor":29,"turns":2}],"seed_played":"-7081327145012279900","potions_obtained":[{"floor":10,"key":"blueLaboratory:BubblePotion"},{"floor":13,"key":"Languid Potion"},{"floor":16,"key":"potionbrewer:DiscountPotion"},{"floor":18,"key":"blueLaboratory:CorrosionFlask"}],"is_trial":false,"path_per_floor":["M","?","M","M","?","R","E","R","T","E","$","?","M","E","R","B",null,"M","?","M","?","M","M","AVR","?","T","R","M","M","M"],"character_chosen":"THE_SILENT","items_purchased":["DemoMod:GnawedKey","Replay:SS_fish_1"],"campfire_rested":1,"item_purchase_floors":[11,11],"current_hp_per_floor":[70,70,68,68,68,68,40,40,40,33,33,33,25,11,33,12,57,48,48,48,48,37,4,4,57,57,57,48,19,0,0],"gold":221,"neow_bonus":"RANDOM_COLORLESS","is_daily":false,"chose_seed":false,"campfire_upgraded":3,"win_rate":0.0,"timestamp":1607830793,"path_taken":["M","?","M","M","?","R","E","R","T","E","?","?","?","E","R","BOSS","M","?","M","?","?","M","AVR","?","T","R","M","M","M"],"items_purchased_type":["Relic","Card"],"build_version":"2020-11-30","purchased_purges":0,"victory":false,"max_hp_per_floor":[70,70,70,70,70,70,75,75,75,75,75,75,75,75,75,75,57,57,57,57,57,57,57,57,57,57,57,57,57,57,57],"card_choices":[{"not_picked":["Blind","expansioncontent:Hexaburn"],"picked":"Replay:SS_forest_2","floor":0},{"not_picked":["Prepared","Finisher"],"picked":"Caltrops","floor":1},{"not_picked":["Draining Mist","conspire:DoublingDagger"],"picked":"Blade Dance","floor":3},{"not_picked":["ReplayTheSpireMod:Speed Training","StuffTheSpire:BumpUp","Skewer"],"picked":"SKIP","floor":4},{"not_picked":["Choke","Deadly Poison"],"picked":"Infinite Blades","floor":7},{"not_picked":["TH:TreasureMap","TH:ElvenBoots"],"picked":"SKIP","floor":7},{"not_picked":["TH:TreasureMap","TH:ElvenBoots"],"picked":"SKIP","floor":7},{"not_picked":["TH:EnergyPotion","TH:DeckOfManyThings"],"picked":"SKIP","floor":9},{"not_picked":["Bouncing Flask","Flechettes"],"picked":"StuffTheSpire:Incantation","floor":10},{"not_picked":["TH:ArmorSpikes","TH:CursedSword"],"picked":"SKIP","floor":10},{"not_picked":["StuffTheSpire:Injection","Replay:Poison Smokescreen"],"picked":"Finisher","floor":13},{"not_picked":["Underhanded Strike","StuffTheSpire:BumpUp"],"picked":"Blade Dance","floor":14},{"not_picked":["TH:TreasureMap","TH:Mimic"],"picked":"SKIP","floor":14},{"not_picked":["ReplayTheSpireMod:From All Sides","aspiration:Lunge"],"picked":"infinitespire:Neurotoxin","floor":16},{"not_picked":["Caltrops","Dodge and Roll"],"picked":"Finisher","floor":18},{"not_picked":["hubris:Counter+1","Blur"],"picked":"StuffTheSpire:Shiver","floor":20},{"not_picked":["Prepared","Quick Slash"],"picked":"Blade Dance","floor":22},{"not_picked":["Flechettes+1","PiercingWail"],"picked":"Deadly Poison+1","floor":23},{"not_picked":["Flying Knee+1","hubris:SlightOfHand"],"picked":"Escape Plan","floor":28},{"not_picked":["Underhanded Strike+1","Skewer","Prepared"],"picked":"SKIP","floor":29}],"player_experience":692,"relics_obtained":[{"floor":1,"key":"LetterFromLob"},{"floor":7,"key":"vexMod:Dragonfruit"},{"floor":10,"key":"Replay:Bottled Snecko"},{"floor":14,"key":"Vajra"}],"event_choices":[{"damage_healed":0,"gold_gain":0,"player_choice":"Grow","damage_taken":0,"max_hp_gain":0,"max_hp_loss":0,"event_name":"Living Wall","floor":5,"gold_loss":0,"cards_upgraded":["Caltrops"]},{"damage_healed":0,"gold_gain":0,"player_choice":"3","damage_taken":0,"max_hp_gain":0,"max_hp_loss":0,"event_name":"betterMatch:BetterMatch","floor":19,"gold_loss":0,"cards_obtained":[]},{"damage_healed":0,"gold_gain":0,"player_choice":"Leave","damage_taken":0,"max_hp_gain":0,"max_hp_loss":0,"event_name":"conspire:Investor","floor":21,"gold_loss":0}],"is_beta":false,"boss_relics":[{"not_picked":["StuffTheSpire:RunicConfusion","vexMod:NewClearReactor"],"picked":"Replay:Drink Me"}],"items_purged_floors":[],"is_endless":false,"potions_floor_spawned":[10,13,16,18,20,28],"killed_by":"DemoMod:Veteran_shot_gun_kin_and_blue_shotgun_kin_with_gunsinger","ascension_level":0}}