{"host":"naykp6d9ulahlwib","time":1607821969,"event":{"mods":["BaseMod","Highlight Path","Minty Spire (QoL Compilation)","StSLib"],"gold_per_floor":[114,289,301,301,314,314,352,352,406,457,382,396,7,27,27,156,156,181,106,106,176,192,192,232,232,232,247,268,318,193,116,116,239,239,260,335,355,405,455,491,491,522,522,522,536,213,257,282,282,282,282,282,137,175,175],"floor_reached":56,"playtime":8836,"items_purged":["Doubt"],"score":1805,"play_id":"d43fc237-be01-4baf-9534-f3822ae77582","local_time":"20201212191249","daily_mods":["SealedDeck","Heirloom"],"is_ascension_mode":true,"campfire_choices":[{"data":"Entrench","floor":6.0,"key":"SMITH"},{"data":"Barricade","floor":8.0,"key":"SMITH"},{"data":"Berserk","floor":15.0,"key":"SMITH"},{"floor":23.0,"key":"RECALL"},{"data":"Disarm","floor":25.0,"key":"SMITH"},{"data":"Secret Technique","floor":32.0,"key":"SMITH"},{"data":"Blind","floor":41.0,"key":"SMITH"},{"floor":44.0,"key":"REST"},{"data":"Secret Weapon","floor":49.0,"key":"SMITH"},{"data":"Shockwave","floor":52.0,"key":"SMITH"}],"circlet_count":0,"master_deck":["Uppercut","Battle Trance","Seeing Red","Warcry","Iron Wave","Shrug It Off","Seeing Red","Body Slam","Entrench+1","Iron Wave","Disarm+1","Barricade+1","Berserk+1","Shrug It Off","Exhume+1","Armaments+1","Body Slam","Warcry+1","Secret Technique+1","Shockwave+1","Exhume+1","Blind+1","Bandage Up","Madness","Warcry+1","Secret Weapon+1","Entrench","Ghostly Armor"],"relics":["Burning Blood","CaptainsWheel","Golden Idol","Happy Flower","Lantern","Bottled Tornado","SlaversCollar","SsserpentHead","Tiny Chest","Question Card","Busted Crown","Mummified Hand","Bottled Lightning","War Paint","Frozen Egg 2","Bag of Preparation","Centennial Puzzle","Pantograph"],"acts_visited":["Exordium","TheCity","TheBeyond","TheEnding"],"potions_floor_usage":[54,55,55,55],"damage_taken":[{"damage":0.0,"enemies":"Small Slimes","floor":1.0,"turns":3.0},{"damage":7.0,"enemies":"Jaw Worm","floor":3.0,"turns":3.0},{"damage":0.0,"enemies":"Cultist","floor":5.0,"turns":3.0},{"damage":25.0,"enemies":"Gremlin Nob","floor":7.0,"turns":6.0},{"damage":0.0,"enemies":"2 Fungi Beasts","floor":12.0,"turns":3.0},{"damage":7.0,"enemies":"Exordium Thugs","floor":14.0,"turns":4.0},{"damage":0.0,"enemies":"Hexaghost","floor":16.0,"turns":5.0},{"damage":8.0,"enemies":"3 Byrds","floor":18.0,"turns":6.0},{"damage":18.0,"enemies":"2 Thieves","floor":21.0,"turns":5.0},{"damage":0.0,"enemies":"Centurion and Healer","floor":22.0,"turns":4.0},{"damage":13.0,"enemies":"Slavers","floor":24.0,"turns":6.0},{"damage":0.0,"enemies":"Shelled Parasite and Fungi","floor":27.0,"turns":5.0},{"damage":0.0,"enemies":"Sentry and Sphere","floor":28.0,"turns":5.0},{"damage":4.0,"enemies":"Collector","floor":33.0,"turns":5.0},{"damage":4.0,"enemies":"Orb Walker","floor":35.0,"turns":5.0},{"damage":14.0,"enemies":"3 Darklings","floor":36.0,"turns":4.0},{"damage":15.0,"enemies":"Spire Growth","floor":37.0,"turns":4.0},{"damage":0.0,"enemies":"Giant Head","floor":40.0,"turns":6.0},{"damage":35.0,"enemies":"Reptomancer","floor":42.0,"turns":9.0},{"damage":7.0,"enemies":"Sphere and 2 Shapes","floor":45.0,"turns":5.0},{"damage":0.0,"enemies":"Giant Head","floor":47.0,"turns":5.0},{"damage":0.0,"enemies":"4 Shapes","floor":48.0,"turns":6.0},{"damage":4.0,"enemies":"Awakened One","floor":50.0,"turns":6.0},{"damage":26,"enemies":"Shield and Spear","floor":54,"turns":3},{"damage":5,"enemies":"The Heart","floor":55,"turns":9}],"seed_played":"-7153942697964009886","potions_obtained":[{"floor":3.0,"key":"Energy Potion"},{"floor":7.0,"key":"SkillPotion"},{"floor":18.0,"key":"SmokeBomb"},{"floor":21.0,"key":"DuplicationPotion"},{"floor":33.0,"key":"Dexterity Potion"},{"floor":45.0,"key":"Weak Potion"},{"floor":47.0,"key":"ColorlessPotion"},{"floor":54,"key":"PowerPotion"}],"is_trial":true,"path_per_floor":["M","?","M","?","M","R","E","R","T","T","$","M","$","M","R","B",null,"M","?","?","M","M","R","E","R","T","M","M","?","$","$","R","B",null,"M","M","M","T","?","E","R","E","T","R","M","$","E","M","R","B",null,"R","$","E","B",null],"character_chosen":"IRONCLAD","items_purchased":["Bottled Tornado","Berserk","Secret Technique","Shockwave","Bag of Preparation","Secret Weapon","EssenceOfSteel","Entrench"],"campfire_rested":1,"item_purchase_floors":[13,13,30,31,46,46,53,53],"current_hp_per_floor":[78,78,77,57,63,63,44,44,44,44,44,50,50,49,49,55,74,72,72,72,60,66,66,59,59,59,65,71,71,71,71,71,73,78,80,72,63,63,53,69,69,52,52,76,79,79,80,80,80,80,80,80,80,60,80],"gold":175,"neow_bonus":"","is_daily":false,"chose_seed":false,"campfire_upgraded":8,"win_rate":0.0,"timestamp":1607821969,"path_taken":["M","?","M","?","M","R","E","R","T","?","$","M","$","M","R","BOSS","M","?","?","?","M","R","E","R","T","M","M","?","?","$","R","BOSS","M","?","M","?","?","E","R","E","T","R","M","$","E","M","R","BOSS","R","$","E","BOSS"],"items_purchased_type":["Relic","Card","Card","Card","Relic","Card","Potion","Card"],"build_version":"2020-11-30","purchased_purges":1,"victory":true,"max_hp_per_floor":[80,80,80,80,80,80,80,80,80,80,80,80,80,80,80,80,80,80,80,80,80,80,80,80,80,80,80,80,80,80,80,80,80,80,80,80,80,80,80,80,80,80,80,80,80,80,80,80,80,80,80,80,80,80,80],"card_choices":[{"not_picked":["Headbutt","True Grit"],"picked":"Armaments","floor":1.0},{"not_picked":["True Grit","Heavy Blade"],"picked":"Iron Wave","floor":3.0},{"not_picked":["Cleave","Hemokinesis"],"picked":"Disarm","floor":5.0},{"not_picked":["Headbutt","Shrug It Off"],"picked":"Barricade","floor":7.0},{"not_picked":["True Grit","Armaments","Immolate"],"picked":"SKIP","floor":12.0},{"not_picked":["Sentinel","Thunderclap"],"picked":"Shrug It Off","floor":14.0},{"not_picked":["Immolate","Bludgeon"],"picked":"Exhume","floor":16.0},{"not_picked":["Havoc","Bloodletting"],"picked":"Armaments+1","floor":18.0},{"not_picked":["Armaments","Dropkick"],"picked":"Body Slam","floor":21.0},{"not_picked":["Thunderclap","Clash+1","Armaments"],"picked":"SKIP","floor":22.0},{"not_picked":["Iron Wave","Dark Embrace","Juggernaut"],"picked":"SKIP","floor":24.0},{"not_picked":["Heavy Blade","Shrug It Off","Hemokinesis+1"],"picked":"Warcry+1","floor":27.0},{"not_picked":["Flex","Second Wind","Spot Weakness+1","Evolve"],"picked":"SKIP","floor":28.0},{"not_picked":["Reaper","Feed","Limit Break"],"picked":"Exhume","floor":33.0},{"not_picked":["Twin Strike+1","Whirlwind"],"picked":"SKIP","floor":35.0},{"not_picked":["Rampage","Pommel Strike+1"],"picked":"SKIP","floor":36.0},{"not_picked":["Feel No Pain","True Grit+1"],"picked":"SKIP","floor":37.0},{"not_picked":["Chrysalis"],"picked":"Blind","floor":39.0},{"not_picked":["Enlightenment"],"picked":"Bandage Up","floor":39.0},{"not_picked":["Bandage Up"],"picked":"Madness","floor":39.0},{"not_picked":["Dark Embrace"],"picked":"Warcry+1","floor":40.0},{"not_picked":["Infernal Blade+1","Iron Wave+1"],"picked":"SKIP","floor":42.0},{"not_picked":["Havoc+1","Clash"],"picked":"SKIP","floor":45.0},{"not_picked":["Burning Pact","Blood for Blood+1"],"picked":"SKIP","floor":47.0},{"not_picked":["Cleave","Infernal Blade+1"],"picked":"SKIP","floor":48.0},{"not_picked":["Iron Wave+1"],"picked":"Ghostly Armor","floor":54}],"player_experience":696323,"relics_obtained":[{"floor":7.0,"key":"Happy Flower"},{"floor":9.0,"key":"Lantern"},{"floor":24.0,"key":"Tiny Chest"},{"floor":26.0,"key":"Question Card"},{"floor":38.0,"key":"Mummified Hand"},{"floor":40.0,"key":"Bottled Lightning"},{"floor":42.0,"key":"War Paint"},{"floor":43.0,"key":"Frozen Egg 2"},{"floor":47.0,"key":"Centennial Puzzle"},{"floor":54,"key":"Pantograph"}],"event_choices":[{"damage_healed":0.0,"max_hp_gain":0.0,"max_hp_loss":0.0,"gold_gain":175.0,"event_name":"Liars Game","player_choice":"AGREE","floor":2.0,"gold_loss":0.0,"damage_taken":0.0,"cards_obtained":["Doubt"]},{"damage_healed":0.0,"max_hp_gain":0.0,"max_hp_loss":0.0,"gold_gain":0.0,"event_name":"Golden Idol","player_choice":"Take Damage","floor":4.0,"gold_loss":0.0,"damage_taken":20.0,"relics_obtained":["Golden Idol"]},{"cards_removed":["Armaments"],"damage_healed":0.0,"max_hp_gain":0.0,"max_hp_loss":0.0,"gold_gain":0.0,"event_name":"Beggar","player_choice":"Gave Gold","floor":19.0,"gold_loss":75.0,"damage_taken":0.0},{"damage_healed":0.0,"max_hp_gain":0.0,"max_hp_loss":0.0,"gold_gain":0.0,"event_name":"FaceTrader","player_choice":"Trade","floor":20.0,"gold_loss":0.0,"damage_taken":0.0,"relics_obtained":["SsserpentHead"]},{"cards_removed":["Cleave"],"damage_healed":0.0,"max_hp_gain":0.0,"max_hp_loss":0.0,"gold_gain":0.0,"event_name":"Purifier","player_choice":"Purged","floor":29.0,"gold_loss":0.0,"damage_taken":0.0},{"damage_healed":0.0,"max_hp_gain":0.0,"max_hp_loss":0.0,"gold_gain":0.0,"event_name":"SensoryStone","player_choice":"Memory 3","floor":39.0,"gold_loss":0.0,"damage_taken":10.0}],"is_beta":false,"boss_relics":[{"not_picked":["SacredBark","Snecko Eye"],"picked":"SlaversCollar"},{"not_picked":["Sozu","Philosopher\u0027s Stone"],"picked":"Busted Crown"}],"items_purged_floors":[11],"is_endless":false,"potions_floor_spawned":[3,7,18,21,33,37,45,47,54],"ascension_level":9}}