{"host":"poixavpewvabi3b6","time":1607857598,"event":{"mods":["BaseMod","DeckTracker","Minty Spire (QoL Compilation)","Replay The Spire","StSLib"],"gold_per_floor":[113,176,194,119,130,130,146,163,189,189,206,206,206,106,106,205,205,218,236,236,37,52,52,52,52,52,71,71,71,23,36,36,138,138,151,101,114,214,229,229,79,79,79,89,139,139,139],"floor_reached":46,"playtime":1578,"items_purged":["Strike_B","Defend_B","Defend_B","Strike_B"],"score":435,"play_id":"12822df3-f6ad-4f56-86c6-16a259f772a9","local_time":"20201213200638","is_ascension_mode":false,"campfire_choices":[{"floor":6.0,"key":"REST"},{"data":"Dualcast","floor":10.0,"key":"SMITH"},{"floor":15.0,"key":"REST"},{"floor":23,"key":"REST"},{"data":"Gash","floor":25,"key":"SMITH"},{"data":"Gash","floor":28,"key":"SMITH"},{"floor":32,"key":"REST"},{"floor":40,"key":"REST"},{"data":"Gash","floor":42,"key":"SMITH"}],"circlet_count":0,"master_deck":["Strike_B","Defend_B","Zap","Dualcast+1","Impatience","Gash+1","Hologram","Hologram","All For One+1","Gash+1","Hologram","FTL","Gash+1","Skim","Scrape+1","Gash+1","All For One+1","Beam Cell+1","Gash+1"],"relics":["Cracked Core","Golden Egg","Philosopher\u0027s Stone","Replay:Bottled Snecko","Black Star","Strawberry","Pondfish Scales"],"acts_visited":["Exordium","TheCity","TheBeyond"],"potions_floor_usage":[39,46],"damage_taken":[{"damage":1.0,"enemies":"Jaw Worm","floor":1.0,"turns":3.0},{"damage":12.0,"enemies":"2 Louse","floor":3.0,"turns":3.0},{"damage":6.0,"enemies":"Cultist","floor":5.0,"turns":4.0},{"damage":8.0,"enemies":"Blue Slaver","floor":7.0,"turns":3.0},{"damage":2.0,"enemies":"Looter","floor":8.0,"turns":3.0},{"damage":6.0,"enemies":"Exordium Wildlife","floor":11.0,"turns":2.0},{"damage":28.0,"enemies":"Hexaghost","floor":16.0,"turns":5.0},{"damage":8.0,"enemies":"Spheric Guardian","floor":18.0,"turns":3.0},{"damage":19.0,"enemies":"2 Thieves","floor":19.0,"turns":2.0},{"damage":22,"enemies":"Snake Plant","floor":22,"turns":3},{"damage":4,"enemies":"Chosen and Byrds","floor":27,"turns":2},{"damage":0,"enemies":"Centurion and Healer","floor":31,"turns":3},{"damage":13,"enemies":"Automaton","floor":33,"turns":3},{"damage":13,"enemies":"Orb Walker","floor":35,"turns":2},{"damage":14,"enemies":"3 Shapes","floor":37,"turns":3},{"damage":26,"enemies":"Maw","floor":39,"turns":4},{"damage":24,"enemies":"Writhing Mass","floor":44,"turns":2},{"damage":0,"enemies":"Mind Bloom Boss Battle","floor":45,"turns":2},{"damage":45,"enemies":"Reptomancer","floor":46,"turns":2}],"seed_played":"3831366074019054955","potions_obtained":[{"floor":2.0,"key":"Fruit Juice"},{"floor":7.0,"key":"BlessingOfTheForge"},{"floor":8.0,"key":"Dexterity Potion"},{"floor":16.0,"key":"Strength Potion"},{"floor":18.0,"key":"Toxic Potion"}],"is_trial":false,"path_per_floor":["M","?","M","$","M","R","M","M","T","R","M","?","?","$","R","B",null,"M","M","?","$","M","R","$","R","T","M","R","?","$","M","R","B",null,"M","$","M","?","M","R","$","R","T","M","?","E"],"character_chosen":"DEFECT","items_purchased":["Scrape","Gash","Gash"],"campfire_rested":5,"item_purchase_floors":[21,30,36],"current_hp_per_floor":[74,56,44,44,38,60,52,50,50,50,44,37,37,37,59,36,80,72,53,53,53,31,55,55,55,55,51,51,51,51,51,75,62,80,67,67,53,53,27,51,51,51,58,34,34,0,0],"gold":139,"neow_bonus":"RANDOM_COLORLESS","is_daily":false,"chose_seed":false,"campfire_upgraded":4,"win_rate":0.0,"timestamp":1607857598,"path_taken":["M","?","M","$","?","R","M","M","T","R","M","?","?","?","R","BOSS","M","?","?","$","M","R","$","R","T","M","R","?","?","?","R","BOSS","M","$","M","?","M","R","?","R","T","M","?","E"],"items_purchased_type":["Card","Card","Card"],"build_version":"2020-11-30","purchased_purges":4,"victory":false,"max_hp_per_floor":[75,75,75,75,75,75,75,75,75,75,75,75,75,75,75,80,80,80,80,80,80,80,80,80,80,80,80,80,80,80,80,80,80,80,80,80,80,80,80,80,80,80,87,87,87,87,87],"card_choices":[{"not_picked":["Madness","Replay:Sssssssssshield"],"picked":"Impatience","floor":0.0},{"not_picked":["Tempest","Cold Snap"],"picked":"Gash","floor":1.0},{"not_picked":["Turbo","ReplaySort"],"picked":"Hologram","floor":2.0},{"not_picked":["Beam Cell","Ball Lightning"],"picked":"Hologram","floor":3.0},{"not_picked":["ReplayTheSpireMod:System Scan","Chill","Doom and Gloom"],"picked":"SKIP","floor":5.0},{"not_picked":["Compile Driver","Scrape"],"picked":"All For One","floor":7.0},{"not_picked":["ReplayTheSpireMod:Reroute Power","Sweeping Beam"],"picked":"Gash","floor":8.0},{"not_picked":["Sweeping Beam","Panic Button"],"picked":"Hologram","floor":11.0},{"not_picked":["Turbo","Hologram+1"],"picked":"Gash","floor":18.0},{"not_picked":["Beam Cell","Undo"],"picked":"Skim","floor":19.0},{"not_picked":["Storm","Panic Button+1","Redo"],"picked":"SKIP","floor":22},{"not_picked":["Leap","Recycle","BasicCrystalCard"],"picked":"SKIP","floor":27},{"not_picked":["Barrage+1","Steam","Conserve Battery"],"picked":"SKIP","floor":31},{"not_picked":["Biased Cognition","Meteor Strike"],"picked":"All For One","floor":33},{"not_picked":["Redo+1","Streamline+1"],"picked":"Beam Cell+1","floor":35},{"not_picked":["Coolheaded","BasicCrystalCard","Panic Button"],"picked":"SKIP","floor":37},{"not_picked":["Redo+1","BasicCrystalCard","Leap+1"],"picked":"SKIP","floor":39},{"not_picked":["Aggregate","Conserve Battery+1","Hyperbeam"],"picked":"SKIP","floor":44}],"player_experience":124563,"relics_obtained":[{"floor":2.0,"key":"Golden Egg"},{"floor":26,"key":"Replay:Bottled Snecko"},{"floor":43,"key":"Strawberry"},{"floor":45,"key":"Pondfish Scales"}],"event_choices":[{"cards_removed":["Defend_B"],"damage_healed":0.0,"max_hp_gain":0.0,"max_hp_loss":0.0,"gold_gain":0.0,"event_name":"Golden Wing","player_choice":"Card Removal","floor":12.0,"gold_loss":0.0,"damage_taken":7.0},{"damage_healed":0.0,"max_hp_gain":0.0,"max_hp_loss":0.0,"gold_gain":0.0,"cards_transformed":["Strike_B"],"event_name":"Living Wall","player_choice":"Change","floor":13.0,"gold_loss":0.0,"damage_taken":0.0,"cards_obtained":["FTL"]},{"damage_healed":0,"gold_gain":0,"player_choice":"Ignored","damage_taken":0,"max_hp_gain":0,"max_hp_loss":0,"event_name":"Cursed Tome","floor":29,"gold_loss":0},{"damage_healed":0,"gold_gain":100,"player_choice":"Pray","damage_taken":0,"max_hp_gain":0,"max_hp_loss":0,"event_name":"Golden Shrine","floor":38,"gold_loss":0},{"damage_healed":0,"gold_gain":0,"player_choice":"Fight","damage_taken":0,"max_hp_gain":0,"max_hp_loss":0,"event_name":"MindBloom","floor":45,"gold_loss":0}],"is_beta":false,"boss_relics":[{"not_picked":["Replay:Wanted Poster","Replay:Bronze Core"],"picked":"Philosopher\u0027s Stone"},{"not_picked":["Inserter","Cursed Key"],"picked":"Black Star"}],"items_purged_floors":[4,14,21,41],"is_endless":false,"potions_floor_spawned":[7,8,11,16,18,19,27,35,37],"killed_by":"Reptomancer","ascension_level":0}}