{"host":"6qo42zgaknezulyg","time":1607852501,"event":{"mods":["2.2 Compatiblity","BaseMod","Keyboard Shortcuts","Minty Spire (QoL Compilation)","Permanent Neow","Quick Restart","StSLib","SuperFastMode","The Cursed"],"gold_per_floor":[117,129,147,97,272,307,307,318,345,377,391,419,182,210,210,306,306,316,332,431,431,163,190,190,205,205,205,15,15,47,63,63,168,168,178,178,193,203,203,203,94,94,94,112,150,10,10,31,31,31],"floor_reached":51,"playtime":3347,"items_purged":["Doubt","Pain","Writhe","TheCursedMod:Strike_TheCursed"],"score":1202,"play_id":"0d7504f0-cf47-45d7-9c18-e72ac312668e","local_time":"20201213184141","is_ascension_mode":true,"campfire_choices":[{"data":"TheCursedMod:CursedMace","floor":7.0,"key":"SMITH"},{"floor":15.0,"key":"REST"},{"floor":24.0,"key":"REST"},{"floor":27.0,"key":"REST"},{"data":"TheCursedMod:SpitefulPlan","floor":29.0,"key":"SMITH"},{"data":"TheCursedMod:CollectTribute","floor":32.0,"key":"SMITH"},{"floor":40.0,"key":"REST"},{"floor":47.0,"key":"REST"},{"data":"TheCursedMod:VoidForm","floor":49.0,"key":"SMITH"}],"circlet_count":0,"master_deck":["AscendersBane","TheCursedMod:Strike_TheCursed","TheCursedMod:Strike_TheCursed+1","TheCursedMod:Defend_TheCursed","TheCursedMod:Defend_TheCursed","TheCursedMod:Defend_TheCursed+1","TheCursedMod:Defend_TheCursed","TheCursedMod:CursedWand+1","TheCursedMod:CleanUpWorkshop","TheCursedMod:Dregs","Sadistic Nature","TheCursedMod:SoulCrush","TheCursedMod:CursedMace+1","TheCursedMod:CursedAmulet","TheCursedMod:DemonSword","TheCursedMod:LuckyCharm","TheCursedMod:ReleasedStrength","TheCursedMod:SpitefulStrike","TheCursedMod:HellsGateOpen","TheCursedMod:CollectTribute+1","TheCursedMod:SpitefulPlan+1","TheCursedMod:WearCloak","TheCursedMod:BlessingInDisguise+1","TheCursedMod:Obscuration","TheCursedMod:CursedAmulet","TheCursedMod:RapidMovement+1","TheCursedMod:VoidForm+1","TheCursedMod:SpitefulPray","TheCursedMod:CollectTribute","TheCursedMod:CursedMace+1","TheCursedMod:RavingStaff+1","TheCursedMod:AshesToAshes","TheCursedMod:AshesToAshes","TheCursedMod:SpreadPlague+1","TheCursedMod:ReleasedStrength","TheCursedMod:WearCloak"],"relics":["TheCursedMod:BlackMagic101","Lantern","Strawberry","Nunchaku","Vajra","Membership Card","Mercury Hourglass","Cursed Key","WarpedTongs","Art of War","Ornamental Fan","Ice Cream","War Paint","Pantograph","Whetstone","Busted Crown","CeramicFish","Sundial"],"acts_visited":["Exordium","TheCity","TheBeyond"],"potions_floor_usage":[50,50],"damage_taken":[{"damage":0.0,"enemies":"2 Louse","floor":1.0,"turns":4.0},{"damage":4.0,"enemies":"Jaw Worm","floor":2.0,"turns":2.0},{"damage":0.0,"enemies":"Cultist","floor":3.0,"turns":3.0},{"damage":20.0,"enemies":"Lagavulin","floor":6.0,"turns":5.0},{"damage":5.0,"enemies":"3 Louse","floor":8.0,"turns":4.0},{"damage":10.0,"enemies":"3 Sentries","floor":10.0,"turns":8.0},{"damage":6.0,"enemies":"Lots of Slimes","floor":11.0,"turns":6.0},{"damage":12.0,"enemies":"Gremlin Nob","floor":12.0,"turns":4.0},{"damage":4.0,"enemies":"Lagavulin","floor":14.0,"turns":5.0},{"damage":28.0,"enemies":"The Guardian","floor":16.0,"turns":9.0},{"damage":1.0,"enemies":"Spheric Guardian","floor":18.0,"turns":3.0},{"damage":6.0,"enemies":"3 Byrds","floor":19.0,"turns":4.0},{"damage":26.0,"enemies":"Book of Stabbing","floor":23.0,"turns":5.0},{"damage":12.0,"enemies":"Shelled Parasite and Fungi","floor":25.0,"turns":4.0},{"damage":10.0,"enemies":"Gremlin Leader","floor":30.0,"turns":5.0},{"damage":1.0,"enemies":"Centurion and Healer","floor":31.0,"turns":5.0},{"damage":7.0,"enemies":"Champ","floor":33.0,"turns":8.0},{"damage":12.0,"enemies":"3 Darklings","floor":35.0,"turns":4.0},{"damage":4.0,"enemies":"3 Shapes","floor":37.0,"turns":5.0},{"damage":15.0,"enemies":"Jaw Worm Horde","floor":38.0,"turns":4.0},{"damage":3.0,"enemies":"Transient","floor":44.0,"turns":5.0},{"damage":16.0,"enemies":"Nemesis","floor":45.0,"turns":7.0},{"damage":1.0,"enemies":"Maw","floor":48.0,"turns":5.0},{"damage":56,"enemies":"Awakened One","floor":50,"turns":9}],"seed_played":"-2476674963865157271","potions_obtained":[{"floor":2.0,"key":"Strength Potion"},{"floor":3.0,"key":"AttackPotion"},{"floor":8.0,"key":"Block Potion"},{"floor":23.0,"key":"AttackPotion"},{"floor":30.0,"key":"EssenceOfSteel"},{"floor":39.0,"key":"PowerPotion"}],"is_trial":false,"path_per_floor":["M","M","M","?","?","E","R","M","T","E","M","E","$","E","R","B",null,"M","M","?","?","$","E","R","M","T","R","$","R","E","M","R","B",null,"M","?","M","M","?","R","$","T","T","M","E","$","R","M","R","B",null],"character_chosen":"THE_CURSED","items_purchased":["Membership Card","TheCursedMod:SpitefulStrike","TheCursedMod:HellsGateOpen","TheCursedMod:WearCloak","Art of War","Ornamental Fan","Pantograph","TheCursedMod:AshesToAshes","Sundial","TheCursedMod:ReleasedStrength"],"campfire_rested":5,"item_purchase_floors":[13,13,13,22,22,22,28,41,46,46],"current_hp_per_floor":[68,64,64,64,64,44,44,39,46,36,30,18,18,14,36,8,58,57,51,51,51,51,25,47,35,35,57,57,57,47,46,46,64,72,60,60,56,41,41,63,63,63,63,60,44,44,66,65,65,19],"gold":31,"neow_bonus":"RANDOM_COLORLESS_2","is_daily":false,"chose_seed":false,"campfire_upgraded":4,"win_rate":0.0,"timestamp":1607852501,"path_taken":["M","M","M","?","?","E","R","M","T","E","M","E","$","E","R","BOSS","M","M","?","?","$","E","R","M","T","R","$","R","E","?","R","BOSS","M","?","M","?","?","R","?","?","T","M","E","$","R","M","R","BOSS"],"items_purchased_type":["Relic","Card","Card","Card","Relic","Relic","Relic","Card","Relic","Card"],"build_version":"2020-11-30","purchased_purges":4,"victory":true,"max_hp_per_floor":[68,68,68,68,68,68,68,68,75,75,75,75,75,75,75,75,75,75,75,75,75,75,75,75,75,75,75,75,75,75,75,75,75,75,75,75,75,75,75,75,75,75,75,75,75,75,75,75,75,75],"card_choices":[{"not_picked":["Violence","Secret Weapon"],"picked":"Sadistic Nature","floor":0.0},{"not_picked":["TheCursedMod:RapidMovement","TheCursedMod:CursedBlade"],"picked":"TheCursedMod:SoulCrush","floor":1.0},{"not_picked":["TheCursedMod:CursedSpellbook","TheCursedMod:Wield"],"picked":"TheCursedMod:CursedMace","floor":2.0},{"not_picked":["TheCursedMod:RapidMovement","TheCursedMod:CircleOfCorruption"],"picked":"TheCursedMod:CursedAmulet","floor":3.0},{"not_picked":["TheCursedMod:CursedShiv","TheCursedMod:VitalStrike"],"picked":"TheCursedMod:DemonSword","floor":6.0},{"not_picked":["TheCursedMod:Stigma","TheCursedMod:Wield","TheCursedMod:Hemoplague"],"picked":"SKIP","floor":8.0},{"not_picked":["TheCursedMod:ManaCirculation","TheCursedMod:TacticalStrike"],"picked":"TheCursedMod:LuckyCharm","floor":10.0},{"not_picked":["TheCursedMod:AshesToAshes","TheCursedMod:RavingStaff","TheCursedMod:CursedMace"],"picked":"SKIP","floor":11.0},{"not_picked":["TheCursedMod:CursedAmulet","TheCursedMod:VitalStrike"],"picked":"TheCursedMod:ReleasedStrength","floor":12.0},{"not_picked":["TheCursedMod:CircleOfAmplification","TheCursedMod:Stigma","TheCursedMod:Wield"],"picked":"SKIP","floor":14.0},{"not_picked":["TheCursedMod:DemonSword","TheCursedMod:ForbiddenAlchemy"],"picked":"TheCursedMod:CollectTribute","floor":16.0},{"not_picked":["TheCursedMod:CircleOfCorruption","TheCursedMod:BloodBarrier"],"picked":"TheCursedMod:SpitefulPlan","floor":18.0},{"not_picked":["TheCursedMod:CircleOfFocus","TheCursedMod:SmokeScreen","TheCursedMod:CursedShiv+1"],"picked":"SKIP","floor":19.0},{"not_picked":["TheCursedMod:CircleOfFocus","TheCursedMod:UltimatePain"],"picked":"TheCursedMod:BlessingInDisguise","floor":23.0},{"not_picked":["TheCursedMod:PrepareRite+1","TheCursedMod:CursedShiv"],"picked":"TheCursedMod:Obscuration","floor":25.0},{"not_picked":["TheCursedMod:Obscuration","TheCursedMod:CursedMace"],"picked":"TheCursedMod:CursedAmulet","floor":30.0},{"not_picked":["TheCursedMod:HellsGateOpen+1","TheCursedMod:BloodBarrier"],"picked":"TheCursedMod:RapidMovement+1","floor":31.0},{"not_picked":["TheCursedMod:ForbiddenAlchemy","TheCursedMod:UltimatePain"],"picked":"TheCursedMod:VoidForm","floor":33.0},{"not_picked":[],"picked":"TheCursedMod:SpitefulPray","floor":35.0},{"not_picked":[],"picked":"TheCursedMod:CursedMace+1","floor":37.0},{"not_picked":[],"picked":"TheCursedMod:RavingStaff+1","floor":38.0},{"not_picked":[],"picked":"TheCursedMod:AshesToAshes","floor":44.0},{"not_picked":[],"picked":"TheCursedMod:SpreadPlague+1","floor":45.0},{"not_picked":[],"picked":"TheCursedMod:WearCloak","floor":48.0}],"player_experience":761203,"relics_obtained":[{"floor":6.0,"key":"Lantern"},{"floor":9.0,"key":"Strawberry"},{"floor":10.0,"key":"Nunchaku"},{"floor":12.0,"key":"Vajra"},{"floor":14.0,"key":"Mercury Hourglass"},{"floor":23.0,"key":"Ice Cream"},{"floor":26.0,"key":"War Paint"},{"floor":30.0,"key":"Whetstone"},{"floor":45.0,"key":"CeramicFish"}],"event_choices":[{"cards_removed":["TheCursedMod:Strike_TheCursed"],"damage_healed":0.0,"max_hp_gain":0.0,"max_hp_loss":0.0,"gold_gain":0.0,"event_name":"The Cleric","player_choice":"Card Removal","floor":4.0,"gold_loss":50.0,"damage_taken":0.0},{"damage_healed":0.0,"max_hp_gain":0.0,"max_hp_loss":0.0,"gold_gain":175.0,"event_name":"Liars Game","player_choice":"AGREE","floor":5.0,"gold_loss":0.0,"damage_taken":0.0,"cards_obtained":["Doubt"]},{"damage_healed":0.0,"max_hp_gain":0.0,"max_hp_loss":0.0,"gold_gain":99.0,"event_name":"Nest","player_choice":"Stole From Cult","floor":20.0,"gold_loss":0.0,"damage_taken":0.0},{"damage_healed":0.0,"max_hp_gain":0.0,"max_hp_loss":0.0,"gold_gain":0.0,"event_name":"Accursed Blacksmith","player_choice":"Rummage","floor":21.0,"gold_loss":0.0,"damage_taken":0.0,"relics_obtained":["WarpedTongs"],"cards_obtained":["Pain"]},{"damage_healed":0.0,"max_hp_gain":0.0,"max_hp_loss":0.0,"gold_gain":0.0,"event_name":"Match and Keep!","player_choice":"1 cards matched","floor":36.0,"gold_loss":0.0,"damage_taken":0.0,"cards_obtained":["TheCursedMod:CollectTribute"]},{"damage_healed":0.0,"max_hp_gain":0.0,"max_hp_loss":0.0,"gold_gain":0.0,"event_name":"Lab","player_choice":"Got Potions","floor":39.0,"gold_loss":0.0,"damage_taken":0.0}],"is_beta":false,"boss_relics":[{"not_picked":["Runic Dome","TheCursedMod:OminousMark"],"picked":"Cursed Key"},{"not_picked":["SlaversCollar","Calling Bell"],"picked":"Busted Crown"}],"items_purged_floors":[13,22,28,41],"is_endless":false,"potions_floor_spawned":[2,3,8,12,16,23,25,30,35],"ascension_level":11}}