{"host":"7gewg82ormp6yt4e","time":1607842800,"event":{"mods":["BaseMod","Block Reminder","Colored Map","Colored Powertips","DeckTracker","Highlight Path","Minty Spire (QoL Compilation)","Relic Stats","StSLib"],"gold_per_floor":[112,132,132,55,67,67,85,114,165,165,165],"floor_reached":10,"playtime":344,"items_purged":[],"score":136,"play_id":"bbf03d51-b75b-4184-ab99-92c4876925bc","local_time":"20201213160000","is_ascension_mode":true,"campfire_choices":[{"data":"Poisoned Stab","floor":6,"key":"SMITH"}],"circlet_count":0,"master_deck":["AscendersBane","Strike_G","Strike_G","Strike_G","Strike_G","Strike_G","Defend_G","Defend_G","Defend_G+1","Defend_G","Defend_G+1","Survivor","Neutralize","Poisoned Stab+1","Leg Sweep","Dagger Spray","Calculated Gamble","Slice","Calculated Gamble"],"relics":["Ring of the Snake","Bag of Marbles","Meat on the Bone","War Paint","Art of War"],"acts_visited":["Exordium"],"potions_floor_usage":[8],"damage_taken":[{"damage":1,"enemies":"Jaw Worm","floor":1,"turns":4},{"damage":1,"enemies":"Cultist","floor":2,"turns":4},{"damage":0,"enemies":"2 Louse","floor":5,"turns":1},{"damage":7,"enemies":"Blue Slaver","floor":7,"turns":5},{"damage":19,"enemies":"Gremlin Nob","floor":8,"turns":4},{"damage":51,"enemies":"Lagavulin","floor":10,"turns":6}],"seed_played":"4237538298409857548","potions_obtained":[{"floor":2,"key":"ColorlessPotion"},{"floor":8,"key":"Energy Potion"}],"is_trial":false,"path_per_floor":["M","M","?","$","M","R","M","E","T","E"],"character_chosen":"THE_SILENT","items_purchased":["Dagger Spray","PowerPotion"],"campfire_rested":0,"item_purchase_floors":[4,4],"current_hp_per_floor":[58,57,57,57,57,57,50,43,43,0,0],"gold":165,"neow_bonus":"RANDOM_COMMON_RELIC","is_daily":false,"chose_seed":false,"campfire_upgraded":1,"win_rate":0.0,"timestamp":1607842800,"path_taken":["M","M","?","$","?","R","M","E","T","E"],"items_purchased_type":["Card","Potion"],"build_version":"2020-11-30","purchased_purges":0,"victory":false,"max_hp_per_floor":[66,66,66,66,66,66,66,66,66,66,66],"relic_stats":{"counters":[6,24],"Art of War":[0],"War Paint":["Defend_G","Defend_G"],"obtain_stats":[{"Bag of Marbles":0,"Art of War":9,"War Paint":8,"Ring of the Snake":0,"Meat on the Bone":3},{"Bag of Marbles":0,"Art of War":5,"War Paint":5,"Ring of the Snake":0,"Meat on the Bone":2},{"Bag of Marbles":0,"Art of War":18,"War Paint":18,"Ring of the Snake":0,"Meat on the Bone":8}],"Ring of the Snake":[12],"Meat on the Bone":12},"card_choices":[{"not_picked":["Distraction","Caltrops"],"picked":"Poisoned Stab","floor":1},{"not_picked":["Sucker Punch","Dodge and Roll"],"picked":"Leg Sweep","floor":2},{"not_picked":["Flying Knee","Tactician"],"picked":"Calculated Gamble","floor":5},{"not_picked":["Sucker Punch","Backflip"],"picked":"Slice","floor":7},{"not_picked":["Dagger Spray","Unload"],"picked":"Calculated Gamble","floor":8}],"player_experience":2339265,"relics_obtained":[{"floor":8,"key":"War Paint"},{"floor":9,"key":"Art of War"}],"event_choices":[{"damage_healed":0,"gold_gain":0,"player_choice":"Gave Potion","damage_taken":0,"relics_obtained":["Meat on the Bone"],"max_hp_gain":0,"max_hp_loss":0,"event_name":"WeMeetAgain","floor":3,"gold_loss":0}],"is_beta":false,"boss_relics":[],"items_purged_floors":[],"is_endless":false,"potions_floor_spawned":[2,8],"killed_by":"Lagavulin","ascension_level":20}}