{"host":"lck2g1j0kcwr02ez","time":1607864181,"event":{"mods":["BaseMod","CapriCore","Mari Mod (Legacy)","Mari\u0027s V1 Patch","Minty Spire (QoL Compilation)","Rare Cards Sparkle","StSLib","The Hierophant","The Mystic"],"gold_per_floor":[137,137,8359,8372,8400,8437,8435,8400,8400],"floor_reached":8,"playtime":768,"items_purged":["MariMod:Mari_Strike"],"score":83,"play_id":"e0680048-5c1e-4532-bc8d-b44e69e409da","local_time":"20201213205621","is_ascension_mode":false,"campfire_choices":[],"circlet_count":0,"master_deck":["MariMod:Mari_Strike","MariMod:Mari_Strike","MariMod:Mari_Strike","MariMod:Mari_Defend","MariMod:Mari_Defend","MariMod:Mari_Defend","MariMod:Mari_Reminisce","MariMod:Mari_Debut","MariMod:Mari_Choreography","MariMod:Mari_Research","MariMod:Mari_Expenses","MariMod:Mari_Reckless_Spending","MariMod:Mari_From_Zero","MariMod:Mari_Emotional_Episode","MariMod:Mari_Character_Development","MariMod:Mari_Emotional_Episode"],"relics":["MariMod:MariTheSpark","Sling","Akabeko","CeramicFish","Bottled Lightning"],"acts_visited":["Exordium"],"potions_floor_usage":[5,5,6,6],"damage_taken":[{"damage":17,"enemies":"Jaw Worm","floor":1,"turns":4},{"damage":10,"enemies":"Small Slimes","floor":4,"turns":3},{"damage":0,"enemies":"2 Louse","floor":5,"turns":2},{"damage":0,"enemies":"Gremlin Nob","floor":6,"turns":3},{"damage":12,"enemies":"Looter","floor":7,"turns":3},{"damage":16,"enemies":"3 Sentries","floor":8,"turns":5}],"seed_played":"-5558024933248232417","potions_obtained":[{"floor":1,"key":"Block Potion"},{"floor":5,"key":"Fruit Juice"}],"is_trial":false,"path_per_floor":["M","?","$","M","M","E","M","E"],"character_chosen":"MARI","items_purchased":["ColorlessPotion","BlessingOfTheForge","Sling","Akabeko","CeramicFish"],"campfire_rested":0,"item_purchase_floors":[3,3,3,3,3],"current_hp_per_floor":[34,27,27,17,22,22,10,0,0],"gold":8400,"neow_bonus":"TRANSFORM_TWO_CARDS","is_daily":false,"chose_seed":false,"campfire_upgraded":0,"win_rate":0.0,"timestamp":1607864181,"path_taken":["M","?","$","M","M","E","M","E"],"items_purchased_type":["Potion","Potion","Relic","Relic","Relic"],"build_version":"2020-11-30","purchased_purges":1,"victory":false,"max_hp_per_floor":[72,72,72,72,77,77,77,77,77],"card_choices":[{"not_picked":["MariMod:Mari_Expensive_Tastes","MariMod:Mari_The_Light_We_Chase"],"picked":"MariMod:Mari_Expenses","floor":1},{"not_picked":["MariMod:Mari_Well_Kept_Secret","MariMod:Mari_Slap","MariMod:Mari_Glow"],"picked":"SKIP","floor":4},{"not_picked":["MariMod:Mari_Reflection","MariMod:Mari_Awe"],"picked":"MariMod:Mari_Reckless_Spending","floor":5},{"not_picked":["MariMod:Mari_Fragile_Hope","MariMod:Mari_Lie_In_Wait"],"picked":"MariMod:Mari_From_Zero","floor":6},{"not_picked":["MariMod:Mari_Shut_Up","MariMod:Mari_Shine"],"picked":"MariMod:Mari_Emotional_Episode","floor":6},{"not_picked":["MariMod:Mari_Flaunt","MariMod:Mari_No_Problem"],"picked":"MariMod:Mari_Character_Development","floor":7},{"not_picked":["MariMod:Mari_Character_Development","MariMod:Mari_Pent_Up_Emotions"],"picked":"MariMod:Mari_Emotional_Episode","floor":7}],"player_experience":139898,"relics_obtained":[{"floor":6,"key":"Bottled Lightning"}],"event_choices":[{"cards_removed":["MariMod:Mari_Defend"],"damage_healed":0,"gold_gain":0,"player_choice":"Card Removal","damage_taken":7,"max_hp_gain":0,"max_hp_loss":0,"event_name":"Golden Wing","floor":2,"gold_loss":0}],"is_beta":false,"boss_relics":[],"items_purged_floors":[3],"is_endless":false,"potions_floor_spawned":[1,5],"killed_by":"3 Sentries","ascension_level":0}}