{"host":"e8rlfedn69rz2s07","time":1607866726,"event":{"mods":["BaseMod","Challenge The Spire","Hubris","Infinite Spire","Minty Spire (QoL Compilation)","Permanent Neow","Relic Stats","Replay The Spire","Shop Mod","StSLib"],"gold_per_floor":[560,164,192,223,256,356,356,356,382,411,441,441,441,441,471,513,555,594],"floor_reached":19,"playtime":731,"items_purged":["Strike_R"],"score":320,"play_id":"e54e041d-2275-4c6d-ad91-9d0a0223f1c5","local_time":"20201213153846","daily_mods":["challengethespire:Bronze Difficulty","challengethespire:Modded Elite Rush","Uncertain Future"],"is_ascension_mode":false,"campfire_choices":[{"data":"Berserk","floor":7,"key":"SMITH"},{"data":"Demon Form","floor":8,"key":"SMITH"},{"floor":13,"key":"REST"},{"data":"Limit Break","floor":14,"key":"SMITH"}],"circlet_count":0,"master_deck":["Strike_R","Strike_R","Strike_R","Strike_R","Defend_R+1","Defend_R+1","Defend_R","Defend_R","Bash","Metallicize","Metallicize","Uppercut","Clothesline","Shockwave","Demon Form+1","Berserk+1","Demon Form","Limit Break+1","Ghostly Armor","Offering","Whirlwind","Eclipse"],"relics":["Burning Blood","Black Star","Sling","PreservedInsect","White Beast Statue","Incense Burner","Pondfish Scales","Toy Ornithopter","Blue Candle","Ancient Tea Set","Replay:Multitool","Calipers","Replay:Wanted Poster","Potion Belt","Bag of Preparation","Omamori","infinitespire:ShieldingShard","ReplayFunnel","Anchor","Painkiller Herb","CeramicFish","Pen Nib","infinitespire:Golems Mask","Gremlin Food","Simple Rune","FossilizedHelix","Replay:Towering Pillar of Hats"],"acts_visited":["Exordium"],"potions_floor_usage":[16,16,18,18,18],"damage_taken":[{"damage":9,"enemies":"Replay:BlueRogue","floor":3,"turns":3},{"damage":7,"enemies":"Lagavulin","floor":4,"turns":6},{"damage":10,"enemies":"Gremlin Nob","floor":5,"turns":4},{"damage":14,"enemies":"Gremlin Leader","floor":9,"turns":5},{"damage":14,"enemies":"Replay:Snechameleon","floor":10,"turns":5},{"damage":21,"enemies":"Book of Stabbing","floor":11,"turns":5},{"damage":5,"enemies":"Nemesis","floor":15,"turns":7},{"damage":38,"enemies":"Reptomancer","floor":16,"turns":9},{"damage":3,"enemies":"Giant Head","floor":17,"turns":4},{"damage":19,"enemies":"Shield and Spear","floor":18,"turns":3}],"seed_played":"-6876700251499126827","potions_obtained":[{"floor":3,"key":"PowerPotion"},{"floor":4,"key":"ColorlessPotion"},{"floor":9,"key":"BloodPotion"},{"floor":10,"key":"Strength Potion"},{"floor":11,"key":"CultistPotion"},{"floor":16,"key":"Weak Potion"},{"floor":17,"key":"Elixir"},{"floor":18,"key":"Ancient Potion"}],"is_trial":true,"path_per_floor":["$","$","E","E","E","T","R","R","E","E","E","T","T","T","E","E","E","E",null],"character_chosen":"IRONCLAD","items_purchased":["Metallicize","White Beast Statue","Uppercut","Incense Burner","Clothesline","AttackPotion"],"campfire_rested":1,"item_purchase_floors":[1,1,1,2,2,2],"current_hp_per_floor":[80,80,77,76,72,72,72,72,64,56,41,41,65,65,66,60,63,65],"gold":594,"neow_bonus":"","is_daily":false,"chose_seed":false,"campfire_upgraded":3,"win_rate":0.0,"timestamp":1607866726,"path_taken":["$","$","E","E","E","T","R","R","E","E","E","T","T","T","E","E","E","E"],"items_purchased_type":["Card","Relic","Card","Relic","Card","Potion"],"build_version":"2020-11-30","purchased_purges":1,"victory":true,"max_hp_per_floor":[80,80,80,80,80,80,80,80,80,80,80,80,80,80,80,80,80,80],"relic_stats":{"counters":[10,51],"Blue Candle":[0],"CeramicFish":27,"PreservedInsect":496,"Pen Nib":[2],"Black Star":10,"Bag of Preparation":[12],"obtain_stats":[{"ReplayFunnel":11,"Calipers":5,"CeramicFish":15,"Painkiller Herb":12,"Incense Burner":2,"Replay:Multitool":5,"Bag of Preparation":9,"Sling":0,"Ancient Tea Set":4,"Burning Blood":0,"Replay:Wanted Poster":6,"infinitespire:ShieldingShard":10,"infinitespire:Golems Mask":16,"Potion Belt":9,"Gremlin Food":17,"Replay:Towering Pillar of Hats":18,"Blue Candle":4,"PreservedInsect":0,"Pen Nib":15,"Omamori":10,"White Beast Statue":1,"Pondfish Scales":3,"Anchor":11,"Simple Rune":17,"Black Star":0,"Toy Ornithopter":3,"FossilizedHelix":18},{"ReplayFunnel":6,"Calipers":3,"CeramicFish":7,"Painkiller Herb":6,"Incense Burner":0,"Replay:Multitool":3,"Bag of Preparation":4,"Sling":0,"Ancient Tea Set":2,"Burning Blood":0,"Replay:Wanted Poster":3,"infinitespire:ShieldingShard":5,"infinitespire:Golems Mask":8,"Potion Belt":4,"Gremlin Food":9,"Replay:Towering Pillar of Hats":10,"Blue Candle":2,"PreservedInsect":0,"Pen Nib":7,"Omamori":5,"White Beast Statue":0,"Pondfish Scales":1,"Anchor":6,"Simple Rune":9,"Black Star":0,"Toy Ornithopter":1,"FossilizedHelix":10},{"ReplayFunnel":28,"Calipers":13,"CeramicFish":35,"Painkiller Herb":28,"Incense Burner":0,"Replay:Multitool":13,"Bag of Preparation":18,"Sling":0,"Ancient Tea Set":9,"Burning Blood":0,"Replay:Wanted Poster":13,"infinitespire:ShieldingShard":23,"infinitespire:Golems Mask":44,"Potion Belt":18,"Gremlin Food":48,"Replay:Towering Pillar of Hats":51,"Blue Candle":9,"PreservedInsect":0,"Pen Nib":35,"Omamori":23,"White Beast Statue":0,"Pondfish Scales":3,"Anchor":28,"Simple Rune":48,"Black Star":0,"Toy Ornithopter":3,"FossilizedHelix":51}],"Burning Blood":60,"Toy Ornithopter":25},"card_choices":[],"player_experience":701908,"relics_obtained":[{"floor":3,"key":"Pondfish Scales"},{"floor":3,"key":"Toy Ornithopter"},{"floor":4,"key":"Blue Candle"},{"floor":4,"key":"Ancient Tea Set"},{"floor":5,"key":"Replay:Multitool"},{"floor":5,"key":"Calipers"},{"floor":9,"key":"Potion Belt"},{"floor":9,"key":"Bag of Preparation"},{"floor":10,"key":"Omamori"},{"floor":10,"key":"infinitespire:ShieldingShard"},{"floor":11,"key":"ReplayFunnel"},{"floor":11,"key":"Anchor"},{"floor":15,"key":"CeramicFish"},{"floor":15,"key":"Pen Nib"},{"floor":16,"key":"infinitespire:Golems Mask"},{"floor":17,"key":"Gremlin Food"},{"floor":17,"key":"Simple Rune"},{"floor":18,"key":"FossilizedHelix"},{"floor":18,"key":"Replay:Towering Pillar of Hats"}],"event_choices":[],"is_beta":false,"boss_relics":[{"not_picked":["Abe\u0027s Treasure","Replay:Grab Bag"],"picked":"Replay:Wanted Poster"},{"not_picked":["Sozu","SlaversCollar"],"picked":"Painkiller Herb"}],"items_purged_floors":[1],"is_endless":false,"potions_floor_spawned":[3,4,5,9,10,11,15,16,17,18],"ascension_level":0}}