{"host":"tknto047uabgu3zm","time":1607843904,"event":{"mods":["AchievementEnabler","BaseMod","Bestiary","Block Reminder","Colored Map","Colored Powertips","Highlight Path","Minty Spire (QoL Compilation)","MonsterHotkey","Permanent Neow","Random Character Button","Rare Cards Sparkle","Relic Sorter","Relic Stats","StSLib"],"gold_per_floor":[117,136,136,136,153,153,188,188,238,65,75,75,91,126,126,200,200,219,229,229,79,79,110,110,142,166,177,193,207,234,254,254,325,325,338,338,350,364,364,364,364,364,364,364,383,396,411,411,411,411],"floor_reached":51,"playtime":4296,"items_purged":[],"score":1211,"play_id":"345bd9ea-6eaa-427e-828f-1ffaf04e8627","local_time":"20201212231824","is_ascension_mode":true,"campfire_choices":[{"data":"Eruption","floor":6.0,"key":"SMITH"},{"data":"Tantrum","floor":8.0,"key":"SMITH"},{"data":"Crescendo","floor":12.0,"key":"SMITH"},{"data":"Meditate","floor":15.0,"key":"SMITH"},{"data":"Ghostly","floor":24.0,"key":"SMITH"},{"floor":32.0,"key":"REST"},{"data":"Ghostly","floor":40.0,"key":"SMITH"},{"data":"Ghostly","floor":42.0,"key":"SMITH"},{"data":"Ghostly","floor":44.0,"key":"SMITH"},{"data":"WindmillStrike","floor":49.0,"key":"SMITH"}],"circlet_count":0,"master_deck":["AscendersBane","Strike_P","Strike_P","Strike_P","Eruption+1","Vigilance","Crescendo+1","Tantrum+1","BowlingBash","JustLucky","Evaluate","Halt","ThirdEye","Meditate+1","DeusExMachina","Halt","Tantrum+1","Ghostly+1","Ghostly+1","Ghostly+1","Ghostly+1","Ghostly","WindmillStrike+1","ThirdEye+1","FlurryOfBlows","Collect","Nirvana","EmptyFist","Blasphemy","CutThroughFate","TalkToTheHand","Purity","Wireheading+1"],"relics":["Runic Pyramid","Akabeko","Omamori","Strawberry","Lizard Tail","Empty Cage","Strange Spoon","Smiling Mask","Meat on the Bone","Toy Ornithopter","Bird Faced Urn","Calling Bell","Orichalcum","White Beast Statue","Pocketwatch","The Courier"],"acts_visited":["Exordium","TheCity","TheBeyond"],"potions_floor_usage":[],"damage_taken":[{"damage":1.0,"enemies":"Cultist","floor":1.0,"turns":3.0},{"damage":0.0,"enemies":"Small Slimes","floor":2.0,"turns":3.0},{"damage":2.0,"enemies":"Jaw Worm","floor":5.0,"turns":3.0},{"damage":22.0,"enemies":"3 Sentries","floor":7.0,"turns":5.0},{"damage":3.0,"enemies":"Gremlin Gang","floor":11.0,"turns":3.0},{"damage":1.0,"enemies":"Looter","floor":13.0,"turns":2.0},{"damage":0.0,"enemies":"Gremlin Nob","floor":14.0,"turns":2.0},{"damage":15.0,"enemies":"Hexaghost","floor":16.0,"turns":6.0},{"damage":0.0,"enemies":"Spheric Guardian","floor":18.0,"turns":2.0},{"damage":9.0,"enemies":"Shell Parasite","floor":19.0,"turns":3.0},{"damage":0.0,"enemies":"Book of Stabbing","floor":23.0,"turns":6.0},{"damage":1.0,"enemies":"Gremlin Leader","floor":25.0,"turns":4.0},{"damage":0.0,"enemies":"Chosen and Byrds","floor":27.0,"turns":5.0},{"damage":0.0,"enemies":"Centurion and Healer","floor":28.0,"turns":6.0},{"damage":0.0,"enemies":"3 Cultists","floor":29.0,"turns":4.0},{"damage":17.0,"enemies":"Book of Stabbing","floor":30.0,"turns":6.0},{"damage":0.0,"enemies":"Snake Plant","floor":31.0,"turns":5.0},{"damage":11.0,"enemies":"Collector","floor":33.0,"turns":7.0},{"damage":2.0,"enemies":"3 Shapes","floor":35.0,"turns":6.0},{"damage":1.0,"enemies":"3 Darklings","floor":37.0,"turns":4.0},{"damage":21.0,"enemies":"Writhing Mass","floor":38.0,"turns":7.0},{"damage":17.0,"enemies":"4 Shapes","floor":45.0,"turns":5.0},{"damage":0.0,"enemies":"Spire Growth","floor":46.0,"turns":6.0},{"damage":0.0,"enemies":"Sphere and 2 Shapes","floor":47.0,"turns":5.0},{"damage":35,"enemies":"Donu and Deca","floor":50,"turns":11}],"seed_played":"2524189664086353747","potions_obtained":[{"floor":7.0,"key":"LiquidBronze"},{"floor":13.0,"key":"DistilledChaos"},{"floor":14.0,"key":"CultistPotion"},{"floor":16.0,"key":"LiquidMemories"},{"floor":19.0,"key":"BottledMiracle"},{"floor":23.0,"key":"EntropicBrew"},{"floor":31.0,"key":"Dexterity Potion"},{"floor":35.0,"key":"SneckoOil"},{"floor":37.0,"key":"Block Potion"},{"floor":38.0,"key":"Weak Potion"},{"floor":45.0,"key":"Strength Potion"},{"floor":47.0,"key":"Energy Potion"}],"is_trial":false,"path_per_floor":["M","M","?","?","M","R","E","R","T","$","M","R","M","E","R","B",null,"M","M","?","$","?","E","R","E","T","M","M","M","E","M","R","B",null,"M","?","M","M","?","R","?","R","T","R","M","M","M","?","R","B",null],"character_chosen":"WATCHER","items_purchased":["Strawberry","Evaluate","Strange Spoon"],"campfire_rested":1,"item_purchase_floors":[10,10,21],"current_hp_per_floor":[64,64,69,69,67,67,45,45,45,52,49,49,48,48,48,33,71,71,62,42,42,42,42,42,41,41,41,41,41,28,28,40,29,39,39,39,38,21,21,21,21,21,21,21,23,25,37,37,37,16],"gold":411,"neow_bonus":"BOSS_RELIC","is_daily":false,"chose_seed":false,"campfire_upgraded":9,"win_rate":0.0,"timestamp":1607843904,"path_taken":["M","M","?","?","M","R","E","R","T","$","M","R","M","E","R","BOSS","M","M","?","$","?","E","R","E","T","?","M","?","E","M","R","BOSS","M","?","M","M","?","R","?","R","T","R","M","?","M","?","R","BOSS"],"items_purchased_type":["Relic","Card","Relic"],"build_version":"2020-11-30","purchased_purges":0,"victory":true,"max_hp_per_floor":[72,72,77,77,77,77,77,77,77,84,84,84,84,84,84,84,84,84,84,42,42,42,42,42,42,42,42,42,42,42,42,42,42,42,42,40,40,40,40,40,40,40,40,40,40,40,40,40,40,40],"relic_stats":{"Strange Spoon":[59],"Lizard Tail":0,"counters":[25,119],"Bird Faced Urn":[12],"Orichalcum":[66],"Smiling Mask":0,"obtain_stats":[{"The Courier":43,"Omamori":9,"Orichalcum":34,"Empty Cage":17,"Smiling Mask":23,"Akabeko":7,"White Beast Statue":34,"Calling Bell":34,"Strange Spoon":21,"Lizard Tail":14,"Strawberry":10,"Bird Faced Urn":30,"PureWater":0,"Toy Ornithopter":26,"Runic Pyramid":0,"Meat on the Bone":25,"Pocketwatch":34},{"The Courier":21,"Omamori":4,"Orichalcum":18,"Empty Cage":8,"Smiling Mask":11,"Akabeko":4,"White Beast Statue":18,"Calling Bell":18,"Strange Spoon":10,"Lizard Tail":7,"Strawberry":4,"Bird Faced Urn":16,"PureWater":0,"Toy Ornithopter":12,"Runic Pyramid":0,"Meat on the Bone":12,"Pocketwatch":18},{"The Courier":92,"Omamori":14,"Orichalcum":75,"Empty Cage":27,"Smiling Mask":38,"Akabeko":14,"White Beast Statue":75,"Calling Bell":75,"Strange Spoon":32,"Lizard Tail":21,"Strawberry":14,"Bird Faced Urn":63,"PureWater":0,"Toy Ornithopter":42,"Runic Pyramid":0,"Meat on the Bone":42,"Pocketwatch":75}],"Toy Ornithopter":21,"Meat on the Bone":24,"Pocketwatch":[15]},"card_choices":[{"not_picked":["PathToVictory","ClearTheMind"],"picked":"Crescendo","floor":1.0},{"not_picked":["PathToVictory","CrushJoints"],"picked":"Tantrum","floor":2.0},{"not_picked":["Crescendo","Meditate"],"picked":"BowlingBash","floor":5.0},{"not_picked":["WindmillStrike","SandsOfTime"],"picked":"JustLucky","floor":7.0},{"not_picked":["BowlingBash","SashWhip"],"picked":"Halt","floor":11.0},{"not_picked":["JustLucky","FollowUp"],"picked":"ThirdEye","floor":13.0},{"not_picked":["Scrawl","PathToVictory"],"picked":"Meditate","floor":14.0},{"not_picked":["Brilliance","ConjureBlade"],"picked":"DeusExMachina","floor":16.0},{"not_picked":["BowlingBash","FollowUp"],"picked":"Halt","floor":18.0},{"not_picked":["SandsOfTime","EmptyBody+1"],"picked":"Tantrum+1","floor":19.0},{"not_picked":["ConjureBlade","Worship"],"picked":"WindmillStrike","floor":23.0},{"not_picked":["SandsOfTime","PathToVictory"],"picked":"ThirdEye+1","floor":25.0},{"not_picked":["ThirdEye","Crescendo"],"picked":"FlurryOfBlows","floor":27.0},{"not_picked":["Halt","Consecrate"],"picked":"Collect","floor":28.0},{"not_picked":["JustLucky","Protect+1"],"picked":"Nirvana","floor":29.0},{"not_picked":["SignatureMove","Adaptation+1"],"picked":"EmptyFist","floor":30.0},{"not_picked":["EmptyFist+1","Brilliance","Swivel"],"picked":"SKIP","floor":31.0},{"not_picked":["Judgement","Establishment"],"picked":"Blasphemy","floor":33.0},{"not_picked":["Consecrate","FollowUp"],"picked":"CutThroughFate","floor":35.0},{"not_picked":["Halt","InnerPeace+1"],"picked":"TalkToTheHand","floor":37.0},{"not_picked":["Worship","Vengeance","EmptyMind"],"picked":"SKIP","floor":38.0},{"not_picked":["Madness","Dramatic Entrance"],"picked":"Purity","floor":39.0},{"not_picked":["Protect","CutThroughFate"],"picked":"Wireheading+1","floor":45.0},{"not_picked":["EmptyBody+1","Crescendo","Evaluate+1"],"picked":"SKIP","floor":46.0},{"not_picked":["LikeWater","PathToVictory","FollowUp"],"picked":"SKIP","floor":47.0}],"player_experience":431009,"relics_obtained":[{"floor":7.0,"key":"Akabeko"},{"floor":9.0,"key":"Omamori"},{"floor":14.0,"key":"Lizard Tail"},{"floor":23.0,"key":"Smiling Mask"},{"floor":25.0,"key":"Meat on the Bone"},{"floor":26.0,"key":"Toy Ornithopter"},{"floor":30.0,"key":"Bird Faced Urn"},{"floor":34.0,"key":"Orichalcum"},{"floor":34.0,"key":"White Beast Statue"},{"floor":34.0,"key":"Pocketwatch"},{"floor":43.0,"key":"The Courier"}],"event_choices":[{"damage_healed":0.0,"max_hp_gain":5.0,"max_hp_loss":0.0,"gold_gain":0.0,"event_name":"Big Fish","player_choice":"Donut","floor":3.0,"gold_loss":0.0,"damage_taken":0.0},{"cards_removed":["Defend_P"],"damage_healed":0.0,"max_hp_gain":0.0,"max_hp_loss":0.0,"gold_gain":0.0,"event_name":"Purifier","player_choice":"Purged","floor":4.0,"gold_loss":0.0,"damage_taken":0.0},{"damage_healed":0.0,"max_hp_gain":0.0,"max_hp_loss":42.0,"gold_gain":0.0,"event_name":"Ghosts","player_choice":"Became a Ghost","floor":20.0,"gold_loss":0.0,"damage_taken":0.0,"cards_obtained":["Ghostly","Ghostly","Ghostly","Ghostly","Ghostly"]},{"cards_removed":["Defend_P"],"damage_healed":0.0,"max_hp_gain":0.0,"max_hp_loss":0.0,"gold_gain":0.0,"event_name":"Purifier","player_choice":"Purged","floor":22.0,"gold_loss":0.0,"damage_taken":0.0},{"damage_healed":0.0,"max_hp_gain":0.0,"max_hp_loss":2.0,"gold_gain":0.0,"event_name":"Winding Halls","player_choice":"Max HP","floor":36.0,"gold_loss":0.0,"damage_taken":0.0},{"damage_healed":0.0,"max_hp_gain":0.0,"max_hp_loss":0.0,"gold_gain":0.0,"event_name":"SensoryStone","player_choice":"Memory 1","floor":39.0,"gold_loss":0.0,"damage_taken":0.0},{"cards_removed":["Defend_P"],"damage_healed":0.0,"max_hp_gain":0.0,"max_hp_loss":0.0,"gold_gain":0.0,"event_name":"Purifier","player_choice":"Purged","floor":41.0,"gold_loss":0.0,"damage_taken":0.0},{"damage_healed":0.0,"max_hp_gain":0.0,"max_hp_loss":0.0,"gold_gain":0.0,"event_name":"Mysterious Sphere","player_choice":"Ignored","floor":48.0,"gold_loss":0.0,"damage_taken":0.0}],"is_beta":false,"boss_relics":[{"not_picked":["Fusion Hammer","SacredBark"],"picked":"Empty Cage"},{"not_picked":["Pandora\u0027s Box","Busted Crown"],"picked":"Calling Bell"}],"items_purged_floors":[],"is_endless":false,"potions_floor_spawned":[7,13,14,16,19,23,27,28,31,35,37,38,45,46,47],"ascension_level":13}}