{"host":"vdpaduzlq0qlaikq","time":1607837532,"event":{"mods":["AchievementEnabler","BaseMod","Better Third Choice","BetterRewards","Colored Map","Downfall","Hermit","Minty Spire (QoL Compilation)","Relic Filter","StSLib","The Necromancer"],"gold_per_floor":[113,113,113,160,176,176,212,212,212,227,251,270,270,285,285,409,409,422,437,437,272,292,331,91,135,158,181,106,106,125,148,148,148,148],"floor_reached":33,"playtime":1215,"items_purged":["Strike_R","Strike_R"],"score":525,"play_id":"d91c797d-a407-4289-a838-6935045289bd","local_time":"20201213033212","is_ascension_mode":true,"campfire_choices":[{"data":"Rampage","floor":6,"key":"SMITH"},{"floor":8,"key":"RECALL"},{"data":"Demon Form","floor":13,"key":"SMITH"},{"data":"Cleave","floor":15,"key":"SMITH"},{"floor":32,"key":"REST"}],"circlet_count":0,"master_deck":["Strike_R","Strike_R","Strike_R","Defend_R","Defend_R","Defend_R","Bash","Seeing Red+1","Ghostly Armor","Injury","Rampage+1","Whirlwind","Demon Form+1","Cleave+1","Reaper","Inflame","Heavy Blade","Inflame","Rampage","Double Tap","Fire Breathing+1","Intimidate+1","Inflame","Shrug It Off"],"relics":["Burning Blood","Regal Pillow","Golden Idol","The Courier","White Beast Statue","SacredBark","Smiling Mask","Toy Ornithopter","Lee\u0027s Waffle","MealTicket","Red Skull"],"acts_visited":["Exordium","TheCity"],"potions_floor_usage":[7,7,8,16,18,19,19,22,22,22,23,23,25,25,27,30,31],"damage_taken":[{"damage":2,"enemies":"Jaw Worm","floor":1,"turns":2},{"damage":9,"enemies":"Small Slimes","floor":5,"turns":5},{"damage":28,"enemies":"3 Sentries","floor":7,"turns":7},{"damage":1,"enemies":"Cultist","floor":10,"turns":3},{"damage":0,"enemies":"Lots of Slimes","floor":11,"turns":1},{"damage":7,"enemies":"Looter","floor":12,"turns":3},{"damage":0,"enemies":"2 Fungi Beasts","floor":14,"turns":1},{"damage":58,"enemies":"The Guardian","floor":16,"turns":9},{"damage":6,"enemies":"3 Byrds","floor":18,"turns":5},{"damage":13,"enemies":"Spheric Guardian","floor":19,"turns":5},{"damage":20,"enemies":"Snecko","floor":22,"turns":4},{"damage":67,"enemies":"Gremlin Leader","floor":23,"turns":6},{"damage":53,"enemies":"Book of Stabbing","floor":25,"turns":5},{"damage":39,"enemies":"Shelled Parasite and Fungi","floor":27,"turns":4},{"damage":51,"enemies":"Chosen and Byrds","floor":30,"turns":6},{"damage":20,"enemies":"Cultist and Chosen","floor":31,"turns":5},{"damage":109,"enemies":"Automaton","floor":33,"turns":6}],"seed_played":"4948495379265027288","potions_obtained":[{"floor":1,"key":"AttackPotion"},{"floor":7,"key":"Fruit Juice"},{"floor":10,"key":"EntropicBrew"},{"floor":11,"key":"Fire Potion"},{"floor":12,"key":"ColorlessPotion"},{"floor":14,"key":"DuplicationPotion"},{"floor":16,"key":"SteroidPotion"},{"floor":18,"key":"SpeedPotion"},{"floor":19,"key":"DuplicationPotion"},{"floor":22,"key":"Energy Potion"},{"floor":23,"key":"ColorlessPotion"},{"floor":25,"key":"Fire Potion"},{"floor":27,"key":"BloodPotion"},{"floor":30,"key":"Weak Potion"},{"floor":31,"key":"GamblersBrew"}],"is_trial":false,"path_per_floor":["M","?","?","T","M","R","E","R","T","M","M","M","R","M","R","B",null,"M","M","?","$","M","E","$","E","T","M","?","?","M","M","R","B"],"character_chosen":"IRONCLAD","items_purchased":["Regal Pillow","Seeing Red","CultistPotion","Inflame","Rampage","Toy Ornithopter","Lee\u0027s Waffle"],"campfire_rested":1,"item_purchase_floors":[0,0,0,21,21,24,24],"current_hp_per_floor":[76,76,76,76,73,73,51,56,56,61,67,66,66,72,72,20,69,73,66,66,66,61,24,92,50,50,22,22,22,30,34,76,0,0],"gold":148,"neow_bonus":"","is_daily":false,"chose_seed":false,"campfire_upgraded":3,"win_rate":0.0,"timestamp":1607837532,"path_taken":["M","?","?","?","M","R","E","R","T","M","M","M","R","?","R","BOSS","M","?","?","$","M","E","$","E","T","M","?","?","M","M","R","BOSS"],"items_purchased_type":["Relic","Card","Potion","Card","Card","Relic","Relic"],"build_version":"2020-11-30","purchased_purges":2,"victory":false,"max_hp_per_floor":[80,80,80,80,80,80,80,85,85,85,85,85,85,85,85,85,85,85,85,85,85,85,85,92,92,92,92,92,92,92,92,92,92,92],"card_choices":[{"not_picked":["Rupture","Hemokinesis","Combust"],"picked":"SKIP","floor":1},{"not_picked":["Warcry","Iron Wave"],"picked":"Rampage","floor":5},{"not_picked":["Iron Wave","Clash"],"picked":"Whirlwind","floor":7},{"not_picked":["Havoc","Cleave"],"picked":"Demon Form","floor":10},{"not_picked":["Clothesline","Havoc","Body Slam"],"picked":"SKIP","floor":11},{"not_picked":["True Grit","Blood for Blood"],"picked":"Cleave","floor":12},{"not_picked":["Clothesline","Uppercut","Brutality"],"picked":"SKIP","floor":14},{"not_picked":["Juggernaut","Offering"],"picked":"Reaper","floor":16},{"not_picked":["Cleave","Dark Embrace"],"picked":"Inflame","floor":18},{"not_picked":["Pommel Strike","True Grit"],"picked":"Heavy Blade","floor":19},{"not_picked":["Twin Strike","Sever Soul+1","Body Slam"],"picked":"SKIP","floor":22},{"not_picked":["Power Through","Evolve"],"picked":"Double Tap","floor":23},{"not_picked":["Thunderclap","Twin Strike"],"picked":"Fire Breathing+1","floor":25},{"not_picked":["Sword Boomerang","Evolve"],"picked":"Intimidate+1","floor":27},{"not_picked":["Clothesline","Whirlwind"],"picked":"Inflame","floor":30},{"not_picked":["Havoc","Searing Blow"],"picked":"Shrug It Off","floor":31}],"player_experience":486581,"relics_obtained":[{"floor":7,"key":"The Courier"},{"floor":9,"key":"White Beast Statue"},{"floor":23,"key":"Smiling Mask"},{"floor":25,"key":"MealTicket"},{"floor":26,"key":"Red Skull"}],"event_choices":[{"damage_healed":0,"gold_gain":0,"player_choice":"Take Wound","damage_taken":0,"relics_obtained":["Golden Idol"],"max_hp_gain":0,"max_hp_loss":0,"event_name":"Golden Idol","floor":2,"gold_loss":0,"cards_obtained":["Injury"]},{"damage_healed":0,"gold_gain":0,"player_choice":"Grow","damage_taken":0,"max_hp_gain":0,"max_hp_loss":0,"event_name":"Living Wall","floor":3,"gold_loss":0,"cards_upgraded":["Seeing Red"]},{"cards_removed":["Defend_R"],"damage_healed":0,"gold_gain":0,"player_choice":"Gave Gold","damage_taken":0,"max_hp_gain":0,"max_hp_loss":0,"event_name":"Beggar","floor":28,"gold_loss":75},{"damage_healed":0,"gold_gain":0,"player_choice":"Ignored","damage_taken":0,"max_hp_gain":0,"max_hp_loss":0,"event_name":"N\u0027loth","floor":29,"gold_loss":0}],"is_beta":false,"boss_relics":[{"not_picked":["Calling Bell","Runic Pyramid"],"picked":"SacredBark"}],"items_purged_floors":[0,21],"is_endless":false,"potions_floor_spawned":[1,7,10,11,12,14,16,18,19,22,23,25,27,30,31],"killed_by":"Automaton","ascension_level":7}}