{"host":"llpusn9usp8rznkj","time":1607896908,"event":{"mods":["2.2 Compatiblity","BaseMod","Colored Map","Colored Powertips","Conspire","Downfall","Hubris","Minty Spire (QoL Compilation)","Rare Cards Sparkle","Replay The Spire","StSLib","The Cursed"],"gold_per_floor":[114,114,114,133,147,147,73,103,180,191,23,56,71,99,399,470,470,482,482,123,135,135,162,162,189,240,240,240,240],"floor_reached":28,"playtime":929,"items_purged":["hexamod:Haunted"],"score":548,"play_id":"4249046e-cd80-438b-a94f-821e4120a1f3","local_time":"20201213170148","is_ascension_mode":true,"campfire_choices":[{"data":"Zap","floor":6.0,"key":"SMITH"},{"floor":15.0,"key":"DIG"},{"data":"Defragment","floor":24,"key":"SMITH"}],"circlet_count":0,"master_deck":["AscendersBane","Strike_B","Strike_B","Strike_B","Strike_B+1","Defend_B","Defend_B","Defend_B","Defend_B","Zap+1","Dualcast","Cold Snap","Steam","Gash+1","Defragment+1","BasicCrystalCard","Ball Lightning","White Noise","Thunder Strike","Heatsinks"],"relics":["Cracked Core","hubris:Spice","hubris:Icosahedron","Pear","Oddly Smooth Stone","hubris:SoftwareUpdate","Lee\u0027s Waffle","Boot","DataDisk","Old Coin","Cables","Whetstone"],"acts_visited":["Exordium","TheCity"],"potions_floor_usage":[23,25,28],"damage_taken":[{"damage":2.0,"enemies":"Jaw Worm","floor":1.0,"turns":3.0},{"damage":0.0,"enemies":"Cultist","floor":4.0,"turns":3.0},{"damage":10.0,"enemies":"2 Louse","floor":5.0,"turns":2.0},{"damage":27.0,"enemies":"Lagavulin","floor":8.0,"turns":6.0},{"damage":14.0,"enemies":"Gremlin Gang","floor":10.0,"turns":4.0},{"damage":10.0,"enemies":"3 Sentries","floor":12.0,"turns":6.0},{"damage":0.0,"enemies":"Large Slime","floor":13.0,"turns":3.0},{"damage":21.0,"enemies":"Lagavulin","floor":14.0,"turns":5.0},{"damage":24.0,"enemies":"The Guardian","floor":16.0,"turns":9.0},{"damage":0.0,"enemies":"Spheric Guardian","floor":18.0,"turns":3.0},{"damage":0.0,"enemies":"3 Byrds","floor":21.0,"turns":2.0},{"damage":27,"enemies":"Gremlin Leader","floor":23,"turns":7},{"damage":46,"enemies":"Slavers","floor":25,"turns":6},{"damage":25,"enemies":"Replay:Snechameleon","floor":28,"turns":2}],"seed_played":"-314668536204424043","potions_obtained":[{"floor":1.0,"key":"Languid Potion"},{"floor":10.0,"key":"PotionOfCapacity"},{"floor":12.0,"key":"AttackPotion"},{"floor":19.0,"key":"EssenceOfSteel"},{"floor":25,"key":"AttackPotion"}],"is_trial":false,"path_per_floor":["M","?","T","M","M","R","$","E","T","M","$","E","M","E","R_BF","B",null,"M","?","$","M","?","E","R","E","T","T","E"],"character_chosen":"DEFECT","items_purchased":["Defragment","Lee\u0027s Waffle","Cables"],"campfire_rested":0,"item_purchase_floors":[7,11,20],"current_hp_per_floor":[70,70,80,80,70,70,70,43,43,29,96,86,86,65,65,41,90,90,90,90,90,90,63,63,17,17,17,0,0],"gold":240,"neow_bonus":"ONE_RARE_RELIC","is_daily":false,"chose_seed":false,"campfire_upgraded":2,"win_rate":0.0,"timestamp":1607896908,"path_taken":["M","?","?","M","M","R","$","E","T","?","$","E","M","E","R_BF","BOSS","M","?","$","?","?","E","R","E","T","?","E"],"items_purchased_type":["Card","Relic","Relic"],"build_version":"2020-11-30","purchased_purges":1,"victory":false,"max_hp_per_floor":[79,79,89,89,89,89,89,89,89,89,96,96,96,96,96,96,104,104,104,104,104,104,96,96,88,88,88,88,88],"card_choices":[{"not_picked":["Barrage","Consume"],"picked":"Cold Snap","floor":1.0},{"not_picked":["Blizzard","Heatsinks"],"picked":"Steam","floor":4.0},{"not_picked":["Steam","Barrage"],"picked":"Gash","floor":5.0},{"not_picked":["Reprogram","hubris:Ukulele","Rebound"],"picked":"SKIP","floor":8.0},{"not_picked":["Redo","Steam Power"],"picked":"BasicCrystalCard","floor":10.0},{"not_picked":["Turbo","conspire:SharedLibrary"],"picked":"Ball Lightning","floor":12.0},{"not_picked":["Rebound","hubris:SpecializedCircuitry","Barrage"],"picked":"SKIP","floor":13.0},{"not_picked":["Compile Driver","Rip and Tear"],"picked":"White Noise","floor":14.0},{"not_picked":["ReplayTheSpireMod:Omega Cannon","All For One"],"picked":"Thunder Strike","floor":16.0},{"not_picked":["BasicCrystalCard","Stack","conspire:Rain+1"],"picked":"SKIP","floor":18.0},{"not_picked":["Streamline","Turbo"],"picked":"Heatsinks","floor":21.0},{"not_picked":["Go for the Eyes","Gash","Recycle"],"picked":"SKIP","floor":23},{"not_picked":["ReplayTheSpireMod:Dual Polarity","hubris:SpiceAddiction"],"picked":"hubris:SpiceAddiction","floor":25}],"player_experience":963761,"relics_obtained":[{"floor":3.0,"key":"Pear"},{"floor":8.0,"key":"Oddly Smooth Stone"},{"floor":9.0,"key":"hubris:SoftwareUpdate"},{"floor":12.0,"key":"Boot"},{"floor":14.0,"key":"DataDisk"},{"floor":15.0,"key":"Old Coin"},{"floor":23,"key":"hubris:Spice"},{"floor":26,"key":"Whetstone"}],"event_choices":[{"damage_healed":0.0,"max_hp_gain":0.0,"max_hp_loss":0.0,"gold_gain":0.0,"event_name":"Lab","player_choice":"Got Potions","floor":19.0,"gold_loss":0.0,"damage_taken":0.0}],"is_beta":false,"boss_relics":[{"not_picked":["Empty Cage","Replay:Wanted Poster"],"picked":"hubris:Spice"}],"items_purged_floors":[20],"is_endless":false,"potions_floor_spawned":[1,10,12,21,25],"killed_by":"Replay:Snechameleon","ascension_level":20}}