{"host":"cjhtzh7tp54jdfyv","time":1607873187,"event":{"mods":["BaseMod","Minty Spire (QoL Compilation)"],"gold_per_floor":[113,124,140,220,220,254,254,285,285,285,298,41,52,69,69,143,143,161,29,29,44,60,94,94,24,73,73,89,89,89,126,126,126,126],"floor_reached":33,"playtime":2367,"items_purged":["Strike_G"],"score":615,"play_id":"a4c35fde-bf39-4d5c-8749-7df88f283a9b","local_time":"20201213102627","is_ascension_mode":true,"campfire_choices":[{"data":"Neutralize","floor":7.0,"key":"SMITH"},{"floor":10.0,"key":"REST"},{"data":"Calculated Gamble","floor":15.0,"key":"SMITH"},{"floor":24,"key":"DIG"},{"floor":29,"key":"DIG"},{"floor":32,"key":"REST"}],"circlet_count":0,"master_deck":["AscendersBane","Defend_G","Defend_G","Defend_G","Defend_G","Survivor","Neutralize+1","CurseOfTheBell","Backstab","Die Die Die","Tools of the Trade","Unload","Cloak And Dagger","Eviscerate","Underhanded Strike","Calculated Gamble+1","Burst","Accuracy+1","Blur+1","Dodge and Roll+1","Blade Dance","Expertise","Heel Hook","Noxious Fumes","Finisher","Bouncing Flask","Tactician"],"relics":["Calling Bell","PreservedInsect","Ornamental Fan","Shovel","White Beast Statue","Strawberry","HornCleat","Toy Ornithopter","Astrolabe","Sundial","CeramicFish","Oddly Smooth Stone","Mango","Gremlin Horn"],"acts_visited":["Exordium","TheCity"],"potions_floor_usage":[22,23,28,30,31,33],"damage_taken":[{"damage":8.0,"enemies":"Small Slimes","floor":1.0,"turns":5.0},{"damage":6.0,"enemies":"Jaw Worm","floor":2.0,"turns":6.0},{"damage":7.0,"enemies":"Cultist","floor":3.0,"turns":5.0},{"damage":19.0,"enemies":"Gremlin Nob","floor":6.0,"turns":4.0},{"damage":25.0,"enemies":"Lagavulin","floor":8.0,"turns":10.0},{"damage":0.0,"enemies":"Blue Slaver","floor":11.0,"turns":3.0},{"damage":0.0,"enemies":"2 Fungi Beasts","floor":13.0,"turns":2.0},{"damage":0.0,"enemies":"3 Louse","floor":14.0,"turns":3.0},{"damage":40.0,"enemies":"Slime Boss","floor":16.0,"turns":10.0},{"damage":5.0,"enemies":"Chosen","floor":18.0,"turns":5.0},{"damage":11.0,"enemies":"Shell Parasite","floor":21.0,"turns":6.0},{"damage":18,"enemies":"Shelled Parasite and Fungi","floor":22,"turns":8},{"damage":11,"enemies":"Slavers","floor":23,"turns":6},{"damage":16,"enemies":"Cultist and Chosen","floor":28,"turns":7},{"damage":29,"enemies":"Colosseum Slavers","floor":30,"turns":6},{"damage":12,"enemies":"Book of Stabbing","floor":31,"turns":4},{"damage":69,"enemies":"Collector","floor":33,"turns":5}],"seed_played":"-7428353522010573469","potions_obtained":[{"floor":1.0,"key":"Ancient Potion"},{"floor":3.0,"key":"Regen Potion"},{"floor":8.0,"key":"FearPotion"},{"floor":11.0,"key":"PowerPotion"},{"floor":13.0,"key":"SpeedPotion"},{"floor":14.0,"key":"LiquidBronze"},{"floor":16.0,"key":"Fire Potion"},{"floor":18.0,"key":"SpeedPotion"},{"floor":21.0,"key":"Fire Potion"},{"floor":22,"key":"AttackPotion"},{"floor":23,"key":"Poison Potion"},{"floor":28,"key":"Dexterity Potion"},{"floor":31,"key":"Dexterity Potion"}],"is_trial":false,"path_per_floor":["M","M","M","?","?","E","R","E","T","R","M","$","M","M","R","B",null,"M","$","?","M","M","E","R","$","T","?","M","R","?","E","R","B"],"character_chosen":"THE_SILENT","items_purchased":["Eviscerate","Underhanded Strike","Toy Ornithopter","Blade Dance","Bouncing Flask"],"campfire_rested":2,"item_purchase_floors":[12,12,12,19,25],"current_hp_per_floor":[51,45,38,38,38,19,19,16,16,37,37,37,42,47,47,12,58,58,58,58,52,39,33,33,33,33,33,22,36,12,5,31,0,0],"gold":126,"neow_bonus":"BOSS_RELIC","is_daily":false,"chose_seed":false,"campfire_upgraded":2,"win_rate":0.0,"timestamp":1607873187,"path_taken":["M","M","M","?","?","E","R","E","T","R","?","$","M","M","R","BOSS","M","$","?","M","M","E","R","$","T","?","M","R","?","E","R","BOSS"],"items_purchased_type":["Card","Card","Relic","Card","Card"],"build_version":"2020-11-30","purchased_purges":1,"victory":false,"max_hp_per_floor":[66,66,66,66,66,66,66,73,73,73,73,73,73,73,73,73,73,73,73,73,73,73,73,73,73,73,73,73,87,87,87,87,87,87],"card_choices":[{"not_picked":["Bane","Deflect","Dodge and Roll"],"picked":"SKIP","floor":1.0},{"not_picked":["Dodge and Roll","Catalyst","Blur"],"picked":"SKIP","floor":2.0},{"not_picked":["Quick Slash","Tactician"],"picked":"Backstab","floor":3.0},{"not_picked":["Poisoned Stab","Dash"],"picked":"Tools of the Trade","floor":6.0},{"not_picked":["Tactician","Deflect"],"picked":"Unload","floor":8.0},{"not_picked":["Deflect","Slice"],"picked":"Cloak And Dagger","floor":11.0},{"not_picked":["Slice","Accuracy","Expertise"],"picked":"SKIP","floor":13.0},{"not_picked":["Slice","Accuracy","Expertise"],"picked":"SKIP","floor":13.0},{"not_picked":["Acrobatics","Eviscerate"],"picked":"Calculated Gamble","floor":14.0},{"not_picked":["Envenom","Unload"],"picked":"Burst","floor":16.0},{"not_picked":["Outmaneuver","Caltrops","Sucker Punch"],"picked":"SKIP","floor":18.0},{"not_picked":["Sucker Punch","Dodge and Roll"],"picked":"Noxious Fumes","floor":21.0},{"not_picked":["Backflip","Slice"],"picked":"Finisher","floor":22},{"not_picked":["Predator","Underhanded Strike","Caltrops+1"],"picked":"SKIP","floor":23},{"not_picked":["Backflip","Underhanded Strike","Flechettes"],"picked":"SKIP","floor":28},{"not_picked":["Flechettes","Doppelganger"],"picked":"Tactician","floor":31}],"player_experience":4236315,"relics_obtained":[{"floor":0.0,"key":"PreservedInsect"},{"floor":0.0,"key":"Ornamental Fan"},{"floor":0.0,"key":"Shovel"},{"floor":6.0,"key":"White Beast Statue"},{"floor":8.0,"key":"Strawberry"},{"floor":9.0,"key":"HornCleat"},{"floor":23,"key":"Sundial"},{"floor":24,"key":"CeramicFish"},{"floor":26,"key":"Oddly Smooth Stone"},{"floor":29,"key":"Mango"},{"floor":31,"key":"Gremlin Horn"}],"event_choices":[{"damage_healed":0.0,"max_hp_gain":0.0,"max_hp_loss":0.0,"gold_gain":80.0,"event_name":"Golden Wing","player_choice":"Gained Gold","floor":4.0,"gold_loss":0.0,"damage_taken":0.0},{"damage_healed":0.0,"max_hp_gain":0.0,"max_hp_loss":0.0,"gold_gain":0.0,"event_name":"Match and Keep!","player_choice":"1 cards matched","floor":5.0,"gold_loss":0.0,"damage_taken":0.0,"cards_obtained":["Die Die Die"]},{"damage_healed":0.0,"max_hp_gain":0.0,"max_hp_loss":0.0,"gold_gain":0.0,"cards_transformed":["Strike_G","Defend_G"],"event_name":"Drug Dealer","player_choice":"Became Test Subject","floor":20.0,"gold_loss":0.0,"damage_taken":0.0,"cards_obtained":["Expertise","Heel Hook"]},{"damage_healed":0,"gold_gain":0,"player_choice":"Ignored","damage_taken":0,"max_hp_gain":0,"max_hp_loss":0,"event_name":"The Mausoleum","floor":27,"gold_loss":0},{"damage_healed":0,"gold_gain":0,"player_choice":"Fight","damage_taken":0,"max_hp_gain":0,"max_hp_loss":0,"event_name":"Colosseum","floor":30,"gold_loss":0},{"damage_healed":0,"gold_gain":0,"player_choice":"Fled From Nobs","damage_taken":0,"max_hp_gain":0,"max_hp_loss":0,"event_name":"Colosseum","floor":30,"gold_loss":0}],"is_beta":false,"boss_relics":[{"not_picked":["Ectoplasm","Velvet Choker"],"picked":"Astrolabe"}],"items_purged_floors":[19],"is_endless":false,"potions_floor_spawned":[1,3,8,11,13,14,16,18,21,22,23,28,30,31],"killed_by":"Collector","ascension_level":20}}