{"host":"2s5c6uii15wgtvvf","time":1607885095,"event":{"mods":["Bard","BaseMod","Bestiary","CapriCore","Downfall","Friendly Minions","Hermit","HololiveMod","Jorbs\u0027s Wanderer Trilogy","Lobotomy","LobotomyExtend","Marisa????????","Minty Spire (QoL Compilation)","Remilia??????","Robot Space Explorer","Shade Mod","StSLib","Td1madao Mod","The Animator","The Cursed","The Gatherer","The Hayseed","The Hierophant","The Immortal","The Mystic","The Necromancer","The Runesmith","The Senshi","The Servant 0.9.4","TheHeartMod","WarShipGirlsR/????R mod","Yohane!","??????REMEMod"],"gold_per_floor":[114,125,135,210,228,228,247,107,180,180,180,35,47,67,67,172,172,182,182,196,206,219,219,219,219,219],"floor_reached":24,"playtime":1674,"items_purged":[],"score":217,"play_id":"03a5cf59-806f-4217-94f2-5a23e763734d","local_time":"20201213184455","is_ascension_mode":false,"campfire_choices":[{"data":"MokouMod:Fireball","floor":6.0,"key":"SMITH"},{"data":"MokouMod:SearingBlow","floor":11.0,"key":"SMITH"},{"data":"MokouMod:Fireball","floor":15.0,"key":"SMITH"},{"data":"MokouMod:PhoenixForm","floor":23,"key":"SMITH"}],"circlet_count":0,"master_deck":["MokouMod:Strike","MokouMod:Strike","MokouMod:Strike","MokouMod:Strike","MokouMod:Strike","MokouMod:Defend","MokouMod:Defend","MokouMod:Defend","MokouMod:Defend","MokouMod:HeatSpark","Wellcheers","MokouMod:SearingBlow+2","VoidDream","MokouMod:Ember","OSAHOGD","MokouMod:Fireball+1","MokouMod:TemporalFireSeal","MokouMod:Fireball+1","MokouMod:Stoke","BlackSwan","MokouMod:WarmUp","MokouMod:PhoenixForm+1","BeautyBeast","MokouMod:FlareStarter","ShyLook","MokouMod:HeatCyclone","MHz","MokouMod:ResoluteFlare+1","OldLady","MokouMod:CrimsonArmoury+1"],"relics":["MokouMod:PhoenixFeather","REME_ComplimentaryCards","CogitoBucket","LetterFromLob","theSenshi:FeatherClipsRelic","Hololive_LightStick","SkinProphecy","Runesmith:UraniumAnvil","AspirationHeart"],"acts_visited":["Exordium","TheCity"],"potions_floor_usage":[21,22,24],"damage_taken":[{"damage":9.0,"enemies":"Cultist","floor":1.0,"turns":4.0},{"damage":28.0,"enemies":"Jaw Worm","floor":2.0,"turns":8.0},{"damage":6.0,"enemies":"2 Louse","floor":3.0,"turns":4.0},{"damage":9.0,"enemies":"Exordium Thugs","floor":5.0,"turns":4.0},{"damage":15.0,"enemies":"Exordium Wildlife","floor":7.0,"turns":6.0},{"damage":6.0,"enemies":"3 Louse","floor":13.0,"turns":2.0},{"damage":1.0,"enemies":"Large Slime","floor":14.0,"turns":4.0},{"damage":10.0,"enemies":"Slime Boss","floor":16.0,"turns":8.0},{"damage":0,"enemies":"2 Thieves","floor":18,"turns":3},{"damage":0,"enemies":"Chosen","floor":20,"turns":4},{"damage":146,"enemies":"Sentry and Sphere","floor":21,"turns":15},{"damage":3,"enemies":"Snake Plant","floor":22,"turns":6},{"damage":90,"enemies":"REME_1_Revenger","floor":24,"turns":4}],"seed_played":"1649276956836149076","potions_obtained":[{"floor":1.0,"key":"PowerPotion"},{"floor":3.0,"key":"Explosive Potion"},{"floor":5.0,"key":"SpeedPotion"},{"floor":14.0,"key":"DistilledChaos"},{"floor":21,"key":"hexamod:EctoCoolerPotion"},{"floor":22,"key":"champ:CounterPotion"}],"is_trial":false,"path_per_floor":["M","M","M","?","M","R","M","$","T","?","R","$","M","M","R","B",null,"M","$","M","M","M","R","E"],"character_chosen":"MKU","items_purchased":["FairyPotion","MokouMod:Fireball","Hololive_LightStick"],"campfire_rested":0,"item_purchase_floors":[8,8,12],"current_hp_per_floor":[66,41,35,24,18,18,3,3,3,28,28,28,28,32,32,27,79,81,81,83,25,24,24,0,0,0],"gold":219,"neow_bonus":"","is_daily":false,"chose_seed":false,"campfire_upgraded":4,"win_rate":0.0,"timestamp":1607885095,"path_taken":["M","M","M","?","M","R","M","$","T","?","R","$","M","M","R","BOSS","BOSS","M","$","M","M","M","R","E"],"items_purchased_type":["Potion","Card","Relic"],"build_version":"2020-11-30","purchased_purges":0,"victory":false,"max_hp_per_floor":[75,75,75,75,75,75,75,75,75,75,75,75,75,77,77,79,79,81,81,83,97,99,99,101,101,101],"card_choices":[{"not_picked":["Scorched","UniverseFragment"],"picked":"Wellcheers","floor":1.0},{"not_picked":["MokouMod:ShiftIgnition","MokouMod:Ember","MokouMod:BlazingComet"],"picked":"SKIP","floor":1.0},{"not_picked":["MokouMod:Overheat","MokouMod:ScorchedEarth"],"picked":"MokouMod:SearingBlow","floor":2.0},{"not_picked":["CherryBlossoms","ShyLook"],"picked":"VoidDream","floor":3.0},{"not_picked":["MokouMod:Wildfire","MokouMod:RoaringFlare"],"picked":"MokouMod:Ember","floor":3.0},{"not_picked":["Bloodbath","Scorched"],"picked":"OSAHOGD","floor":5.0},{"not_picked":["MokouMod:ExplosiveFlame","MokouMod:Scorch"],"picked":"MokouMod:Fireball","floor":5.0},{"not_picked":["MokouMod:InfernalWave","MokouMod:Singe"],"picked":"MokouMod:TemporalFireSeal","floor":7.0},{"not_picked":["MokouMod:BurningDraft","MokouMod:IllusoryBattlefield"],"picked":"MokouMod:Stoke","floor":13.0},{"not_picked":["Funeral","PunishingBird"],"picked":"BlackSwan","floor":13.0},{"not_picked":["MokouMod:TemporalFireSeal","MokouMod:BurningHiddenBullet"],"picked":"MokouMod:WarmUp","floor":14.0},{"not_picked":["MokouMod:ProfanedFlare","MokouMod:ResonatingAura"],"picked":"MokouMod:PhoenixForm","floor":16},{"not_picked":["PunishingBird","Scorched"],"picked":"BeautyBeast","floor":18},{"not_picked":["MokouMod:HeatTransfer","MokouMod:RisingSunBarrier+1"],"picked":"MokouMod:FlareStarter","floor":18},{"not_picked":["CrumblingArmor","WallGazer"],"picked":"ShyLook","floor":20},{"not_picked":["MokouMod:Overheat+1","MokouMod:BurningDraft"],"picked":"MokouMod:HeatCyclone","floor":20},{"not_picked":["FairyFestival","BlueStar"],"picked":"MHz","floor":21},{"not_picked":["MokouMod:Stoke+1","MokouMod:BlazingComet"],"picked":"MokouMod:ResoluteFlare+1","floor":21},{"not_picked":["CrumblingArmor","Bloodbath"],"picked":"OldLady","floor":22},{"not_picked":["MokouMod:IcarusDive","MokouMod:FlareStarter"],"picked":"MokouMod:CrimsonArmoury+1","floor":22}],"player_experience":91059,"relics_obtained":[{"floor":1.0,"key":"LetterFromLob"},{"floor":9.0,"key":"theSenshi:FeatherClipsRelic"}],"event_choices":[{"damage_healed":0.0,"max_hp_gain":0.0,"max_hp_loss":0.0,"gold_gain":75.0,"event_name":"World of Goop","player_choice":"Gather Gold","floor":4.0,"gold_loss":0.0,"damage_taken":11.0},{"damage_healed":25.0,"max_hp_gain":0.0,"max_hp_loss":0.0,"gold_gain":0.0,"event_name":"Big Fish","player_choice":"Banana","floor":10.0,"gold_loss":0.0,"damage_taken":0.0}],"is_beta":false,"boss_relics":[{"not_picked":["SacredBark","Snecko Eye"],"picked":"Runesmith:UraniumAnvil"}],"items_purged_floors":[],"is_endless":false,"potions_floor_spawned":[1,3,5,14,21,22],"killed_by":"REME_1_Revenger","ascension_level":0}}