{"host":"bg0cyinkrjnqf173","time":1607828974,"event":{"mods":["Aspiration","BaseMod","Beaked The Cultist","Better Third Choice","BetterRewards","Colored Map","Conspire","Custom Start","Defuse TimeMaze Blight","Displayed Cursed Tome","Googly Eyes","Halation","Hubris","Infinite Spire","Jedi Mod","Minty Spire (QoL Compilation)","Permanent Neow","Quick Restart","Rare Cards Sparkle","Relic Sorter","Replay The Spire","Shop Mod","Spicy Shops","Spikes Relics","StSLib","The Bladedancer","The Construct","The Disciple","The Runesmith","The Valiant"],"gold_per_floor":[114,134,148,73,73,73,100,100,100,100,111,111,130,143,143,246,246,259,311,243,243,158,158,190,202,214,226,250,297,319,366,378,495,507,531,553,465,465,465,465,490,365,365,365,398,398,413,429,429,530,530,545,545,545,390,408,442,455,492,517,529,567,579,593,192,192,196,196],"floor_reached":67,"playtime":2076,"items_purged":["Regret","Injury","Languid"],"score":1130,"play_id":"17e12871-3b27-474c-85d0-96085736d499","local_time":"20201212220934","is_ascension_mode":true,"campfire_choices":[{"data":"Heavy Blade","floor":6.0,"key":"SMITH"},{"floor":10.0,"key":"REST"},{"data":"Bash","floor":15.0,"key":"SMITH"},{"data":"Demonic Infusion","floor":23.0,"key":"SMITH"},{"floor":25.0,"key":"REST"},{"data":"Demonic Infusion","floor":32.0,"key":"SMITH"},{"data":"Demon Form","floor":40.0,"key":"SMITH"},{"data":"Flame Barrier","floor":44,"key":"SMITH"},{"floor":46,"key":"REST"},{"floor":49,"key":"REST"},{"data":"Flex","floor":66,"key":"SMITH"}],"circlet_count":0,"master_deck":["Strike_R","Strike_R","Strike_R","Strike_R","Defend_R","Defend_R","Defend_R","Defend_R","Bash+1","Pommel Strike","Heavy Blade+1","Heavy Blade+1","Heavy Blade+1","Carnage+1","Carnage+1","Flame Barrier+1","Demonic Infusion+1","Clash+1","Whirlwind+1","Replay:Undeath\u0027s Touch+1","Iron Wave+1","Demonic Infusion+1","ReplayTheSpireMod:Muscle Training+1","Heavy Blade+1","Demon Form+1","Disarm+1","Reaper+1","Sword Boomerang+1","Heavy Blade+1","Run Through+1","beaked:Daydream+1","Power Through+1","beaked:Roost","beaked:Tweet","ReplayTheSpireMod:Wings of Steel","Replay:Undeath\u0027s Touch+1","Flex+1","Replay:Undeath\u0027s Touch+1","beaked:StickSmack+1"],"relics":["Burning Blood","Vajra","Molten Egg 2","infinitespire:Joker Card","Incense Burner","Philosopher\u0027s Stone","jedi:arcanewood","Ring of Panic","Ring of Fury","jedi:crownofsimplicity","MawBank","Magic Flower","jedi:shrinkray","Tiny Chest","SpikesRelics:ToyHorsey","infinitespire:Burning Sword","aspiration:BeakedSkillbook","halation:KoshaPiece","Prayer Wheel","Counterbalance","Golden Idol","Bottled Flame","Brimstone","infinitespire:Midas Blood","Eternal Feather","Regal Pillow","hubris:MedicalManual","Lantern","Paper Frog"],"acts_visited":["Exordium","TheCity","TheBeyond","Exordium"],"potions_floor_usage":[50],"damage_taken":[{"damage":11.0,"enemies":"Cultist","floor":1.0,"turns":4.0},{"damage":11.0,"enemies":"Jaw Worm","floor":2.0,"turns":3.0},{"damage":4.0,"enemies":"Small Slimes","floor":3.0,"turns":3.0},{"damage":47.0,"enemies":"3 Sentries","floor":7.0,"turns":9.0},{"damage":15.0,"enemies":"Exordium Thugs","floor":11.0,"turns":4.0},{"damage":0.0,"enemies":"Large Slime","floor":13.0,"turns":4.0},{"damage":0.0,"enemies":"Red Slaver","floor":14.0,"turns":1.0},{"damage":33.0,"enemies":"Hexaghost","floor":16.0,"turns":10.0},{"damage":19.0,"enemies":"2 Thieves","floor":18.0,"turns":4.0},{"damage":57.0,"enemies":"Nightmare","floor":24.0,"turns":7.0},{"damage":0.0,"enemies":"Shell Parasite","floor":28.0,"turns":1.0},{"damage":4.0,"enemies":"Slavers","floor":29.0,"turns":2.0},{"damage":0.0,"enemies":"Snake Plant","floor":30.0,"turns":1.0},{"damage":6.0,"enemies":"conspire:SneckoGhost","floor":31.0,"turns":4.0},{"damage":12.0,"enemies":"Automaton","floor":33.0,"turns":6.0},{"damage":18.0,"enemies":"3 Darklings","floor":35.0,"turns":3.0},{"damage":6.0,"enemies":"3 Shapes","floor":36.0,"turns":3.0},{"damage":34,"enemies":"Reptomancer","floor":41,"turns":4},{"damage":38,"enemies":"Nemesis","floor":45,"turns":3},{"damage":15,"enemies":"Sphere and 2 Shapes","floor":47,"turns":3},{"damage":25,"enemies":"Maw","floor":48,"turns":3},{"damage":73,"enemies":"infinitespire:MassOfShapes","floor":50,"turns":7},{"damage":0,"enemies":"Small Slimes","floor":52,"turns":1},{"damage":0,"enemies":"Jaw Worm","floor":56,"turns":1},{"damage":0,"enemies":"Gremlin Nob","floor":57,"turns":1},{"damage":0,"enemies":"Cultist","floor":58,"turns":1},{"damage":0,"enemies":"3 Sentries","floor":59,"turns":1},{"damage":0,"enemies":"Exordium Thugs","floor":61,"turns":1},{"damage":0,"enemies":"Gremlin Nob","floor":62,"turns":1},{"damage":0,"enemies":"Blue Slaver","floor":63,"turns":1},{"damage":0,"enemies":"2 Fungi Beasts","floor":64,"turns":1},{"damage":75,"enemies":"Hexaghost","floor":67,"turns":2}],"seed_played":"-4198380658128809296","potions_obtained":[{"floor":3.0,"key":"BloodPotion"},{"floor":11.0,"key":"EssenceOfSteel"},{"floor":13.0,"key":"Adrenaline Potion"},{"floor":14.0,"key":"Strength Potion"},{"floor":16.0,"key":"Strength Potion"},{"floor":24.0,"key":"EssenceOfSteel"},{"floor":28.0,"key":"GamblersBrew"},{"floor":47,"key":"jedi:hoardpotion"},{"floor":56,"key":"LiquidBronze"}],"is_trial":false,"path_per_floor":["M","M","M","$","?","R","E","?","T","R","M","?","M","M","R","B",null,"M","T","$","?","?","R","NM","R","T","?","M","E","M","E","R","B",null,"M","M","$","?","AVR","R","E","$","T","R","E","R","M","M","R","B",null,"M","?","T","$","M","E","M","E","T","M","E","M","M","$","R","B"],"character_chosen":"IRONCLAD","items_purchased":["Whirlwind+1","Brimstone","Lantern","Paper Frog"],"campfire_rested":4,"item_purchase_floors":[20,55,65,65],"current_hp_per_floor":[75,70,72,72,72,72,31,31,31,55,46,46,52,58,58,31,80,67,67,67,67,67,67,32,56,56,56,65,70,79,80,80,77,80,71,74,74,74,74,74,71,71,71,71,48,72,74,64,80,33,80,80,74,74,74,74,74,74,74,74,74,74,74,74,74,74,0,0],"gold":196,"neow_bonus":"RANDOM_EVENT","is_daily":false,"chose_seed":false,"campfire_upgraded":7,"win_rate":0.0,"timestamp":1607828974,"path_taken":["M","?","M","$","?","R","E","?","T","R","?","?","M","M","R","BOSS","M","?","$","?","?","R","NM","R","T","?","M","E","M","E","R","BOSS","M","M","$","?","AVR","R","E","$","T","R","E","R","M","?","R","BOSS","M","?","?","?","M","E","?","E","T","M","E","M","M","$","R","BOSS"],"items_purchased_type":["Card","Relic","Relic","Relic"],"build_version":"2020-11-30","purchased_purges":3,"victory":false,"max_hp_per_floor":[80,80,80,80,80,80,80,80,80,80,80,80,80,80,80,80,80,80,80,80,80,80,80,80,80,80,80,80,80,80,80,80,80,80,80,80,80,80,80,80,80,80,80,80,80,80,80,80,80,80,80,80,74,74,74,74,74,74,74,74,74,74,74,74,74,74,74,74],"card_choices":[{"not_picked":["Body Slam","Sentinel"],"picked":"Pommel Strike","floor":1.0},{"not_picked":["BarbarianYell","jedi:fear"],"picked":"Heavy Blade","floor":2.0},{"not_picked":["Flex","Exhume"],"picked":"Heavy Blade","floor":3.0},{"not_picked":["Pommel Strike+1","Clash+1"],"picked":"Heavy Blade+1","floor":7.0},{"not_picked":["jedi:hate+1","Second Wind"],"picked":"Carnage+1","floor":11.0},{"not_picked":["Body Slam+1","Searing Blow+1","Life Link"],"picked":"SKIP","floor":13.0},{"not_picked":["Dual Wield","True Grit"],"picked":"Flame Barrier","floor":14.0},{"not_picked":["Brutality","jedi:unlimitedpower"],"picked":"Demonic Infusion","floor":16.0},{"not_picked":["Sentinel","Body Slam+1"],"picked":"Clash+1","floor":18.0},{"not_picked":["Feel No Pain","True Grit"],"picked":"Replay:Undeath\u0027s Touch+1","floor":24.0},{"not_picked":["Replay:Undeath\u0027s Touch+1","Whirlwind+1"],"picked":"Iron Wave+1","floor":28.0},{"not_picked":["Clash+1","Body Slam+1"],"picked":"Demonic Infusion","floor":29.0},{"not_picked":["ReplayTheSpireMod:Strike From Hell+1","Body Slam+1"],"picked":"ReplayTheSpireMod:Muscle Training+1","floor":30.0},{"not_picked":["Seeing Red","Ghostly Armor"],"picked":"Heavy Blade+1","floor":31.0},{"not_picked":["Immolate+1","Juggernaut"],"picked":"Demon Form","floor":33.0},{"not_picked":["Perfected Strike+1","Headbutt+1"],"picked":"Disarm+1","floor":35.0},{"not_picked":["Body Slam+1","Hemokinesis+1"],"picked":"Reaper+1","floor":36.0},{"not_picked":["beaked:StickSmack+1","beaked:CrazyRituals+1","Clash+1"],"picked":"Sword Boomerang+1","floor":41},{"not_picked":["beaked:WarriorEssence+1","jedi:fear","beaked:TuckingFeathers","beaked:Tradeoff+1"],"picked":"SKIP","floor":45},{"not_picked":["Body Slam+1","Havoc","beaked:BraceForImpact"],"picked":"Heavy Blade+1","floor":47},{"not_picked":["Wild Strike+1","beaked:Tradeoff+1","Clash+1"],"picked":"Run Through+1","floor":47},{"not_picked":["beaked:Brace+1","beaked:WarriorEssence+1","Defy Death"],"picked":"beaked:Daydream+1","floor":48},{"not_picked":["beaked:FakeOut+1","ReplayTheSpireMod:Prepare the Ceremony","beaked:Insight+1"],"picked":"Power Through+1","floor":48},{"not_picked":["beaked:Redirect","Hemokinesis+1","Thunderclap+1"],"picked":"beaked:Roost","floor":52},{"not_picked":["jedi:MakeshiftSword","beaked:Foresight","Searing Blow+1","Iron Wave+1"],"picked":"SKIP","floor":52},{"not_picked":["beaked:Foresight","ReplayTheSpireMod:Corrosion Curse","beaked:Overexert"],"picked":"beaked:Tweet","floor":56},{"not_picked":["Warcry","Sword Boomerang+1","beaked:Cower"],"picked":"ReplayTheSpireMod:Wings of Steel","floor":56},{"not_picked":["beaked:Resilience","jedi:MakeshiftSword","Dropkick+1","beaked:BloodRitual"],"picked":"SKIP","floor":57},{"not_picked":["beaked:Devastation","beaked:CursingBlood","beaked:Evade"],"picked":"Replay:Undeath\u0027s Touch+1","floor":58},{"not_picked":["Body Slam+1","beaked:BraceForImpact","conspire:Charge+1","beaked:HuntressEssence"],"picked":"SKIP","floor":58},{"not_picked":["beaked:MachineSpirit","beaked:Pecker+1","beaked:WildInstinct+1","Burning Pact"],"picked":"SKIP","floor":59},{"not_picked":["beaked:SurvivalInstinct","beaked:Brace","Fire Breathing"],"picked":"Flex","floor":61},{"not_picked":["Anger+1","Sever Soul+1","beaked:RuinSticks+1","Fire Breathing"],"picked":"SKIP","floor":61},{"not_picked":["Anger+1","Sever Soul+1","beaked:RuinSticks+1","Fire Breathing"],"picked":"SKIP","floor":61},{"not_picked":["Anger+1","Cleave+1","Dark Embrace","beaked:Tradeoff"],"picked":"SKIP","floor":62},{"not_picked":["beaked:Evade","beaked:MimicMachine","Pommel Strike+1","Intimidate"],"picked":"SKIP","floor":63},{"not_picked":["Bloodletting","beaked:Windmill+1","Iron Wave+1","Armaments"],"picked":"SKIP","floor":63},{"not_picked":["Metallicize","beaked:Windmill+1","beaked:Devastation"],"picked":"Replay:Undeath\u0027s Touch+1","floor":64},{"not_picked":["hubris:CleavingFinish+1","Shrug It Off","Iron Wave+1"],"picked":"beaked:StickSmack+1","floor":64}],"player_experience":749133,"relics_obtained":[{"floor":7.0,"key":"infinitespire:Joker Card"},{"floor":9.0,"key":"Incense Burner"},{"floor":19.0,"key":"jedi:arcanewood"},{"floor":21.0,"key":"Ring of Panic"},{"floor":21.0,"key":"Ring of Fury"},{"floor":24.0,"key":"MawBank"},{"floor":26.0,"key":"Magic Flower"},{"floor":27.0,"key":"jedi:shrinkray"},{"floor":29.0,"key":"Tiny Chest"},{"floor":31.0,"key":"SpikesRelics:ToyHorsey"},{"floor":41,"key":"halation:KoshaPiece"},{"floor":43,"key":"Prayer Wheel"},{"floor":45,"key":"Counterbalance"},{"floor":54,"key":"Bottled Flame"},{"floor":57,"key":"infinitespire:Midas Blood"},{"floor":59,"key":"Eternal Feather"},{"floor":60,"key":"Regal Pillow"},{"floor":62,"key":"hubris:MedicalManual"}],"event_choices":[{"damage_healed":0.0,"max_hp_gain":0.0,"max_hp_loss":0.0,"gold_gain":0.0,"event_name":"Big Fish","player_choice":"Box","floor":0.0,"gold_loss":0.0,"damage_taken":0.0,"relics_obtained":["Vajra"],"cards_obtained":["Regret"]},{"damage_healed":0.0,"max_hp_gain":0.0,"max_hp_loss":0.0,"gold_gain":0.0,"event_name":"Upgrade Shrine","player_choice":"Upgraded","floor":8.0,"gold_loss":0.0,"damage_taken":0.0,"cards_upgraded":["Heavy Blade"]},{"damage_healed":0.0,"max_hp_gain":0.0,"max_hp_loss":0.0,"gold_gain":0.0,"cards_transformed":["Strike_R"],"event_name":"Transmorgrifier","player_choice":"Transformed","floor":12.0,"gold_loss":0.0,"damage_taken":0.0,"cards_obtained":["Carnage"]},{"damage_healed":0.0,"max_hp_gain":0.0,"max_hp_loss":0.0,"gold_gain":0.0,"event_name":"Addict","player_choice":"Obtained Relic","floor":22.0,"gold_loss":85.0,"damage_taken":0.0,"relics_obtained":["jedi:crownofsimplicity"]},{"damage_healed":0.0,"max_hp_gain":0.0,"max_hp_loss":0.0,"gold_gain":0.0,"event_name":"Tomb of Lord Red Mask","player_choice":"Ignored","floor":38.0,"gold_loss":0.0,"damage_taken":0.0},{"damage_healed":0,"gold_gain":0,"player_choice":"Lose Max HP","damage_taken":0,"relics_obtained":["Golden Idol"],"max_hp_gain":0,"max_hp_loss":6,"event_name":"Golden Idol","floor":53,"gold_loss":0}],"is_beta":false,"boss_relics":[{"not_picked":["Runic Cube","Cursed Key"],"picked":"Philosopher\u0027s Stone"},{"not_picked":["aspiration:RitualDagger","construct:ClawGrip"],"picked":"infinitespire:Burning Sword"},{"not_picked":["hubris:BlackHole","Pandora\u0027s Box","Kintsugi"]}],"items_purged_floors":[4,37,42],"is_endless":true,"potions_floor_spawned":[3,11,13,14,16,24,28,29,31,36,41,47,48,56,59,61,64],"killed_by":"Hexaghost","ascension_level":1}}