{"host":"hn9kwncajibu2nw8","time":1607829023,"event":{"mods":["AchievementEnabler","BaseMod","Block Reminder","Colored Powertips","DeckTracker","Highlight Path","KOR Keyword Fix","Minty Spire (QoL Compilation)","Quick Restart","Rare Cards Sparkle"],"gold_per_floor":[119,129,129,39,49,83,83,83,83,83,118,132,165,184,184,259,259,272,197,92,92,108,108,138,158,158,158,191,91,116,116,116,187,187,202,220,220,230,104,133,133,133,133],"floor_reached":42,"playtime":1877,"items_purged":["ConjureBlade","LikeWater"],"score":1039,"play_id":"bdd7c409-3587-4b68-932f-529ec5c8aad5","local_time":"20201213121023","is_ascension_mode":true,"campfire_choices":[{"data":"Eruption","floor":7.0,"key":"SMITH"},{"data":"ClearTheMind","floor":10.0,"key":"SMITH"},{"data":"Adaptation","floor":15.0,"key":"SMITH"},{"data":"MentalFortress","floor":23.0,"key":"SMITH"},{"floor":27.0,"key":"REST"},{"floor":32.0,"key":"REST"},{"data":"MentalFortress","floor":41.0,"key":"SMITH"}],"circlet_count":0,"master_deck":["AscendersBane","Eruption+1","Vigilance","ClearTheMind+1","BowlingBash+1","Tantrum+1","Adaptation+1","Indignation","Brilliance","FlurryOfBlows","Adaptation","Sanctity","Vengeance","DeusExMachina","MentalFortress+1","Crescendo","EmptyMind","MentalFortress+1","MentalFortress","EmptyBody"],"relics":["PureWater","Art of War","Unceasing Top","Orichalcum","Pandora\u0027s Box","Whetstone","Happy Flower","Mercury Hourglass","TeardropLocket","Coffee Dripper","Mummified Hand"],"acts_visited":["Exordium","TheCity","TheBeyond"],"potions_floor_usage":[42],"damage_taken":[{"damage":0.0,"enemies":"Small Slimes","floor":1.0,"turns":3.0},{"damage":0.0,"enemies":"2 Louse","floor":2.0,"turns":4.0},{"damage":0.0,"enemies":"Cultist","floor":5.0,"turns":2.0},{"damage":22.0,"enemies":"3 Sentries","floor":6.0,"turns":8.0},{"damage":18.0,"enemies":"Gremlin Nob","floor":11.0,"turns":3.0},{"damage":8.0,"enemies":"2 Fungi Beasts","floor":12.0,"turns":2.0},{"damage":0.0,"enemies":"Lagavulin","floor":13.0,"turns":3.0},{"damage":0.0,"enemies":"3 Louse","floor":14.0,"turns":1.0},{"damage":0.0,"enemies":"Slime Boss","floor":16.0,"turns":4.0},{"damage":0.0,"enemies":"Spheric Guardian","floor":18.0,"turns":3.0},{"damage":12.0,"enemies":"Chosen","floor":22.0,"turns":3.0},{"damage":3.0,"enemies":"Slavers","floor":24.0,"turns":4.0},{"damage":13.0,"enemies":"Snake Plant","floor":25.0,"turns":3.0},{"damage":18.0,"enemies":"Book of Stabbing","floor":28.0,"turns":3.0},{"damage":14.0,"enemies":"Slavers","floor":30.0,"turns":3.0},{"damage":20.0,"enemies":"Automaton","floor":33.0,"turns":9.0},{"damage":5.0,"enemies":"3 Shapes","floor":35.0,"turns":4.0},{"damage":12.0,"enemies":"3 Darklings","floor":36.0,"turns":2.0},{"damage":26.0,"enemies":"4 Shapes","floor":38.0,"turns":4.0},{"damage":1.0,"enemies":"Nemesis","floor":40.0,"turns":5.0},{"damage":8,"enemies":"Writhing Mass","floor":42,"turns":2}],"seed_played":"9138877386009124987","potions_obtained":[{"floor":2.0,"key":"Regen Potion"},{"floor":5.0,"key":"FearPotion"},{"floor":12.0,"key":"Block Potion"},{"floor":14.0,"key":"SkillPotion"},{"floor":24.0,"key":"DuplicationPotion"},{"floor":28.0,"key":"SpeedPotion"},{"floor":33.0,"key":"EssenceOfSteel"},{"floor":40.0,"key":"PowerPotion"}],"is_trial":false,"path_per_floor":["M","M","?","$","M","E","R","?","T","R","E","M","E","M","R","B",null,"M","?","$","?","M","R","E","M","T","R","E","$","E","?","R","B",null,"M","M","?","M","$","E","R","M"],"character_chosen":"WATCHER","items_purchased":["Tantrum","Crescendo","MentalFortress","EmptyBody"],"campfire_rested":2,"item_purchase_floors":[4,20,39,39],"current_hp_per_floor":[61,61,66,66,66,59,59,59,59,59,41,33,33,33,33,33,63,63,63,63,63,51,51,48,35,35,56,38,38,24,24,45,25,61,56,44,44,18,18,17,17,9,9],"gold":133,"neow_bonus":"RANDOM_COMMON_RELIC","is_daily":false,"chose_seed":false,"campfire_upgraded":5,"win_rate":0.0,"timestamp":1607829023,"path_taken":["M","M","?","$","M","E","R","?","T","R","E","M","E","M","R","BOSS","M","?","$","?","M","R","E","M","T","R","E","$","E","?","R","BOSS","M","M","?","M","$","E","R","M"],"items_purchased_type":["Card","Card","Card","Card"],"build_version":"2020-11-30","purchased_purges":2,"victory":false,"max_hp_per_floor":[68,68,73,73,73,73,73,73,73,73,73,73,73,73,73,73,73,73,73,73,73,73,73,73,73,73,73,73,73,73,73,73,73,73,73,73,73,73,73,73,73,73,73],"card_choices":[{"not_picked":["JustLucky","SashWhip"],"picked":"ClearTheMind","floor":1.0},{"not_picked":["SashWhip","CutThroughFate"],"picked":"BowlingBash","floor":2.0},{"not_picked":["SashWhip","JustLucky"],"picked":"Adaptation","floor":5.0},{"not_picked":["ClearTheMind","Prostrate"],"picked":"Consecrate","floor":6.0},{"not_picked":["ClearTheMind","Pray"],"picked":"Brilliance","floor":11.0},{"not_picked":["Prostrate","Conclude"],"picked":"Adaptation","floor":12.0},{"not_picked":["Evaluate","JustLucky","FollowUp"],"picked":"SKIP","floor":13.0},{"not_picked":["BowlingBash","ThirdEye"],"picked":"FlurryOfBlows","floor":14.0},{"not_picked":["Worship","Perseverance"],"picked":"MentalFortress","floor":18.0},{"not_picked":["PathToVictory","Prostrate","CarveReality"],"picked":"SKIP","floor":22.0},{"not_picked":["FearNoEvil","Study"],"picked":"EmptyMind","floor":24.0},{"not_picked":["Study","Conclude","Consecrate"],"picked":"SKIP","floor":25.0},{"not_picked":["BowlingBash","FlyingSleeves"],"picked":"Wallop","floor":28.0},{"not_picked":["Vengeance","Tantrum","Establishment"],"picked":"SKIP","floor":30.0},{"not_picked":["FlyingSleeves","SashWhip"],"picked":"MentalFortress","floor":35.0},{"not_picked":["Halt","WreathOfFlame","Tantrum"],"picked":"SKIP","floor":36.0},{"not_picked":["Protect","LessonLearned","Halt"],"picked":"SKIP","floor":38.0},{"not_picked":["PathToVictory","Collect","Consecrate"],"picked":"SKIP","floor":40.0}],"player_experience":456609,"relics_obtained":[{"floor":6.0,"key":"Unceasing Top"},{"floor":13.0,"key":"Orichalcum"},{"floor":24.0,"key":"Whetstone"},{"floor":26.0,"key":"Happy Flower"},{"floor":28.0,"key":"Mercury Hourglass"},{"floor":30.0,"key":"TeardropLocket"},{"floor":40.0,"key":"Mummified Hand"}],"event_choices":[{"damage_healed":0.0,"max_hp_gain":5.0,"max_hp_loss":0.0,"gold_gain":0.0,"event_name":"Big Fish","player_choice":"Donut","floor":3.0,"gold_loss":0.0,"damage_taken":0.0},{"damage_healed":0.0,"max_hp_gain":0.0,"max_hp_loss":0.0,"gold_gain":0.0,"cards_transformed":["Strike_P"],"event_name":"Living Wall","player_choice":"Change","floor":8.0,"gold_loss":0.0,"damage_taken":0.0,"cards_obtained":["Indignation"]},{"cards_removed":["Adaptation"],"damage_healed":0.0,"max_hp_gain":0.0,"max_hp_loss":0.0,"gold_gain":0.0,"event_name":"Beggar","player_choice":"Gave Gold","floor":19.0,"gold_loss":75.0,"damage_taken":0.0},{"cards_removed":["Consecrate"],"damage_healed":0.0,"max_hp_gain":0.0,"max_hp_loss":0.0,"gold_gain":0.0,"event_name":"Back to Basics","player_choice":"Elegance","floor":21.0,"gold_loss":0.0,"damage_taken":0.0},{"cards_removed":["SpiritShield"],"damage_healed":0.0,"max_hp_gain":0.0,"max_hp_loss":0.0,"gold_gain":0.0,"event_name":"Purifier","player_choice":"Purged","floor":31.0,"gold_loss":0.0,"damage_taken":0.0},{"cards_removed":["Wallop"],"damage_healed":0.0,"max_hp_gain":0.0,"max_hp_loss":0.0,"gold_gain":0.0,"event_name":"Falling","player_choice":"Removed Attack","floor":37.0,"gold_loss":0.0,"damage_taken":0.0}],"is_beta":false,"boss_relics":[{"not_picked":["Ectoplasm","Empty Cage"],"picked":"Pandora\u0027s Box"},{"not_picked":["Philosopher\u0027s Stone","Fusion Hammer"],"picked":"Coffee Dripper"}],"items_purged_floors":[20,29],"is_endless":false,"potions_floor_spawned":[2,5,12,14,24,28,33,40],"killed_by":"Writhing Mass","ascension_level":16}}