{"host":"ks12kfi5c4d9hdxy","time":1607890968,"event":{"mods":["BaseMod","Conspire","GifTheSpireLib","HololiveMod","Koishi","LagranYue(拉格朗・月)","Marisa（F雨　魔理沙）","Minty Spire (QoL Compilation)","Reimu（博丽灵梦）","Remilia（蕾米莉亚）","Replay The Spire","RumiaBox-露米娅的神秘盒子","StSLib","SuperFastMode","The Administrix","The Servant 0.9.4","Youmu（魂魄妖梦）","Yuyuko","【功能Mod】混沌之环修复补丁","【功能Mod】聪明的最终Boss","篝火指南"],"gold_per_floor":[116,130,147,147,147,175,175,224,270,270,67,67,21,68,68,168,168,197,197,26,26,26,26,99,99,174,210,216,216],"floor_reached":28,"playtime":524,"items_purged":["Envy_TH"],"score":463,"play_id":"c70c333f-b1b5-4ce8-9478-bfd1f3082518","local_time":"20201214042248","is_ascension_mode":true,"campfire_choices":[{"data":"UnstableBomb","floor":7.0,"key":"SMITH"},{"data":"BlazeAway","floor":10.0,"key":"SMITH"},{"floor":12.0,"key":"REST"},{"data":"1","floor":15.0,"key":"LIFT"},{"data":"2","floor":23.0,"key":"LIFT"},{"data":"3","floor":25.0,"key":"LIFT"}],"circlet_count":0,"master_deck":["AscendersBane","Strike_MRS","Strike_MRS","Defend_MRS","Defend_MRS","Defend_MRS","MasterSpark","UpSweep+1","UnstableBomb+1","OrrerysSun","BlazeAway+1","PowerUp","PowerUp","UnstableBomb","Finesse","Singularity"],"relics":["MiniHakkero","LagranYue:RandomDrawCardRelic","NeowsBlessing","Pear","Replay:Bandana","conspire:BottledYoYo","ScarletDevilRocket","ReplayTheSpireMod:CursedCoin","Girya","Strawberry","Empty Cage","InkBottle","Replay:Accelerometer"],"acts_visited":["Exordium","TheCity"],"potions_floor_usage":[],"damage_taken":[{"damage":0.0,"enemies":"Cultist","floor":1.0,"turns":1.0},{"damage":0.0,"enemies":"Jaw Worm","floor":2.0,"turns":1.0},{"damage":0.0,"enemies":"2 Louse","floor":3.0,"turns":1.0},{"damage":37.0,"enemies":"Gremlin Nob","floor":6.0,"turns":5.0},{"damage":7.0,"enemies":"Lagavulin","floor":8.0,"turns":7.0},{"damage":2.0,"enemies":"Gremlin Nob","floor":14.0,"turns":3.0},{"damage":21.0,"enemies":"Hexaghost","floor":16.0,"turns":8.0},{"damage":0.0,"enemies":"Spheric Guardian","floor":18.0,"turns":2.0},{"damage":36.0,"enemies":"Gremlin Leader","floor":24.0,"turns":3.0},{"damage":17.0,"enemies":"2 Thieves","floor":27.0,"turns":2.0},{"damage":0,"enemies":"Slavers","floor":28,"turns":1}],"seed_played":"-4207222834308168977","potions_obtained":[{"floor":1.0,"key":"Elixir"},{"floor":6.0,"key":"LifebloodPotion"},{"floor":14.0,"key":"Fire Potion"},{"floor":18.0,"key":"conspire:TimeTravelPotion"}],"is_trial":false,"path_per_floor":["M","M","M","?","?","E","R","E","T","R","$","R","$","E","R","B",null,"M","?","$","?","?","R","E","R","T","M","E"],"character_chosen":"MARISA","items_purchased":["PowerUp","ReplayTheSpireMod:CursedCoin","Girya","PowerUp","Finesse"],"campfire_rested":1,"item_purchase_floors":[11,11,11,13,20],"current_hp_per_floor":[63,63,63,68,68,31,31,24,24,24,24,48,48,53,53,32,73,73,73,73,48,48,48,48,48,48,31,31,31],"gold":216,"neow_bonus":"THREE_ENEMY_KILL","is_daily":false,"chose_seed":false,"campfire_upgraded":2,"win_rate":0.0,"timestamp":1607890968,"path_taken":["M","M","?","?","?","E","R","E","T","R","$","R","$","E","R","BOSS","M","?","$","?","?","R","E","R","T","?","E"],"items_purchased_type":["Card","Relic","Relic","Card","Card"],"build_version":"2020-11-30","purchased_purges":1,"victory":false,"max_hp_per_floor":[70,70,70,80,80,80,80,80,80,80,80,80,80,87,87,87,87,87,87,87,92,92,92,92,92,92,92,92,92],"card_choices":[{"not_picked":["6A","NonDirectionalLaser"],"picked":"UnstableBomb","floor":1.0},{"not_picked":["WitchOfGreed","OneTimeOff","GalacticHalo"],"picked":"SKIP","floor":2.0},{"not_picked":["GasGiant","ShootingEcho","Acceleration"],"picked":"SKIP","floor":3.0},{"not_picked":["ShootingEcho","GravityBeat"],"picked":"OrrerysSun","floor":6.0},{"not_picked":["JA","SporeBomb"],"picked":"BlazeAway","floor":8.0},{"not_picked":["IllusionStar","SporeBomb"],"picked":"UnstableBomb","floor":14.0},{"not_picked":["DC","EventHorizon","PowerUp"],"picked":"SKIP","floor":18.0},{"not_picked":["StarBarrage","DC","EnergyRecoil"],"picked":"SKIP","floor":24.0},{"not_picked":["IllusionStar","GrandCross+1"],"picked":"Singularity","floor":27.0}],"player_experience":454891,"relics_obtained":[{"floor":6.0,"key":"Replay:Bandana"},{"floor":8.0,"key":"conspire:BottledYoYo"},{"floor":9.0,"key":"ScarletDevilRocket"},{"floor":14.0,"key":"Strawberry"},{"floor":24.0,"key":"InkBottle"},{"floor":26.0,"key":"Replay:Accelerometer"}],"event_choices":[{"damage_healed":0.0,"max_hp_gain":0.0,"max_hp_loss":0.0,"gold_gain":0.0,"event_name":"Scrap Ooze","player_choice":"Success","floor":4.0,"gold_loss":0.0,"damage_taken":5.0,"relics_obtained":["Pear"]},{"damage_healed":0.0,"max_hp_gain":0.0,"max_hp_loss":0.0,"gold_gain":0.0,"event_name":"Living Wall","player_choice":"Grow","floor":5.0,"gold_loss":0.0,"damage_taken":0.0,"cards_upgraded":["UpSweep"]},{"damage_healed":0.0,"max_hp_gain":5.0,"max_hp_loss":0.0,"gold_gain":0.0,"event_name":"Forgotten Altar","player_choice":"Shed Blood","floor":21.0,"gold_loss":0.0,"damage_taken":30.0},{"damage_healed":0.0,"max_hp_gain":0.0,"max_hp_loss":0.0,"gold_gain":0.0,"event_name":"Cursed Tome","player_choice":"Ignored","floor":22.0,"gold_loss":0.0,"damage_taken":0.0}],"is_beta":false,"boss_relics":[{"not_picked":["Replay:Drink Me","SacredBark"],"picked":"Empty Cage"}],"items_purged_floors":[20],"is_endless":false,"potions_floor_spawned":[1,6,14,18],"killed_by":"Slavers","ascension_level":15}}