{"host":"7gewg82ormp6yt4e","time":1607853238,"event":{"mods":["BaseMod","Block Reminder","Colored Map","Colored Powertips","DeckTracker","Highlight Path","Minty Spire (QoL Compilation)","Relic Stats","StSLib"],"gold_per_floor":[129,191,223,235,247,259,284,353,390,434,462,499,511,18,18,113,413,437,437,437,461,476,476,491,491,541,559,484,499,499,15,15,108,108,122,122,135,135,135],"floor_reached":38,"playtime":1935,"items_purged":["Strike_G"],"score":769,"play_id":"cf938492-accd-4469-ba7d-e8399608f3cd","local_time":"20201213185358","is_ascension_mode":true,"campfire_choices":[{"data":"Predator","floor":6.0,"key":"SMITH"},{"floor":15.0,"key":"REST"},{"floor":23.0,"key":"REST"},{"data":"Well Laid Plans","floor":25.0,"key":"SMITH"},{"floor":30.0,"key":"REST"},{"data":"Deadly Poison","floor":32.0,"key":"SMITH"}],"circlet_count":0,"master_deck":["AscendersBane","Strike_G","Defend_G","Defend_G","Defend_G","Defend_G","Survivor","Neutralize","Deadly Poison","Dagger Spray","Predator+1","Deadly Poison+1","Terror","Bane","Flying Knee","Well Laid Plans+1","Madness","Corpse Explosion","Doppelganger","CurseOfTheBell","Deflect+1","Night Terror+1","Flying Knee","PiercingWail+1","Prepared+1","Catalyst+1","Blur+1","Bullet Time+1","Finesse+1","Deflect+1","Burst+1"],"relics":["Ring of the Snake","MawBank","Dream Catcher","Regal Pillow","Letter Opener","Odd Mushroom","Golden Idol","Chemical X","Happy Flower","Calling Bell","Lantern","Toxic Egg 2","Old Coin","Nunchaku","Strawberry","Membership Card","Oddly Smooth Stone","Blood Vial","Fusion Hammer"],"acts_visited":["Exordium","TheCity","TheBeyond"],"potions_floor_usage":[37,37],"damage_taken":[{"damage":0.0,"enemies":"Small Slimes","floor":1.0,"turns":5.0},{"damage":0.0,"enemies":"Cultist","floor":3.0,"turns":4.0},{"damage":2.0,"enemies":"2 Louse","floor":7.0,"turns":3.0},{"damage":7.0,"enemies":"3 Sentries","floor":8.0,"turns":9.0},{"damage":15.0,"enemies":"Lagavulin","floor":10.0,"turns":7.0},{"damage":18.0,"enemies":"Large Slime","floor":11.0,"turns":5.0},{"damage":0.0,"enemies":"The Mushroom Lair","floor":12.0,"turns":3.0},{"damage":47.0,"enemies":"The Guardian","floor":16.0,"turns":9.0},{"damage":17.0,"enemies":"2 Thieves","floor":18.0,"turns":2.0},{"damage":19.0,"enemies":"Shell Parasite","floor":22.0,"turns":4.0},{"damage":3.0,"enemies":"3 Cultists","floor":24.0,"turns":3.0},{"damage":10.0,"enemies":"Snecko","floor":27.0,"turns":5.0},{"damage":16.0,"enemies":"Shelled Parasite and Fungi","floor":29.0,"turns":4.0},{"damage":23,"enemies":"Champ","floor":33,"turns":14},{"damage":0,"enemies":"Orb Walker","floor":35,"turns":3},{"damage":32,"enemies":"3 Darklings","floor":37,"turns":3},{"damage":47,"enemies":"Spire Growth","floor":38,"turns":4}],"seed_played":"-8461710045287574298","potions_obtained":[{"floor":3.0,"key":"CunningPotion"},{"floor":8.0,"key":"Weak Potion"},{"floor":11.0,"key":"Strength Potion"},{"floor":16.0,"key":"Explosive Potion"},{"floor":18.0,"key":"Weak Potion"},{"floor":33,"key":"Poison Potion"},{"floor":35,"key":"AttackPotion"},{"floor":36,"key":"DistilledChaos"}],"is_trial":false,"path_per_floor":["M","?","M","$","?","R","M","?","T","E","M","?","?","$","R","B",null,"M","?","?","T","M","R","M","R","T","M","?","M","R","$","R","B",null,"M","?","M","M"],"character_chosen":"THE_SILENT","items_purchased":["Chemical X","Happy Flower","Madness","Membership Card","Bullet Time+1","Oddly Smooth Stone","Finesse+1","Blood Vial","Deflect+1"],"campfire_rested":3,"item_purchase_floors":[14,14,14,31,31,31,31,31,31],"current_hp_per_floor":[59,59,59,59,59,59,57,50,50,35,17,17,17,17,50,3,46,29,29,29,29,10,43,40,40,47,37,37,21,56,56,56,35,59,61,61,31,0,0],"gold":135,"neow_bonus":"RANDOM_COMMON_RELIC","is_daily":false,"chose_seed":false,"campfire_upgraded":3,"win_rate":0.0,"timestamp":1607853238,"path_taken":["M","?","M","?","?","R","M","?","T","E","?","?","?","$","R","BOSS","M","?","?","?","M","R","M","R","T","M","?","M","R","$","R","BOSS","M","?","?","?"],"items_purchased_type":["Relic","Relic","Card","Relic","Card","Relic","Card","Relic","Card"],"build_version":"2020-11-30","purchased_purges":1,"victory":false,"max_hp_per_floor":[66,66,66,66,66,66,66,66,66,66,66,66,60,60,60,60,60,60,60,60,60,60,60,60,60,67,67,67,67,67,67,67,67,67,67,67,67,67,67],"relic_stats":{"Blood Vial":8,"Dream Catcher":3,"Regal Pillow":45,"Nunchaku":[5],"Happy Flower":[17],"counters":[17,87],"Golden Idol":62,"Letter Opener":[168],"Chemical X":[9],"MawBank":168,"obtain_stats":[{"Regal Pillow":9,"Lantern":17,"Happy Flower":14,"Golden Idol":13,"Oddly Smooth Stone":31,"Letter Opener":10,"Odd Mushroom":12,"MawBank":0,"Old Coin":17,"Calling Bell":17,"Blood Vial":31,"Dream Catcher":8,"Nunchaku":21,"Strawberry":26,"Fusion Hammer":34,"Chemical X":14,"Membership Card":31,"Toxic Egg 2":17,"Ring of the Snake":0},{"Regal Pillow":4,"Lantern":8,"Happy Flower":7,"Golden Idol":7,"Oddly Smooth Stone":13,"Letter Opener":5,"Odd Mushroom":7,"MawBank":0,"Old Coin":8,"Calling Bell":8,"Blood Vial":13,"Dream Catcher":4,"Nunchaku":9,"Strawberry":11,"Fusion Hammer":14,"Chemical X":7,"Membership Card":13,"Toxic Egg 2":8,"Ring of the Snake":0},{"Regal Pillow":21,"Lantern":45,"Happy Flower":36,"Golden Idol":36,"Oddly Smooth Stone":63,"Letter Opener":28,"Odd Mushroom":36,"MawBank":0,"Old Coin":45,"Calling Bell":45,"Blood Vial":63,"Dream Catcher":21,"Nunchaku":47,"Strawberry":54,"Fusion Hammer":77,"Chemical X":36,"Membership Card":63,"Toxic Egg 2":45,"Ring of the Snake":0}],"Ring of the Snake":[34]},"card_choices":[{"not_picked":["Acrobatics","Leg Sweep"],"picked":"Deadly Poison","floor":1.0},{"not_picked":["Underhanded Strike","Quick Slash"],"picked":"Dagger Spray","floor":3.0},{"not_picked":["Finisher","Poisoned Stab"],"picked":"Deadly Poison","floor":7.0},{"not_picked":["Tactician","Cloak And Dagger"],"picked":"Terror","floor":8.0},{"not_picked":["Grand Finale","Outmaneuver"],"picked":"Bane","floor":10.0},{"not_picked":["Slice","Quick Slash"],"picked":"Flying Knee","floor":11.0},{"not_picked":["Backflip","Quick Slash"],"picked":"Well Laid Plans","floor":12.0},{"not_picked":["Expertise","Caltrops"],"picked":"Corpse Explosion","floor":15.0},{"not_picked":["Glass Knife","Tools of the Trade"],"picked":"Doppelganger","floor":16.0},{"not_picked":["Cloak And Dagger+1","Dagger Spray"],"picked":"Deflect+1","floor":18.0},{"not_picked":["Dodge and Roll+1","Blade Dance+1"],"picked":"PiercingWail+1","floor":22.0},{"not_picked":["Setup+1","Heel Hook"],"picked":"Prepared+1","floor":23.0},{"not_picked":["Quick Slash","Finisher","Underhanded Strike+1"],"picked":"SKIP","floor":24.0},{"not_picked":["Accuracy","Bane","Sucker Punch"],"picked":"SKIP","floor":27.0},{"not_picked":["Adrenaline+1","Acrobatics+1"],"picked":"Catalyst+1","floor":29.0},{"not_picked":["Blade Dance+1","Outmaneuver+1"],"picked":"Blur+1","floor":30.0},{"not_picked":["Glass Knife","Venomology+1"],"picked":"Burst+1","floor":33},{"not_picked":["Underhanded Strike","Blade Dance+1","Riddle With Holes"],"picked":"SKIP","floor":35},{"not_picked":["Infinite Blades","Reflex+1","Poisoned Stab"],"picked":"SKIP","floor":37}],"player_experience":2342535,"relics_obtained":[{"floor":8.0,"key":"Dream Catcher"},{"floor":9.0,"key":"Regal Pillow"},{"floor":10.0,"key":"Letter Opener"},{"floor":12.0,"key":"Odd Mushroom"},{"floor":17.0,"key":"Lantern"},{"floor":17.0,"key":"Toxic Egg 2"},{"floor":17.0,"key":"Old Coin"},{"floor":21.0,"key":"Nunchaku"},{"floor":26.0,"key":"Strawberry"}],"event_choices":[{"damage_healed":0.0,"max_hp_gain":0.0,"max_hp_loss":0.0,"gold_gain":50.0,"event_name":"Golden Shrine","player_choice":"Pray","floor":2.0,"gold_loss":0.0,"damage_taken":0.0},{"damage_healed":0.0,"max_hp_gain":0.0,"max_hp_loss":0.0,"gold_gain":0.0,"cards_transformed":["Strike_G"],"event_name":"Living Wall","player_choice":"Change","floor":5.0,"gold_loss":0.0,"damage_taken":0.0,"cards_obtained":["Predator"]},{"damage_healed":0.0,"max_hp_gain":0.0,"max_hp_loss":0.0,"gold_gain":0.0,"event_name":"Dead Adventurer","player_choice":"Searched \u00271\u0027 times","floor":8.0,"gold_loss":0.0,"damage_taken":0.0},{"damage_healed":0.0,"max_hp_gain":0.0,"max_hp_loss":0.0,"gold_gain":0.0,"event_name":"Mushrooms","player_choice":"Fought Mushrooms","floor":12.0,"gold_loss":0.0,"damage_taken":0.0},{"damage_healed":0.0,"max_hp_gain":0.0,"max_hp_loss":6.0,"gold_gain":0.0,"event_name":"Golden Idol","player_choice":"Lose Max HP","floor":13.0,"gold_loss":0.0,"damage_taken":0.0,"relics_obtained":["Golden Idol"]},{"damage_healed":0.0,"max_hp_gain":0.0,"max_hp_loss":0.0,"gold_gain":0.0,"event_name":"The Mausoleum","player_choice":"Ignored","floor":19.0,"gold_loss":0.0,"damage_taken":0.0},{"damage_healed":0.0,"max_hp_gain":0.0,"max_hp_loss":0.0,"gold_gain":0.0,"cards_transformed":["Strike_G","Defend_G"],"event_name":"Drug Dealer","player_choice":"Became Test Subject","floor":20.0,"gold_loss":0.0,"damage_taken":0.0,"cards_obtained":["Night Terror","Flying Knee"]},{"cards_removed":["Strike_G"],"damage_healed":0.0,"max_hp_gain":0.0,"max_hp_loss":0.0,"gold_gain":0.0,"event_name":"Beggar","player_choice":"Gave Gold","floor":28.0,"gold_loss":75.0,"damage_taken":0.0},{"damage_healed":0,"gold_gain":0,"player_choice":"Got Potions","damage_taken":0,"max_hp_gain":0,"max_hp_loss":0,"event_name":"Lab","floor":36,"gold_loss":0}],"is_beta":false,"boss_relics":[{"not_picked":["Busted Crown","SacredBark"],"picked":"Calling Bell"},{"not_picked":["Philosopher\u0027s Stone","WristBlade"],"picked":"Fusion Hammer"}],"items_purged_floors":[14],"is_endless":false,"potions_floor_spawned":[3,8,11,16,18,33,35],"killed_by":"Spire Growth","ascension_level":20}}