{"host":"04aht2z7d1qbuefv","time":1607880954,"event":{"mods":["AchievementEnabler","BaseMod","Downfall","Minty Spire (QoL Compilation)","StSLib","The Cursed","The Necromancer"],"gold_per_floor":[99,134,134,134,162,174,174,189,214,64,91,91,102,37,55,159,159,84,84,102,130,130,146,146,146,146,177,193,26,26,26,44,148,148,148,148,197,222,11,11,11,44,44,72,84,84,97,115,133,133],"floor_reached":51,"playtime":3434,"items_purged":["champ:Defend","champ:Strike"],"score":839,"play_id":"5a1dc0ae-719b-4c6d-ac03-1c0fd93903cb","local_time":"20201213143554","is_ascension_mode":false,"campfire_choices":[{"floor":1.0,"key":"RECALL"},{"floor":10.0,"key":"REST"},{"data":"champ:Backstep","floor":18,"key":"SMITH"},{"data":"champ:Taunt","floor":22,"key":"SMITH"},{"data":"champ:DefensiveShout","floor":25,"key":"SMITH"},{"data":"champ:Improvising","floor":35,"key":"SMITH"},{"floor":40,"key":"REST"},{"floor":43,"key":"REST"}],"circlet_count":0,"master_deck":["champ:Strike","champ:Strike","champ:Strike","champ:Defend","champ:Defend","champ:Defend","champ:Execute","champ:Taunt+1","champ:BringItOn","champ:Backstep+1","champ:HeartStrike+1","champ:Haymaker+1","champ:DefensiveShout+1","champ:Devastate+1","champ:FlashCut+1","champ:CrookedStrike+1","champ:BladeFlurry+1","champ:Improvising+1","champ:Riposte+1","champ:DefensiveShout+1","champ:FaceSlap+1","champ:FanOfKnives+1"],"relics":["champ:ChampionCrown","downfall:HeartsMalice","Molten Egg 2","Smiling Mask","Bag of Preparation","champ:DefensiveTrainingManual","downfall:HeartBlessingRed","downfall:HeartBlessingGreen","Centennial Puzzle","Busted Crown","downfall:HeartBlessingBlue","FossilizedHelix","Ornamental Fan","Toxic Egg 2","Toy Ornithopter","Membership Card","SlaversCollar","Thread and Needle","Regal Pillow","Shovel","Bottled Lightning","StoneCalendar","Mango"],"acts_visited":["Exordium","TheCity","TheBeyond"],"potions_floor_usage":[16,16,21,33,33,33,38,44,50,50],"damage_taken":[{"damage":0.0,"enemies":"Gremlin Nob","floor":2.0,"turns":1.0},{"damage":0.0,"enemies":"Cultist","floor":3.0,"turns":1.0},{"damage":0.0,"enemies":"3 Sentries","floor":5.0,"turns":1.0},{"damage":20.0,"enemies":"Jaw Worm","floor":6.0,"turns":3.0},{"damage":11.0,"enemies":"Small Slimes","floor":8.0,"turns":3.0},{"damage":33.0,"enemies":"Gremlin Nob","floor":9.0,"turns":5.0},{"damage":5.0,"enemies":"Red Slaver","floor":13.0,"turns":3.0},{"damage":10.0,"enemies":"downfall:FleeingMerchant","floor":14.0,"turns":4.0},{"damage":20.0,"enemies":"Gremlin Gang","floor":15.0,"turns":5.0},{"damage":73,"enemies":"downfall:Watcher","floor":16,"turns":19},{"damage":0,"enemies":"Spheric Guardian","floor":20,"turns":3},{"damage":4,"enemies":"Book of Stabbing","floor":21,"turns":3},{"damage":0,"enemies":"3 Byrds","floor":23,"turns":6},{"damage":41,"enemies":"Gremlin Leader","floor":27,"turns":12},{"damage":0,"enemies":"Centurion and Healer","floor":28,"turns":4},{"damage":0,"enemies":"downfall:FleeingMerchant","floor":29,"turns":4},{"damage":14,"enemies":"3 Cultists","floor":32,"turns":6},{"damage":43,"enemies":"downfall:Ironclad","floor":33,"turns":7},{"damage":19,"enemies":"2 Orb Walkers","floor":37,"turns":4},{"damage":79,"enemies":"Nemesis","floor":38,"turns":11},{"damage":0,"enemies":"downfall:FleeingMerchant","floor":39,"turns":4},{"damage":49,"enemies":"Reptomancer","floor":42,"turns":9},{"damage":38,"enemies":"Nemesis","floor":44,"turns":7},{"damage":5,"enemies":"3 Shapes","floor":45,"turns":4},{"damage":0,"enemies":"Orb Walker","floor":47,"turns":4},{"damage":0,"enemies":"Sphere and 2 Shapes","floor":48,"turns":3},{"damage":0,"enemies":"3 Darklings","floor":49,"turns":4},{"damage":55,"enemies":"downfall:Silent","floor":50,"turns":8}],"seed_played":"5718535337253841131","potions_obtained":[{"floor":8.0,"key":"EssenceOfSteel"},{"floor":15.0,"key":"champ:TechniquePotion"},{"floor":16,"key":"Fruit Juice"},{"floor":20,"key":"ColorlessPotion"},{"floor":23,"key":"champ:CounterPotion"},{"floor":30,"key":"CultistPotion"},{"floor":32,"key":"champ:TechniquePotion"},{"floor":37,"key":"Regen Potion"},{"floor":42,"key":"Fire Potion"},{"floor":44,"key":"SmokeBomb"},{"floor":48,"key":"PowerPotion"},{"floor":49,"key":"PowerPotion"}],"is_trial":false,"path_per_floor":["R","E","M","?","E","M","T","M","E","R","T","?","M","$","M","B",null,"R","T","M","E","R","M","T","R","?","E","M","$","?","?","M","B",null,"R","?","?","E","$","R","T","E","R","E","M","?","M","M","M","B",null],"character_chosen":"THE_CHAMP","items_purchased":["Membership Card","Shovel"],"campfire_rested":3,"item_purchase_floors":[29,39],"current_hp_per_floor":[90,90,90,90,90,80,80,74,53,80,80,85,83,83,63,14,95,105,105,105,101,101,105,105,105,105,75,75,75,75,75,61,33,105,105,105,86,37,42,88,88,44,90,81,81,81,81,81,81,47],"gold":133,"neow_bonus":"THREE_ENEMY_KILL","is_daily":false,"chose_seed":false,"campfire_upgraded":4,"win_rate":0.0,"timestamp":1607880954,"path_taken":["R","E","M","?","E","M","T","M","E","R","?","?","?","$","M","BOSS","R","?","M","E","R","?","T","R","?","E","M","$","?","?","M","BOSS","R","?","?","E","$","R","T","E","R","E","M","?","M","?","M","BOSS"],"items_purchased_type":["Relic","Relic"],"build_version":"2020-11-30","purchased_purges":2,"victory":true,"max_hp_per_floor":[90,90,90,90,90,90,90,90,90,90,90,90,90,90,90,95,95,105,105,105,105,105,105,105,105,105,105,105,105,105,105,105,105,105,105,105,105,105,105,105,105,105,105,119,119,119,119,119,119,119],"card_choices":[{"not_picked":["champ:DefensiveShout","champ:FocusedGladiator"],"picked":"champ:BringItOn","floor":2.0},{"not_picked":["champ:FanOfKnives+1","champ:HeartStrike+1","champ:PerfectedStrike+1"],"picked":"SKIP","floor":3.0},{"not_picked":["champ:EnragedBash+1","champ:SkillfulDodge"],"picked":"champ:Backstep","floor":5.0},{"not_picked":["champ:Lariat","champ:BringItOn"],"picked":"champ:HeartStrike+1","floor":6.0},{"not_picked":["champ:DefensiveStyle","champ:CrookedStrike+1"],"picked":"champ:Encircle+1","floor":8.0},{"not_picked":["champ:GladiatorsShout","champ:HeartStrike+1"],"picked":"champ:Haymaker+1","floor":9.0},{"not_picked":["champ:BladeFlurry+1","champ:IronFortress","champ:Encircle+1"],"picked":"SKIP","floor":13.0},{"not_picked":["champ:Encircle+1","champ:Haymaker+1"],"picked":"champ:DefensiveShout","floor":14.0},{"not_picked":["champ:Encircle+1","champ:BringItOn","champ:PerfectedStrike+1"],"picked":"SKIP","floor":15.0},{"not_picked":["champ:SteelEdge+1","champ:IgnorePain"],"picked":"champ:Devastate+1","floor":16},{"not_picked":[],"picked":"champ:FlashCut+1","floor":20},{"not_picked":["champ:GladiatorsShout"],"picked":"SKIP","floor":21},{"not_picked":["champ:EnragedBash+1"],"picked":"SKIP","floor":23},{"not_picked":[],"picked":"champ:CalledShot","floor":27},{"not_picked":["champ:Encircle+1"],"picked":"SKIP","floor":28},{"not_picked":[],"picked":"champ:CrookedStrike+1","floor":29},{"not_picked":[],"picked":"champ:BladeFlurry+1","floor":32},{"not_picked":[],"picked":"champ:Improvising","floor":33},{"not_picked":["champ:BerserkersShout+1"],"picked":"SKIP","floor":38},{"not_picked":[],"picked":"champ:Riposte+1","floor":39},{"not_picked":["champ:FocusedBerserking+1"],"picked":"SKIP","floor":42},{"not_picked":[],"picked":"champ:DefensiveShout+1","floor":44},{"not_picked":[],"picked":"champ:FaceSlap+1","floor":45},{"not_picked":[],"picked":"champ:FanOfKnives+1","floor":47},{"not_picked":["champ:Shatter+1"],"picked":"SKIP","floor":48},{"not_picked":["champ:AdrenalArmor+1"],"picked":"SKIP","floor":49}],"player_experience":129157,"relics_obtained":[{"floor":2.0,"key":"Molten Egg 2"},{"floor":5.0,"key":"Bag of Preparation"},{"floor":9.0,"key":"champ:DefensiveTrainingManual"},{"floor":11.0,"key":"Centennial Puzzle"},{"floor":19,"key":"FossilizedHelix"},{"floor":21,"key":"Ornamental Fan"},{"floor":24,"key":"Toxic Egg 2"},{"floor":27,"key":"Toy Ornithopter"},{"floor":37,"key":"Thread and Needle"},{"floor":38,"key":"Regal Pillow"},{"floor":41,"key":"Bottled Lightning"},{"floor":42,"key":"StoneCalendar"},{"floor":44,"key":"Mango"}],"event_choices":[{"cards_removed":["champ:Encircle"],"damage_healed":5.0,"max_hp_gain":0.0,"max_hp_loss":0.0,"gold_gain":0.0,"event_name":"Bonfire Elementals","player_choice":"Offered Common","floor":12.0,"gold_loss":0.0,"damage_taken":0.0},{"cards_removed":["champ:Encircle"],"damage_healed":5.0,"max_hp_gain":0.0,"max_hp_loss":0.0,"gold_gain":0.0,"event_name":"Bonfire Elementals","player_choice":"Offered Special","floor":12.0,"gold_loss":0.0,"damage_taken":0.0},{"damage_healed":0,"gold_gain":0,"player_choice":"Ignored","damage_taken":0,"max_hp_gain":0,"max_hp_loss":0,"event_name":"Ghosts","floor":26,"gold_loss":0},{"cards_removed":["champ:CalledShot"],"damage_healed":0,"gold_gain":0,"player_choice":"Removed Power","damage_taken":0,"max_hp_gain":0,"max_hp_loss":0,"event_name":"Falling","floor":36,"gold_loss":0},{"damage_healed":0,"gold_gain":0,"player_choice":"Fight","damage_taken":0,"max_hp_gain":0,"max_hp_loss":0,"event_name":"Mysterious Sphere","floor":37,"gold_loss":0}],"is_beta":false,"boss_relics":[{"not_picked":["Astrolabe","Sozu"],"picked":"Busted Crown"},{"not_picked":["Philosopher\u0027s Stone","Runic Dome"],"picked":"SlaversCollar"}],"items_purged_floors":[14,39],"is_endless":false,"potions_floor_spawned":[8,15,16,20,23,32,37,42,44,48,49],"ascension_level":0}}