{"host":"yuhibl5o0ay6idau","time":1607840465,"event":{"mods":["Aspiration","BaseMod","Better Altar","Better Match","Better Note","Better Sensory Stone","Better Skull","Better Third Choice","Colored Map","Colored Powertips","Conspire","Highlight Path","Minty Spire (QoL Compilation)","Quick Restart","Replay The Spire","SOS???????","StSLib","SuperFastMode","Youmu??????","Yuri Mod","Yuyuko"],"gold_per_floor":[141,168,185,223,223,281,281,330,402,48,96,96,157,212,212,318,318,364,364,364,428,480,129,187,187,187,237,237,270,270,291,291,412,412,468,468,508,508,508,572,572,151,151,198,198,253,253,103,103,239],"floor_reached":51,"playtime":5353,"items_purged":["Shoot","Shoot","Hallucinations","Writhe"],"score":571,"play_id":"c300f0d9-7871-457e-9c20-45f1721fea25","local_time":"20201212222105","is_ascension_mode":false,"campfire_choices":[{"floor":7,"key":"REST"},{"data":"Weaponchange","floor":12,"key":"SMITH"},{"data":"Redorb","floor":15,"key":"SMITH"},{"data":"Attack_b","floor":25,"key":"SMITH"},{"data":"Provocation","floor":28,"key":"SMITH"},{"floor":41,"key":"REST"},{"floor":45,"key":"REST"},{"data":"Defend_Dante","floor":49,"key":"SMITH"}],"circlet_count":0,"master_deck":["Attack_a","Attack_a","Attack_b+1","Defend_Dante+1","Defend_Dante","Redorb+1","Weaponchange+1","Static Discharge+1","Enemystep+1","Lucifer+1","Swordcombo+1","AbeCurse","Enemystep","ReplayTheSpireMod:Splinters","SSScard+1","Royaldefend+1","Shock+1","Weaponreturn"],"relics":["SSS","Combocheck","Nunchaku","Sundial","Molten Egg 2","Guide Book","Lantern","Sozu","Nloth\u0027s Gift","conspire:Dentures","ReplayTheSpireMod:TigerMarble","Shuriken","Quantum Egg","Ring of Peace","Kintsugi","Replay:Bottled Flurry","Replay:PocketPolymizer","Replay:WaspNest","PreservedInsect","Replay:Bottled Snecko"],"acts_visited":["Exordium","TheCity","TheBeyond"],"potions_floor_usage":[11,16,21,44],"damage_taken":[{"damage":0,"enemies":"2 Louse","floor":1,"turns":4},{"damage":0,"enemies":"conspire:RoseBush","floor":2,"turns":4},{"damage":2,"enemies":"Small Slimes","floor":3,"turns":4},{"damage":6,"enemies":"2 Fungi Beasts","floor":4,"turns":5},{"damage":32,"enemies":"3 Sentries","floor":6,"turns":11},{"damage":18,"enemies":"Lagavulin","floor":8,"turns":9},{"damage":19,"enemies":"3 Sentries","floor":11,"turns":4},{"damage":0,"enemies":"Blue Slaver","floor":13,"turns":5},{"damage":0,"enemies":"Gremlin Gang","floor":14,"turns":3},{"damage":25,"enemies":"The Guardian","floor":16,"turns":7},{"damage":0,"enemies":"Chosen","floor":18,"turns":4},{"damage":0,"enemies":"3 Byrds","floor":21,"turns":1},{"damage":6,"enemies":"Snecko","floor":22,"turns":4},{"damage":6,"enemies":"Replay:Snechameleon","floor":24,"turns":3},{"damage":7,"enemies":"Snake Plant","floor":29,"turns":2},{"damage":14,"enemies":"conspire:HollyBat","floor":31,"turns":6},{"damage":0,"enemies":"Pondfish","floor":33,"turns":7},{"damage":35,"enemies":"3 Darklings","floor":35,"turns":5},{"damage":0,"enemies":"Orb Walker","floor":37,"turns":4},{"damage":46,"enemies":"Nemesis","floor":40,"turns":5},{"damage":13,"enemies":"Reptomancer","floor":44,"turns":6},{"damage":8,"enemies":"Giant Head","floor":46,"turns":6},{"damage":62,"enemies":"Awakened One","floor":50,"turns":11}],"seed_played":"-4090936493000342463","potions_obtained":[{"floor":3,"key":"FairyPotion"},{"floor":6,"key":"Energy Potion"},{"floor":11,"key":"DistilledChaos"},{"floor":13,"key":"LiquidBronze"},{"floor":16,"key":"PowerPotion"}],"is_trial":false,"path_per_floor":["M","M","M","M","?","E","R","E","T","$","E","R","M","M","R","B",null,"M","?","?","M","M","$","E","R","T","?","R","M","T","M","R_BF","B",null,"M","?","M","?","?","E","R","$","T","E","R","E","?","$","R","B",null],"character_chosen":"DANTE","items_purchased":["LucifercomboC+1","Unrisingdragon+1","Guide Book","conspire:Dentures","Replay:PocketPolymizer"],"campfire_rested":3,"item_purchase_floors":[10,10,10,23,42],"current_hp_per_floor":[88,88,86,80,68,36,62,44,44,44,25,25,30,31,31,15,88,88,88,88,88,85,85,87,87,87,87,87,80,80,69,69,74,88,54,54,57,57,66,26,52,52,52,49,75,71,71,71,71,9],"gold":239,"neow_bonus":"TEN_PERCENT_HP_BONUS","is_daily":false,"chose_seed":false,"campfire_upgraded":5,"win_rate":0.0,"timestamp":1607840465,"path_taken":["M","M","M","M","?","E","R","E","T","$","E","R","M","M","R","BOSS","M","?","?","M","M","$","E","R","T","?","R","?","?","M","R_BF","BOSS","M","?","?","?","?","E","R","$","T","E","R","E","?","?","R","BOSS"],"items_purchased_type":["Card","Card","Relic","Relic","Relic"],"build_version":"2020-11-30","purchased_purges":4,"victory":true,"max_hp_per_floor":[88,88,88,88,88,88,88,88,88,88,88,88,88,88,88,88,88,88,88,88,88,88,88,88,88,88,88,88,88,88,88,88,88,88,88,88,88,88,88,88,88,88,88,88,88,88,88,88,88,88],"card_choices":[{"not_picked":["VitalstarS","Gunstinger"],"picked":"Weaponchange","floor":1},{"not_picked":["DT","Swordmaster","LucifercomboB"],"picked":"SKIP","floor":2},{"not_picked":["Swordmaster","Millionstab","Millionkick"],"picked":"SKIP","floor":3},{"not_picked":["DevilstarS","BeastUppercut","Weaponupgrade"],"picked":"SKIP","floor":4},{"not_picked":["Holywater","Darkslayer"],"picked":"Enemystep","floor":6},{"not_picked":["Dash2","EbonyIvory"],"picked":"Lucifer","floor":8},{"not_picked":["Stinger+1","Pandora"],"picked":"Greenorb","floor":11},{"not_picked":["Millionkick+1","Rebellion","DevilstarS"],"picked":"SKIP","floor":13},{"not_picked":["Royalguard","Whiteorb"],"picked":"LucifercomboB+1","floor":14},{"not_picked":["Blueorb","Trickster"],"picked":"Swordcombo+1","floor":16},{"not_picked":["Hightime","EbonyIvory","Fullhouse+1"],"picked":"SKIP","floor":18},{"not_picked":["Whiteorb","VitalstarS"],"picked":"Chargeshoot+1","floor":21},{"not_picked":["Kick13+1","Stinger+1","LucifercomboA+1"],"picked":"SKIP","floor":22},{"not_picked":["Whiteorb","Lucifer","Millionkick+1"],"picked":"SKIP","floor":24},{"not_picked":["Greenorb","Weaponreturn","CoyoteA"],"picked":"SKIP","floor":29},{"not_picked":["Rebellion","Airhike","EbonyIvory"],"picked":"SKIP","floor":31},{"not_picked":["Weaponreturn","Stylechange"],"picked":"Enemystep","floor":33},{"not_picked":["LucifercomboB+1","Honeycombofire"],"picked":"SSScard+1","floor":35},{"not_picked":["Ecstasy+1","Millionkick+1"],"picked":"Royaldefend+1","floor":37},{"not_picked":["CoyoteA+1","Stinger+1","Pandora+1"],"picked":"SKIP","floor":40},{"not_picked":["Weaponupgrade","Kick13+1","Gilgamesh"],"picked":"SKIP","floor":44},{"not_picked":["Airhike+1","Kick13+1","Stylechange"],"picked":"SKIP","floor":46}],"player_experience":361451,"relics_obtained":[{"floor":6,"key":"Nunchaku"},{"floor":8,"key":"Sundial"},{"floor":9,"key":"Molten Egg 2"},{"floor":11,"key":"Lantern"},{"floor":24,"key":"ReplayTheSpireMod:TigerMarble"},{"floor":26,"key":"Shuriken"},{"floor":30,"key":"Quantum Egg"},{"floor":32,"key":"Ring of Peace"},{"floor":40,"key":"Replay:Bottled Flurry"},{"floor":43,"key":"Replay:WaspNest"},{"floor":44,"key":"PreservedInsect"},{"floor":46,"key":"Replay:Bottled Snecko"}],"event_choices":[{"damage_healed":0,"gold_gain":0,"player_choice":"Upgraded","damage_taken":0,"max_hp_gain":0,"max_hp_loss":0,"event_name":"Upgrade Shrine","floor":19,"gold_loss":0,"cards_upgraded":["Lucifer"]},{"damage_healed":0,"gold_gain":0,"player_choice":"Traded Relic","damage_taken":0,"relics_obtained":["Nloth\u0027s Gift"],"max_hp_gain":0,"max_hp_loss":0,"event_name":"N\u0027loth","floor":20,"relics_lost":["Anchor"],"gold_loss":0},{"damage_healed":0,"gold_gain":100,"player_choice":"Bet on Murderer","damage_taken":0,"max_hp_gain":0,"max_hp_loss":0,"event_name":"The Joust","floor":27,"gold_loss":50},{"damage_healed":0,"gold_gain":0,"player_choice":"Got Potions","damage_taken":0,"max_hp_gain":0,"max_hp_loss":0,"event_name":"Lab","floor":36,"gold_loss":0},{"cards_removed":["Provocation"],"damage_healed":0,"gold_gain":0,"player_choice":"Removed Skill","damage_taken":0,"max_hp_gain":0,"max_hp_loss":0,"event_name":"Falling","floor":38,"gold_loss":0},{"damage_healed":0,"gold_gain":0,"player_choice":"Leave","damage_taken":0,"max_hp_gain":0,"max_hp_loss":0,"event_name":"conspire:Investor","floor":47,"gold_loss":0}],"is_beta":false,"boss_relics":[{"not_picked":["aspiration:PoetsPen_weak","ChewingGum"],"picked":"Sozu"},{"not_picked":["Busted Crown","conspire:SpecialSausage"],"picked":"Kintsugi"}],"items_purged_floors":[10,23,42,48],"is_endless":false,"potions_floor_spawned":[3,6,11,13,14,16,24,29,33,40,46],"ascension_level":0}}