{"host":"jak4ncvfzor9mys0","time":1607882177,"event":{"mods":["2.2 Compatiblity","AchievementEnabler","BaseMod","Better Altar","Better Match","Better Note","Better Sensory Stone","Better Skull","Better Third Choice","BetterRewards","Block Reminder","Colored Map","Colored Powertips","Energized Spire","Gold Saver","Hubris","Infinite Spire","Key Reminder","Minty Spire (QoL Compilation)","Rare Cards Sparkle","Red Circlet Mod","Relic Sorter","Relic Stats","Replay The Spire","Retaliation","StSLib","SuperFastMode","The Blue Laboratory"],"gold_per_floor":[351,364,364,377,395,395,414,425,425,123,143,154,154,2,2,102,102,102,102],"floor_reached":18,"playtime":1324,"items_purged":["Strike_P"],"score":306,"play_id":"461a983b-87a1-4a25-824a-28b8a75f7e54","local_time":"20201213095617","is_ascension_mode":false,"campfire_choices":[{"data":"Wallop","floor":6,"key":"SMITH"},{"data":"Eruption","floor":13,"key":"SMITH"},{"floor":15,"key":"REST"}],"circlet_count":0,"master_deck":["Strike_P","Strike_P","Strike_P","Defend_P","Defend_P","Defend_P","Eruption+1","Vigilance","FlurryOfBlows","DeceiveReality","Perseverance","Wallop+1","Protect","BattleHymn","DevaForm"],"relics":["PureWater","Vajra","hubris:TinFlute","ClockworkSouvenir","Oddly Smooth Stone"],"acts_visited":["Exordium","TheCity"],"potions_floor_usage":[],"damage_taken":[{"damage":1,"enemies":"Jaw Worm","floor":1,"turns":4},{"damage":0,"enemies":"Small Slimes","floor":2,"turns":4},{"damage":0,"enemies":"Cultist","floor":4,"turns":2},{"damage":0,"enemies":"2 Fungi Beasts","floor":5,"turns":2},{"damage":0,"enemies":"Large Slime","floor":7,"turns":3},{"damage":0,"enemies":"Looter","floor":8,"turns":2},{"damage":0,"enemies":"Red Slaver","floor":11,"turns":2},{"damage":15,"enemies":"3 Louse","floor":12,"turns":3},{"damage":0,"enemies":"Slime Boss","floor":16,"turns":6},{"damage":79,"enemies":"3 Byrds","floor":18,"turns":4}],"seed_played":"9036099245867437597","potions_obtained":[{"floor":5,"key":"Strength Potion"},{"floor":11,"key":"BottledMiracle"},{"floor":16,"key":"blueLaboratory:EpiphanyPotion"}],"is_trial":false,"path_per_floor":["M","M","?","M","M","R","M","M","T","$","M","M","R","$","R","B",null,"M"],"character_chosen":"WATCHER","items_purchased":["Vajra","FlurryOfBlows","ClockworkSouvenir","BattleHymn","Oddly Smooth Stone"],"campfire_rested":1,"item_purchase_floors":[0,0,10,10,14],"current_hp_per_floor":[71,71,64,64,64,64,64,64,64,64,64,49,49,49,70,70,72,0,0],"gold":102,"neow_bonus":"","is_daily":false,"chose_seed":false,"campfire_upgraded":2,"win_rate":0.0,"timestamp":1607882177,"path_taken":["M","M","?","M","M","R","M","M","T","$","M","M","R","$","R","BOSS","M"],"items_purchased_type":["Relic","Card","Relic","Card","Relic"],"build_version":"2020-11-30","purchased_purges":1,"victory":false,"max_hp_per_floor":[72,72,72,72,72,72,72,72,72,72,72,72,72,72,72,72,72,72,72],"relic_stats":{"counters":[34,114],"obtain_stats":[{"Ice Cream":5,"Regal Pillow":9,"Vajra":0,"Oddly Smooth Stone":14,"infinitespire:CheckeredPen":19,"Empty Cage":17,"Cursed Key":19,"ClockworkSouvenir":10,"CaptainsWheel":3,"HornCleat":14,"Ornamental Fan":9,"hubris:ScarierMask":17,"PureWater":0,"infinitespire:PuzzleCube":14,"hubris:TinFlute":9},{"Ice Cream":2,"Regal Pillow":3,"Vajra":24,"Oddly Smooth Stone":32,"infinitespire:CheckeredPen":20,"Empty Cage":8,"Cursed Key":20,"ClockworkSouvenir":30,"CaptainsWheel":14,"HornCleat":7,"Ornamental Fan":16,"hubris:ScarierMask":19,"PureWater":0,"infinitespire:PuzzleCube":18,"hubris:TinFlute":30},{"Ice Cream":6,"Regal Pillow":8,"Vajra":82,"Oddly Smooth Stone":104,"infinitespire:CheckeredPen":64,"Empty Cage":23,"Cursed Key":64,"ClockworkSouvenir":99,"CaptainsWheel":41,"HornCleat":20,"Ornamental Fan":47,"hubris:ScarierMask":60,"PureWater":0,"infinitespire:PuzzleCube":55,"hubris:TinFlute":99}]},"card_choices":[{"not_picked":["ClearTheMind","CarveReality"],"picked":"DeceiveReality","floor":1},{"not_picked":["Consecrate","BowlingBash"],"picked":"Perseverance","floor":2},{"not_picked":["PathToVictory","CutThroughFate","Prostrate"],"picked":"SKIP","floor":4},{"not_picked":["Vengeance","SashWhip"],"picked":"Wallop","floor":5},{"not_picked":["EmptyFist","Sanctity","Vengeance"],"picked":"SKIP","floor":7},{"not_picked":["CutThroughFate","SignatureMove"],"picked":"Protect","floor":8},{"not_picked":["LikeWater","EmptyFist","Worship"],"picked":"SKIP","floor":11},{"not_picked":["Nirvana","Fasting2","ThirdEye"],"picked":"SKIP","floor":12},{"not_picked":["Replay:AllIn","Vault"],"picked":"DevaForm","floor":16}],"player_experience":2583277,"relics_obtained":[{"floor":9,"key":"hubris:TinFlute"}],"event_choices":[{"cards_removed":["Defend_P"],"damage_healed":0,"gold_gain":0,"player_choice":"Card Removal","damage_taken":7,"max_hp_gain":0,"max_hp_loss":0,"event_name":"Golden Wing","floor":3,"gold_loss":0}],"is_beta":false,"boss_relics":[{"not_picked":["hubris:CrackedHourglass","Runic Dome","Snecko Heart"]}],"items_purged_floors":[10],"is_endless":false,"potions_floor_spawned":[5,7,11,16],"killed_by":"3 Byrds","ascension_level":0}}