{"host":"hgkb2zpbo2dcws21","time":1607835700,"event":{"mods":["AchievementEnabler","BaseMod","Colored Map","Colored Powertips","Custom Start","DeckTracker","KOR Keyword Fix","Minty Spire (QoL Compilation)","StSLib","SuperFastMode"],"gold_per_floor":[15,32,43,57,57,57,88,49,49,78,88,114,114,126,126,205,205,215,100,111,126,126,126,151,151,178,204,222,251,267,286,286,286,286],"floor_reached":33,"playtime":863,"items_purged":["Strike_R"],"score":863,"play_id":"93994439-ea26-454b-8e97-d2f8f51e97cd","local_time":"20201213140140","is_ascension_mode":true,"campfire_choices":[{"data":"Pommel Strike","floor":6,"key":"SMITH"},{"data":"Fire Breathing","floor":13,"key":"SMITH"},{"data":"Battle Trance","floor":15,"key":"SMITH"},{"data":"Offering","floor":23,"key":"SMITH"},{"floor":25,"key":"REST"},{"floor":32,"key":"REST"}],"circlet_count":0,"master_deck":["AscendersBane","Strike_R","Strike_R","Strike_R","Defend_R","Defend_R","Defend_R","Bash","Headbutt","Burning Pact","Pommel Strike+1","Dropkick","Fire Breathing+1","Battle Trance+1","Pain","Shrug It Off","Parasite","Offering+1","CurseOfTheBell","Feel No Pain+1","Feel No Pain+1","Regret","Shrug It Off"],"relics":["Burning Blood","Cursed Key","Du-Vu Doll","Darkstone Periapt","Blue Candle","StrikeDummy","Frozen Egg 2","Bag of Preparation","Pen Nib","Calling Bell","Boot","Pear","Dead Branch","Nilry\u0027s Codex","Kunai","Bronze Scales","Blood Vial","Centennial Puzzle"],"acts_visited":["Exordium","TheCity"],"potions_floor_usage":[33],"damage_taken":[{"damage":1,"enemies":"Cultist","floor":1,"turns":3},{"damage":0,"enemies":"Small Slimes","floor":2,"turns":2},{"damage":4,"enemies":"Jaw Worm","floor":3,"turns":3},{"damage":14,"enemies":"Red Slaver","floor":4,"turns":2},{"damage":8,"enemies":"Gremlin Nob","floor":7,"turns":3},{"damage":31,"enemies":"3 Sentries","floor":10,"turns":4},{"damage":6,"enemies":"Large Slime","floor":11,"turns":4},{"damage":2,"enemies":"3 Louse","floor":14,"turns":2},{"damage":2,"enemies":"Slime Boss","floor":16,"turns":4},{"damage":8,"enemies":"Chosen","floor":18,"turns":1},{"damage":21,"enemies":"Shell Parasite","floor":20,"turns":2},{"damage":2,"enemies":"Snecko","floor":21,"turns":3},{"damage":36,"enemies":"Gremlin Leader","floor":24,"turns":4},{"damage":35,"enemies":"Slavers","floor":27,"turns":3},{"damage":13,"enemies":"3 Cultists","floor":28,"turns":4},{"damage":20,"enemies":"Book of Stabbing","floor":29,"turns":2},{"damage":9,"enemies":"Centurion and Healer","floor":30,"turns":3},{"damage":16,"enemies":"Shelled Parasite and Fungi","floor":31,"turns":2},{"damage":54,"enemies":"Automaton","floor":33,"turns":4}],"seed_played":"-4205382826939846202","potions_obtained":[{"floor":2,"key":"Dexterity Potion"},{"floor":7,"key":"FearPotion"}],"is_trial":false,"path_per_floor":["M","M","M","M","?","R","E","$","T","E","M","T","R","M","R","B",null,"M","$","M","M","?","R","E","R","T","E","M","E","M","M","R","B"],"character_chosen":"IRONCLAD","items_purchased":["Battle Trance","Feel No Pain+1"],"campfire_rested":2,"item_purchase_floors":[8,19],"current_hp_per_floor":[73,75,75,67,56,56,54,54,60,35,35,41,41,45,45,49,94,92,92,77,81,60,60,30,60,66,37,32,20,19,11,43,0,0],"gold":286,"neow_bonus":"REMOVE_TWO","is_daily":false,"chose_seed":false,"campfire_upgraded":4,"win_rate":0.0,"timestamp":1607835700,"path_taken":["M","?","M","M","?","R","E","$","T","E","M","?","R","?","R","BOSS","M","$","M","M","?","R","E","R","T","E","M","E","M","M","R","BOSS"],"items_purchased_type":["Card","Card"],"build_version":"2020-11-30","purchased_purges":1,"victory":false,"max_hp_per_floor":[75,75,75,75,75,75,75,75,81,81,81,87,87,87,87,87,103,103,103,103,103,103,103,103,103,109,109,109,109,109,109,109,109,109],"card_choices":[{"not_picked":["True Grit","Armaments"],"picked":"Headbutt","floor":1},{"not_picked":["Warcry","Cleave"],"picked":"Burning Pact","floor":2},{"not_picked":["Searing Blow","Iron Wave"],"picked":"Pommel Strike","floor":3},{"not_picked":["Exhume","Clothesline"],"picked":"Dropkick","floor":4},{"not_picked":["Disarm","Twin Strike"],"picked":"Fire Breathing","floor":7},{"not_picked":["Flex","Sever Soul"],"picked":"Shrug It Off","floor":10},{"not_picked":["Dropkick","Iron Wave","Searing Blow"],"picked":"SKIP","floor":11},{"not_picked":["Perfected Strike","Spot Weakness","Shockwave"],"picked":"SKIP","floor":14},{"not_picked":["Bludgeon","Impervious"],"picked":"Offering","floor":16},{"not_picked":["Rampage+1","Blood for Blood","Iron Wave"],"picked":"SKIP","floor":18},{"not_picked":["Searing Blow","Perfected Strike"],"picked":"Feel No Pain+1","floor":20},{"not_picked":["Fire Breathing+1","Twin Strike","Flex"],"picked":"SKIP","floor":21},{"not_picked":["Armaments","Combust+1","Disarm"],"picked":"SKIP","floor":24},{"not_picked":["Twin Strike","Bludgeon","Iron Wave"],"picked":"SKIP","floor":27},{"not_picked":["Wild Strike","Perfected Strike"],"picked":"Shrug It Off","floor":28},{"not_picked":["Clash","Whirlwind","Warcry"],"picked":"SKIP","floor":29},{"not_picked":["Clothesline","Infernal Blade","Feel No Pain+1"],"picked":"SKIP","floor":30},{"not_picked":["Pommel Strike+1","Shockwave","Thunderclap"],"picked":"SKIP","floor":31}],"player_experience":1073396,"relics_obtained":[{"floor":9,"key":"Frozen Egg 2"},{"floor":10,"key":"Bag of Preparation"},{"floor":12,"key":"Pen Nib"},{"floor":17,"key":"Boot"},{"floor":17,"key":"Pear"},{"floor":17,"key":"Dead Branch"},{"floor":22,"key":"Nilry\u0027s Codex"},{"floor":24,"key":"Kunai"},{"floor":26,"key":"Bronze Scales"},{"floor":27,"key":"Blood Vial"},{"floor":29,"key":"Centennial Puzzle"}],"event_choices":[{"damage_healed":0,"gold_gain":0,"player_choice":"Success","damage_taken":11,"relics_obtained":["StrikeDummy"],"max_hp_gain":0,"max_hp_loss":0,"event_name":"Scrap Ooze","floor":5,"gold_loss":0},{"damage_healed":0,"gold_gain":0,"player_choice":"Obtained Book","damage_taken":21,"max_hp_gain":0,"max_hp_loss":0,"event_name":"Cursed Tome","floor":22,"gold_loss":0}],"is_beta":false,"boss_relics":[{"not_picked":["Cursed Key","SacredBark"],"picked":"Calling Bell"}],"items_purged_floors":[19],"is_endless":false,"potions_floor_spawned":[2,7,14,16,18,27,29],"killed_by":"Automaton","ascension_level":20}}