{"host":"ysalv62a05e493y4","time":1607890417,"event":{"mods":["AchievementEnabler","BaseMod","BetterRewards","Colored Map","Colored Powertips","Downfall","Lobotomy","Minty Spire (QoL Compilation)","Quick Restart","StSLib"],"gold_per_floor":[99,113,142,158,172,28,54,54,70,70,170,9,19,4,23,124,124,124,4,104,132,151,151,151,151,166,166,176,196,210,310,321,321,321],"floor_reached":33,"playtime":2235,"items_purged":[],"score":269,"play_id":"ed41e3ec-bf89-49a4-bfd1-4b52b6736446","local_time":"20201213211337","is_ascension_mode":false,"campfire_choices":[{"floor":1,"key":"RECALL"},{"floor":8,"key":"REST"},{"data":"Guardian:TwinSlam","floor":10,"key":"SMITH"},{"data":"Guardian:ArmoredProtocol","floor":18,"key":"SMITH"},{"floor":23,"key":"REST"},{"floor":25,"key":"REST"},{"floor":27,"key":"REST"}],"circlet_count":0,"master_deck":["Guardian:Strike_Guardian","Guardian:Strike_Guardian+1","Guardian:Strike_Guardian+1","Guardian:Strike_Guardian","Guardian:Defend_Guardian","Guardian:Defend_Guardian","Guardian:Defend_Guardian","Guardian:Defend_Guardian","Guardian:CurlUp","Guardian:TwinSlam+1","Guardian:PrismaticBeam","Guardian:CrystalBeam","Guardian:ArmoredProtocol+1","Guardian:Repulse","Guardian:Incinerate","Guardian:BronzeOrb","Guardian:TemporalStrike","Guardian:WalkerClaw","Guardian:Reroute","Guardian:TimeBomb","Guardian:StasisStrike","Guardian:SpikerProtocol","Guardian:TemporalStrike","Guardian:Reroute+1","Guardian:Planning","Guardian:Recover","Guardian:EvasiveProtocol","Guardian:DonusPower","Guardian:Incinerate"],"relics":["Guardian:ModeShifter","Anchor","Whetstone","Philosopher\u0027s Stone","Bag of Preparation","Bottled Flame","Shovel","Bottled Lightning"],"acts_visited":["Exordium","TheCity"],"potions_floor_usage":[16,16,16,19,28,31,33],"damage_taken":[{"damage":10,"enemies":"Cultist","floor":2,"turns":4},{"damage":33,"enemies":"Lagavulin","floor":3,"turns":8},{"damage":5,"enemies":"Jaw Worm","floor":4,"turns":5},{"damage":9,"enemies":"Small Slimes","floor":5,"turns":5},{"damage":0,"enemies":"downfall:FleeingMerchant","floor":6,"turns":4},{"damage":4,"enemies":"Exordium Wildlife","floor":9,"turns":3},{"damage":0,"enemies":"downfall:FleeingMerchant","floor":12,"turns":4},{"damage":14,"enemies":"Exordium Thugs","floor":13,"turns":5},{"damage":0,"enemies":"downfall:FleeingMerchant","floor":14,"turns":4},{"damage":0,"enemies":"Large Slime","floor":15,"turns":6},{"damage":19,"enemies":"downfall:Watcher","floor":16,"turns":6},{"damage":5,"enemies":"downfall:FleeingMerchant","floor":19,"turns":4},{"damage":76,"enemies":"Gremlin Leader","floor":21,"turns":8},{"damage":0,"enemies":"Chosen","floor":22,"turns":4},{"damage":5,"enemies":"3 Byrds","floor":26,"turns":3},{"damage":6,"enemies":"Sentry and Sphere","floor":28,"turns":4},{"damage":19,"enemies":"Snake Plant","floor":29,"turns":4},{"damage":5,"enemies":"Snecko","floor":30,"turns":4},{"damage":25,"enemies":"downfall:Silent","floor":31,"turns":7},{"damage":13,"enemies":"Cultist and Chosen","floor":32,"turns":5},{"damage":15,"enemies":"downfall:Defect","floor":33,"turns":3}],"seed_played":"-5252654318392007411","potions_obtained":[{"floor":4,"key":"Guardian:BlockOnCardUsePotion"},{"floor":5,"key":"SteroidPotion"},{"floor":9,"key":"Fire Potion"},{"floor":16,"key":"ColorlessPotion"},{"floor":21,"key":"LiquidBronze"},{"floor":22,"key":"DistilledChaos"},{"floor":28,"key":"SneckoOil"},{"floor":31,"key":"SkillPotion"}],"is_trial":false,"path_per_floor":["R","M","E","M","M","$","T","R","M","R","?","$","M","$","M","B",null,"R","$","?","E","M","R","T","R","M","R","M","M","M","?","M","B"],"character_chosen":"GUARDIAN","items_purchased":["Guardian:Repulse","Guardian:Incinerate","Guardian:Gem_Cyan","Whetstone","Guardian:SpikerProtocol","Guardian:TemporalStrike"],"campfire_rested":4,"item_purchase_floors":[6,6,6,12,19,19],"current_hp_per_floor":[88,78,45,40,31,31,31,57,53,53,53,53,39,39,39,20,88,88,83,83,7,7,33,33,59,54,80,74,55,50,25,12,0,0],"gold":321,"neow_bonus":"TEN_PERCENT_HP_BONUS","is_daily":false,"chose_seed":false,"campfire_upgraded":2,"win_rate":0.0,"timestamp":1607890417,"path_taken":["R","M","E","M","?","?","T","R","?","R","?","?","M","$","M","BOSS","R","$","?","E","M","R","T","R","M","R","M","M","M","?","M","BOSS"],"items_purchased_type":["Card","Card","Card","Relic","Card","Card"],"build_version":"2020-11-30","purchased_purges":0,"victory":false,"max_hp_per_floor":[88,88,88,88,88,88,88,88,88,88,88,88,88,88,88,88,88,88,88,88,88,88,88,88,88,88,88,88,88,88,88,88,88,88],"card_choices":[{"not_picked":["Guardian:Recover","Guardian:RollAttack"],"picked":"Guardian:Gem_Crimson","floor":2},{"not_picked":["Guardian:TemporalStrike","Guardian:BaubleBeam"],"picked":"Guardian:PrismaticBeam","floor":3},{"not_picked":["Guardian:PolyBeam","Guardian:Harden"],"picked":"Guardian:CrystalBeam","floor":4},{"not_picked":["Guardian:DonusPower","Guardian:Gem_Lightblue"],"picked":"Guardian:Gem_Purple","floor":5},{"not_picked":["Guardian:TemporalShield","Guardian:Emergency"],"picked":"Guardian:ArmoredProtocol","floor":6},{"not_picked":["Guardian:MultiBeam","Guardian:PrimingBeam"],"picked":"Guardian:BronzeOrb","floor":9},{"not_picked":["Guardian:Recover","Guardian:WalkerClaw"],"picked":"Guardian:TemporalStrike","floor":12},{"not_picked":["Guardian:PiercingHide","Guardian:TemporalStrike"],"picked":"Guardian:WalkerClaw","floor":13},{"not_picked":["Guardian:ChargeCore","Guardian:ArmoredProtocol"],"picked":"Guardian:Reroute","floor":14},{"not_picked":["Guardian:PiercingHide","Guardian:ShieldCharger"],"picked":"Guardian:TimeBomb","floor":15},{"not_picked":["Guardian:ConstructionForm","Guardian:AncientConstruct"],"picked":"Guardian:StasisStrike","floor":16},{"not_picked":["Guardian:AncientConstruct","Guardian:ShieldSpikes"],"picked":"Guardian:Gem_Lightblue","floor":19},{"not_picked":["Guardian:TimeBomb+1","Guardian:Repulse"],"picked":"Guardian:Reroute+1","floor":21},{"not_picked":["Guardian:Gem_Lightblue","Guardian:Preprogram"],"picked":"Guardian:Gem_Red","floor":22},{"not_picked":["Guardian:ArmoredProtocol","Guardian:PrismaticBeam"],"picked":"Guardian:Gem_Crimson","floor":26},{"not_picked":["Guardian:GuardianWhirl+1","Guardian:Reroute"],"picked":"Guardian:Planning","floor":28},{"not_picked":["Guardian:WalkerClaw+1","Guardian:PrimingBeam"],"picked":"Guardian:Recover","floor":29},{"not_picked":["Guardian:PrimingBeam","Guardian:Gem_Lightblue"],"picked":"Guardian:EvasiveProtocol","floor":30},{"not_picked":["Guardian:WalkerClaw","Guardian:Incinerate"],"picked":"Guardian:DonusPower","floor":31},{"not_picked":["Guardian:Recover","Guardian:Gem_Synthetic"],"picked":"Guardian:Incinerate","floor":32}],"player_experience":18710,"relics_obtained":[{"floor":3,"key":"Anchor"},{"floor":21,"key":"Bag of Preparation"},{"floor":24,"key":"Bottled Flame"},{"floor":31,"key":"Shovel"},{"floor":31,"key":"Bottled Lightning"}],"event_choices":[{"damage_healed":0,"gold_gain":100,"player_choice":"Gold","damage_taken":0,"max_hp_gain":0,"max_hp_loss":0,"event_name":"Wheel of Change","floor":11,"gold_loss":0}],"is_beta":false,"boss_relics":[{"not_picked":["Velvet Choker","Snecko Eye"],"picked":"Philosopher\u0027s Stone"}],"items_purged_floors":[],"is_endless":false,"potions_floor_spawned":[4,5,9,15,16,21,22,28,31],"killed_by":"downfall:Defect","ascension_level":0}}