{"host":"ow9msrs9p2ctkx99","time":1607868286,"event":{"mods":["AchievementEnabler","BaseMod","Colored Map","Colored Powertips","Minty Spire (QoL Compilation)","Permanent Neow","Quick Restart","SuperFastMode"],"gold_per_floor":[117,131,431,447,447,479,491,516,539,539,539,565,565,577,577,681,681,698,340,340,327,87,113,113,138,138,157,172,27,59,73,73,172,172,186,197,217,117,127,127,161,172,219,219,219,229,35,53,53,53,53,53,19,44,44,44],"floor_reached":55,"playtime":1744,"items_purged":["Strike_B","Strike_B","Zap"],"score":1335,"play_id":"71917131-6cd6-46c0-b56e-72dfcb61ff65","local_time":"20201213150446","is_ascension_mode":true,"campfire_choices":[{"data":"Buffer","floor":10.0,"key":"SMITH"},{"data":"Dualcast","floor":13.0,"key":"SMITH"},{"data":"Lockon","floor":15.0,"key":"SMITH"},{"data":"Turbo","floor":24.0,"key":"SMITH"},{"data":"Rainbow","floor":32.0,"key":"SMITH"},{"floor":40.0,"key":"RECALL"},{"floor":44,"key":"REST"},{"floor":49,"key":"REST"},{"floor":52,"key":"REST"}],"circlet_count":0,"master_deck":["AscendersBane","Strike_B","Strike_B+1","Defend_B","Defend_B+1","Defend_B","Defend_B","Dualcast+1","Compile Driver","Rainbow+1","Cold Snap","Buffer+1","Steam","Dark Shackles","Lockon+1","Glacier","Multi-Cast","Hologram+1","Turbo+1","Doom and Gloom","Echo Form","All For One","Stack","Steam","Stack+1","Coolheaded+1","Reboot","FTL","Hologram","Streamline+1","Electrodynamics+1","Go for the Eyes+1","Hologram","Capacitor+1","Double Energy+1","Core Surge","Sweeping Beam+1","Static Discharge+1","Defragment+1","Steam Power","Defragment+1","Multi-Cast"],"relics":["Cracked Core","Blood Vial","Old Coin","Vajra","Anchor","HornCleat","SlaversCollar","Cables","Nloth\u0027s Gift","Matryoshka","Meat on the Bone","PreservedInsect","Omamori","Frozen Egg 2","Orrery","InkBottle","Fusion Hammer","Ice Cream","Mercury Hourglass","Orichalcum"],"acts_visited":["Exordium","TheCity","TheBeyond","TheEnding"],"potions_floor_usage":[50],"damage_taken":[{"damage":4.0,"enemies":"Jaw Worm","floor":1.0,"turns":5.0},{"damage":1.0,"enemies":"Cultist","floor":2.0,"turns":3.0},{"damage":0.0,"enemies":"Small Slimes","floor":4.0,"turns":3.0},{"damage":11.0,"enemies":"Lagavulin","floor":6.0,"turns":6.0},{"damage":2.0,"enemies":"Red Slaver","floor":7.0,"turns":5.0},{"damage":0.0,"enemies":"Gremlin Nob","floor":8.0,"turns":4.0},{"damage":0.0,"enemies":"3 Sentries","floor":12.0,"turns":7.0},{"damage":0.0,"enemies":"2 Fungi Beasts","floor":14.0,"turns":3.0},{"damage":7.0,"enemies":"Hexaghost","floor":16.0,"turns":9.0},{"damage":0.0,"enemies":"Spheric Guardian","floor":18.0,"turns":5.0},{"damage":0.0,"enemies":"2 Thieves","floor":21.0,"turns":4.0},{"damage":2.0,"enemies":"Book of Stabbing","floor":23.0,"turns":3.0},{"damage":40.0,"enemies":"Gremlin Leader","floor":25.0,"turns":8.0},{"damage":0.0,"enemies":"Cultist and Chosen","floor":27.0,"turns":6.0},{"damage":13.0,"enemies":"Sentry and Sphere","floor":28.0,"turns":5.0},{"damage":0.0,"enemies":"Book of Stabbing","floor":30.0,"turns":4.0},{"damage":12.0,"enemies":"Shelled Parasite and Fungi","floor":31.0,"turns":8.0},{"damage":32.0,"enemies":"Automaton","floor":33.0,"turns":13.0},{"damage":0.0,"enemies":"Orb Walker","floor":35.0,"turns":3.0},{"damage":0.0,"enemies":"3 Shapes","floor":36.0,"turns":3.0},{"damage":7.0,"enemies":"Transient","floor":37.0,"turns":5.0},{"damage":0.0,"enemies":"Spire Growth","floor":39.0,"turns":5.0},{"damage":0.0,"enemies":"Nemesis","floor":41.0,"turns":8.0},{"damage":6.0,"enemies":"Sphere and 2 Shapes","floor":42.0,"turns":4.0},{"damage":36,"enemies":"Writhing Mass","floor":46,"turns":5},{"damage":0,"enemies":"Spire Growth","floor":48,"turns":5},{"damage":7,"enemies":"Time Eater","floor":50,"turns":7},{"damage":81,"enemies":"Shield and Spear","floor":54,"turns":4},{"damage":38,"enemies":"The Heart","floor":55,"turns":2}],"seed_played":"4479799598184395836","potions_obtained":[{"floor":1.0,"key":"Fire Potion"},{"floor":6.0,"key":"BlessingOfTheForge"},{"floor":8.0,"key":"Explosive Potion"},{"floor":12.0,"key":"PotionOfCapacity"},{"floor":21.0,"key":"DuplicationPotion"},{"floor":23.0,"key":"Weak Potion"},{"floor":25.0,"key":"LiquidBronze"},{"floor":30.0,"key":"FairyPotion"},{"floor":37.0,"key":"FocusPotion"}],"is_trial":false,"path_per_floor":["M","M","?","M","?","E","M","E","T","R","?","E","R","M","R","B",null,"M","$","?","M","$","E","R","E","T","M","M","$","E","M","R","B",null,"M","M","M","$","M","R","E","M","T","R","?","M","$","M","R","B",null,"R","$","E","B"],"character_chosen":"DEFECT","items_purchased":["Cables","Turbo","Matryoshka","Orrery","Defragment+1","Defragment+1"],"campfire_rested":3,"item_purchase_floors":[19,19,22,29,47,53],"current_hp_per_floor":[66,67,67,69,54,45,45,47,47,47,47,49,49,51,51,46,68,70,70,70,72,72,72,72,46,46,48,49,49,51,41,41,23,62,64,66,61,61,63,63,65,61,61,75,75,39,39,41,63,58,71,75,75,34,0,0],"gold":44,"neow_bonus":"RANDOM_COMMON_RELIC","is_daily":false,"chose_seed":false,"campfire_upgraded":5,"win_rate":0.0,"timestamp":1607868286,"path_taken":["M","M","?","?","?","E","M","E","T","R","?","E","R","?","R","BOSS","M","$","?","M","$","E","R","E","T","M","M","$","E","M","R","BOSS","M","M","?","$","M","R","E","M","T","R","?","M","$","M","R","BOSS","R","$","E","BOSS"],"items_purchased_type":["Relic","Card","Relic","Relic","Card","Card"],"build_version":"2020-11-30","purchased_purges":3,"victory":false,"max_hp_per_floor":[75,75,75,75,75,75,75,75,75,75,75,75,75,75,75,75,75,75,75,75,75,75,75,75,75,75,75,75,75,75,75,75,75,75,75,75,75,75,75,75,75,75,75,75,75,75,75,75,75,75,75,75,75,75,75,75],"card_choices":[{"not_picked":["Coolheaded","Conserve Battery"],"picked":"Compile Driver","floor":1.0},{"not_picked":["Auto Shields","Coolheaded"],"picked":"Rainbow","floor":2.0},{"not_picked":["Rebound","Self Repair"],"picked":"Cold Snap","floor":4.0},{"not_picked":["Coolheaded","Stack"],"picked":"Buffer","floor":6.0},{"not_picked":["Compile Driver","Barrage"],"picked":"Steam","floor":7.0},{"not_picked":["Barrage","Reprogram","Rebound"],"picked":"SKIP","floor":8.0},{"not_picked":["Rainbow","Scrape"],"picked":"Lockon","floor":12.0},{"not_picked":["Stack","Gash"],"picked":"Glacier","floor":14.0},{"not_picked":["Seek","Buffer"],"picked":"Multi-Cast","floor":16.0},{"not_picked":["Stack","Leap"],"picked":"Hologram+1","floor":18.0},{"not_picked":["Stack","Compile Driver"],"picked":"Doom and Gloom","floor":21.0},{"not_picked":["Ball Lightning","Rebound"],"picked":"Echo Form","floor":23.0},{"not_picked":["Coolheaded","Darkness"],"picked":"All For One","floor":25.0},{"not_picked":["Barrage","Go for the Eyes"],"picked":"Stack","floor":27.0},{"not_picked":["Rip and Tear","Compile Driver"],"picked":"Steam","floor":28.0},{"not_picked":["Cold Snap","Rebound+1"],"picked":"Stack+1","floor":29.0},{"not_picked":["Ball Lightning","Tempest"],"picked":"Coolheaded+1","floor":29.0},{"not_picked":["Coolheaded","Cold Snap"],"picked":"Reboot","floor":29.0},{"not_picked":["Storm+1","Static Discharge+1"],"picked":"FTL","floor":29.0},{"not_picked":["Streamline","All For One"],"picked":"Hologram","floor":29.0},{"not_picked":["Recycle","Ball Lightning","Streamline"],"picked":"SKIP","floor":30.0},{"not_picked":["Darkness","Go for the Eyes"],"picked":"Streamline+1","floor":31.0},{"not_picked":["Fission","Machine Learning+1"],"picked":"Electrodynamics+1","floor":33.0},{"not_picked":["Gash+1","Conserve Battery+1"],"picked":"Go for the Eyes+1","floor":35.0},{"not_picked":["Streamline+1","Lockon"],"picked":"Hologram","floor":36.0},{"not_picked":["Barrage+1","Rebound"],"picked":"Capacitor+1","floor":37.0},{"not_picked":["Skim","Sweeping Beam"],"picked":"Double Energy+1","floor":39.0},{"not_picked":["Static Discharge+1","Hello World+1"],"picked":"Core Surge","floor":41.0},{"not_picked":["Storm+1","Self Repair+1"],"picked":"Sweeping Beam+1","floor":42.0},{"not_picked":["White Noise","Amplify"],"picked":"Static Discharge+1","floor":46},{"not_picked":["Auto Shields","Streamline+1"],"picked":"Steam Power","floor":48},{"not_picked":["Double Energy","Beam Cell+1"],"picked":"Multi-Cast","floor":54}],"player_experience":1017689,"relics_obtained":[{"floor":6.0,"key":"Vajra"},{"floor":8.0,"key":"Bag of Marbles"},{"floor":9.0,"key":"Anchor"},{"floor":12.0,"key":"HornCleat"},{"floor":23.0,"key":"Meat on the Bone"},{"floor":25.0,"key":"PreservedInsect"},{"floor":26.0,"key":"Omamori"},{"floor":26.0,"key":"Frozen Egg 2"},{"floor":30.0,"key":"InkBottle"},{"floor":41.0,"key":"Ice Cream"},{"floor":43,"key":"Mercury Hourglass"},{"floor":54,"key":"Orichalcum"}],"event_choices":[{"damage_healed":0.0,"max_hp_gain":0.0,"max_hp_loss":0.0,"gold_gain":0.0,"event_name":"WeMeetAgain","player_choice":"Gave Potion","floor":3.0,"gold_loss":0.0,"damage_taken":0.0,"relics_obtained":["Old Coin"]},{"damage_healed":0.0,"max_hp_gain":0.0,"max_hp_loss":0.0,"gold_gain":0.0,"event_name":"Shining Light","player_choice":"Entered Light","floor":5.0,"gold_loss":0.0,"damage_taken":15.0,"cards_upgraded":["Defend_B","Strike_B"]},{"damage_healed":0.0,"max_hp_gain":0.0,"max_hp_loss":0.0,"gold_gain":0.0,"event_name":"Match and Keep!","player_choice":"1 cards matched","floor":11.0,"gold_loss":0.0,"damage_taken":0.0,"cards_obtained":["Dark Shackles"]},{"damage_healed":0.0,"max_hp_gain":0.0,"max_hp_loss":0.0,"gold_gain":0.0,"event_name":"N\u0027loth","player_choice":"Traded Relic","floor":20.0,"relics_lost":["Bag of Marbles"],"gold_loss":0.0,"damage_taken":0.0,"relics_obtained":["Nloth\u0027s Gift"]},{"damage_healed":0,"gold_gain":0,"player_choice":"Got Potions","damage_taken":0,"max_hp_gain":0,"max_hp_loss":0,"event_name":"Lab","floor":45,"gold_loss":0}],"is_beta":false,"boss_relics":[{"not_picked":["Ectoplasm","Velvet Choker"],"picked":"SlaversCollar"},{"not_picked":["Tiny House","Black Star"],"picked":"Fusion Hammer"}],"items_purged_floors":[19,38,47],"is_endless":false,"potions_floor_spawned":[1,6,8,12,21,23,25,28,30,37,48],"killed_by":"The Heart","ascension_level":11}}