{"host":"61ejhfsushs0xmcl","time":1607856233,"event":{"mods":["Act Like it!","BaseMod","Colored Map","Gold Saver","Marisa（F雨　魔理沙）","Minty Spire (QoL Compilation)","MostiFishMod","Replay The Spire","Robot Space Explorer","Spicy Shops","StSLib","TestMod","The Alterego","The Dragon Tamer","Waifu the Spire","篝火指南"],"gold_per_floor":[1127,1127,329,344,184,211,211,227,254,254,254,254,654,678,678,806,806,831,831,578,592,605,605,640,640,714,335,275,490,362,375,174,294,294,317,317,155,173,173,204,84,108,178,212,212,227,240,255,255,255,255,133,54,93,93],"floor_reached":56,"playtime":2417,"items_purged":["RobotSpaceExplorer:Scan","RobotSpaceExplorer:Strike","RobotSpaceExplorer:Strike","Voices","RobotSpaceExplorer:Strike","RobotSpaceExplorer:Defend","RobotSpaceExplorer:ShockKick+1","MostiFishMod:Neptune+1","RobotSpaceExplorer:Discharger+1","testmod-PerfectCombo+1","Survey Options"],"score":1848,"play_id":"8e8705d4-9f6c-4a19-bd0e-50495e2e8f64","local_time":"20201213184353","is_ascension_mode":false,"campfire_choices":[{"data":"Master of Strategy","floor":7.0,"key":"SMITH"},{"data":"RobotSpaceExplorer:Discharger","floor":7.0,"key":"SMITH"},{"data":"Replay:BasicMightCard","floor":10.0,"key":"SMITH"},{"data":"RobotSpaceExplorer:FranticSearch","floor":10.0,"key":"SMITH"},{"data":"RobotSpaceExplorer:Reload","floor":15.0,"key":"SMITH"},{"data":"RobotSpaceExplorer:MiniLasers","floor":15.0,"key":"SMITH"},{"floor":23.0,"key":"RECALL"},{"data":"RobotSpaceExplorer:DualCore","floor":49.0,"key":"SMITH"},{"data":"RobotSpaceExplorer:ExhaustFan","floor":49.0,"key":"SMITH"}],"circlet_count":0,"master_deck":["RobotSpaceExplorer:MiniLasers+1","RobotSpaceExplorer:Reload+1","RobotSpaceExplorer:FranticSearch+1","Master of Strategy+1","MostiFishMod:ButterFly+1","Replay:BasicMightCard+1","RobotSpaceExplorer:ScrapToss+1","RobotSpaceExplorer:BigMissile+1","RobotSpaceExplorer:ChargingLaser+1","RobotSpaceExplorer:PlasmaMissile+1","RobotSpaceExplorer:Blaster+1","RobotSpaceExplorer:Explosion+1","RobotSpaceExplorer:Accelerator+1","MostiFishMod:SparklingWater+1","MostiFishMod:FantasySummer+1","MostiFishMod:NightSea+1","ReplayUltimateDefense+1","RobotSpaceExplorer:DualCore+1","RobotSpaceExplorer:BigMissile+1","RobotSpaceExplorer:ExhaustFan+1","RobotSpaceExplorer:PowerCollector"],"relics":["RobotSpaceExplorer:RoboCore","testmod-TestBox","NeowsBlessing","testmod-ChristmasGift","HaiYi:Twilight","Question Card","Toy Ornithopter","Molten Egg 2","Replay:Arrowhead","ReplayTheSpireMod:ShopPack","Juzu Bracelet","Golden Idol","ImportantClient","Busted Crown","BrkXgEgg","BionicSphere","ReplayTheSpireMod:Ring of Challenge","Kunai","Membership Card","Smiling Mask","testmod-IntensifyImprint","Divine Protection","Replay:Rubber Ducky","Orichalcum","Chemical X","MoonlightInvasionPlan","RobotSpaceExplorer:FoglandsKnife","Iron Hammer","Akabeko","StrikeDummy","PreservedInsect","Dodecahedron","Whetstone"],"acts_visited":["Exordium","TheCity","TheBeyond","TheEnding"],"potions_floor_usage":[55,55,55,55,55,55],"damage_taken":[{"damage":0.0,"enemies":"Small Slimes","floor":1.0,"turns":1.0},{"damage":0.0,"enemies":"Cultist","floor":4.0,"turns":1.0},{"damage":0.0,"enemies":"Replay:BlueRogue","floor":6.0,"turns":1.0},{"damage":0.0,"enemies":"2 Louse","floor":8.0,"turns":1.0},{"damage":1.0,"enemies":"Large Slime","floor":14.0,"turns":4.0},{"damage":5.0,"enemies":"The Guardian","floor":16.0,"turns":8.0},{"damage":0.0,"enemies":"Shell Parasite","floor":18.0,"turns":2.0},{"damage":0.0,"enemies":"Spheric Guardian","floor":21.0,"turns":1.0},{"damage":8.0,"enemies":"Centurion and Healer","floor":22.0,"turns":3.0},{"damage":16.0,"enemies":"Book of Stabbing","floor":24.0,"turns":3.0},{"damage":1.0,"enemies":"Colosseum Slavers","floor":29.0,"turns":2.0},{"damage":0.0,"enemies":"Colosseum Nobs","floor":29.0,"turns":2.0},{"damage":0.0,"enemies":"Snake Plant","floor":31.0,"turns":2.0},{"damage":0.0,"enemies":"Pondfish","floor":33.0,"turns":6.0},{"damage":0.0,"enemies":"3 Shapes","floor":35.0,"turns":2.0},{"damage":0.0,"enemies":"3 Darklings","floor":38.0,"turns":2.0},{"damage":0.0,"enemies":"Nemesis","floor":40.0,"turns":3.0},{"damage":0.0,"enemies":"4 Shapes","floor":42.0,"turns":2.0},{"damage":0.0,"enemies":"Giant Head","floor":44.0,"turns":2.0},{"damage":0.0,"enemies":"Transient","floor":46.0,"turns":3.0},{"damage":0.0,"enemies":"3 Darklings","floor":47.0,"turns":1.0},{"damage":0.0,"enemies":"Writhing Mass","floor":48.0,"turns":3.0},{"damage":0.0,"enemies":"Time Eater","floor":50.0,"turns":4.0},{"damage":0,"enemies":"Shield and Spear","floor":54,"turns":3},{"damage":0,"enemies":"The Heart","floor":55,"turns":6}],"seed_played":"-3707520659698803424","potions_obtained":[{"floor":6.0,"key":"Reflective Coating"},{"floor":16.0,"key":"FearPotion"},{"floor":24.0,"key":"LiquidMemories"},{"floor":33.0,"key":"RobotSpaceExplorer:RecyclePotion"},{"floor":38.0,"key":"RobotSpaceExplorer:RecyclePotion"},{"floor":42.0,"key":"PowerPotion"}],"is_trial":false,"path_per_floor":["M","?","$","M","$","E","R","M","T","R","?","?","?","M","R","B",null,"M","?","$","M","M","R","E","?","T","R","?","?","R","M","R_BF","B",null,"M","?","$","M","?","E","R","M","T","E","?","M","M","M","R","B",null,"R","$","E","B",null],"character_chosen":"RobotSpaceExplorer","items_purchased":["Toy Ornithopter","Molten Egg 2","Replay:Arrowhead","RobotSpaceExplorer:FranticSearch","RobotSpaceExplorer:Discharger","ReplayTheSpireMod:ShopPack","BrkXgEgg","RobotSpaceExplorer:PlasmaMissile+1","Membership Card","Smiling Mask","Fruit Juice","Replay:Rubber Ducky","Orichalcum","Chemical X","Survey Options","RobotSpaceExplorer:FoglandsKnife","Akabeko","ReplayUltimateDefense+1","Dodecahedron","RobotSpaceExplorer:PowerCollector"],"campfire_rested":0,"item_purchase_floors":[3,3,3,3,3,5,20,20,27,27,27,30,32,32,32,37,41,41,52,53],"current_hp_per_floor":[75,75,75,75,75,75,75,75,75,75,57,50,50,57,57,75,75,75,75,75,75,67,67,64,64,64,74,74,80,80,80,80,80,80,80,80,80,80,80,80,80,80,80,80,70,80,80,80,80,80,80,80,80,80,80],"gold":93,"neow_bonus":"THREE_ENEMY_KILL","is_daily":false,"chose_seed":false,"campfire_upgraded":8,"win_rate":0.0,"timestamp":1607856233,"path_taken":["M","?","$","?","?","E","R","M","T","R","?","?","?","M","R","BOSS","M","?","$","M","M","R","E","?","T","R","?","?","R","M","R_BF","BOSS","M","?","$","M","?","E","R","M","T","E","?","M","M","M","R","BOSS","R","$","E","BOSS"],"items_purchased_type":["Relic","Relic","Relic","Card","Card","Relic","Relic","Card","Relic","Relic","Potion","Relic","Relic","Relic","Card","Relic","Relic","Card","Relic","Card"],"build_version":"2020-11-30","purchased_purges":11,"victory":true,"max_hp_per_floor":[75,75,75,75,75,75,75,75,75,75,75,75,75,75,75,75,75,75,75,75,75,75,75,75,75,75,80,80,80,80,80,80,80,80,80,80,80,80,80,80,80,80,80,80,80,80,80,80,80,80,80,80,80,80,80],"card_choices":[{"not_picked":["RobotSpaceExplorer:SwiftStep","RobotSpaceExplorer:GearShield"],"picked":"RobotSpaceExplorer:Reload","floor":1.0},{"not_picked":["RobotSpaceExplorer:ShovelStrike+1","RobotSpaceExplorer:FranticSearch","RobotSpaceExplorer:Pulsar"],"picked":"RobotSpaceExplorer:ShockKick+1","floor":4.0},{"not_picked":["testmod-PulseDistributor","Panache","Mayhem"],"picked":"Master of Strategy","floor":5.0},{"not_picked":["Apotheosis","Jack Of All Trades","testmod-ShutDown"],"picked":"MostiFishMod:ButterFly","floor":5.0},{"not_picked":["testmod-TreasureHunter","testmod-Bloodthirsty","Replay:Sssssssssstrike"],"picked":"Replay:BasicMightCard","floor":5.0},{"not_picked":["RobotSpaceExplorer:Fix","RobotSpaceExplorer:Counterblock","RobotSpaceExplorer:JunkDive"],"picked":"RobotSpaceExplorer:ScrapToss+1","floor":6.0},{"not_picked":["RobotSpaceExplorer:Counterblock","RobotSpaceExplorer:FreezeRay","RobotSpaceExplorer:StarLightning+1"],"picked":"RobotSpaceExplorer:BigMissile+1","floor":8.0},{"not_picked":["RobotSpaceExplorer:LuckyStrike+1","RobotSpaceExplorer:Pulsar","RobotSpaceExplorer:Probe+1","RobotSpaceExplorer:Counterblock"],"picked":"SKIP","floor":14.0},{"not_picked":["RobotSpaceExplorer:Exploration","RobotSpaceExplorer:Autoloader","RobotSpaceExplorer:BlastShield"],"picked":"RobotSpaceExplorer:ChargingLaser+1","floor":16.0},{"not_picked":["RobotSpaceExplorer:MakeshiftVolley+1","RobotSpaceExplorer:SlimeMissile+1"],"picked":"SKIP","floor":18.0},{"not_picked":["RobotSpaceExplorer:MakeshiftVolley+1","RobotSpaceExplorer:SlimeMissile+1"],"picked":"SKIP","floor":18.0},{"not_picked":["RobotSpaceExplorer:SwiftStep","RobotSpaceExplorer:GlueShot"],"picked":"SKIP","floor":21.0},{"not_picked":["RobotSpaceExplorer:Calculate+1","RobotSpaceExplorer:SurgingShield"],"picked":"SKIP","floor":22.0},{"not_picked":["RobotSpaceExplorer:GearShield","RobotSpaceExplorer:Calculate"],"picked":"SKIP","floor":24.0},{"not_picked":["RobotSpaceExplorer:Electroshield+1","RobotSpaceExplorer:ScrapShield"],"picked":"SKIP","floor":31.0},{"not_picked":["RobotSpaceExplorer:Scanner+1"],"picked":"RobotSpaceExplorer:Accelerator+1","floor":33.0},{"not_picked":["RobotSpaceExplorer:LaserBurst+1","RobotSpaceExplorer:SwiftStep"],"picked":"SKIP","floor":35.0},{"not_picked":["RobotSpaceExplorer:Pulsar+1","RobotSpaceExplorer:Smokescreen+1"],"picked":"SKIP","floor":38.0},{"not_picked":["RobotSpaceExplorer:Counterblock+1","RobotSpaceExplorer:StunGrenade+1"],"picked":"SKIP","floor":40.0},{"not_picked":["RobotSpaceExplorer:ScrapToss+1","RobotSpaceExplorer:ScrapShield"],"picked":"SKIP","floor":42.0},{"not_picked":["RobotSpaceExplorer:RigExplosive+1"],"picked":"RobotSpaceExplorer:DualCore","floor":44.0},{"not_picked":["MostiFishMod:Mottled+1"],"picked":"testmod-PerfectCombo+1","floor":45.0},{"not_picked":["RobotSpaceExplorer:ScrapMissile+1"],"picked":"RobotSpaceExplorer:BigMissile+1","floor":46.0},{"not_picked":["RobotSpaceExplorer:ImprovisedAttack+1"],"picked":"RobotSpaceExplorer:ExhaustFan","floor":47.0},{"not_picked":["RobotSpaceExplorer:SwiftStep+1","RobotSpaceExplorer:LaserBurst+1"],"picked":"SKIP","floor":48.0},{"not_picked":["RobotSpaceExplorer:TurboDodge","RobotSpaceExplorer:LaserBurst+1"],"picked":"SKIP","floor":54}],"player_experience":789117,"relics_obtained":[{"floor":1.0,"key":"Question Card"},{"floor":6.0,"key":"Juzu Bracelet"},{"floor":16.0,"key":"ImportantClient"},{"floor":24.0,"key":"BionicSphere"},{"floor":25.0,"key":"ReplayTheSpireMod:Ring of Challenge"},{"floor":26.0,"key":"Kunai"},{"floor":29.0,"key":"testmod-IntensifyImprint"},{"floor":29.0,"key":"Divine Protection"},{"floor":40.0,"key":"Iron Hammer"},{"floor":43.0,"key":"StrikeDummy"},{"floor":44.0,"key":"PreservedInsect"},{"floor":54,"key":"Whetstone"}],"event_choices":[{"cards_removed":["RobotSpaceExplorer:Defend"],"damage_healed":0.0,"max_hp_gain":0.0,"max_hp_loss":0.0,"gold_gain":0.0,"event_name":"Purifier","player_choice":"Purged","floor":2.0,"gold_loss":0.0,"damage_taken":0.0},{"damage_healed":0.0,"max_hp_gain":0.0,"max_hp_loss":0.0,"gold_gain":0.0,"event_name":"Golden Idol","player_choice":"Take Damage","floor":11.0,"gold_loss":0.0,"damage_taken":18.0,"relics_obtained":["Golden Idol"]},{"cards_removed":["RobotSpaceExplorer:Strike"],"damage_healed":0.0,"max_hp_gain":0.0,"max_hp_loss":0.0,"gold_gain":0.0,"event_name":"Golden Wing","player_choice":"Card Removal","floor":12.0,"gold_loss":0.0,"damage_taken":7.0},{"damage_healed":0.0,"max_hp_gain":0.0,"max_hp_loss":0.0,"gold_gain":400.0,"event_name":"恩洛斯的盘子","player_choice":"Sell","floor":13.0,"relics_lost":["DaveBox"],"gold_loss":0.0,"damage_taken":0.0},{"damage_healed":0.0,"max_hp_gain":0.0,"max_hp_loss":0.0,"gold_gain":0.0,"event_name":"Ghosts","player_choice":"Ignored","floor":19.0,"gold_loss":0.0,"damage_taken":0.0},{"damage_healed":0.0,"max_hp_gain":0.0,"max_hp_loss":0.0,"gold_gain":0.0,"cards_transformed":["RobotSpaceExplorer:Defend","RobotSpaceExplorer:Defend"],"event_name":"Designer","player_choice":"Transformed Cards","floor":28.0,"gold_loss":60.0,"damage_taken":0.0,"cards_obtained":["RobotSpaceExplorer:Blaster","RobotSpaceExplorer:Explosion"]},{"damage_healed":0.0,"max_hp_gain":0.0,"max_hp_loss":0.0,"gold_gain":0.0,"event_name":"Colosseum","player_choice":"Fight","floor":29.0,"gold_loss":0.0,"damage_taken":0.0},{"damage_healed":0.0,"max_hp_gain":0.0,"max_hp_loss":0.0,"gold_gain":0.0,"event_name":"Colosseum","player_choice":"Fought Nobs","floor":29.0,"gold_loss":0.0,"damage_taken":0.0},{"cards_removed":["MostiFishMod:TheEndOfMoonlight"],"damage_healed":0.0,"max_hp_gain":0.0,"max_hp_loss":0.0,"gold_gain":0.0,"event_name":"Falling","player_choice":"Removed Attack","floor":36.0,"gold_loss":0.0,"damage_taken":0.0},{"damage_healed":0.0,"max_hp_gain":0.0,"max_hp_loss":0.0,"gold_gain":0.0,"event_name":"Tomb of Lord Red Mask","player_choice":"Ignored","floor":39.0,"gold_loss":0.0,"damage_taken":0.0},{"damage_healed":0.0,"max_hp_gain":0.0,"max_hp_loss":0.0,"gold_gain":0.0,"event_name":"SensoryStone","player_choice":"Memory 3","floor":45.0,"gold_loss":0.0,"damage_taken":10.0}],"is_beta":false,"boss_relics":[{"not_picked":["MetatronsCube","testmod-KeyOfTheVoid"],"picked":"Busted Crown"},{"not_picked":["Painkiller Herb","SynthV:MejaisSoulstealer"],"picked":"MoonlightInvasionPlan"}],"items_purged_floors":[3,5,20,27,27,30,32,37,37,52,53],"is_endless":false,"potions_floor_spawned":[4,6,14,16,21,24,29,33,38,40,42,44,54],"ascension_level":0}}