{"host":"92108ef2q9tm8rod","time":1607866209,"event":{"mods":["BaseMod","Defuse TimeMaze Blight","Minty Spire (QoL Compilation)","StSLib","The Jungle"],"gold_per_floor":[110,120,70,70,81,81,81,93,116,134,159,159,171,190,190,293,293,304,149,163,174,174,174,174,188,188,215,229,258,37,37,37,133,133,148,158,176,191,203,203,203,203,227,227,227,254,254,264,264,264],"floor_reached":51,"playtime":2342,"items_purged":["PiercingWail"],"score":1046,"play_id":"302fcd18-c34f-4d97-8120-22932efc41ba","local_time":"20201213133009","daily_mods":["SealedDeck","Purple Cards","Heirloom","Flight"],"is_ascension_mode":false,"campfire_choices":[{"data":"Worship","floor":6,"key":"SMITH"},{"data":"Prostrate","floor":7,"key":"SMITH"},{"data":"Dodge and Roll","floor":12,"key":"SMITH"},{"data":"Blade Dance","floor":15,"key":"SMITH"},{"data":"Perseverance","floor":23,"key":"SMITH"},{"data":"PathToVictory","floor":24,"key":"SMITH"},{"data":"Evaluate","floor":32,"key":"SMITH"},{"data":"Consecrate","floor":40,"key":"SMITH"},{"data":"FollowUp","floor":42,"key":"SMITH"},{"floor":45,"key":"REST"},{"floor":49,"key":"REST"}],"circlet_count":0,"master_deck":["Consecrate+1","Worship+1","Dodge and Roll+1","Perseverance+1","FollowUp+1","Blade Dance+1","Prostrate+1","Evaluate+1","PathToVictory+1"],"relics":["Ring of the Snake","CaptainsWheel","Boot","Strawberry","Busted Crown","ClockworkSouvenir","Matryoshka","Ancient Tea Set","Oddly Smooth Stone","TwistedFunnel","Black Star","Meat on the Bone","Bronze Scales","Unceasing Top","War Paint"],"acts_visited":["Exordium","Exordium","TheBeyond"],"potions_floor_usage":[35,39,46,50,50],"damage_taken":[{"damage":2,"enemies":"Jaw Worm","floor":1,"turns":2},{"damage":0,"enemies":"Small Slimes","floor":2,"turns":3},{"damage":0,"enemies":"Cultist","floor":5,"turns":3},{"damage":0,"enemies":"Large Slime","floor":8,"turns":4},{"damage":0,"enemies":"2 Fungi Beasts","floor":10,"turns":2},{"damage":0,"enemies":"Lagavulin","floor":11,"turns":6},{"damage":0,"enemies":"Red Slaver","floor":13,"turns":2},{"damage":0,"enemies":"Exordium Wildlife","floor":14,"turns":2},{"damage":0,"enemies":"The Guardian","floor":16,"turns":8},{"damage":0,"enemies":"theJungle:Flameango_and_Byrd","floor":18,"turns":3},{"damage":0,"enemies":"Shell Parasite","floor":20,"turns":3},{"damage":0,"enemies":"theJungle:JungleHuntersEncounter","floor":21,"turns":4},{"damage":0,"enemies":"Snake Plant","floor":25,"turns":3},{"damage":0,"enemies":"theJungle:MamaSnecko","floor":27,"turns":4},{"damage":0,"enemies":"theJungle:SlimyTreeVines","floor":28,"turns":5},{"damage":0,"enemies":"theJungle:Cassacara","floor":29,"turns":4},{"damage":16,"enemies":"theJungle:FunGuy","floor":33,"turns":10},{"damage":0,"enemies":"Orb Walker","floor":35,"turns":3},{"damage":0,"enemies":"3 Darklings","floor":36,"turns":3},{"damage":0,"enemies":"Jaw Worm Horde","floor":37,"turns":3},{"damage":0,"enemies":"Sphere and 2 Shapes","floor":38,"turns":4},{"damage":0,"enemies":"3 Darklings","floor":39,"turns":3},{"damage":0,"enemies":"Nemesis","floor":46,"turns":3},{"damage":0,"enemies":"Transient","floor":48,"turns":5},{"damage":3,"enemies":"Awakened One","floor":50,"turns":6}],"seed_played":"-1966552922083368703","potions_obtained":[{"floor":2,"key":"DistilledChaos"},{"floor":10,"key":"PowerPotion"},{"floor":13,"key":"Energy Potion"},{"floor":25,"key":"PowerPotion"},{"floor":33,"key":"PowerPotion"},{"floor":35,"key":"Fire Potion"},{"floor":37,"key":"AttackPotion"},{"floor":46,"key":"Explosive Potion"}],"is_trial":true,"path_per_floor":["M","M","?","?","M","R","R","M","T","M","E","R","M","M","R","B",null,"M","$","M","M","?","R","R","M","T","E","M","E","$","?","R","B",null,"M","M","M","M","M","R","$","R","T","$","R","E","?","M","R","B",null],"character_chosen":"THE_SILENT","items_purchased":["ClockworkSouvenir","TwistedFunnel"],"campfire_rested":2,"item_purchase_floors":[19,30],"current_hp_per_floor":[68,68,68,68,68,68,68,68,68,68,75,75,75,75,75,75,77,77,77,77,77,77,77,77,77,77,77,77,77,77,77,77,61,77,77,77,77,77,77,77,77,77,77,77,77,77,77,77,77,74],"gold":264,"neow_bonus":"","is_daily":false,"chose_seed":false,"campfire_upgraded":9,"win_rate":0.0,"timestamp":1607866209,"path_taken":["M","M","?","?","M","R","R","M","T","?","E","R","M","M","R","BOSS","M","$","M","M","?","R","R","M","T","E","M","E","$","?","R","BOSS","M","M","M","M","M","R","$","R","T","$","R","E","?","M","R","BOSS"],"items_purchased_type":["Relic","Relic"],"build_version":"2020-11-30","purchased_purges":1,"victory":true,"max_hp_per_floor":[70,70,70,70,70,70,70,70,70,70,77,77,77,77,77,77,77,77,77,77,77,77,77,77,77,77,77,77,77,77,77,77,77,77,77,77,77,77,77,77,77,77,77,77,77,77,77,77,77,77],"card_choices":[{"not_picked":["EmptyFist","Protect"],"picked":"PathToVictory","floor":1},{"not_picked":["Leg Sweep","Swivel","Prepared"],"picked":"SKIP","floor":2},{"not_picked":["Flechettes","FollowUp","Dagger Throw"],"picked":"SKIP","floor":5},{"not_picked":["PiercingWail","Nirvana","Crescendo"],"picked":"SKIP","floor":8},{"not_picked":["EmptyFist","Night Terror","BattleHymn"],"picked":"SKIP","floor":10},{"not_picked":["Masterful Stab","Tantrum","Study"],"picked":"SKIP","floor":11},{"not_picked":["Blade Dance","Evaluate","ClearTheMind"],"picked":"SKIP","floor":13},{"not_picked":["Study","Weave","Acrobatics"],"picked":"SKIP","floor":14},{"not_picked":["Slice+1"],"picked":"SKIP","floor":18},{"not_picked":["Poisoned Stab"],"picked":"SKIP","floor":20},{"not_picked":["Masterful Stab"],"picked":"SKIP","floor":21},{"not_picked":["Catalyst"],"picked":"SKIP","floor":25},{"not_picked":["WreathOfFlame+1"],"picked":"SKIP","floor":27},{"not_picked":["Indignation"],"picked":"SKIP","floor":28},{"not_picked":["Blade Dance"],"picked":"SKIP","floor":29},{"not_picked":["Prostrate+1"],"picked":"SKIP","floor":35},{"not_picked":["SignatureMove+1"],"picked":"SKIP","floor":36},{"not_picked":["Setup"],"picked":"SKIP","floor":37},{"not_picked":["Prepared"],"picked":"SKIP","floor":38},{"not_picked":["Acrobatics+1"],"picked":"SKIP","floor":39},{"not_picked":["Crescendo+1"],"picked":"SKIP","floor":46},{"not_picked":["Caltrops"],"picked":"SKIP","floor":48}],"player_experience":3154745,"relics_obtained":[{"floor":9,"key":"Boot"},{"floor":11,"key":"Strawberry"},{"floor":26,"key":"Matryoshka"},{"floor":27,"key":"Ancient Tea Set"},{"floor":29,"key":"Oddly Smooth Stone"},{"floor":43,"key":"Meat on the Bone"},{"floor":43,"key":"Bronze Scales"},{"floor":46,"key":"Unceasing Top"},{"floor":46,"key":"War Paint"}],"event_choices":[{"cards_removed":["ClearTheMind"],"damage_healed":0,"gold_gain":0,"player_choice":"Card Removal","damage_taken":0,"max_hp_gain":0,"max_hp_loss":0,"event_name":"The Cleric","floor":3,"gold_loss":50},{"damage_healed":0,"gold_gain":0,"player_choice":"Ignored","damage_taken":0,"max_hp_gain":0,"max_hp_loss":0,"event_name":"NoteForYourself","floor":4,"gold_loss":0},{"damage_healed":0,"gold_gain":0,"player_choice":"0 cards matched","damage_taken":0,"max_hp_gain":0,"max_hp_loss":0,"event_name":"Match and Keep!","floor":47,"gold_loss":0,"cards_obtained":[]}],"is_beta":false,"boss_relics":[{"not_picked":["SlaversCollar","Velvet Choker"],"picked":"Busted Crown"},{"not_picked":["Astrolabe","Empty Cage"],"picked":"Black Star"}],"items_purged_floors":[30],"is_endless":false,"potions_floor_spawned":[2,10,13,20,21,25,33,35,37,46],"ascension_level":0}}