{"host":"gk5m6v7zec9neb0j","time":1607862622,"event":{"mods":["AchievementEnabler","AlwaysNeverKeys","BaseMod","BetterRewards","Block Reminder","Minty Spire (QoL Compilation)","Rare Cards Sparkle","Relic Stats","StSLib"],"gold_per_floor":[113,123,133,150,168,202,215,215,296,312,331,331,331,343,343,445,445,457,457,457,470,470,470,485,496,496,496,506,218,168,182,182,285,285,299,146,157,157,177,177,205,224,251,286,286,636,656,656,656,656,656,656,264,296,296],"floor_reached":56,"playtime":2375,"items_purged":["Strike_B","Strike_B","Strike_B"],"score":1590,"play_id":"7553d67c-c5ab-47ed-90db-47ed21b0d43a","local_time":"20201213073022","is_ascension_mode":false,"campfire_choices":[{"floor":8.0,"key":"REST"},{"floor":15,"key":"REST"},{"data":"Creative AI","floor":23,"key":"SMITH"},{"floor":27,"key":"REST"},{"data":"Loop","floor":32,"key":"SMITH"},{"data":"Fission","floor":40,"key":"SMITH"},{"floor":49,"key":"REST"},{"data":"Reboot","floor":52,"key":"SMITH"}],"circlet_count":0,"master_deck":["Strike_B","Defend_B","Defend_B","Defend_B","Zap","Dualcast","Beam Cell","Beam Cell","Go for the Eyes","Conserve Battery","Streamline+1","Creative AI+1","Conserve Battery","Defragment+1","Conserve Battery","Chill+1","Conserve Battery","Seek+1","Reinforced Body","Glacier","Reboot+1","Force Field","Loop+1","Fission+1","CurseOfTheBell","Force Field+1","Defragment+1","Conserve Battery+1","White Noise+1","Storm","Conserve Battery"],"relics":["Cracked Core","Prayer Wheel","Pen Nib","Bottled Tornado","Sozu","Enchiridion","War Paint","StrikeDummy","Blood Vial","Calling Bell","Smiling Mask","Symbiotic Virus","CaptainsWheel","ClockworkSouvenir","Ginger","Happy Flower","Art of War","Old Coin","Pantograph","Membership Card","Toy Ornithopter","Strawberry","StoneCalendar"],"acts_visited":["Exordium","TheCity","TheBeyond","TheEnding"],"potions_floor_usage":[],"damage_taken":[{"damage":1.0,"enemies":"2 Louse","floor":1.0,"turns":3.0},{"damage":1.0,"enemies":"Jaw Worm","floor":2.0,"turns":4.0},{"damage":0.0,"enemies":"Small Slimes","floor":3.0,"turns":3.0},{"damage":0.0,"enemies":"2 Fungi Beasts","floor":4.0,"turns":2.0},{"damage":8.0,"enemies":"3 Louse","floor":5.0,"turns":3.0},{"damage":19.0,"enemies":"Lagavulin","floor":6.0,"turns":9.0},{"damage":10.0,"enemies":"Gremlin Gang","floor":7.0,"turns":5.0},{"damage":9.0,"enemies":"2 Fungi Beasts","floor":10.0,"turns":4.0},{"damage":16.0,"enemies":"Large Slime","floor":11.0,"turns":4.0},{"damage":0,"enemies":"Blue Slaver","floor":14,"turns":2},{"damage":26,"enemies":"Slime Boss","floor":16,"turns":8},{"damage":15,"enemies":"3 Byrds","floor":18,"turns":7},{"damage":13,"enemies":"2 Thieves","floor":21,"turns":4},{"damage":0,"enemies":"Snecko","floor":24,"turns":5},{"damage":3,"enemies":"Snake Plant","floor":25,"turns":5},{"damage":2,"enemies":"3 Cultists","floor":28,"turns":6},{"damage":0,"enemies":"Chosen and Byrds","floor":31,"turns":6},{"damage":0,"enemies":"Collector","floor":33,"turns":13},{"damage":0,"enemies":"Orb Walker","floor":35,"turns":6},{"damage":0,"enemies":"3 Shapes","floor":37,"turns":2},{"damage":21,"enemies":"Writhing Mass","floor":39,"turns":12},{"damage":0,"enemies":"Reptomancer","floor":41,"turns":6},{"damage":14,"enemies":"Transient","floor":42,"turns":5},{"damage":6,"enemies":"Giant Head","floor":44,"turns":11},{"damage":0,"enemies":"Mind Bloom Boss Battle","floor":46,"turns":6},{"damage":0,"enemies":"Spire Growth","floor":47,"turns":5},{"damage":10,"enemies":"Donu and Deca","floor":50,"turns":13},{"damage":23,"enemies":"Shield and Spear","floor":54,"turns":6},{"damage":70,"enemies":"The Heart","floor":55,"turns":11}],"seed_played":"-7344605111990962307","potions_obtained":[{"floor":1.0,"key":"ColorlessPotion"},{"floor":2.0,"key":"Ancient Potion"},{"floor":6.0,"key":"Weak Potion"}],"is_trial":false,"path_per_floor":["M","M","M","M","M","E","M","R","T","M","M","?","?","M","R","B",null,"M","?","?","M","?","R","M","M","T","R","M","$","?","M","R","B",null,"M","$","M","$","M","R","E","M","T","E","?","?","M","T","R","B",null,"R","$","E","B",null],"character_chosen":"DEFECT","items_purchased":["FairyPotion","Prayer Wheel","Blood Vial","Loop","ClockworkSouvenir","Membership Card","Storm","Toy Ornithopter","Strawberry"],"campfire_rested":4,"item_purchase_floors":[0,0,29,29,36,53,53,53,53],"current_hp_per_floor":[52,51,51,51,43,24,14,36,36,27,11,36,21,21,43,17,75,60,44,44,31,31,31,31,28,28,50,48,48,48,50,50,52,75,75,75,75,75,54,54,56,44,44,40,40,42,44,44,66,65,75,75,82,59,12],"gold":296,"neow_bonus":"","is_daily":false,"chose_seed":false,"campfire_upgraded":4,"win_rate":0.0,"timestamp":1607862622,"path_taken":["M","M","M","M","M","E","M","R","T","M","M","?","?","M","R","BOSS","M","?","?","M","?","R","M","?","T","R","M","$","?","?","R","BOSS","M","$","M","$","M","R","E","M","T","E","?","?","M","?","R","BOSS","R","$","E","BOSS"],"items_purchased_type":["Potion","Relic","Relic","Card","Relic","Relic","Card","Relic","Relic"],"build_version":"2020-11-30","purchased_purges":3,"victory":true,"max_hp_per_floor":[75,75,75,75,75,75,75,75,75,75,75,75,75,75,75,75,75,75,75,75,75,75,75,75,75,75,75,75,75,75,75,75,75,75,75,75,75,75,75,75,75,75,75,75,75,75,75,75,75,75,75,75,82,82,82],"relic_stats":{"Happy Flower":[57],"counters":[490,2613],"StoneCalendar":[52],"Pen Nib":[15],"Ginger":[25],"War Paint":["Seek","Chill"],"Smiling Mask":13,"Sozu":7,"Blood Vial":14,"Pantograph":32,"Prayer Wheel":20,"Art of War":[17],"obtain_stats":[{"Whetstone":46,"Ginger":28,"Bottled Tornado":37,"Boot":17,"FrozenCore":17,"Old Coin":46,"Blood Vial":53,"Sundial":7,"Necronomicon":31,"Kunai":17,"Pear":55,"Pen Nib":6,"Akabeko":29,"Cables":43,"SlaversCollar":34,"Bird Faced Urn":0,"MutagenicStrength":29,"StrikeDummy":9,"Unceasing Top":44,"Lantern":30,"Regal Pillow":45,"Torii":17,"Singing Bowl":31,"StoneCalendar":54,"Bag of Preparation":43,"Smiling Mask":9,"Cursed Key":17,"Ancient Tea Set":43,"Shovel":0,"Matryoshka":0,"WingedGreaves":30,"Chemical X":11,"InkBottle":17,"Potion Belt":26,"Inserter":34,"Golden Idol":3,"Thread and Needle":0,"PreservedInsect":43,"Omamori":46,"Frozen Egg 2":0,"MawBank":24,"Nuclear Battery":34,"Busted Crown":34,"Ornamental Fan":42,"Bloody Idol":21,"Orrery":0,"Turnip":41,"Art of War":41,"Bottled Lightning":11,"Toy Ornithopter":53,"Ice Cream":27,"Mark of the Bloom":46,"Calipers":39,"Gremlin Horn":12,"Nilry\u0027s Codex":27,"CeramicFish":26,"Vajra":12,"Runic Capacitor":0,"Sozu":34,"Centennial Puzzle":9,"Lizard Tail":0,"HornCleat":43,"FaceOfCleric":20,"DollysMirror":53,"Strawberry":0,"Prayer Wheel":0,"Toxic Egg 2":0,"Girya":0,"Happy Flower":17,"Dead Branch":0,"Oddly Smooth Stone":10,"War Paint":25,"Question Card":43,"WarpedTongs":0,"Du-Vu Doll":10,"OrangePellets":0,"Bottled Flame":54,"Shuriken":3,"Bronze Scales":29,"Molten Egg 2":17,"Black Star":34,"Symbiotic Virus":9,"Pocketwatch":54,"Meat on the Bone":9,"SacredBark":34,"Enchiridion":19,"Mango":43,"Juzu Bracelet":20,"Incense Burner":43,"Empty Cage":17,"PrismaticShard":41,"ClockworkSouvenir":20,"Frozen Eye":11,"Nunchaku":55,"Emotion Chip":6,"Dream Catcher":9,"Mummified Hand":26,"Pantograph":52,"Gambling Chip":0,"Tiny Chest":26,"Red Mask":38,"Cracked Core":0,"Runic Pyramid":17,"Orichalcum":9,"Calling Bell":17,"Peace Pipe":17,"Strange Spoon":21,"DataDisk":23,"Anchor":9,"CaptainsWheel":34,"Bag of Marbles":9,"Membership Card":22,"TungstenRod":8,"FossilizedHelix":0},{"Whetstone":86,"Ginger":148,"Bottled Tornado":83,"Boot":73,"FrozenCore":144,"Old Coin":486,"Blood Vial":254,"Sundial":261,"Necronomicon":105,"Kunai":73,"Pear":184,"Pen Nib":467,"Akabeko":79,"Cables":179,"SlaversCollar":150,"Bird Faced Urn":91,"MutagenicStrength":104,"StrikeDummy":237,"Unceasing Top":132,"Lantern":149,"Regal Pillow":252,"Torii":99,"Singing Bowl":175,"StoneCalendar":489,"Bag of Preparation":291,"Smiling Mask":187,"Cursed Key":190,"Ancient Tea Set":360,"Shovel":91,"Matryoshka":214,"WingedGreaves":105,"Chemical X":69,"InkBottle":99,"Potion Belt":124,"Inserter":128,"Golden Idol":186,"Thread and Needle":91,"PreservedInsect":85,"Omamori":435,"Frozen Egg 2":63,"MawBank":77,"Nuclear Battery":106,"Busted Crown":287,"Ornamental Fan":108,"Bloody Idol":348,"Orrery":63,"Turnip":108,"Art of War":179,"Bottled Lightning":262,"Toy Ornithopter":488,"Ice Cream":103,"Mark of the Bloom":110,"Calipers":84,"Gremlin Horn":96,"Nilry\u0027s Codex":124,"CeramicFish":172,"Vajra":188,"Runic Capacitor":160,"Sozu":81,"Centennial Puzzle":95,"Lizard Tail":114,"HornCleat":131,"FaceOfCleric":211,"DollysMirror":135,"Strawberry":185,"Prayer Wheel":63,"Toxic Egg 2":137,"Girya":185,"Happy Flower":347,"Dead Branch":91,"Oddly Smooth Stone":207,"War Paint":103,"Question Card":155,"WarpedTongs":185,"Du-Vu Doll":96,"OrangePellets":91,"Bottled Flame":318,"Shuriken":115,"Bronze Scales":173,"Molten Egg 2":347,"Black Star":456,"Symbiotic Virus":217,"Pocketwatch":113,"Meat on the Bone":343,"SacredBark":197,"Enchiridion":473,"Mango":337,"Juzu Bracelet":75,"Incense Burner":108,"Empty Cage":120,"PrismaticShard":457,"ClockworkSouvenir":192,"Frozen Eye":391,"Nunchaku":90,"Emotion Chip":117,"Dream Catcher":164,"Mummified Hand":77,"Pantograph":112,"Gambling Chip":114,"Tiny Chest":194,"Red Mask":178,"Cracked Core":0,"Runic Pyramid":303,"Orichalcum":118,"Calling Bell":73,"Peace Pipe":73,"Strange Spoon":75,"DataDisk":102,"Anchor":390,"CaptainsWheel":479,"Bag of Marbles":68,"Membership Card":102,"TungstenRod":141,"FossilizedHelix":295},{"Whetstone":392,"Ginger":722,"Bottled Tornado":372,"Boot":315,"FrozenCore":705,"Old Coin":2578,"Blood Vial":1363,"Sundial":1401,"Necronomicon":486,"Kunai":315,"Pear":963,"Pen Nib":2461,"Akabeko":350,"Cables":901,"SlaversCollar":736,"Bird Faced Urn":436,"MutagenicStrength":482,"StrikeDummy":1251,"Unceasing Top":642,"Lantern":727,"Regal Pillow":1350,"Torii":466,"Singing Bowl":874,"StoneCalendar":2602,"Bag of Preparation":1576,"Smiling Mask":978,"Cursed Key":993,"Ancient Tea Set":1954,"Shovel":436,"Matryoshka":1129,"WingedGreaves":486,"Chemical X":295,"InkBottle":466,"Potion Belt":572,"Inserter":623,"Golden Idol":976,"Thread and Needle":436,"PreservedInsect":383,"Omamori":2280,"Frozen Egg 2":274,"MawBank":340,"Nuclear Battery":493,"Busted Crown":1558,"Ornamental Fan":500,"Bloody Idol":1884,"Orrery":274,"Turnip":500,"Art of War":901,"Bottled Lightning":1407,"Toy Ornithopter":2596,"Ice Cream":479,"Mark of the Bloom":508,"Calipers":375,"Gremlin Horn":455,"Nilry\u0027s Codex":572,"CeramicFish":855,"Vajra":981,"Runic Capacitor":787,"Sozu":365,"Centennial Puzzle":449,"Lizard Tail":530,"HornCleat":637,"FaceOfCleric":1108,"DollysMirror":658,"Strawberry":973,"Prayer Wheel":274,"Toxic Egg 2":675,"Girya":973,"Happy Flower":1880,"Dead Branch":436,"Oddly Smooth Stone":1077,"War Paint":479,"Question Card":753,"WarpedTongs":973,"Du-Vu Doll":455,"OrangePellets":436,"Bottled Flame":1748,"Shuriken":533,"Bronze Scales":863,"Molten Egg 2":1880,"Black Star":2406,"Symbiotic Virus":1138,"Pocketwatch":517,"Meat on the Bone":1852,"SacredBark":1024,"Enchiridion":2491,"Mango":1832,"Juzu Bracelet":323,"Incense Burner":500,"Empty Cage":556,"PrismaticShard":2416,"ClockworkSouvenir":999,"Frozen Eye":2094,"Nunchaku":433,"Emotion Chip":541,"Dream Catcher":800,"Mummified Hand":340,"Pantograph":515,"Gambling Chip":530,"Tiny Chest":1005,"Red Mask":896,"Cracked Core":0,"Runic Pyramid":1643,"Orichalcum":543,"Calling Bell":315,"Peace Pipe":315,"Strange Spoon":323,"DataDisk":476,"Anchor":2091,"CaptainsWheel":2530,"Bag of Marbles":293,"Membership Card":476,"TungstenRod":690,"FossilizedHelix":1608}],"Toy Ornithopter":0},"card_choices":[{"not_picked":["Streamline","Double Energy"],"picked":"Beam Cell","floor":1.0},{"not_picked":["Fusion","Tempest"],"picked":"Beam Cell","floor":1.0},{"not_picked":["Compile Driver","Ball Lightning"],"picked":"Go for the Eyes","floor":2.0},{"not_picked":["Sunder","Redo","Consume"],"picked":"SKIP","floor":2.0},{"not_picked":["Amplify","Consume"],"picked":"Conserve Battery","floor":3.0},{"not_picked":["Beam Cell","Tempest","Steam"],"picked":"SKIP","floor":3.0},{"not_picked":["Stack","Turbo"],"picked":"Streamline","floor":4.0},{"not_picked":["Ball Lightning","Steam","Genetic Algorithm"],"picked":"SKIP","floor":4.0},{"not_picked":["Leap","Reprogram"],"picked":"Creative AI","floor":5.0},{"not_picked":["Go for the Eyes","Beam Cell"],"picked":"Conserve Battery","floor":5.0},{"not_picked":["Barrage","All For One"],"picked":"Defragment","floor":6.0},{"not_picked":["Rebound","Sweeping Beam","Turbo"],"picked":"SKIP","floor":7.0},{"not_picked":["Sunder","Redo","Sweeping Beam"],"picked":"SKIP","floor":7.0},{"not_picked":["Melter","Sunder","Redo"],"picked":"SKIP","floor":10.0},{"not_picked":["Reprogram","Steam Power","Loop"],"picked":"SKIP","floor":10.0},{"not_picked":["Doom and Gloom","Loop"],"picked":"Conserve Battery","floor":11.0},{"not_picked":["Genetic Algorithm","Sunder"],"picked":"Chill","floor":11.0},{"not_picked":["Hologram","Rip and Tear"],"picked":"Conserve Battery","floor":14},{"not_picked":["Streamline","Turbo","Doom and Gloom"],"picked":"SKIP","floor":14},{"not_picked":["Fission","Rainbow"],"picked":"Seek","floor":16},{"not_picked":["Go for the Eyes+1","Sweeping Beam+1"],"picked":"Reinforced Body","floor":18},{"not_picked":["Steam","Redo","FTL"],"picked":"SKIP","floor":18},{"not_picked":["Machine Learning","Compile Driver","Redo"],"picked":"SKIP","floor":21},{"not_picked":["Barrage","Cold Snap","Compile Driver+1"],"picked":"SKIP","floor":21},{"not_picked":["Redo+1","Chaos"],"picked":"Glacier","floor":24},{"not_picked":["Auto Shields+1","Gash+1","Redo"],"picked":"SKIP","floor":24},{"not_picked":["Gash+1","Consume"],"picked":"Reboot","floor":25},{"not_picked":["Beam Cell","Static Discharge+1","Sweeping Beam"],"picked":"SKIP","floor":25},{"not_picked":["Go for the Eyes","Gash+1","Force Field"],"picked":"SKIP","floor":28},{"not_picked":["Turbo","Steam","Coolheaded"],"picked":"SKIP","floor":28},{"not_picked":["Go for the Eyes","Gash+1"],"picked":"Force Field","floor":28},{"not_picked":["Turbo","Steam","Coolheaded"],"picked":"SKIP","floor":28},{"not_picked":["Reprogram","Leap+1","Compile Driver"],"picked":"SKIP","floor":31},{"not_picked":["Hello World","Streamline","Sweeping Beam"],"picked":"SKIP","floor":31},{"not_picked":["Thunder Strike","Multi-Cast"],"picked":"Fission","floor":33},{"not_picked":["Streamline+1","BootSequence+1"],"picked":"Force Field+1","floor":35},{"not_picked":["Conserve Battery","Coolheaded","Turbo+1"],"picked":"SKIP","floor":35},{"not_picked":["Coolheaded+1","Steam Power+1","Fusion+1"],"picked":"SKIP","floor":37},{"not_picked":["Streamline+1","Aggregate","Chaos+1"],"picked":"SKIP","floor":37},{"not_picked":["Fusion+1","Hello World","Cold Snap+1"],"picked":"SKIP","floor":39},{"not_picked":["Stack+1","Hyperbeam","Steam"],"picked":"SKIP","floor":39},{"not_picked":["Go for the Eyes+1","Gash","Hologram+1"],"picked":"SKIP","floor":41},{"not_picked":["Leap","Steam"],"picked":"Defragment+1","floor":42},{"not_picked":["Gash+1","Tempest+1","Compile Driver+1"],"picked":"SKIP","floor":42},{"not_picked":["Beam Cell+1","Scrape"],"picked":"Conserve Battery+1","floor":44},{"not_picked":["Self Repair","Sweeping Beam"],"picked":"White Noise+1","floor":46},{"not_picked":["Blizzard","Machine Learning","Double Energy+1"],"picked":"SKIP","floor":47},{"not_picked":["Steam+1","Rebound+1","BootSequence"],"picked":"SKIP","floor":47},{"not_picked":["Redo+1","Steam+1"],"picked":"Conserve Battery","floor":54}],"player_experience":677541,"relics_obtained":[{"floor":6.0,"key":"Pen Nib"},{"floor":9.0,"key":"Bottled Tornado"},{"floor":19,"key":"Enchiridion"},{"floor":26,"key":"StrikeDummy"},{"floor":34,"key":"Smiling Mask"},{"floor":34,"key":"Symbiotic Virus"},{"floor":34,"key":"CaptainsWheel"},{"floor":41,"key":"Ginger"},{"floor":43,"key":"Happy Flower"},{"floor":44,"key":"Art of War"},{"floor":46,"key":"Old Coin"},{"floor":48,"key":"Pantograph"},{"floor":54,"key":"StoneCalendar"}],"event_choices":[{"damage_healed":25.0,"max_hp_gain":0.0,"max_hp_loss":0.0,"gold_gain":0.0,"event_name":"Big Fish","player_choice":"Banana","floor":12.0,"gold_loss":0.0,"damage_taken":0.0},{"damage_healed":0.0,"max_hp_gain":0.0,"max_hp_loss":0.0,"gold_gain":0.0,"event_name":"Shining Light","player_choice":"Entered Light","floor":13.0,"gold_loss":0.0,"damage_taken":15.0,"cards_upgraded":["Defragment","Streamline"]},{"damage_healed":0,"gold_gain":0,"player_choice":"Obtained Book","damage_taken":16,"max_hp_gain":0,"max_hp_loss":0,"event_name":"Cursed Tome","floor":19,"gold_loss":0},{"damage_healed":0,"gold_gain":0,"player_choice":"Ignored","damage_taken":0,"max_hp_gain":0,"max_hp_loss":0,"event_name":"The Mausoleum","floor":20,"gold_loss":0},{"damage_healed":0,"gold_gain":0,"player_choice":"Gave Potion","damage_taken":0,"relics_obtained":["War Paint"],"max_hp_gain":0,"max_hp_loss":0,"event_name":"WeMeetAgain","floor":22,"gold_loss":0},{"damage_healed":0,"gold_gain":0,"player_choice":"Bet on Murderer","damage_taken":0,"max_hp_gain":0,"max_hp_loss":0,"event_name":"The Joust","floor":30,"gold_loss":50},{"cards_removed":["Defend_B"],"damage_healed":0,"gold_gain":0,"player_choice":"Removed Skill","damage_taken":0,"max_hp_gain":0,"max_hp_loss":0,"event_name":"Falling","floor":45,"gold_loss":0},{"damage_healed":0,"gold_gain":0,"player_choice":"Fight","damage_taken":0,"max_hp_gain":0,"max_hp_loss":0,"event_name":"MindBloom","floor":46,"gold_loss":0}],"is_beta":false,"boss_relics":[{"not_picked":["Cursed Key","Coffee Dripper"],"picked":"Sozu"},{"not_picked":["Empty Cage","Runic Dome"],"picked":"Calling Bell"}],"items_purged_floors":[0,29,53],"is_endless":false,"potions_floor_spawned":[1,2,6,10,11,16,18,21,31,33,42,47,54],"ascension_level":0}}