{"host":"mfnmuqrd82gyb59l","time":1607732549,"event":{"mods":["BaseMod","Hermit","Minty Spire (QoL Compilation)","Robot Space Explorer","StSLib","The Dragon Tamer","The Hierophant"],"gold_per_floor":[115,132,4,23,48,74,92,107,107,57,57,75,75,109,109,209,209,219,219,219,236,256,282,300,300,324,26,37,65,81,106,106,201,201,216,229,243,243,260,289,289,304,304,337,352,352,1,15,15,15,15,15,15,40,40,40],"floor_reached":55,"playtime":147318,"items_purged":[],"score":803,"play_id":"094340b9-6bdc-4c3d-b5b7-6f36fb181799","local_time":"20201212112229","is_ascension_mode":false,"campfire_choices":[{"data":"RobotSpaceExplorer:Pulsar","floor":11.0,"key":"SMITH"},{"floor":15.0,"key":"REST"},{"floor":32.0,"key":"REST"},{"data":"RobotSpaceExplorer:Multitool","floor":41.0,"key":"SMITH"},{"floor":46.0,"key":"RECALL"},{"floor":49.0,"key":"REST"},{"data":"RobotSpaceExplorer:PowerCollector","floor":52.0,"key":"SMITH"}],"circlet_count":0,"master_deck":["RobotSpaceExplorer:Strike","RobotSpaceExplorer:Defend","RobotSpaceExplorer:Defend","RobotSpaceExplorer:Defend","RobotSpaceExplorer:Defend","RobotSpaceExplorer:Scan","RobotSpaceExplorer:MiniLasers","RobotSpaceExplorer:Electropulse","RobotSpaceExplorer:FreezeRay+1","RobotSpaceExplorer:PowerGlove","RobotSpaceExplorer:Pulsar+1","RobotSpaceExplorer:Probe","RobotSpaceExplorer:FreezingShield","RobotSpaceExplorer:ShockKick","RobotSpaceExplorer:StunGrenade","RobotSpaceExplorer:ExhaustFan+1","RobotSpaceExplorer:DoubleBlock","RobotSpaceExplorer:Comet","RobotSpaceExplorer:FreezeRay+1","RobotSpaceExplorer:Discharger","RobotSpaceExplorer:MetalStrike","RobotSpaceExplorer:ShockKick+1","RobotSpaceExplorer:FranticSearch+1","RobotSpaceExplorer:Multitool+1","RobotSpaceExplorer:JunkDive","RobotSpaceExplorer:SwiftStep+1","RobotSpaceExplorer:SelfCleaning+1","RobotSpaceExplorer:ScrapToss+1","RobotSpaceExplorer:FreezeRay","RobotSpaceExplorer:ScrapMissile","RobotSpaceExplorer:ScrapMissile+1","RobotSpaceExplorer:ScrapMissile+1","Parasite","RobotSpaceExplorer:StarLightning+1","RobotSpaceExplorer:MiniBoosters+1","RobotSpaceExplorer:ScrapShield","RobotSpaceExplorer:Accelerator","RobotSpaceExplorer:StunGrenade","RobotSpaceExplorer:PowerCollector+1","RobotSpaceExplorer:StarDust","RobotSpaceExplorer:FreezeRay","RobotSpaceExplorer:RigExplosive","RobotSpaceExplorer:Pulsar","RobotSpaceExplorer:MiniBoosters+1"],"relics":["RobotSpaceExplorer:TurboCore","NeowsBlessing","Bronze Scales","Question Card","Oddly Smooth Stone","Bottled Lightning","Nilry\u0027s Codex","Mercury Hourglass","PreservedInsect","Lee\u0027s Waffle","Bag of Marbles","Pantograph","Lantern","Meat on the Bone","Busted Crown","The Courier","Dream Catcher","RobotSpaceExplorer:PlasmaHourglass","Pen Nib","RobotSpaceExplorer:SlideRule","Boot"],"acts_visited":["Exordium","TheCity","TheBeyond","TheEnding"],"potions_floor_usage":[55],"damage_taken":[{"damage":0.0,"enemies":"Cultist","floor":1.0,"turns":1.0},{"damage":0.0,"enemies":"2 Louse","floor":2.0,"turns":1.0},{"damage":0.0,"enemies":"Jaw Worm","floor":4.0,"turns":1.0},{"damage":25.0,"enemies":"Gremlin Nob","floor":6.0,"turns":4.0},{"damage":17.0,"enemies":"Large Slime","floor":7.0,"turns":4.0},{"damage":0.0,"enemies":"3 Louse","floor":8.0,"turns":2.0},{"damage":1.0,"enemies":"Red Slaver","floor":12.0,"turns":3.0},{"damage":12.0,"enemies":"Lagavulin","floor":14.0,"turns":8.0},{"damage":14.0,"enemies":"Hexaghost","floor":16.0,"turns":11.0},{"damage":11.0,"enemies":"Spheric Guardian","floor":18.0,"turns":5.0},{"damage":11.0,"enemies":"2 Thieves","floor":21.0,"turns":3.0},{"damage":7.0,"enemies":"Cultist and Chosen","floor":22.0,"turns":4.0},{"damage":19.0,"enemies":"Book of Stabbing","floor":23.0,"turns":6.0},{"damage":5.0,"enemies":"Snake Plant","floor":24.0,"turns":3.0},{"damage":21.0,"enemies":"Shelled Parasite and Fungi","floor":28.0,"turns":4.0},{"damage":22.0,"enemies":"Slavers","floor":29.0,"turns":4.0},{"damage":9.0,"enemies":"Centurion and Healer","floor":30.0,"turns":6.0},{"damage":14.0,"enemies":"Gremlin Leader","floor":31.0,"turns":4.0},{"damage":29.0,"enemies":"Automaton","floor":33.0,"turns":8.0},{"damage":16.0,"enemies":"3 Darklings","floor":35.0,"turns":5.0},{"damage":3.0,"enemies":"3 Shapes","floor":36.0,"turns":2.0},{"damage":8.0,"enemies":"Jaw Worm Horde","floor":37.0,"turns":4.0},{"damage":0.0,"enemies":"Writhing Mass","floor":39.0,"turns":4.0},{"damage":36.0,"enemies":"Nemesis","floor":40.0,"turns":5.0},{"damage":11.0,"enemies":"Transient","floor":42.0,"turns":5.0},{"damage":4.0,"enemies":"Giant Head","floor":44.0,"turns":6.0},{"damage":0.0,"enemies":"4 Shapes","floor":45.0,"turns":4.0},{"damage":9.0,"enemies":"3 Darklings","floor":48.0,"turns":2.0},{"damage":46.0,"enemies":"Donu and Deca","floor":50.0,"turns":6.0},{"damage":21.0,"enemies":"Shield and Spear","floor":54.0,"turns":5.0},{"damage":88,"enemies":"The Heart","floor":55,"turns":5}],"seed_played":"-4938138885419587320","potions_obtained":[{"floor":2.0,"key":"FairyPotion"},{"floor":7.0,"key":"SteroidPotion"},{"floor":12.0,"key":"Block Potion"},{"floor":14.0,"key":"Fire Potion"},{"floor":21.0,"key":"Fire Potion"},{"floor":29.0,"key":"Explosive Potion"},{"floor":30.0,"key":"SkillPotion"},{"floor":36.0,"key":"Weak Potion"},{"floor":40.0,"key":"Fire Potion"},{"floor":42.0,"key":"PowerPotion"},{"floor":48.0,"key":"EntropicBrew"}],"is_trial":false,"path_per_floor":["M","M","$","M","T","E","M","M","T","?","R","M","?","E","R","B",null,"M","?","?","M","M","E","M","?","T","$","M","E","M","E","R","B",null,"M","M","M","?","M","E","R","M","T","E","M","R","$","M","R","B",null,"R","$","E","B"],"character_chosen":"RobotSpaceExplorer","items_purchased":["RobotSpaceExplorer:PowerGlove","RobotSpaceExplorer:Pulsar","RobotSpaceExplorer:Probe","Lee\u0027s Waffle","Bag of Marbles","RobotSpaceExplorer:SlideRule","RobotSpaceExplorer:PowerCollector","RobotSpaceExplorer:StarDust","RobotSpaceExplorer:FreezeRay","Explosive Potion"],"campfire_rested":3,"item_purchase_floors":[3,3,3,27,27,47,47,47,47,47],"current_hp_per_floor":[75,75,75,75,75,50,33,33,33,33,33,32,17,5,27,13,75,64,48,48,37,30,11,6,24,24,87,66,44,35,21,47,55,87,71,68,60,60,60,36,36,37,37,45,45,45,45,48,74,53,87,87,87,66,0,0],"gold":40,"neow_bonus":"THREE_ENEMY_KILL","is_daily":false,"chose_seed":false,"campfire_upgraded":3,"win_rate":0.0,"timestamp":1607732549,"path_taken":["M","?","$","?","?","E","?","M","T","?","R","M","?","E","R","BOSS","M","?","?","M","M","E","M","?","T","$","M","E","M","E","R","BOSS","M","M","M","?","?","E","R","M","T","E","M","R","$","?","R","BOSS","R","$","E","BOSS"],"items_purchased_type":["Card","Card","Card","Relic","Relic","Relic","Card","Card","Card","Potion"],"build_version":"2020-11-30","purchased_purges":0,"victory":false,"max_hp_per_floor":[75,75,75,75,75,75,75,75,75,75,75,75,75,75,75,75,75,75,75,75,75,75,75,75,80,80,87,87,87,87,87,87,87,87,87,87,87,87,87,87,87,87,87,87,87,87,87,87,87,87,87,87,87,87,87,87],"card_choices":[{"not_picked":["RobotSpaceExplorer:SlimeMissile","RobotSpaceExplorer:MiniDrones"],"picked":"RobotSpaceExplorer:Electropulse","floor":1.0},{"not_picked":["RobotSpaceExplorer:SlimeMissile","RobotSpaceExplorer:GlueShot"],"picked":"RobotSpaceExplorer:FreezeRay","floor":2.0},{"not_picked":["RobotSpaceExplorer:StunGrenade","RobotSpaceExplorer:ImprovisedAttack"],"picked":"RobotSpaceExplorer:FreezingShield","floor":4.0},{"not_picked":["RobotSpaceExplorer:ShovelStrike","RobotSpaceExplorer:ScrapMissile"],"picked":"RobotSpaceExplorer:ShockKick","floor":6.0},{"not_picked":["RobotSpaceExplorer:FrostMissile","RobotSpaceExplorer:BigMissile","RobotSpaceExplorer:RigExplosive"],"picked":"RobotSpaceExplorer:StunGrenade","floor":7.0},{"not_picked":["RobotSpaceExplorer:Scanner","RobotSpaceExplorer:MiniDrones","RobotSpaceExplorer:StarDust"],"picked":"RobotSpaceExplorer:ExhaustFan","floor":8.0},{"not_picked":["RobotSpaceExplorer:MetalStrike","RobotSpaceExplorer:ShockKick","RobotSpaceExplorer:StunGrenade"],"picked":"RobotSpaceExplorer:DoubleBlock","floor":12.0},{"not_picked":["RobotSpaceExplorer:FranticSearch","RobotSpaceExplorer:SurgingShield","RobotSpaceExplorer:ScrapMissile"],"picked":"RobotSpaceExplorer:Exploration","floor":14.0},{"not_picked":["RobotSpaceExplorer:HighVoltage","RobotSpaceExplorer:Wormhole","RobotSpaceExplorer:Blaster"],"picked":"RobotSpaceExplorer:Comet","floor":16.0},{"not_picked":["RobotSpaceExplorer:Smokescreen","RobotSpaceExplorer:MakeshiftVolley","RobotSpaceExplorer:SwiftStep"],"picked":"RobotSpaceExplorer:FreezeRay+1","floor":18.0},{"not_picked":["RobotSpaceExplorer:Counterblock","RobotSpaceExplorer:ScrapMissile","RobotSpaceExplorer:Jetpack"],"picked":"RobotSpaceExplorer:ShockKick+1","floor":21.0},{"not_picked":["RobotSpaceExplorer:Ammunition+1","RobotSpaceExplorer:Counterblock","RobotSpaceExplorer:SlimeMissile"],"picked":"RobotSpaceExplorer:FranticSearch+1","floor":22.0},{"not_picked":["RobotSpaceExplorer:Arsenal","RobotSpaceExplorer:ShockKick","RobotSpaceExplorer:SurgingStrike+1"],"picked":"RobotSpaceExplorer:Multitool","floor":23.0},{"not_picked":["RobotSpaceExplorer:Pulsar","RobotSpaceExplorer:Counterblock","RobotSpaceExplorer:ImprovisedAttack"],"picked":"RobotSpaceExplorer:JunkDive","floor":24.0},{"not_picked":["RobotSpaceExplorer:SurgingStrike","RobotSpaceExplorer:Probe","RobotSpaceExplorer:SlimeMissile"],"picked":"RobotSpaceExplorer:SwiftStep+1","floor":28.0},{"not_picked":["RobotSpaceExplorer:SlimeMissile","RobotSpaceExplorer:Fix","RobotSpaceExplorer:FranticSearch+1"],"picked":"RobotSpaceExplorer:SelfCleaning+1","floor":29.0},{"not_picked":["RobotSpaceExplorer:ImprovisedAttack","RobotSpaceExplorer:ChargingLaser","RobotSpaceExplorer:Counterblock"],"picked":"RobotSpaceExplorer:ScrapToss+1","floor":30.0},{"not_picked":["RobotSpaceExplorer:Fix","RobotSpaceExplorer:ShovelStrike","RobotSpaceExplorer:Blitz"],"picked":"RobotSpaceExplorer:FreezeRay","floor":31.0},{"not_picked":["RobotSpaceExplorer:ChargingLaser","RobotSpaceExplorer:Wormhole","RobotSpaceExplorer:HighVoltage"],"picked":"RobotSpaceExplorer:Exploration","floor":33.0},{"not_picked":["RobotSpaceExplorer:Counterblock"],"picked":"RobotSpaceExplorer:ScrapMissile","floor":35.0},{"not_picked":["RobotSpaceExplorer:ShovelStrike"],"picked":"RobotSpaceExplorer:ScrapMissile+1","floor":36.0},{"not_picked":["RobotSpaceExplorer:ImprovisedAttack"],"picked":"RobotSpaceExplorer:ScrapMissile+1","floor":37.0},{"not_picked":["RobotSpaceExplorer:Probe"],"picked":"RobotSpaceExplorer:StarLightning+1","floor":39.0},{"not_picked":["RobotSpaceExplorer:FrostMissile"],"picked":"RobotSpaceExplorer:MiniBoosters+1","floor":40.0},{"not_picked":["RobotSpaceExplorer:MiniDrones"],"picked":"RobotSpaceExplorer:ScrapShield","floor":42.0},{"not_picked":["RobotSpaceExplorer:PlasmaMissile+1"],"picked":"RobotSpaceExplorer:Accelerator","floor":44.0},{"not_picked":["RobotSpaceExplorer:ScrapMissile"],"picked":"RobotSpaceExplorer:StunGrenade","floor":45.0},{"not_picked":["RobotSpaceExplorer:MakeshiftVolley"],"picked":"RobotSpaceExplorer:RigExplosive","floor":48.0},{"not_picked":["RobotSpaceExplorer:LaserBurst+1"],"picked":"RobotSpaceExplorer:Pulsar","floor":49.0},{"not_picked":["RobotSpaceExplorer:FreezingShield+1"],"picked":"RobotSpaceExplorer:MiniBoosters+1","floor":54.0}],"player_experience":2118624,"relics_obtained":[{"floor":5.0,"key":"Bronze Scales"},{"floor":6.0,"key":"Question Card"},{"floor":9.0,"key":"Oddly Smooth Stone"},{"floor":14.0,"key":"Bottled Lightning"},{"floor":19.0,"key":"Nilry\u0027s Codex"},{"floor":23.0,"key":"Mercury Hourglass"},{"floor":26.0,"key":"PreservedInsect"},{"floor":29.0,"key":"Pantograph"},{"floor":30.0,"key":"Lantern"},{"floor":31.0,"key":"Meat on the Bone"},{"floor":35.0,"key":"The Courier"},{"floor":38.0,"key":"Dream Catcher"},{"floor":40.0,"key":"RobotSpaceExplorer:PlasmaHourglass"},{"floor":44.0,"key":"Pen Nib"},{"floor":54.0,"key":"Boot"}],"event_choices":[{"cards_removed":["RobotSpaceExplorer:Strike"],"damage_healed":0.0,"max_hp_gain":0.0,"max_hp_loss":0.0,"gold_gain":0.0,"event_name":"The Cleric","player_choice":"Card Removal","floor":10.0,"gold_loss":50.0,"damage_taken":0.0},{"damage_healed":0.0,"max_hp_gain":0.0,"max_hp_loss":0.0,"gold_gain":0.0,"event_name":"Shining Light","player_choice":"Entered Light","floor":13.0,"gold_loss":0.0,"damage_taken":15.0,"cards_upgraded":["RobotSpaceExplorer:FreezeRay","RobotSpaceExplorer:ExhaustFan"]},{"damage_healed":0.0,"max_hp_gain":0.0,"max_hp_loss":0.0,"gold_gain":0.0,"event_name":"Cursed Tome","player_choice":"Obtained Book","floor":19.0,"gold_loss":0.0,"damage_taken":16.0},{"damage_healed":0.0,"max_hp_gain":0.0,"max_hp_loss":0.0,"gold_gain":0.0,"cards_transformed":["RobotSpaceExplorer:Strike","RobotSpaceExplorer:Strike"],"event_name":"Drug Dealer","player_choice":"Became Test Subject","floor":20.0,"gold_loss":0.0,"damage_taken":0.0,"cards_obtained":["RobotSpaceExplorer:Discharger","RobotSpaceExplorer:MetalStrike"]},{"damage_healed":0.0,"max_hp_gain":5.0,"max_hp_loss":0.0,"gold_gain":0.0,"event_name":"Forgotten Altar","player_choice":"Shed Blood","floor":25.0,"gold_loss":0.0,"damage_taken":19.0},{"damage_healed":0.0,"max_hp_gain":0.0,"max_hp_loss":0.0,"gold_gain":0.0,"event_name":"Wheel of Change","player_choice":"Relic","floor":38.0,"gold_loss":0.0,"damage_taken":0.0}],"is_beta":false,"boss_relics":[{"not_picked":["Philosopher\u0027s Stone","RobotSpaceExplorer:SearchSpecs"],"picked":"RobotSpaceExplorer:TurboCore"},{"not_picked":["Pandora\u0027s Box","Velvet Choker"],"picked":"Busted Crown"}],"items_purged_floors":[],"is_endless":false,"potions_floor_spawned":[2,7,12,14,21,22,24,29,30,36,40,42,48],"killed_by":"The Heart","ascension_level":0}}