{"host":"yk98keyoflza93y0","time":1607857259,"event":{"mods":["AchievementEnabler","BaseMod","BetterRewards","Card Forge","Colored Map","DeckTracker","Minty Spire (QoL Compilation)","Shop Mod","StSLib","SuperFastMode","The Poker Player"],"gold_per_floor":[109,120,137,770,770,781,811,811,811,811,822,851,350,368,368,465,465,480,480,395,320,17,17,40,40,85,305,315,342,342,362,362,463,463,478,491,32,43,93,118,131,131,177,177,2,28,0,0,0,0,0,0,308,338,338],"floor_reached":56,"playtime":3833,"items_purged":["PokerPlayerMod:Diamond1","PokerPlayerMod:Spade1","PokerPlayerMod:Diamond3","PokerPlayerMod:Club3","PokerPlayerMod:HiddenCard","PokerPlayerMod:Heart2"],"score":1631,"play_id":"2c5f6e4d-92b2-4c36-adc6-393620378f0a","local_time":"20201213200059","is_ascension_mode":false,"metric_token":734,"campfire_choices":[{"data":"PokerPlayerMod:TrumpStrike","floor":8,"key":"SMITH"},{"data":"PokerPlayerMod:Diamond4","floor":15,"key":"SMITH"},{"data":"PokerPlayerMod:Spade4","floor":23,"key":"SMITH"},{"data":"PokerPlayerMod:Spade7","floor":25,"key":"SMITH"},{"data":"PokerPlayerMod:Diamond5","floor":32,"key":"SMITH"},{"data":"PokerPlayerMod:Diamond6","floor":42,"key":"SMITH"},{"data":"PokerPlayerMod:Diamond7","floor":44,"key":"SMITH"},{"floor":49,"key":"RECALL"},{"data":"PokerPlayerMod:Diamond5","floor":52,"key":"SMITH"}],"circlet_count":0,"master_deck":["PokerPlayerMod:Diamond6","PokerPlayerMod:Diamond8","PokerPlayerMod:Diamond8","PokerPlayerMod:Spade6","PokerPlayerMod:TrumpStrike+1","PokerPlayerMod:BadJoker+1","PokerPlayerMod:Mulligan+1","PokerPlayerMod:Configure+1","PokerPlayerMod:JackOfSpades+1","PokerPlayerMod:Spade7","PokerPlayerMod:Spade10+","PokerPlayerMod:Spade8","PokerPlayerMod:CardBurn+1","PokerPlayerMod:Spade8","PokerPlayerMod:Diamond9","PokerPlayerMod:Club8","PokerPlayerMod:ItsShowtime+1","CurseOfTheBell","PokerPlayerMod:Club7","PokerPlayerMod:Club6","PokerPlayerMod:Spade10+","PokerPlayerMod:Raise","PokerPlayerMod:Club10+"],"relics":["PokerPlayerMod:DeckCase","Hammer of Thor","Seething Fire","Anvil of the Gods","PokerPlayerMod:Splitter","Vajra","Lee\u0027s Waffle","TungstenRod","PokerPlayerMod:PenAndEraser","CaptainsWheel","Darkstone Periapt","Calipers","Calling Bell","Tiny Chest","Ornamental Fan","Ice Cream","PokerPlayerMod:StuffedPocket","War Paint","Frozen Eye","Potion Belt","Toy Ornithopter","Shuriken","Sundial","HandDrill","PokerPlayerMod:ClubPass","Enchiridion","Coffee Dripper","TheAbacus","Bronze Scales","PokerPlayerMod:JackpotMachine","PokerPlayerMod:FairLicense","Orichalcum","Oddly Smooth Stone","Red Mask","PokerPlayerMod:CoolBox","PokerPlayerMod:BrokenClock","Happy Flower","Nunchaku"],"acts_visited":["Exordium","TheCity","TheBeyond","TheEnding"],"potions_floor_usage":[7,10,16,55,55,55],"damage_taken":[{"damage":0,"enemies":"Small Slimes","floor":1,"turns":3},{"damage":0,"enemies":"2 Louse","floor":2,"turns":2},{"damage":0,"enemies":"Cultist","floor":3,"turns":4},{"damage":0,"enemies":"3 Louse","floor":6,"turns":3},{"damage":3,"enemies":"Lagavulin","floor":7,"turns":4},{"damage":0,"enemies":"Looter","floor":11,"turns":2},{"damage":0,"enemies":"Gremlin Nob","floor":12,"turns":4},{"damage":0,"enemies":"Exordium Thugs","floor":14,"turns":3},{"damage":0,"enemies":"Hexaghost","floor":16,"turns":7},{"damage":0,"enemies":"2 Thieves","floor":18,"turns":3},{"damage":0,"enemies":"Chosen","floor":28,"turns":1},{"damage":0,"enemies":"Book of Stabbing","floor":29,"turns":3},{"damage":0,"enemies":"Snecko","floor":31,"turns":2},{"damage":0,"enemies":"Automaton","floor":33,"turns":5},{"damage":0,"enemies":"3 Shapes","floor":35,"turns":2},{"damage":0,"enemies":"3 Darklings","floor":36,"turns":2},{"damage":0,"enemies":"Sphere and 2 Shapes","floor":38,"turns":1},{"damage":0,"enemies":"Mind Bloom Boss Battle","floor":39,"turns":5},{"damage":0,"enemies":"Giant Head","floor":40,"turns":7},{"damage":0,"enemies":"Maw","floor":41,"turns":4},{"damage":0,"enemies":"Nemesis","floor":46,"turns":4},{"damage":0,"enemies":"Time Eater","floor":50,"turns":10},{"damage":0,"enemies":"Shield and Spear","floor":54,"turns":3},{"damage":0,"enemies":"The Heart","floor":55,"turns":7}],"seed_played":"494911656326713303","potions_obtained":[{"floor":1,"key":"Dexterity Potion"},{"floor":6,"key":"FearPotion"},{"floor":10,"key":"BlessingOfTheForge"},{"floor":10,"key":"Fruit Juice"},{"floor":10,"key":"EntropicBrew"},{"floor":16,"key":"SpeedPotion"},{"floor":18,"key":"LiquidMemories"},{"floor":31,"key":"DuplicationPotion"},{"floor":36,"key":"LiquidMemories"}],"is_trial":false,"path_per_floor":["M","M","M","$","?","M","E","R","T","?","M","E","$","M","R","B",null,"M","?","?","?","$","R","T","R","T","$","M","E","?","M","R","B",null,"M","M","$","M","?","E","M","R","T","R","$","E","?","T","R","B",null,"R","$","E","B",null],"character_chosen":"THE_POKER_PLAYER","items_purchased":["PokerPlayerMod:Splitter","Vajra","Lee\u0027s Waffle","PokerPlayerMod:PenAndEraser","PokerPlayerMod:Spade7","PowerPotion","Calipers","PokerPlayerMod:Diamond8","War Paint","Frozen Eye","Shuriken","Sundial","HandDrill","TheAbacus","Bronze Scales","PokerPlayerMod:BrokenClock","PokerPlayerMod:Club10+","Happy Flower"],"campfire_rested":0,"item_purchase_floors":[0,0,0,4,4,4,13,13,22,22,27,27,27,37,37,53,53,53],"current_hp_per_floor":[59,59,59,59,59,59,59,59,59,64,64,64,64,64,64,64,70,70,70,70,70,70,70,70,70,70,70,70,70,58,58,58,58,70,70,70,70,70,70,70,70,70,70,70,70,70,70,70,70,70,70,70,70,70,70],"gold":338,"neow_bonus":"","is_daily":false,"chose_seed":false,"campfire_upgraded":8,"win_rate":0.0,"timestamp":1607857259,"path_taken":["M","M","M","$","?","M","E","R","T","?","?","E","$","M","R","BOSS","M","?","?","?","$","R","?","R","T","$","M","E","?","M","R","BOSS","M","M","$","M","?","E","M","R","T","R","$","E","?","?","R","BOSS","R","$","E","BOSS"],"items_purchased_type":["Relic","Relic","Relic","Relic","Card","Potion","Relic","Card","Relic","Relic","Relic","Relic","Relic","Relic","Relic","Relic","Undefined","Relic"],"build_version":"2020-11-30","purchased_purges":6,"victory":true,"max_hp_per_floor":[59,59,59,59,59,59,59,59,59,64,64,64,64,64,64,64,70,70,70,70,70,70,70,70,70,70,70,70,70,70,70,70,70,70,70,70,70,70,70,70,70,70,70,70,70,70,70,70,70,70,70,70,70,70,70],"card_choices":[{"not_picked":["PokerPlayerMod:Spade2","PokerPlayerMod:Trickery"],"picked":"PokerPlayerMod:Configure","floor":1},{"not_picked":["PokerPlayerMod:MagicTrick","PokerPlayerMod:Diamond2","PokerPlayerMod:Trickery"],"picked":"SKIP","floor":2},{"not_picked":["PokerPlayerMod:Diamond4","PokerPlayerMod:Diamond3"],"picked":"PokerPlayerMod:JackOfSpades","floor":3},{"not_picked":["PokerPlayerMod:SpadeStrike","PokerPlayerMod:Spade4"],"picked":"PokerPlayerMod:Spade10+","floor":6},{"not_picked":["PokerPlayerMod:Spade6","PokerPlayerMod:Club6"],"picked":"PokerPlayerMod:Spade8","floor":7},{"not_picked":["PokerPlayerMod:Spade2","PokerPlayerMod:MagicTrick"],"picked":"PokerPlayerMod:CardBurn","floor":11},{"not_picked":["PokerPlayerMod:Club2","PokerPlayerMod:Overdeal"],"picked":"PokerPlayerMod:Spade7","floor":12},{"not_picked":["PokerPlayerMod:Heart5","PokerPlayerMod:Raise"],"picked":"PokerPlayerMod:Club8","floor":14},{"not_picked":["PokerPlayerMod:Diamond10+","PokerPlayerMod:Spade8"],"picked":"PokerPlayerMod:ItsShowtime","floor":16},{"not_picked":["PokerPlayerMod:Club1","PokerPlayerMod:Club4","PokerPlayerMod:Diamond2"],"picked":"SKIP","floor":18},{"not_picked":["PokerPlayerMod:Configure+1","PokerPlayerMod:Spade3","PokerPlayerMod:ClubShade"],"picked":"SKIP","floor":28},{"not_picked":["PokerPlayerMod:Spade2","PokerPlayerMod:Heart4","PokerPlayerMod:DartThrow"],"picked":"SKIP","floor":29},{"not_picked":["PokerPlayerMod:ClubStrike+1","PokerPlayerMod:Diamond3"],"picked":"PokerPlayerMod:HiddenCard","floor":31},{"not_picked":["PokerPlayerMod:StackedDeck","PokerPlayerMod:Diamond8"],"picked":"PokerPlayerMod:Spade10+","floor":33},{"not_picked":["PokerPlayerMod:Diamond3","PokerPlayerMod:CardPrinter","PokerPlayerMod:HiddenCard"],"picked":"SKIP","floor":35},{"not_picked":["PokerPlayerMod:Spade4","PokerPlayerMod:Spade2","PokerPlayerMod:Diamond3"],"picked":"SKIP","floor":36},{"not_picked":["PokerPlayerMod:DamnStraight","PokerPlayerMod:Club5","PokerPlayerMod:Club1"],"picked":"SKIP","floor":38},{"not_picked":["PokerPlayerMod:DiamondStrike","PokerPlayerMod:Fold+1"],"picked":"PokerPlayerMod:Raise","floor":40},{"not_picked":["PokerPlayerMod:Spade3","PokerPlayerMod:Spade2","PokerPlayerMod:Fold+1"],"picked":"SKIP","floor":41},{"not_picked":["PokerPlayerMod:Spade4","PokerPlayerMod:Diamond5","PokerPlayerMod:ClubsClub"],"picked":"SKIP","floor":46},{"not_picked":["PokerPlayerMod:Diamond1","PokerPlayerMod:Club6","PokerPlayerMod:ClubStrike+1"],"picked":"SKIP","floor":54}],"player_experience":1460556,"relics_obtained":[{"floor":7,"key":"CaptainsWheel"},{"floor":12,"key":"Darkstone Periapt"},{"floor":17,"key":"Tiny Chest"},{"floor":17,"key":"Ornamental Fan"},{"floor":17,"key":"Ice Cream"},{"floor":24,"key":"Potion Belt"},{"floor":26,"key":"Toy Ornithopter"},{"floor":29,"key":"PokerPlayerMod:ClubPass"},{"floor":30,"key":"Enchiridion"},{"floor":39,"key":"PokerPlayerMod:JackpotMachine"},{"floor":40,"key":"PokerPlayerMod:FairLicense"},{"floor":43,"key":"Orichalcum"},{"floor":46,"key":"Oddly Smooth Stone"},{"floor":48,"key":"PokerPlayerMod:CoolBox"},{"floor":54,"key":"Nunchaku"}],"event_choices":[{"cards_removed":["PokerPlayerMod:Club1"],"damage_healed":0,"gold_gain":0,"player_choice":"Trade","damage_taken":0,"max_hp_gain":0,"max_hp_loss":0,"event_name":"PokerPlayerMod:ExordiumClub","floor":5,"gold_loss":0,"cards_obtained":["PokerPlayerMod:Club3"]},{"damage_healed":0,"gold_gain":0,"player_choice":"Got Potions","damage_taken":0,"max_hp_gain":0,"max_hp_loss":0,"event_name":"Lab","floor":10,"gold_loss":0},{"damage_healed":0,"gold_gain":0,"cards_transformed":["PokerPlayerMod:Spade2","PokerPlayerMod:Spade3"],"player_choice":"Became Test Subject","damage_taken":0,"max_hp_gain":0,"max_hp_loss":0,"event_name":"Drug Dealer","floor":19,"gold_loss":0,"cards_obtained":["PokerPlayerMod:Club6","PokerPlayerMod:Club6"]},{"damage_healed":0,"gold_gain":0,"player_choice":"Obtained Relic","damage_taken":0,"relics_obtained":["PokerPlayerMod:StuffedPocket"],"max_hp_gain":0,"max_hp_loss":0,"event_name":"Addict","floor":20,"gold_loss":85},{"cards_removed":["PokerPlayerMod:Club2"],"damage_healed":0,"gold_gain":0,"player_choice":"Gave Gold","damage_taken":0,"max_hp_gain":0,"max_hp_loss":0,"event_name":"Beggar","floor":21,"gold_loss":75},{"damage_healed":0,"gold_gain":0,"player_choice":"Obtained Book","damage_taken":16,"max_hp_gain":0,"max_hp_loss":0,"event_name":"Cursed Tome","floor":30,"gold_loss":0},{"damage_healed":0,"gold_gain":0,"player_choice":"Fight","damage_taken":0,"max_hp_gain":0,"max_hp_loss":0,"event_name":"MindBloom","floor":39,"gold_loss":0},{"damage_healed":0,"gold_gain":0,"player_choice":"Paid","damage_taken":0,"relics_obtained":["Red Mask"],"max_hp_gain":0,"max_hp_loss":0,"event_name":"Tomb of Lord Red Mask","floor":47,"gold_loss":28}],"is_beta":false,"boss_relics":[{"not_picked":["Fusion Hammer","Cursed Key"],"picked":"Calling Bell"},{"not_picked":["Philosopher\u0027s Stone","Busted Crown"],"picked":"Coffee Dripper"}],"items_purged_floors":[4,13,27,37,45,53],"is_endless":false,"potions_floor_spawned":[1,6,12,16,18,31,36,38,39,41],"ascension_level":0}}