{"host":"pqhwp6kmk3x070f7","time":1607828604,"event":{"mods":["Act Like it!","BaseMod","Better Altar","Better Match","Better Note","Better Sensory Stone","Better Skull","Better Third Choice","ChefMod","Downfall","Energized Spire","Hallownest","Hermit","Hubris","Infinite Spire","Jorbs\u0027s Wanderer Trilogy","Magitek Elite","Minty Spire (QoL Compilation)","Replay The Spire","Shade Mod","StSLib","The Alterego","The Animator","The Bug Knight","The Death Knight","The Dragon Tamer","The Elementalist","The Hayseed","The Hierophant","The Runesmith","The Senshi","WarShipGirlsR/????R mod"],"gold_per_floor":[157,176,191,206,224,253,277,277,306,306,306,325,325,335,346,450,450,450,300,300,300,328,338,338,356,281,281,331,18,37,56,66,165,165,165,220,245,245,245,245,299,299,238,238,252,252,267,280,290,290],"floor_reached":51,"playtime":6455,"items_purged":[],"score":732,"play_id":"2126aa0d-20a2-4091-99cd-53c3ee608686","local_time":"20201212190324","is_ascension_mode":false,"campfire_choices":[{"floor":8.0,"key":"REST"},{"data":"champ:VampiricStrike","floor":10.0,"key":"SMITH"},{"data":"champ:Improvising","floor":18.0,"key":"SMITH"},{"data":"champ:Encircle","floor":20.0,"key":"SMITH"},{"data":"champ:TornadoPunch","floor":27.0,"key":"SMITH"},{"floor":35.0,"key":"DIG"},{"data":"champ:HoldFirm","floor":38.0,"key":"SMITH"},{"data":"champ:IronFortress","floor":40.0,"key":"SMITH"},{"data":"champ:CalledShot","floor":44.0,"key":"SMITH"}],"circlet_count":0,"master_deck":["champ:Strike","champ:Strike","champ:Strike","champ:Strike","champ:Defend","champ:Defend","champ:Defend","champ:Defend","champ:Execute","champ:Taunt","champ:Shatter","champ:TornadoPunch+1","champ:VampiricStrike+1","champ:MurderStrike","champ:VampiricStrike","hubris:Fate","champ:Encircle+1","champ:VampiricStrike","champ:FocusedBerserking","champ:Improvising+1","champ:FanOfKnives","champ:PerfectForm+1","champ:Duel","champ:IronFortress+1","champ:Devastate","champ:AdrenalArmor","champ:HoldFirm+1","champ:CalledShot+1","champ:BladeFlurry","champ:FaceSlap","hubris:NaturalOne","champ:RecklessLeap","champ:ShieldWall+1"],"relics":["champ:ChampionCrown","Strawberry","HollowMod:PaleOreRelic","ReplayTheSpireMod:TigerMarble","champ:ChampionCrownUpgraded","PreservedInsect","Shuriken","TungstenRod","ChewingGum","Eternal Feather","Ribbon","Replay:WaspNest","hubris:Icosahedron","Anchor","Orichalcum","Runesmith:AutoHammer","HandDrill"],"acts_visited":["Exordium","TheCity","TheBeyond"],"potions_floor_usage":[50,50],"damage_taken":[{"damage":9.0,"enemies":"Cultist","floor":2.0,"turns":5.0},{"damage":5.0,"enemies":"Small Slimes","floor":3.0,"turns":3.0},{"damage":15.0,"enemies":"Jaw Worm","floor":4.0,"turns":4.0},{"damage":19.0,"enemies":"Exordium Thugs","floor":5.0,"turns":6.0},{"damage":41.0,"enemies":"3 Sentries","floor":6.0,"turns":6.0},{"damage":23.0,"enemies":"Replay:BlueRogue","floor":9.0,"turns":5.0},{"damage":0.0,"enemies":"Large Slime","floor":12.0,"turns":3.0},{"damage":9.0,"enemies":"Exordium Wildlife","floor":14.0,"turns":2.0},{"damage":2.0,"enemies":"Exordium Thugs","floor":15.0,"turns":2.0},{"damage":58.0,"enemies":"downfall:Silent","floor":16.0,"turns":6.0},{"damage":36.0,"enemies":"Slavers","floor":22.0,"turns":6.0},{"damage":3.0,"enemies":"3 Byrds","floor":23.0,"turns":1.0},{"damage":3.0,"enemies":"Chosen","floor":25.0,"turns":4.0},{"damage":35.0,"enemies":"downfall:FleeingMerchant","floor":29.0,"turns":4.0},{"damage":39.0,"enemies":"Shelled Parasite and Fungi","floor":30.0,"turns":4.0},{"damage":18.0,"enemies":"Snake Plant","floor":31.0,"turns":2.0},{"damage":23.0,"enemies":"Cultist and Chosen","floor":32.0,"turns":3.0},{"damage":73.0,"enemies":"downfall:Watcher","floor":33.0,"turns":7.0},{"damage":47.0,"enemies":"2 Orb Walkers","floor":36.0,"turns":5.0},{"damage":19.0,"enemies":"Reptomancer","floor":37.0,"turns":5.0},{"damage":10.0,"enemies":"downfall:FleeingMerchant","floor":43.0,"turns":2.0},{"damage":6.0,"enemies":"Orb Walker","floor":45.0,"turns":3.0},{"damage":12,"enemies":"3 Darklings","floor":47,"turns":4},{"damage":14,"enemies":"Spire Growth","floor":48,"turns":3},{"damage":49,"enemies":"Transient","floor":49,"turns":5},{"damage":44,"enemies":"downfall:Ironclad","floor":50,"turns":5}],"seed_played":"-6186358223871278661","potions_obtained":[{"floor":2.0,"key":"Fire Potion"},{"floor":4.0,"key":"Weak Potion"},{"floor":6.0,"key":"SteroidPotion"},{"floor":13.0,"key":"Ancient Potion"},{"floor":22.0,"key":"FearPotion"},{"floor":36.0,"key":"Block Potion"},{"floor":47,"key":"BlessingOfTheForge"}],"is_trial":false,"path_per_floor":["R","M","M","M","M","E","T","R","E","R","?","M","?","M","M","B",null,"R","?","R","?","E","M","T","M","?","R","?","$","M","M","M","B",null,"R","?","E","R","?","R","T","AVR","$","R","M","?","M","M","M","B",null],"character_chosen":"THE_CHAMP","items_purchased":["TungstenRod","Runesmith:AutoHammer","HandDrill","champ:CalledShot"],"campfire_rested":1,"item_purchase_floors":[29,43,43,43],"current_hp_per_floor":[99,95,95,83,69,52,52,83,77,77,51,76,76,74,101,106,106,106,116,116,116,116,116,116,116,116,116,116,116,106,109,116,116,116,116,106,116,116,116,116,116,116,116,116,116,116,116,116,116,116],"gold":290,"neow_bonus":"TEN_PERCENT_HP_BONUS","is_daily":false,"chose_seed":false,"campfire_upgraded":7,"win_rate":0.0,"timestamp":1607828604,"path_taken":["R","M","?","M","M","E","T","R","E","R","?","M","?","?","M","BOSS","R","?","R","?","E","M","T","M","?","R","?","$","M","M","M","BOSS","R","?","E","R","?","R","T","AVR","$","R","M","?","?","M","M","BOSS"],"items_purchased_type":["Relic","Relic","Relic","Card"],"build_version":"2020-11-30","purchased_purges":0,"victory":true,"max_hp_per_floor":[99,99,99,99,99,106,106,106,106,106,106,106,106,106,106,106,106,106,116,116,116,116,116,116,116,116,116,116,116,116,116,116,116,116,116,116,116,116,116,116,116,116,116,116,116,116,116,116,116,116],"card_choices":[{"not_picked":["champ:PerfectedStrike","champ:BringItOn"],"picked":"champ:GladiatorsShout","floor":2.0},{"not_picked":["champ:Circumvent","champ:BladeFlurry"],"picked":"champ:Shatter","floor":3.0},{"not_picked":["champ:FlashCut","champ:GladiatorsShout"],"picked":"champ:TornadoPunch","floor":4.0},{"not_picked":["champ:PerfectedStrike","champ:FanOfKnives"],"picked":"champ:VampiricStrike","floor":5.0},{"not_picked":["champ:ShieldThrow","champ:Shatter"],"picked":"champ:MurderStrike","floor":6.0},{"not_picked":["champ:Backstep","champ:FocusedBerserking"],"picked":"champ:VampiricStrike","floor":9.0},{"not_picked":["infinitespire:FutureSight","ReplayTheSpireMod:Book of Names"],"picked":"hubris:Fate","floor":11.0},{"not_picked":["champ:TornadoPunch","champ:CrookedStrike"],"picked":"champ:Encircle","floor":12.0},{"not_picked":["champ:TornadoPunch","champ:FlashCut"],"picked":"champ:VampiricStrike","floor":14.0},{"not_picked":["champ:BerserkersShout","champ:TornadoPunch"],"picked":"champ:FocusedBerserking","floor":15.0},{"not_picked":["champ:CheapShot","champ:VampiricStrike"],"picked":"champ:Improvising","floor":16.0},{"not_picked":["champ:DefensiveShout","champ:FlashCut+1"],"picked":"champ:FanOfKnives","floor":22.0},{"not_picked":["champ:FocusedGladiator+1","champ:FanOfKnives","champ:DefensiveShout"],"picked":"SKIP","floor":23.0},{"not_picked":["champ:GladiatorsShout","champ:FlashCut","champ:BringItOn+1"],"picked":"SKIP","floor":25.0},{"not_picked":["champ:VampiricStrike+1","champ:DancingMaster+1"],"picked":"champ:PerfectForm+1","floor":26.0},{"not_picked":["champ:BerserkersShout","champ:Riposte"],"picked":"champ:Duel","floor":29.0},{"not_picked":["champ:PerfectedStrike","champ:BringItOn"],"picked":"champ:IronFortress","floor":30.0},{"not_picked":["champ:BladeFlurry","champ:BerserkerStyle"],"picked":"champ:Devastate","floor":31.0},{"not_picked":["champ:PreciseThrust","champ:Riposte","champ:AdrenalArmor"],"picked":"SKIP","floor":32.0},{"not_picked":["champ:PreciseThrust","champ:Riposte"],"picked":"champ:AdrenalArmor","floor":32.0},{"not_picked":["champ:MurderStrike","champ:CrownThrow"],"picked":"champ:HoldFirm","floor":33.0},{"not_picked":["champ:TornadoPunch","champ:FocusedGladiator+1","champ:GladiatorsShout+1"],"picked":"SKIP","floor":37.0},{"not_picked":["champ:Haymaker","champ:Backstep+1","champ:CrookedStrike"],"picked":"SKIP","floor":43.0},{"not_picked":["champ:FocusedGladiator","champ:Shatter+1","champ:Duel+1"],"picked":"SKIP","floor":45.0},{"not_picked":["champ:ViciousMockery","champ:FocusedGladiator+1"],"picked":"champ:FaceSlap","floor":47},{"not_picked":["champ:Backstep","champ:AdrenalArmor"],"picked":"champ:RecklessLeap","floor":48},{"not_picked":["champ:StanceDance+1","champ:BladeFlurry+1"],"picked":"champ:ShieldWall+1","floor":49}],"player_experience":2677077,"relics_obtained":[{"floor":6.0,"key":"Strawberry"},{"floor":7.0,"key":"HollowMod:PaleOreRelic"},{"floor":9.0,"key":"ReplayTheSpireMod:TigerMarble"},{"floor":22.0,"key":"PreservedInsect"},{"floor":24.0,"key":"Shuriken"},{"floor":35.0,"key":"Eternal Feather"},{"floor":36.0,"key":"Ribbon"},{"floor":37.0,"key":"Replay:WaspNest"},{"floor":41.0,"key":"Anchor"}],"event_choices":[{"damage_healed":0.0,"max_hp_gain":0.0,"max_hp_loss":0.0,"gold_gain":0.0,"event_name":"Lab","player_choice":"Got Potions","floor":13.0,"gold_loss":0.0,"damage_taken":0.0},{"damage_healed":0.0,"max_hp_gain":0.0,"max_hp_loss":0.0,"gold_gain":0.0,"event_name":"Wheel of Change","player_choice":"Full Heal","floor":21.0,"gold_loss":0.0,"damage_taken":0.0},{"damage_healed":0.0,"max_hp_gain":0.0,"max_hp_loss":0.0,"gold_gain":0.0,"event_name":"betterMatch:BetterMatch","player_choice":"2","floor":26.0,"gold_loss":0.0,"damage_taken":0.0,"cards_obtained":["betterMatch:RareCard"]},{"damage_healed":0.0,"max_hp_gain":0.0,"max_hp_loss":0.0,"gold_gain":0.0,"event_name":"Mysterious Sphere","player_choice":"Fight","floor":36.0,"gold_loss":0.0,"damage_taken":0.0},{"damage_healed":0.0,"max_hp_gain":0.0,"max_hp_loss":0.0,"gold_gain":0.0,"cards_transformed":["champ:GladiatorsShout"],"event_name":"Transmorgrifier","player_choice":"Transformed","floor":46.0,"gold_loss":0.0,"damage_taken":0.0,"cards_obtained":["champ:BladeFlurry"]}],"is_beta":false,"boss_relics":[{"not_picked":["Astrolabe","energizedSpire:OgreHead"],"picked":"champ:ChampionCrownUpgraded"},{"not_picked":["Fusion Hammer","Black Star"],"picked":"ChewingGum"}],"items_purged_floors":[],"is_endless":false,"potions_floor_spawned":[2,4,6,14,22,30,31,36,45,47,49],"ascension_level":0}}