{"host":"hszimsrtxxc2k25w","time":1607885962,"event":{"mods":["AchievementEnabler","BaseMod","Colored Map","DeckTracker","Minty Spire (QoL Compilation)","Rare Cards Sparkle","SuperFastMode"],"gold_per_floor":[112,112,72,91,108,108,126,140,166,166,166,195,210,228,228,228,228],"floor_reached":16,"playtime":547,"items_purged":[],"score":198,"play_id":"d4d706a1-f85e-46c8-a9d0-2e834fb8cf11","local_time":"20201214035922","is_ascension_mode":true,"campfire_choices":[{"data":"Crippling Poison","floor":6.0,"key":"SMITH"},{"floor":11.0,"key":"REST"},{"floor":15,"key":"REST"}],"circlet_count":0,"master_deck":["AscendersBane","Strike_G","Strike_G","Strike_G","Defend_G","Defend_G","Defend_G","Defend_G","Defend_G","Survivor","Neutralize","PiercingWail","Predator","Crippling Poison+1","Cloak And Dagger","All Out Attack","Well Laid Plans","Backstab"],"relics":["Ring of the Snake","Gambling Chip","Regal Pillow","Art of War"],"acts_visited":["Exordium"],"potions_floor_usage":[12,16],"damage_taken":[{"damage":7.0,"enemies":"Jaw Worm","floor":1.0,"turns":6.0},{"damage":0.0,"enemies":"Cultist","floor":4.0,"turns":3.0},{"damage":5.0,"enemies":"2 Louse","floor":5.0,"turns":3.0},{"damage":1.0,"enemies":"Exordium Wildlife","floor":7.0,"turns":5.0},{"damage":21.0,"enemies":"Large Slime","floor":8.0,"turns":9.0},{"damage":19,"enemies":"Lagavulin","floor":12,"turns":6},{"damage":11,"enemies":"Blue Slaver","floor":13,"turns":5},{"damage":0,"enemies":"3 Louse","floor":14,"turns":2},{"damage":51,"enemies":"The Guardian","floor":16,"turns":15}],"seed_played":"1939769623947392400","potions_obtained":[{"floor":4.0,"key":"PowerPotion"},{"floor":12,"key":"AttackPotion"},{"floor":13,"key":"Ancient Potion"}],"is_trial":false,"path_per_floor":["M","?","$","M","M","R","M","M","T","?","R","E","M","M","R","B"],"character_chosen":"THE_SILENT","items_purchased":["Predator"],"campfire_rested":2,"item_purchase_floors":[3],"current_hp_per_floor":[37,37,37,37,32,32,31,10,10,10,44,25,14,14,48,0,0],"gold":228,"neow_bonus":"ONE_RARE_RELIC","is_daily":false,"chose_seed":false,"campfire_upgraded":1,"win_rate":0.0,"timestamp":1607885962,"path_taken":["M","?","$","M","M","R","M","M","T","?","R","E","?","M","R","BOSS"],"items_purchased_type":["Card"],"build_version":"2020-11-30","purchased_purges":0,"victory":false,"max_hp_per_floor":[66,66,66,66,66,66,66,66,66,66,66,66,66,66,66,66,66],"card_choices":[{"not_picked":["Underhanded Strike","Infinite Blades","Accuracy"],"picked":"SKIP","floor":1.0},{"not_picked":["Dodge and Roll","Backflip"],"picked":"Crippling Poison","floor":4.0},{"not_picked":["Infinite Blades","Backflip"],"picked":"Cloak And Dagger","floor":5.0},{"not_picked":["PiercingWail","Underhanded Strike","Riddle With Holes"],"picked":"SKIP","floor":7.0},{"not_picked":["Flechettes","Concentrate"],"picked":"All Out Attack","floor":8.0},{"not_picked":["Blade Dance","Expertise"],"picked":"Well Laid Plans","floor":12},{"not_picked":["Caltrops","Blur"],"picked":"Backstab","floor":13},{"not_picked":["Deflect","Bane","Skewer"],"picked":"SKIP","floor":14}],"player_experience":581649,"relics_obtained":[{"floor":9.0,"key":"Regal Pillow"},{"floor":12,"key":"Art of War"}],"event_choices":[{"damage_healed":0.0,"max_hp_gain":0.0,"max_hp_loss":0.0,"gold_gain":0.0,"cards_transformed":["Strike_G"],"event_name":"Living Wall","player_choice":"Change","floor":2.0,"gold_loss":0.0,"damage_taken":0.0,"cards_obtained":["PiercingWail"]},{"cards_removed":["Strike_G"],"damage_healed":0.0,"max_hp_gain":0.0,"max_hp_loss":0.0,"gold_gain":0.0,"event_name":"Bonfire Elementals","player_choice":"Offered Basic","floor":10.0,"gold_loss":0.0,"damage_taken":0.0}],"is_beta":false,"boss_relics":[],"items_purged_floors":[],"is_endless":false,"potions_floor_spawned":[4,12,13,14],"killed_by":"The Guardian","ascension_level":18}}