{"host":"kntpungskobv1jqb","time":1607865799,"event":{"mods":["BaseMod","Minty Spire (QoL Compilation)","Replay The Spire","StSLib","SuperFastMode"],"gold_per_floor":[114,114,114,189,205,205,205,284,284,316,316,344,354,354,354,354,354],"floor_reached":16,"playtime":265,"items_purged":[],"score":223,"play_id":"ed98e817-e1cd-4ca3-8e6d-4580a9a4d143","local_time":"20201213212319","is_ascension_mode":true,"campfire_choices":[{"data":"Hemokinesis","floor":6,"key":"SMITH"},{"data":"Bloodletting","floor":11,"key":"SMITH"},{"data":"Cleave","floor":15,"key":"SMITH"}],"circlet_count":0,"master_deck":["AscendersBane","Strike_R","Strike_R","Strike_R","Strike_R","Defend_R","Defend_R","Defend_R","Defend_R","Bash","Hemokinesis+1","Burning Pact+1","Pommel Strike","Bloodletting+1","Ghostly Armor","Cleave+1"],"relics":["Burning Blood","NeowsBlessing","Pantograph","WingedGreaves","Tiny Chest","Art of War"],"acts_visited":["Exordium"],"potions_floor_usage":[],"damage_taken":[{"damage":0,"enemies":"Cultist","floor":1,"turns":1},{"damage":0,"enemies":"Jaw Worm","floor":5,"turns":1},{"damage":0,"enemies":"Gremlin Nob","floor":10,"turns":1},{"damage":45,"enemies":"Lagavulin","floor":12,"turns":6},{"damage":2,"enemies":"Small Slimes","floor":13,"turns":2},{"damage":67,"enemies":"The Guardian","floor":16,"turns":9}],"seed_played":"7726479141498591035","potions_obtained":[{"floor":1,"key":"GamblersBrew"},{"floor":13,"key":"ColorlessPotion"}],"is_trial":false,"path_per_floor":["M","?","$","?","M","R","$","?","T","E","R","E","M","?","R","B"],"character_chosen":"IRONCLAD","items_purchased":[],"campfire_rested":0,"item_purchase_floors":[],"current_hp_per_floor":[74,74,74,63,69,69,69,69,69,75,75,36,40,40,40,0,0],"gold":354,"neow_bonus":"THREE_ENEMY_KILL","is_daily":false,"chose_seed":false,"campfire_upgraded":3,"win_rate":0.0,"timestamp":1607865799,"path_taken":["M","?","?","?","M","R","$","?","T","E","R","E","M","?","R","BOSS"],"items_purchased_type":[],"build_version":"2020-11-30","purchased_purges":0,"victory":false,"max_hp_per_floor":[75,75,75,75,75,75,75,75,75,75,75,75,75,75,75,75,75],"card_choices":[{"not_picked":["Power Through","Body Slam"],"picked":"Hemokinesis","floor":1},{"not_picked":["Dark Embrace","Disarm"],"picked":"Pommel Strike","floor":5},{"not_picked":["Feel No Pain","ReplayTheSpireMod:Strike From Hell"],"picked":"Bloodletting","floor":10},{"not_picked":["Dual Wield","Run Through"],"picked":"Ghostly Armor","floor":12},{"not_picked":["ReplayTheSpireMod:Corrosion Curse","Intimidate"],"picked":"Cleave","floor":13}],"player_experience":455212,"relics_obtained":[{"floor":9,"key":"Pantograph"},{"floor":10,"key":"WingedGreaves"},{"floor":12,"key":"Tiny Chest"}],"event_choices":[{"damage_healed":0,"gold_gain":75,"player_choice":"Gather Gold","damage_taken":11,"max_hp_gain":0,"max_hp_loss":0,"event_name":"World of Goop","floor":4,"gold_loss":0},{"damage_healed":0,"gold_gain":79,"player_choice":"Gained Gold","damage_taken":0,"max_hp_gain":0,"max_hp_loss":0,"event_name":"Golden Wing","floor":8,"gold_loss":0},{"damage_healed":0,"gold_gain":0,"player_choice":"Gave Potion","damage_taken":0,"relics_obtained":["Art of War"],"max_hp_gain":0,"max_hp_loss":0,"event_name":"WeMeetAgain","floor":14,"gold_loss":0}],"is_beta":false,"boss_relics":[],"items_purged_floors":[],"is_endless":false,"potions_floor_spawned":[1,13],"killed_by":"The Guardian","ascension_level":14}}