{"host":"uceopoba4zvqsgiy","time":1607888695,"event":{"mods":["Act Like it!","BaseMod","Better Skull","Better Third Choice","Elementarium","GifTheSpireLib","Hermit","Humility","Infinite Spire","Jorbs\u0027s Wanderer Trilogy","Marked Mod","Minty Spire (QoL Compilation)","Potionbrewer","Replay The Spire","Robot Space Explorer","Shade Mod","Spicy Shops","StSLib","Stuff the Spire","The Blue Laboratory","The Cursed","The Dragon Tamer","The Hierophant","The Judge","The Jungle","Wandering Minibosses"],"gold_per_floor":[118,118,118,118,132,157,157,191,217,217,222,222,234,250,250,355,355,374,374,393,393,393,393],"floor_reached":22,"playtime":4173,"items_purged":[],"score":329,"play_id":"c805badf-992d-4d93-855c-151f808910fe","local_time":"20201214061455","is_ascension_mode":true,"campfire_choices":[{"data":"Echo Form","floor":7,"key":"SMITH"},{"floor":12,"key":"REST"},{"floor":15,"key":"REST"}],"circlet_count":0,"master_deck":["Strike_B+1","Strike_B","Strike_B","Strike_B","Defend_B","Defend_B+1","Defend_B","Defend_B","Zap+1","StuffTheSpire:CuriosityCurse","Bash","Loop","Echo Form+1","Crystallizer","Gash","Firewall","Pain","CommonCold","ReplayTheSpireMod:Splinters","infinitespire:Execution"],"relics":["NeowsBlessing","StuffTheSpire:GrapeVine","Iron Core","Simple Rune","TungstenRod","Oddly Smooth Stone","Iron Hammer","Juzu Bracelet","Fusion Hammer","WarpedTongs"],"acts_visited":["Exordium","TheCity"],"potions_floor_usage":[11,16,16,16],"damage_taken":[{"damage":0,"enemies":"Small Slimes","floor":1,"turns":1},{"damage":0,"enemies":"Jaw Worm","floor":5,"turns":1},{"damage":0,"enemies":"Lagavulin","floor":6,"turns":2},{"damage":16,"enemies":"Replay:BlueRogue","floor":8,"turns":6},{"damage":30,"enemies":"Gremlin Nob","floor":11,"turns":4},{"damage":8,"enemies":"2 Louse","floor":13,"turns":5},{"damage":10,"enemies":"Looter","floor":14,"turns":3},{"damage":25,"enemies":"Hexaghost","floor":16,"turns":6},{"damage":9,"enemies":"Chosen","floor":18,"turns":6},{"damage":23,"enemies":"Shell Parasite","floor":20,"turns":4},{"damage":45,"enemies":"Snecko","floor":22,"turns":3}],"seed_played":"-3716959165147645631","potions_obtained":[{"floor":5,"key":"Strength Potion"},{"floor":6,"key":"blueLaboratory:LouseDecoction"},{"floor":13,"key":"potionbrewer:NoxiousPotion"},{"floor":14,"key":"Regen Potion"},{"floor":16,"key":"blueLaboratory:RememoryPotion"}],"is_trial":false,"path_per_floor":["M","?","?","?","M","E","R","E","T","T","E","R","M","M","R","B",null,"M","?","M","?","M"],"character_chosen":"DEFECT","items_purchased":[],"campfire_rested":2,"item_purchase_floors":[],"current_hp_per_floor":[68,68,68,68,68,68,68,52,52,52,22,44,36,26,48,38,66,57,57,34,34,0,0],"gold":393,"neow_bonus":"THREE_ENEMY_KILL","is_daily":false,"chose_seed":false,"campfire_upgraded":1,"win_rate":0.0,"timestamp":1607888695,"path_taken":["M","?","?","?","M","E","R","E","T","?","E","R","M","M","R","BOSS","M","?","M","?","M"],"items_purchased_type":[],"build_version":"2020-11-30","purchased_purges":0,"victory":false,"max_hp_per_floor":[75,75,75,75,75,75,75,75,75,75,75,75,75,75,75,75,75,75,75,75,75,75,75],"card_choices":[{"not_picked":["Compile Driver","Reinforced Body","Reprogram"],"picked":"SKIP","floor":1},{"not_picked":["Reinforced Body","Recycle"],"picked":"Loop","floor":5},{"not_picked":["Juggernaut","WeaponsOverheat"],"picked":"Echo Form","floor":6},{"not_picked":["Cold Snap","Clash","ReplaySolidLightProjector"],"picked":"SKIP","floor":8},{"not_picked":["Cold Snap","Ball Lightning","Double Energy"],"picked":"SKIP","floor":11},{"not_picked":["Chill","BootSequence"],"picked":"Crystallizer","floor":13},{"not_picked":["Crystallizer","BasicCrystalCard"],"picked":"Gash","floor":14},{"not_picked":["Mirror Shield","Creative AI"],"picked":"Firewall","floor":16},{"not_picked":["Stack","Darkness","Barrage+1"],"picked":"SKIP","floor":18},{"not_picked":["Go for the Eyes","Steam Power","Beam Cell"],"picked":"SKIP","floor":20},{"not_picked":["infinitespire:FinalStrike","ReplayTheSpireMod:Echoes of Time"],"picked":"infinitespire:Execution","floor":21}],"player_experience":1510206,"relics_obtained":[{"floor":6,"key":"Simple Rune"},{"floor":8,"key":"TungstenRod"},{"floor":9,"key":"Oddly Smooth Stone"},{"floor":10,"key":"Iron Hammer"},{"floor":11,"key":"Juzu Bracelet"}],"event_choices":[{"damage_healed":0,"gold_gain":0,"player_choice":"Grow","damage_taken":0,"max_hp_gain":0,"max_hp_loss":0,"event_name":"Living Wall","floor":2,"gold_loss":0,"cards_upgraded":["Zap"]},{"damage_healed":0,"gold_gain":0,"player_choice":"Rummage","damage_taken":0,"relics_obtained":["WarpedTongs"],"max_hp_gain":0,"max_hp_loss":0,"event_name":"Accursed Blacksmith","floor":19,"gold_loss":0,"cards_obtained":["Pain"]}],"is_beta":false,"boss_relics":[{"not_picked":["Ectoplasm","Busted Crown"],"picked":"Fusion Hammer"}],"items_purged_floors":[],"is_endless":false,"potions_floor_spawned":[5,6,13,14,16],"killed_by":"Snecko","ascension_level":9}}