{"host":"9tzam4717zt8ei1o","time":1607870168,"event":{"mods":["BaseMod","Colored Map","Keyboard Shortcuts","Minty Spire (QoL Compilation)","Quick Restart","StSLib","SuperFastMode"],"gold_per_floor":[110,110,121,121,144,144,319,319,319,18,18,56,71,95,95,223,223,241,89,82,18,43,43,58,58,58,58,58,78,99,22,22,141,141,160,176,176,176,239,239,264,264,264,304,304,324,152,186,186,186],"floor_reached":51,"playtime":1378,"items_purged":["Strike_G","Defend_G"],"score":1178,"play_id":"905652ac-9d95-46d6-8907-eaf9676000b7","local_time":"20201213233608","is_ascension_mode":true,"campfire_choices":[{"data":"Dagger Throw","floor":6.0,"key":"SMITH"},{"floor":11.0,"key":"REST"},{"data":"Deadly Poison","floor":15.0,"key":"SMITH"},{"data":"Strike_G","floor":23.0,"key":"PURGE"},{"data":"Strike_G","floor":25.0,"key":"PURGE"},{"data":"Strike_G","floor":27.0,"key":"PURGE"},{"floor":32,"key":"REST"},{"data":"Defend_G","floor":40,"key":"PURGE"},{"data":"Noxious Fumes","floor":42,"key":"SMITH"},{"data":"Bouncing Flask","floor":45,"key":"SMITH"},{"data":"Defend_G","floor":49,"key":"PURGE"}],"circlet_count":0,"master_deck":["AscendersBane","Defend_G","Defend_G+1","Survivor","Neutralize+1","Dagger Throw+1","Deflect","Backflip","Deadly Poison+1","Catalyst","After Image","CurseOfTheBell","Escape Plan","Noxious Fumes+1","Adrenaline","Bouncing Flask+1","After Image","Footwork","After Image","Well Laid Plans"],"relics":["Ring of the Snake","Golden Idol","Singing Bowl","Tough Bandages","Peace Pipe","Calling Bell","Ancient Tea Set","Question Card","Calipers","Pantograph","Eternal Feather","Sozu","Pocketwatch","Pen Nib","Bottled Lightning","InkBottle"],"acts_visited":["Exordium","TheCity","TheBeyond"],"potions_floor_usage":[30,30],"damage_taken":[{"damage":2.0,"enemies":"Small Slimes","floor":1.0,"turns":4.0},{"damage":1.0,"enemies":"2 Louse","floor":3.0,"turns":3.0},{"damage":0.0,"enemies":"Jaw Worm","floor":5.0,"turns":3.0},{"damage":11.0,"enemies":"3 Sentries","floor":12.0,"turns":12.0},{"damage":4.0,"enemies":"Exordium Wildlife","floor":13.0,"turns":7.0},{"damage":0.0,"enemies":"3 Louse","floor":14.0,"turns":4.0},{"damage":8.0,"enemies":"Hexaghost","floor":16.0,"turns":8.0},{"damage":22.0,"enemies":"3 Byrds","floor":18.0,"turns":10.0},{"damage":11.0,"enemies":"2 Thieves","floor":20.0,"turns":4.0},{"damage":5.0,"enemies":"Centurion and Healer","floor":22.0,"turns":9.0},{"damage":10.0,"enemies":"Chosen and Byrds","floor":24.0,"turns":9.0},{"damage":15.0,"enemies":"3 Cultists","floor":29.0,"turns":6.0},{"damage":12,"enemies":"Snecko","floor":30,"turns":7},{"damage":46,"enemies":"Champ","floor":33,"turns":16},{"damage":11,"enemies":"3 Darklings","floor":35,"turns":8},{"damage":2,"enemies":"3 Shapes","floor":36,"turns":7},{"damage":0,"enemies":"Mind Bloom Boss Battle","floor":39,"turns":14},{"damage":4,"enemies":"Transient","floor":41,"turns":5},{"damage":11,"enemies":"Nemesis","floor":44,"turns":9},{"damage":24,"enemies":"3 Darklings","floor":46,"turns":5},{"damage":0,"enemies":"Giant Head","floor":48,"turns":7},{"damage":29,"enemies":"Donu and Deca","floor":50,"turns":10}],"seed_played":"-8678168855943926145","potions_obtained":[{"floor":1.0,"key":"DuplicationPotion"},{"floor":12.0,"key":"CunningPotion"},{"floor":14.0,"key":"PowerPotion"},{"floor":20.0,"key":"SkillPotion"},{"floor":24.0,"key":"Dexterity Potion"},{"floor":29.0,"key":"DuplicationPotion"}],"is_trial":false,"path_per_floor":["M","?","M","?","M","R","?","?","T","$","R","E","M","M","R","B",null,"M","$","M","?","M","R","M","R","T","R","$","M","M","$","R","B",null,"M","M","?","?","?","R","M","R","T","E","R","M","$","E","R","B",null],"character_chosen":"THE_SILENT","items_purchased":["Tough Bandages","Noxious Fumes","Bouncing Flask","Well Laid Plans"],"campfire_rested":2,"item_purchase_floors":[10,19,31,47],"current_hp_per_floor":[61,47,46,29,29,29,29,29,29,29,50,39,35,35,35,27,59,37,37,28,28,25,25,15,15,15,27,27,14,4,4,39,18,63,52,52,52,52,78,78,76,80,80,69,80,58,58,60,72,55],"gold":186,"neow_bonus":"UPGRADE_CARD","is_daily":false,"chose_seed":false,"campfire_upgraded":4,"win_rate":0.0,"timestamp":1607870168,"path_taken":["M","?","M","?","?","R","?","?","T","$","R","E","M","M","R","BOSS","M","$","?","?","M","R","M","R","T","R","$","M","M","?","R","BOSS","M","M","?","?","?","R","M","R","T","E","R","M","$","E","R","BOSS"],"items_purchased_type":["Relic","Card","Card","Card"],"build_version":"2020-11-30","purchased_purges":2,"victory":true,"max_hp_per_floor":[70,70,70,70,70,70,70,70,70,70,70,70,70,70,70,70,70,70,70,72,72,74,74,74,74,74,74,74,76,78,78,78,78,78,78,80,80,76,78,78,80,80,80,80,80,82,82,84,84,84],"card_choices":[{"not_picked":["Leg Sweep","Calculated Gamble"],"picked":"Dagger Throw","floor":1.0},{"not_picked":["Dodge and Roll","Cloak And Dagger","Acrobatics"],"picked":"SKIP","floor":3.0},{"not_picked":["Prepared","Quick Slash"],"picked":"Deflect","floor":5.0},{"not_picked":["Slice","Outmaneuver"],"picked":"Backflip","floor":12.0},{"not_picked":["Leg Sweep","Blade Dance"],"picked":"Deadly Poison","floor":13.0},{"not_picked":["Flying Knee","Accuracy"],"picked":"Catalyst","floor":14.0},{"not_picked":["Grand Finale","Glass Knife"],"picked":"After Image","floor":16.0},{"not_picked":["Quick Slash","Eviscerate","Outmaneuver"],"picked":"Escape Plan","floor":18.0},{"not_picked":["Reflex","Deflect","Outmaneuver","Quick Slash"],"picked":"Singing Bowl","floor":20.0},{"not_picked":["Distraction","Sucker Punch+1","Deflect","Accuracy"],"picked":"Singing Bowl","floor":22.0},{"not_picked":["Predator","Dagger Spray","Bane"],"picked":"Adrenaline","floor":24.0},{"not_picked":["Blade Dance","Poisoned Stab+1","Sucker Punch","Underhanded Strike"],"picked":"Singing Bowl","floor":29.0},{"not_picked":["Backstab","Acrobatics","Quick Slash","Dagger Spray"],"picked":"Singing Bowl","floor":30},{"not_picked":["Venomology","Storm of Steel","Die Die Die"],"picked":"After Image","floor":33},{"not_picked":["Backflip","Prepared","Deflect+1"],"picked":"Footwork","floor":35},{"not_picked":["Quick Slash","Prepared","Leg Sweep","Expertise"],"picked":"Singing Bowl","floor":36},{"not_picked":["PiercingWail","Acrobatics","Accuracy","Deflect"],"picked":"Singing Bowl","floor":39},{"not_picked":["Dagger Spray","Flying Knee","Quick Slash","Crippling Poison"],"picked":"Singing Bowl","floor":41},{"not_picked":["Phantasmal Killer","Prepared","Riddle With Holes"],"picked":"After Image","floor":44},{"not_picked":["Slice","Quick Slash+1","Catalyst","Acrobatics+1"],"picked":"Singing Bowl","floor":46},{"not_picked":["Dodge and Roll","Backflip","Distraction","Burst"],"picked":"Singing Bowl","floor":48}],"player_experience":70716,"relics_obtained":[{"floor":9.0,"key":"Singing Bowl"},{"floor":12.0,"key":"Peace Pipe"},{"floor":17.0,"key":"Ancient Tea Set"},{"floor":17.0,"key":"Question Card"},{"floor":17.0,"key":"Calipers"},{"floor":26.0,"key":"Eternal Feather"},{"floor":39,"key":"Pocketwatch"},{"floor":43,"key":"Pen Nib"},{"floor":44,"key":"Bottled Lightning"},{"floor":48,"key":"InkBottle"}],"event_choices":[{"damage_healed":0.0,"max_hp_gain":0.0,"max_hp_loss":0.0,"gold_gain":0.0,"event_name":"Shining Light","player_choice":"Entered Light","floor":2.0,"gold_loss":0.0,"damage_taken":14.0,"cards_upgraded":["Strike_G","Defend_G"]},{"damage_healed":0.0,"max_hp_gain":0.0,"max_hp_loss":0.0,"gold_gain":0.0,"event_name":"Golden Idol","player_choice":"Take Damage","floor":4.0,"gold_loss":0.0,"damage_taken":17.0,"relics_obtained":["Golden Idol"]},{"damage_healed":0.0,"max_hp_gain":0.0,"max_hp_loss":0.0,"gold_gain":175.0,"event_name":"Liars Game","player_choice":"AGREE","floor":7.0,"gold_loss":0.0,"damage_taken":0.0,"cards_obtained":["Doubt"]},{"cards_removed":["Doubt"],"damage_healed":0.0,"max_hp_gain":0.0,"max_hp_loss":0.0,"gold_gain":0.0,"event_name":"Wheel of Change","player_choice":"Card Removal","floor":8.0,"gold_loss":0.0,"damage_taken":0.0},{"damage_healed":0.0,"max_hp_gain":0.0,"max_hp_loss":0.0,"gold_gain":0.0,"event_name":"WeMeetAgain","player_choice":"Paid Gold","floor":21.0,"gold_loss":64.0,"damage_taken":0.0,"relics_obtained":["Pantograph"]},{"cards_removed":["Strike_G"],"damage_healed":0,"gold_gain":0,"player_choice":"Removed Attack","damage_taken":0,"max_hp_gain":0,"max_hp_loss":0,"event_name":"Falling","floor":37,"gold_loss":0},{"damage_healed":0,"gold_gain":0,"player_choice":"Max HP","damage_taken":0,"max_hp_gain":0,"max_hp_loss":4,"event_name":"Winding Halls","floor":38,"gold_loss":0},{"damage_healed":0,"gold_gain":0,"player_choice":"Fight","damage_taken":0,"max_hp_gain":0,"max_hp_loss":0,"event_name":"MindBloom","floor":39,"gold_loss":0}],"is_beta":false,"boss_relics":[{"not_picked":["WristBlade","HoveringKite"],"picked":"Calling Bell"},{"not_picked":["SacredBark","Fusion Hammer"],"picked":"Sozu"}],"items_purged_floors":[19,47],"is_endless":false,"potions_floor_spawned":[1,12,14,20,24,29,35,41,44,48],"ascension_level":12}}