{"host":"f5n4tidiz2n5sooh","time":1607835296,"event":{"mods":["BaseMod","Colored Map","Minty Spire (QoL Compilation)","Relic Stats","StSLib"],"gold_per_floor":[216,216,235,76,92,126,126,156,183,183,198,198,225,238,238,238,238],"floor_reached":16,"playtime":594,"items_purged":["Strike_B"],"score":240,"play_id":"f610e5f7-67ce-4c9d-a69f-781400ca88ec","local_time":"20201212225456","is_ascension_mode":true,"campfire_choices":[{"floor":7,"key":"REST"},{"floor":10,"key":"REST"},{"floor":12,"key":"REST"},{"data":"Loop","floor":15,"key":"SMITH"}],"circlet_count":0,"master_deck":["AscendersBane","Strike_B","Strike_B","Defend_B","Defend_B","Defend_B","Defend_B","Zap","Dualcast","Consume","Rip and Tear","Coolheaded","Loop+1","Sweeping Beam","Beam Cell","Chill","Cold Snap","Conserve Battery","Loop"],"relics":["Cracked Core","Vajra","Toy Ornithopter","Dream Catcher","InkBottle"],"acts_visited":["Exordium"],"potions_floor_usage":[13],"damage_taken":[{"damage":3,"enemies":"2 Louse","floor":1,"turns":3},{"damage":5,"enemies":"Small Slimes","floor":3,"turns":2},{"damage":6,"enemies":"Jaw Worm","floor":5,"turns":4},{"damage":25,"enemies":"Lagavulin","floor":6,"turns":7},{"damage":27,"enemies":"3 Sentries","floor":8,"turns":8},{"damage":30,"enemies":"Exordium Thugs","floor":11,"turns":4},{"damage":13,"enemies":"Lagavulin","floor":13,"turns":7},{"damage":1,"enemies":"Looter","floor":14,"turns":3},{"damage":25,"enemies":"Hexaghost","floor":16,"turns":9}],"seed_played":"1349150388295763849","potions_obtained":[{"floor":8,"key":"DuplicationPotion"},{"floor":11,"key":"PowerPotion"},{"floor":13,"key":"DuplicationPotion"}],"is_trial":false,"path_per_floor":["M","?","M","$","M","E","R","E","T","R","M","R","E","M","R","B"],"character_chosen":"DEFECT","items_purchased":["Loop"],"campfire_rested":3,"item_purchase_floors":[4],"current_hp_per_floor":[61,61,56,56,50,25,46,19,19,40,10,31,23,22,22,0,0],"gold":238,"neow_bonus":"HUNDRED_GOLD","is_daily":false,"chose_seed":false,"campfire_upgraded":1,"win_rate":0.0,"timestamp":1607835296,"path_taken":["M","?","M","$","M","E","R","E","T","R","M","R","E","M","R","BOSS"],"items_purchased_type":["Card"],"build_version":"2020-11-30","purchased_purges":1,"victory":false,"max_hp_per_floor":[71,71,71,71,71,71,71,71,71,71,71,71,71,71,71,71,71],"relic_stats":{"Dream Catcher":2,"counters":[9,46],"obtain_stats":[{"Dream Catcher":9,"Vajra":6,"Cracked Core":0,"Toy Ornithopter":8,"InkBottle":13},{"Dream Catcher":5,"Vajra":4,"Cracked Core":0,"Toy Ornithopter":5,"InkBottle":7},{"Dream Catcher":23,"Vajra":15,"Cracked Core":0,"Toy Ornithopter":23,"InkBottle":34}],"Toy Ornithopter":5,"InkBottle":[3]},"card_choices":[{"not_picked":["Coolheaded","Beam Cell"],"picked":"Consume","floor":1},{"not_picked":["Leap","Turbo"],"picked":"Coolheaded","floor":3},{"not_picked":["Gash","Force Field"],"picked":"Sweeping Beam","floor":5},{"not_picked":["Tempest","Thunder Strike"],"picked":"Beam Cell","floor":6},{"not_picked":["Beam Cell","Hologram"],"picked":"Chill","floor":8},{"not_picked":["Static Discharge","Turbo"],"picked":"Cold Snap","floor":10},{"not_picked":["Sweeping Beam","Scrape"],"picked":"Conserve Battery","floor":11},{"not_picked":["Fusion","Stack"],"picked":"Loop","floor":13},{"not_picked":["Hologram","Turbo","Ball Lightning"],"picked":"SKIP","floor":14}],"player_experience":1875969,"relics_obtained":[{"floor":6,"key":"Vajra"},{"floor":8,"key":"Toy Ornithopter"},{"floor":9,"key":"Dream Catcher"},{"floor":13,"key":"InkBottle"}],"event_choices":[{"damage_healed":0,"gold_gain":0,"cards_transformed":["Strike_B"],"player_choice":"Change","damage_taken":0,"max_hp_gain":0,"max_hp_loss":0,"event_name":"Living Wall","floor":2,"gold_loss":0,"cards_obtained":["Rip and Tear"]}],"is_beta":false,"boss_relics":[],"items_purged_floors":[4],"is_endless":false,"potions_floor_spawned":[8,11,13],"killed_by":"Hexaghost","ascension_level":20}}