{"host":"t7mx8yfj1no5p62f","time":1607883297,"event":{"mods":["BaseMod","Colored Map","Colored Powertips","Filter the Spire","Minty Spire (QoL Compilation)","Relic Stats","StSLib"],"gold_per_floor":[111,121,132,182,194,222,234,234,234,244,244,277,277,298,298,298,298],"floor_reached":16,"playtime":747,"items_purged":[],"score":228,"play_id":"a06c159d-ca01-4d5b-a268-4dcabd42a21d","local_time":"20201213131457","is_ascension_mode":true,"campfire_choices":[{"data":"Metallicize","floor":8,"key":"SMITH"},{"data":"Shockwave","floor":13,"key":"SMITH"},{"data":"Flame Barrier","floor":15,"key":"SMITH"}],"circlet_count":0,"master_deck":["AscendersBane","Bash","Double Tap","Reaper","Shockwave+1","Infernal Blade","Feed","Iron Wave","Dark Embrace","Clothesline","Impervious","Ghostly Armor","Metallicize+1","Flame Barrier+1","Shrug It Off+1","Sentinel+1"],"relics":["Pandora\u0027s Box","Shuriken","Eternal Feather","Golden Idol","Toxic Egg 2"],"acts_visited":["Exordium"],"potions_floor_usage":[10,16],"damage_taken":[{"damage":12,"enemies":"2 Louse","floor":1,"turns":3},{"damage":0,"enemies":"Cultist","floor":2,"turns":2},{"damage":9,"enemies":"Small Slimes","floor":3,"turns":3},{"damage":6,"enemies":"Blue Slaver","floor":5,"turns":3},{"damage":38,"enemies":"Gremlin Nob","floor":6,"turns":4},{"damage":12,"enemies":"2 Fungi Beasts","floor":7,"turns":4},{"damage":7,"enemies":"3 Louse","floor":10,"turns":4},{"damage":36,"enemies":"3 Sentries","floor":12,"turns":9},{"damage":15,"enemies":"Exordium Wildlife","floor":14,"turns":7},{"damage":68,"enemies":"Hexaghost","floor":16,"turns":15}],"seed_played":"8339104444766397709","potions_obtained":[{"floor":1,"key":"ElixirPotion"},{"floor":7,"key":"BlessingOfTheForge"},{"floor":12,"key":"HeartOfIron"},{"floor":14,"key":"FairyPotion"}],"is_trial":false,"path_per_floor":["M","M","M","?","M","E","M","R","T","M","?","E","R","M","R","B"],"character_chosen":"IRONCLAD","items_purchased":[],"campfire_rested":0,"item_purchase_floors":[],"current_hp_per_floor":[71,74,75,75,72,37,36,36,36,32,32,23,32,27,36,0,0],"gold":298,"neow_bonus":"BOSS_RELIC","is_daily":false,"chose_seed":false,"campfire_upgraded":3,"win_rate":0.0,"timestamp":1607883297,"path_taken":["M","M","M","?","M","E","?","R","T","M","?","E","R","M","R","BOSS"],"items_purchased_type":[],"build_version":"2020-11-30","purchased_purges":0,"victory":false,"max_hp_per_floor":[78,81,84,84,87,90,93,93,93,96,87,90,90,93,93,93,93],"relic_stats":{"counters":[10,54],"Shuriken":[2],"Golden Idol":11,"Pandora\u0027s Box":["Double Tap","Reaper","Shockwave","Infernal Blade","Feed","Iron Wave","Dark Embrace","Clothesline","Impervious"],"Eternal Feather":18,"obtain_stats":[{"Shuriken":6,"Golden Idol":11,"Pandora\u0027s Box":0,"Eternal Feather":9,"Toxic Egg 2":12,"Burning Blood":0},{"Shuriken":5,"Golden Idol":7,"Pandora\u0027s Box":0,"Eternal Feather":6,"Toxic Egg 2":8,"Burning Blood":0},{"Shuriken":15,"Golden Idol":23,"Pandora\u0027s Box":0,"Eternal Feather":19,"Toxic Egg 2":32,"Burning Blood":0}]},"card_choices":[{"not_picked":["Intimidate","Sever Soul","Twin Strike"],"picked":"SKIP","floor":1},{"not_picked":["Body Slam","Clash","Armaments"],"picked":"SKIP","floor":2},{"not_picked":["Carnage","Twin Strike"],"picked":"Ghostly Armor","floor":3},{"not_picked":["Whirlwind","Clash","Blood for Blood"],"picked":"SKIP","floor":5},{"not_picked":["Uppercut","Reckless Charge"],"picked":"Metallicize","floor":6},{"not_picked":["Shrug It Off","Power Through"],"picked":"Flame Barrier","floor":7},{"not_picked":["Rage","Entrench","Pummel"],"picked":"SKIP","floor":10},{"not_picked":["Entrench+1","Headbutt"],"picked":"Shrug It Off+1","floor":12},{"not_picked":["Sword Boomerang","Clash"],"picked":"Sentinel+1","floor":14}],"player_experience":1542076,"relics_obtained":[{"floor":6,"key":"Shuriken"},{"floor":9,"key":"Eternal Feather"},{"floor":12,"key":"Toxic Egg 2"}],"event_choices":[{"damage_healed":0,"gold_gain":50,"player_choice":"Pray","damage_taken":0,"max_hp_gain":0,"max_hp_loss":0,"event_name":"Golden Shrine","floor":4,"gold_loss":0},{"damage_healed":0,"gold_gain":0,"player_choice":"Lose Max HP","damage_taken":0,"relics_obtained":["Golden Idol"],"max_hp_gain":0,"max_hp_loss":9,"event_name":"Golden Idol","floor":11,"gold_loss":0}],"is_beta":false,"boss_relics":[],"items_purged_floors":[],"is_endless":false,"potions_floor_spawned":[1,7,12,14],"killed_by":"Hexaghost","ascension_level":20}}