{"host":"lqtll83nun4jn4k7","time":1607853898,"event":{"mods":["BaseMod","Challenge The Spire","Colored Map","Colored Powertips","Downfall","Highlight Path","KinomotoSakuraMod(Ä¾Ö®±¾Ó£)","Minty Spire (QoL Compilation)","Prisma Mod","Quick Restart","StSLib","SuperFastMode","The Bug Knight","Waifu the Spire"],"gold_per_floor":[112,72,72,90,154,184,196,227,227,227,239,267,267,267,267,369,369,379,294,294,311,329,356,356,384,410,410,112,145,157,157,157,253,253,266,284,210,260,260,289,289,322,322,322,322,96,135,14,14,14,14,14,14,45,45],"floor_reached":56,"playtime":7963,"items_purged":["ClowCardTheBubbles"],"score":1430,"play_id":"3cfae526-4195-47d3-8f14-f4777656a361","local_time":"20201213180458","is_ascension_mode":true,"campfire_choices":[{"floor":10.0,"key":"RECALL"},{"data":"ClowCardTheFloat","floor":13.0,"key":"SMITH"},{"data":"ClowCardTheBubbles","floor":15.0,"key":"SMITH"},{"data":"ClowCardTheFlower","floor":24.0,"key":"SMITH"},{"data":"ClowCardTheFight","floor":27.0,"key":"SMITH"},{"data":"ClowCardTheLight","floor":32.0,"key":"SMITH"},{"data":"Madness","floor":41,"key":"SMITH"},{"data":"Madness","floor":44,"key":"SMITH"},{"data":"Chrysalis","floor":49,"key":"SMITH"},{"data":"ClowCardTheTwin","floor":52,"key":"SMITH"}],"circlet_count":0,"master_deck":["SakuraCardTheLight+","SakuraCardTheGlow+","SakuraCardTheSweet+","ClowCardTheSword","ClowCardTheSword","ClowCardTheSword","ClowCardTheSword","ClowCardTheShield","ClowCardTheShield","ClowCardTheShield","SpellCardSeal+1","SpellCardRelease","ClowCardTheJump","ClowCardTheSleep","ClowCardTheFloat+1","ClowCardTheBubbles+1","ClowCardTheFight+1","ClowCardTheLoop+1","ClowCardTheFlower+1","ClowCardTheSand+1","ClowCardTheLight+1","ClowCardTheThrough","ClowCardTheTwin+1","ClowCardTheSweet+1","ClowCardTheSleep+1","Madness+1","Madness+1","ClowCardTheSleep+1","ClowCardTheSweet+1","Chrysalis+1","ClowCardTheNothing","ClowCardTheSleep+1"],"relics":["KSMOD_SealedBook","KSMOD_StarWand","NeowsBlessing","Bag of Marbles","FossilizedHelix","Question Card","MealTicket","Mercury Hourglass","NlothsMask","Bottled Lightning","Vajra","Membership Card","Happy Flower","HollowMod:PaleOreRelic","Nilry\u0027s Codex","Unceasing Top","Shuriken","Pen Nib","Lantern","KSMOD_Yue","Strange Spoon","KSMOD_YukitosBentoBox","Centennial Puzzle"],"acts_visited":["TheBeyond","TheEnding"],"potions_floor_usage":[47],"damage_taken":[{"damage":0.0,"enemies":"2 Louse","floor":1.0,"turns":4.0},{"damage":0.0,"enemies":"Jaw Worm","floor":4.0,"turns":2.0},{"damage":4.0,"enemies":"3 Sentries","floor":6.0,"turns":5.0},{"damage":0.0,"enemies":"Small Slimes","floor":7.0,"turns":4.0},{"damage":1.0,"enemies":"Lagavulin","floor":8.0,"turns":14.0},{"damage":18.0,"enemies":"Exordium Wildlife","floor":11.0,"turns":13.0},{"damage":9.0,"enemies":"Gremlin Nob","floor":12.0,"turns":10.0},{"damage":29.0,"enemies":"The Guardian","floor":16.0,"turns":23.0},{"damage":5.0,"enemies":"3 Byrds","floor":18.0,"turns":13.0},{"damage":6.0,"enemies":"Chosen","floor":21.0,"turns":11.0},{"damage":19.0,"enemies":"Snake Plant","floor":22.0,"turns":7.0},{"damage":46.0,"enemies":"Book of Stabbing","floor":23.0,"turns":11.0},{"damage":29.0,"enemies":"Gremlin Leader","floor":25.0,"turns":10.0},{"damage":31.0,"enemies":"Slavers","floor":29.0,"turns":8.0},{"damage":1.0,"enemies":"Snecko","floor":30.0,"turns":6.0},{"damage":0.0,"enemies":"Collector","floor":33.0,"turns":9.0},{"damage":6.0,"enemies":"Orb Walker","floor":35.0,"turns":4.0},{"damage":3.0,"enemies":"3 Shapes","floor":36.0,"turns":6.0},{"damage":7,"enemies":"Mind Bloom Boss Battle","floor":38,"turns":12},{"damage":78,"enemies":"Giant Head","floor":40,"turns":12},{"damage":30,"enemies":"Nemesis","floor":42,"turns":12},{"damage":17,"enemies":"KSMOD_TheNothingMonster","floor":47,"turns":11},{"damage":14,"enemies":"Donu and Deca","floor":50,"turns":8},{"damage":0,"enemies":"Shield and Spear","floor":54,"turns":4},{"damage":71,"enemies":"The Heart","floor":55,"turns":8}],"seed_played":"7891910680655731126","potions_obtained":[{"floor":1.0,"key":"GamblersBrew"},{"floor":6.0,"key":"Explosive Potion"},{"floor":8.0,"key":"SteroidPotion"},{"floor":16.0,"key":"Strength Potion"},{"floor":23.0,"key":"DuplicationPotion"},{"floor":29.0,"key":"Swift Potion"},{"floor":30.0,"key":"PowerPotion"},{"floor":33.0,"key":"Strength Potion"},{"floor":36,"key":"SkillPotion"},{"floor":47,"key":"FairyPotion"}],"is_trial":false,"path_per_floor":["M","$","?","M","?","E","M","E","T","R","M","E","R","?","R","B",null,"M","?","?","M","M","E","R","E","T","R","$","E","M","?","R","B",null,"M","M","$","?","?","E","R","E","T","R","?","$","?","$","R","B",null,"R","$","E","B",null],"character_chosen":"KINOMOTOSAKURA","items_purchased":["ClowCardTheJump","Membership Card","Happy Flower","ClowCardTheLight","ClowCardTheCreate","KSMOD_Yue","Strange Spoon","KSMOD_YukitosBentoBox"],"campfire_rested":0,"item_purchase_floors":[2,28,28,28,37,46,46,48],"current_hp_per_floor":[70,70,70,70,70,70,70,69,69,69,61,59,59,64,64,65,75,70,70,70,66,53,36,36,44,44,44,59,45,49,33,33,52,75,69,73,75,73,64,53,53,53,53,53,53,68,65,75,75,71,75,75,75,75,66],"gold":45,"neow_bonus":"THREE_ENEMY_KILL","is_daily":false,"chose_seed":false,"campfire_upgraded":9,"win_rate":0.0,"timestamp":1607853898,"path_taken":["M","$","?","M","?","E","M","E","T","R","M","E","R","?","R","BOSS","M","?","?","M","?","E","R","E","T","R","?","E","M","?","R","BOSS","BOSS","M","M","$","?","?","E","R","E","T","R","?","$","?","?","R","BOSS","R","$","E","BOSS"],"items_purchased_type":["Card","Relic","Relic","Card","Card","Relic","Relic","Relic"],"build_version":"2020-11-30","purchased_purges":1,"victory":true,"max_hp_per_floor":[70,70,70,70,70,70,70,70,70,70,70,70,70,75,75,75,75,75,75,75,75,75,75,75,75,75,75,75,75,75,75,75,75,75,75,75,75,75,75,75,75,75,75,75,75,75,75,75,75,75,75,75,75,75,75],"card_choices":[{"not_picked":["ClowCardTheDream","ClowCardTheLoop"],"picked":"ClowCardTheSweet","floor":1.0},{"not_picked":["ClowCardTheSilent","ClowCardTheLibra"],"picked":"ClowCardTheSleep","floor":4.0},{"not_picked":["ClowCardTheSleep","ClowCardTheIllusion"],"picked":"ClowCardTheFloat","floor":6.0},{"not_picked":["ClowCardTheSleep","ClowCardTheMirror"],"picked":"ClowCardTheGlow","floor":7.0},{"not_picked":["ClowCardTheChange","ClowCardTheFly"],"picked":"ClowCardTheBubbles","floor":8.0},{"not_picked":["ClowCardTheLock","ClowCardTheVoice","ClowCardTheMist","ClowCardTheChange"],"picked":"SKIP","floor":11.0},{"not_picked":["ClowCardTheLock","ClowCardTheVoice","ClowCardTheMist","ClowCardTheChange"],"picked":"SKIP","floor":11.0},{"not_picked":["ClowCardTheArrow","ClowCardTheGlow","ClowCardTheStorm"],"picked":"ClowCardTheBubbles","floor":12.0},{"not_picked":["ClowCardTheThrough","ClowCardTheCreate","ClowCardTheReturn"],"picked":"ClowCardTheFight","floor":16.0},{"not_picked":["ClowCardTheShadow+1","ClowCardTheErase","ClowCardTheSand"],"picked":"ClowCardTheLoop+1","floor":18.0},{"not_picked":["ClowCardTheShot","ClowCardTheShadow","ClowCardTheWindy","ClowCardTheMaze"],"picked":"SKIP","floor":21.0},{"not_picked":["ClowCardTheWood+1","ClowCardTheMirror","ClowCardThePower","ClowCardTheCloud+1"],"picked":"SKIP","floor":22.0},{"not_picked":["ClowCardTheReturn","ClowCardTheRain","ClowCardTheChange"],"picked":"ClowCardTheFlower","floor":23.0},{"not_picked":["ClowCardTheMaze","ClowCardThePower","ClowCardTheLibra"],"picked":"ClowCardTheSand+1","floor":25.0},{"not_picked":["ClowCardTheSand","ClowCardTheWood","ClowCardTheLoop"],"picked":"ClowCardTheThrough","floor":29.0},{"not_picked":["ClowCardTheLock","ClowCardTheMaze","ClowCardTheIllusion+1","ClowCardTheArrow+1"],"picked":"SKIP","floor":30.0},{"not_picked":["ClowCardTheLight","ClowCardTheTime","ClowCardTheReturn"],"picked":"ClowCardTheTwin","floor":33.0},{"not_picked":["ClowCardTheCloud+1","ClowCardTheLoop","ClowCardTheMirror+1"],"picked":"ClowCardTheSweet+1","floor":35.0},{"not_picked":["ClowCardTheSilent","ClowCardTheShot+1","ClowCardTheMist+1","ClowCardTheLock"],"picked":"SKIP","floor":36},{"not_picked":["ClowCardTheGlow","ClowCardTheWood+1","ClowCardTheThrough"],"picked":"ClowCardTheSleep+1","floor":38},{"not_picked":["ClowCardTheFly+1","ClowCardTheArrow+1","ClowCardTheLock+1"],"picked":"ClowCardTheSleep+1","floor":40},{"not_picked":["ClowCardTheArrow+1","ClowCardTheLoop","ClowCardTheBig+1"],"picked":"ClowCardTheSweet+1","floor":42},{"not_picked":["Purity","Good Instincts","expansioncontent:DecasProtection"],"picked":"Chrysalis","floor":45},{"not_picked":["ClowCardTheSand+1","ClowCardTheEarthy+1","ClowCardTheDream"],"picked":"ClowCardTheSleep+1","floor":47},{"not_picked":["ClowCardTheMirror","ClowCardTheBubbles","ClowCardTheFloat","ClowCardTheSnow+1"],"picked":"SKIP","floor":54}],"player_experience":620050,"relics_obtained":[{"floor":6.0,"key":"Bag of Marbles"},{"floor":8.0,"key":"FossilizedHelix"},{"floor":9.0,"key":"Question Card"},{"floor":12.0,"key":"MealTicket"},{"floor":23.0,"key":"Bottled Lightning"},{"floor":25.0,"key":"Vajra"},{"floor":29.0,"key":"HollowMod:PaleOreRelic"},{"floor":31.0,"key":"Nilry\u0027s Codex"},{"floor":38,"key":"Unceasing Top"},{"floor":38,"key":"Shuriken"},{"floor":40,"key":"Pen Nib"},{"floor":42,"key":"Lantern"},{"floor":54,"key":"Centennial Puzzle"}],"event_choices":[{"damage_healed":0.0,"max_hp_gain":0.0,"max_hp_loss":0.0,"gold_gain":0.0,"event_name":"Living Wall","player_choice":"Grow","floor":3.0,"gold_loss":0.0,"damage_taken":0.0,"cards_upgraded":["SpellCardSeal"]},{"damage_healed":0.0,"max_hp_gain":0.0,"max_hp_loss":0.0,"gold_gain":64.0,"event_name":"Golden Wing","player_choice":"Gained Gold","floor":5.0,"gold_loss":0.0,"damage_taken":0.0},{"damage_healed":0.0,"max_hp_gain":5.0,"max_hp_loss":0.0,"gold_gain":0.0,"event_name":"Big Fish","player_choice":"Donut","floor":14.0,"gold_loss":0.0,"damage_taken":0.0},{"damage_healed":0.0,"max_hp_gain":0.0,"max_hp_loss":0.0,"gold_gain":0.0,"event_name":"Addict","player_choice":"Obtained Relic","floor":19.0,"gold_loss":85.0,"damage_taken":0.0,"relics_obtained":["Mercury Hourglass"]},{"damage_healed":0.0,"max_hp_gain":0.0,"max_hp_loss":0.0,"gold_gain":0.0,"event_name":"FaceTrader","player_choice":"Trade","floor":20.0,"gold_loss":0.0,"damage_taken":0.0,"relics_obtained":["NlothsMask"]},{"damage_healed":0.0,"max_hp_gain":0.0,"max_hp_loss":0.0,"gold_gain":0.0,"event_name":"Cursed Tome","player_choice":"Obtained Book","floor":31.0,"gold_loss":0.0,"damage_taken":16.0},{"damage_healed":0,"gold_gain":0,"player_choice":"Fight","damage_taken":0,"max_hp_gain":0,"max_hp_loss":0,"event_name":"MindBloom","floor":38,"gold_loss":0},{"damage_healed":0,"gold_gain":0,"player_choice":"Embrace Madness","damage_taken":9,"max_hp_gain":0,"max_hp_loss":0,"event_name":"Winding Halls","floor":39,"gold_loss":0,"cards_obtained":["Madness","Madness"]},{"damage_healed":0,"gold_gain":0,"player_choice":"Memory 1","damage_taken":0,"max_hp_gain":0,"max_hp_loss":0,"event_name":"SensoryStone","floor":45,"gold_loss":0}],"is_beta":false,"boss_relics":[{"not_picked":["Runic Dome","Philosopher\u0027s Stone","Astrolabe"]},{"not_picked":["Velvet Choker","Tiny House"],"picked":"KSMOD_StarWand"}],"items_purged_floors":[28],"is_endless":false,"potions_floor_spawned":[1,6,8,16,23,29,30,33,36,40,47],"ascension_level":2}}