{"host":"oi1nj6gqzrtwlr6p","time":1607845710,"event":{"mods":["2.2 Compatiblity","BaseMod","Better Match","Better Note","Block Reminder","Colored Powertips","DeckTracker","Downfall","Energized Spire","Koishi","Marisa????????","Minty Spire (QoL Compilation)","Rare Cards Sparkle","Reimu??????","StSLib","Td1madao Mod","The Administrix","The Senshi","The Servant 0.9.4","The Vixen","The Wild Card"],"gold_per_floor":[118,133,153,153,164,196,196,196,196,196,20,20,35,53,53,157,157,144,144,144,160,175,175,189,189,189],"floor_reached":25,"playtime":2093,"items_purged":[],"score":205,"play_id":"eeeda6fa-fd5b-4ad7-af27-8acc4890339f","local_time":"20201213014830","is_ascension_mode":false,"campfire_choices":[{"floor":8,"key":"REST"},{"floor":15,"key":"REST"},{"data":"Guardian:CurlUp","floor":23,"key":"SMITH"}],"circlet_count":0,"master_deck":["Guardian:Strike_Guardian","Guardian:Strike_Guardian","Guardian:Strike_Guardian","Guardian:Strike_Guardian","Guardian:Defend_Guardian","Guardian:Defend_Guardian","Guardian:Defend_Guardian","Guardian:Defend_Guardian","Guardian:CurlUp+1","Guardian:TwinSlam","Guardian:VentSteam","Guardian:Reroute","Guardian:PrismaticBeam","Guardian:Harden","Guardian:Gem_Synthetic","Guardian:TemporalStrike","Guardian:Gem_Lightblue","Guardian:Suspension","Guardian:BronzeOrb","Guardian:StasisEngine","CurseOfTheBell","Guardian:PrismaticBarrier","Guardian:Gem_Lightblue"],"relics":["Guardian:ModeShifter","Toy Ornithopter","Guardian:PickAxe","Bag of Marbles","HandDrill","Calling Bell","Art of War","Sundial","Mango","Nloth\u0027s Gift"],"acts_visited":["Exordium","TheCity"],"potions_floor_usage":[16,16,24,25],"damage_taken":[{"damage":0,"enemies":"Cultist","floor":1,"turns":1},{"damage":0,"enemies":"Small Slimes","floor":2,"turns":1},{"damage":0,"enemies":"Jaw Worm","floor":3,"turns":1},{"damage":10,"enemies":"Lots of Slimes","floor":5,"turns":4},{"damage":19,"enemies":"Lagavulin","floor":6,"turns":8},{"damage":10,"enemies":"Large Slime","floor":13,"turns":6},{"damage":0,"enemies":"Exordium Wildlife","floor":14,"turns":3},{"damage":50,"enemies":"Slime Boss","floor":16,"turns":14},{"damage":15,"enemies":"2 Thieves","floor":18,"turns":4},{"damage":16,"enemies":"Spheric Guardian","floor":21,"turns":5},{"damage":15,"enemies":"Snake Plant","floor":22,"turns":4},{"damage":0,"enemies":"Centurion and Healer","floor":24,"turns":6},{"damage":68,"enemies":"Cultist and Chosen","floor":25,"turns":10}],"seed_played":"-4302195222495364867","potions_obtained":[{"floor":6,"key":"PowerPotion"},{"floor":13,"key":"Guardian:StasisDiscoveryPotion"},{"floor":14,"key":"Energy Potion"},{"floor":16,"key":"ZuzhouPotion:ReiMu"},{"floor":22,"key":"SkillPotion"},{"floor":24,"key":"PowerPotion"}],"is_trial":false,"path_per_floor":["M","M","M","?","M","E","?","R","T","R","$","?","M","M","R","B",null,"M","?","?","M","M","R","M","M"],"character_chosen":"GUARDIAN","items_purchased":["HandDrill","Guardian:TemporalStrike"],"campfire_rested":2,"item_purchase_floors":[11,11],"current_hp_per_floor":[80,80,80,80,70,51,21,45,45,45,45,45,35,35,59,19,94,79,79,79,63,48,48,53,0,0],"gold":189,"neow_bonus":"THREE_ENEMY_KILL","is_daily":false,"chose_seed":false,"campfire_upgraded":1,"win_rate":0.0,"timestamp":1607845710,"path_taken":["M","?","?","?","M","E","?","R","T","R","$","?","?","M","R","BOSS","M","?","?","?","M","R","M","M"],"items_purchased_type":["Relic","Card"],"build_version":"2020-11-30","purchased_purges":0,"victory":false,"max_hp_per_floor":[80,80,80,80,80,80,80,80,80,80,80,80,80,80,80,80,94,94,94,94,94,94,94,94,94,94],"card_choices":[{"not_picked":["Guardian:Incinerate","Guardian:CrystalBeam"],"picked":"Guardian:VentSteam","floor":1},{"not_picked":["Guardian:TemporalStrike","Guardian:BronzeArmor"],"picked":"Guardian:Reroute","floor":2},{"not_picked":["Guardian:ShieldCharger","Guardian:PrimingBeam"],"picked":"Guardian:PrismaticBeam","floor":3},{"not_picked":["Guardian:PiercingHide","Guardian:CrystalBeam"],"picked":"Guardian:Harden","floor":5},{"not_picked":["Guardian:EvasiveProtocol","Guardian:WalkerClaw"],"picked":"Guardian:Gem_Fragmented","floor":6},{"not_picked":["Guardian:Gem_Red","Guardian:ShieldCharger"],"picked":"Guardian:Suspension","floor":13},{"not_picked":["Guardian:Gem_Lightblue","Guardian:Harden"],"picked":"Guardian:BronzeOrb","floor":14},{"not_picked":["Guardian:TimeSifter","Guardian:GatlingBeam"],"picked":"Guardian:StasisEngine","floor":16},{"not_picked":["Guardian:DecasProtection+1","Guardian:ShieldSpikes"],"picked":"Guardian:PrismaticBarrier","floor":18},{"not_picked":["Guardian:ArmoredProtocol+1","Guardian:ChargeUp"],"picked":"Guardian:Gem_Cyan","floor":21},{"not_picked":["Guardian:TemporalStrike","Guardian:Gem_Red"],"picked":"Guardian:Gem_White","floor":22},{"not_picked":["Guardian:SphericShield","Guardian:ShieldSpikes+1"],"picked":"Guardian:Gem_Lightblue","floor":24}],"player_experience":341778,"relics_obtained":[{"floor":6,"key":"Toy Ornithopter"},{"floor":9,"key":"Bag of Marbles"},{"floor":17,"key":"Art of War"},{"floor":17,"key":"Sundial"},{"floor":17,"key":"Mango"}],"event_choices":[{"damage_healed":0,"gold_gain":0,"player_choice":"Leave","damage_taken":0,"max_hp_gain":0,"max_hp_loss":0,"event_name":"The Cleric","floor":4,"gold_loss":0},{"damage_healed":0,"gold_gain":0,"player_choice":"Ignored","damage_taken":0,"max_hp_gain":0,"max_hp_loss":0,"event_name":"betterNote:BetterNote","floor":19,"gold_loss":0,"cards_obtained":["SpringWay:ReiMu"]},{"damage_healed":0,"gold_gain":0,"player_choice":"Traded Relic","damage_taken":0,"relics_obtained":["Nloth\u0027s Gift"],"max_hp_gain":0,"max_hp_loss":0,"event_name":"N\u0027loth","floor":20,"relics_lost":["NeowsBlessing"],"gold_loss":0}],"is_beta":false,"boss_relics":[{"not_picked":["energizedSpire:SpiderWeb","energizedSpire:NeverEndingSparkler"],"picked":"Calling Bell"}],"items_purged_floors":[],"is_endless":false,"potions_floor_spawned":[6,13,14,16,22,24],"killed_by":"Cultist and Chosen","ascension_level":0}}