{"host":"z5ogtnuuoxgup8y1","time":1607883367,"event":{"mods":["BaseMod","Better Third Choice","BetterRewards","Hermit","Hubris","Jorbs\u0027s Wanderer Trilogy","Minty Spire (QoL Compilation)","Replay The Spire","Spicy Shops","StSLib","The Cursed","The Disciple","The Hierophant","The Jungle","The Runesmith"],"gold_per_floor":[118,14,29,47,57,87,87,112,139,139,173,173,173,78,78,155,155,166,176,2,20,20,51,51,67,92,192,192,192,220,231,231,231,231],"floor_reached":33,"playtime":1707,"items_purged":["Strike_P","Strike_P","Strike_P"],"score":772,"play_id":"d6e3546b-4136-415a-ba93-3ddd79e1081f","local_time":"20201213181607","is_ascension_mode":true,"campfire_choices":[{"floor":7.0,"key":"REST"},{"floor":10.0,"key":"REST"},{"data":"Prostrate","floor":13.0,"key":"SMITH"},{"floor":15.0,"key":"REST"},{"data":"ForeignInfluence","floor":29,"key":"SMITH"},{"data":"BattleHymn","floor":32,"key":"SMITH"}],"circlet_count":0,"master_deck":["AscendersBane","Strike_P","Defend_P","Defend_P","Defend_P","Defend_P","Eruption","Vigilance","BattleHymn+1","FlurryOfBlows","Replay:Hum","ForeignInfluence+1","Prostrate+1","EmptyBody","FearNoEvil","Establishment","Tantrum","EmptyFist","Wallop","FlurryOfBlows","Brilliance","FlurryOfBlows","Consecrate","Ghostly","Ghostly","Ghostly","Ghostly","Ghostly","Wallop","Protect","Blasphemy","Protect+1"],"relics":["PureWater","Calipers","GoldenEye","Du-Vu Doll","Art of War","Damaru","Juzu Bracelet","hubris:Icosahedron","hubris:RunicObelisk","Snack Pack","ReplayTheSpireMod:Lightbulb","Ginger","Sundial","Mango"],"acts_visited":["Exordium","TheCity"],"potions_floor_usage":[25,30],"damage_taken":[{"damage":7.0,"enemies":"Jaw Worm","floor":1.0,"turns":4.0},{"damage":2.0,"enemies":"2 Louse","floor":3.0,"turns":3.0},{"damage":0.0,"enemies":"Small Slimes","floor":4.0,"turns":3.0},{"damage":0.0,"enemies":"3 Louse","floor":5.0,"turns":2.0},{"damage":14.0,"enemies":"3 Sentries","floor":6.0,"turns":6.0},{"damage":19.0,"enemies":"Replay:BlueRogue","floor":8.0,"turns":5.0},{"damage":12.0,"enemies":"Lagavulin","floor":11.0,"turns":6.0},{"damage":25.0,"enemies":"Fading Forest","floor":16.0,"turns":12.0},{"damage":13.0,"enemies":"3 Byrds","floor":18.0,"turns":4.0},{"damage":3.0,"enemies":"Spheric Guardian","floor":19.0,"turns":3.0},{"damage":11.0,"enemies":"Chosen and Byrds","floor":21.0,"turns":4.0},{"damage":0.0,"enemies":"Book of Stabbing","floor":23.0,"turns":4.0},{"damage":0,"enemies":"Shelled Parasite and Fungi","floor":25,"turns":3},{"damage":6,"enemies":"Colosseum Slavers","floor":27,"turns":6},{"damage":0,"enemies":"Colosseum Nobs","floor":27,"turns":6},{"damage":0,"enemies":"Slavers","floor":30,"turns":4},{"damage":0,"enemies":"3 Cultists","floor":31,"turns":2},{"damage":53,"enemies":"Champ","floor":33,"turns":6}],"seed_played":"-1554348567238208615","potions_obtained":[{"floor":3.0,"key":"Explosive Potion"},{"floor":6.0,"key":"Energy Potion"},{"floor":11.0,"key":"Weak Potion"},{"floor":21.0,"key":"Block Potion"},{"floor":25,"key":"StancePotion"},{"floor":30,"key":"Elixir"}],"is_trial":false,"path_per_floor":["M","$","M","M","M","E","R","E","T","R","E","?","R","$","R","B",null,"M","M","$","M","?","E","?","M","T","?","?","R","E","M","R","B"],"character_chosen":"WATCHER","items_purchased":["Calipers","BattleHymn","FlurryOfBlows","Replay:Hum","ForeignInfluence","Prostrate","Wallop","FlurryOfBlows","FlurryOfBlows"],"campfire_rested":3,"item_purchase_floors":[0,0,0,0,0,2,14,14,20],"current_hp_per_floor":[30,30,28,28,28,14,35,16,16,37,25,25,25,25,46,29,61,48,45,45,34,34,34,34,36,36,36,36,36,50,50,50,0,0],"gold":231,"neow_bonus":"","is_daily":false,"chose_seed":false,"campfire_upgraded":3,"win_rate":0.0,"timestamp":1607883367,"path_taken":["M","$","M","M","M","E","R","E","T","R","E","?","R","$","R","BOSS","M","M","$","M","?","E","?","M","T","?","?","R","E","M","R","BOSS"],"items_purchased_type":["Relic","Card","Card","Card","Card","Card","Card","Card","Card"],"build_version":"2020-11-30","purchased_purges":3,"victory":false,"max_hp_per_floor":[72,72,72,72,72,72,72,72,72,72,72,72,72,72,72,72,72,72,72,72,72,36,36,36,36,36,36,36,36,50,50,50,50,50],"card_choices":[{"not_picked":["WreathOfFlame","Replay:Cycle","Replay:AtTheReady"],"picked":"SKIP","floor":1.0},{"not_picked":["ThirdEye","JustLucky"],"picked":"EmptyBody","floor":3.0},{"not_picked":["Replay:ManipulateFuture","Replay:Hum"],"picked":"FearNoEvil","floor":4.0},{"not_picked":["EmptyMind","Establishment","ThirdEye"],"picked":"SKIP","floor":5.0},{"not_picked":["EmptyMind","ThirdEye"],"picked":"Establishment","floor":5.0},{"not_picked":["Indignation","Replay:DivineShield"],"picked":"Tantrum","floor":6.0},{"not_picked":["Fasting2","Alpha","Wish"],"picked":"SKIP","floor":8.0},{"not_picked":["Tantrum","PathToVictory"],"picked":"EmptyFist","floor":11.0},{"not_picked":["Vault","Replay:AllIn"],"picked":"Brilliance","floor":16.0},{"not_picked":["BattleHymn","JustLucky","Halt"],"picked":"SKIP","floor":18.0},{"not_picked":["Crescendo","EmptyBody","MentalFortress"],"picked":"SKIP","floor":19.0},{"not_picked":["Ragnarok","Replay:ManipulateFuture"],"picked":"Consecrate","floor":21.0},{"not_picked":["Replay:BluntJabs","FlyingSleeves"],"picked":"Wallop","floor":23.0},{"not_picked":["SashWhip","SandsOfTime"],"picked":"Protect","floor":25},{"not_picked":["Consecrate","ClearTheMind"],"picked":"Blasphemy","floor":27},{"not_picked":["Replay:DivineShield","Conclude"],"picked":"Protect+1","floor":30},{"not_picked":["ClearTheMind+1","Worship+1","Wireheading"],"picked":"SKIP","floor":31}],"player_experience":650182,"relics_obtained":[{"floor":6.0,"key":"Du-Vu Doll"},{"floor":8.0,"key":"Art of War"},{"floor":9.0,"key":"Damaru"},{"floor":11.0,"key":"Juzu Bracelet"},{"floor":23.0,"key":"Snack Pack"},{"floor":26,"key":"ReplayTheSpireMod:Lightbulb"},{"floor":27,"key":"Ginger"},{"floor":27,"key":"Sundial"},{"floor":30,"key":"Mango"}],"event_choices":[{"damage_healed":0.0,"max_hp_gain":0.0,"max_hp_loss":36.0,"gold_gain":0.0,"event_name":"Ghosts","player_choice":"Became a Ghost","floor":22.0,"gold_loss":0.0,"damage_taken":0.0,"cards_obtained":["Ghostly","Ghostly","Ghostly","Ghostly","Ghostly"]},{"damage_healed":0.0,"max_hp_gain":0.0,"max_hp_loss":0.0,"gold_gain":0.0,"event_name":"The Mausoleum","player_choice":"Ignored","floor":24.0,"gold_loss":0.0,"damage_taken":0.0},{"damage_healed":0,"gold_gain":0,"player_choice":"Fight","damage_taken":0,"max_hp_gain":0,"max_hp_loss":0,"event_name":"Colosseum","floor":27,"gold_loss":0},{"damage_healed":0,"gold_gain":0,"player_choice":"Fought Nobs","damage_taken":0,"max_hp_gain":0,"max_hp_loss":0,"event_name":"Colosseum","floor":27,"gold_loss":0}],"is_beta":false,"boss_relics":[{"not_picked":["Kintsugi","hubris:HollowSoul"],"picked":"hubris:RunicObelisk"}],"items_purged_floors":[0,0,20],"is_endless":false,"potions_floor_spawned":[3,6,11,21,25,27,27,30],"killed_by":"Champ","ascension_level":13}}