{"host":"07ljfmttuzqopd7f","time":1607845072,"event":{"mods":["2.2 Compatiblity","BaseMod","Bestiary","Block Reminder","Colored Map","Colored Powertips","Curses Come First","Hermit","Minty Spire (QoL Compilation)","Quick Restart","Random Character Button","Rare Cards Sparkle","Relic Stats","StSLib","The Cursed","UnlockEverythingMod"],"gold_per_floor":[109,109,109,121,140,140,140],"floor_reached":6,"playtime":250,"items_purged":[],"score":45,"play_id":"11612462-e0b6-4f41-81a6-98eca1da3b4e","local_time":"20201213023752","is_ascension_mode":true,"campfire_choices":[],"circlet_count":0,"master_deck":["hermit:Strike_Hermit","hermit:Strike_Hermit","hermit:Strike_Hermit","hermit:Strike_Hermit","hermit:Defend_Hermit","hermit:Defend_Hermit","hermit:Defend_Hermit","hermit:Defend_Hermit","hermit:Snapshot","hermit:Covet","hermit:FlashPowder","hermit:Combo","hermit:WideOpen"],"relics":["hermit:Momento","Omamori","Smiling Mask"],"acts_visited":["Exordium"],"potions_floor_usage":[6],"damage_taken":[{"damage":0,"enemies":"Jaw Worm","floor":1,"turns":4},{"damage":0,"enemies":"Cultist","floor":4,"turns":4},{"damage":4,"enemies":"Small Slimes","floor":5,"turns":4},{"damage":64,"enemies":"3 Sentries","floor":6,"turns":14}],"seed_played":"3421617166907805887","potions_obtained":[{"floor":1,"key":"hermit:Tonic"},{"floor":5,"key":"Dexterity Potion"}],"is_trial":false,"path_per_floor":["M","?","?","M","M","E"],"character_chosen":"HERMIT","items_purchased":[],"campfire_rested":0,"item_purchase_floors":[],"current_hp_per_floor":[75,68,68,68,64,0,0],"gold":140,"neow_bonus":"RANDOM_COMMON_RELIC","is_daily":false,"chose_seed":false,"campfire_upgraded":0,"win_rate":0.0,"timestamp":1607845072,"path_taken":["M","?","?","M","M","E"],"items_purchased_type":[],"build_version":"2020-11-30","purchased_purges":0,"victory":false,"max_hp_per_floor":[75,75,75,75,75,75,75],"relic_stats":{"counters":[4,26],"Smiling Mask":0,"obtain_stats":[{"Omamori":0,"Smiling Mask":2,"hermit:Momento":0},{"Omamori":0,"Smiling Mask":1,"hermit:Momento":0},{"Omamori":0,"Smiling Mask":4,"hermit:Momento":0}]},"card_choices":[{"not_picked":["hermit:LuckOfTheDraw","hermit:Vantage"],"picked":"hermit:FlashPowder","floor":1},{"not_picked":["hermit:Dive","hermit:SprayPray"],"picked":"hermit:Combo","floor":4},{"not_picked":["hermit:BodyArmor","hermit:LowProfile"],"picked":"hermit:WideOpen","floor":5}],"player_experience":409099,"relics_obtained":[],"event_choices":[{"damage_healed":0,"gold_gain":0,"player_choice":"Success","damage_taken":7,"relics_obtained":["Smiling Mask"],"max_hp_gain":0,"max_hp_loss":0,"event_name":"Scrap Ooze","floor":2,"gold_loss":0},{"damage_healed":0,"gold_gain":0,"player_choice":"Cursed","damage_taken":0,"max_hp_gain":0,"max_hp_loss":0,"event_name":"Wheel of Change","floor":3,"gold_loss":0,"cards_obtained":["Decay"]}],"is_beta":false,"boss_relics":[],"items_purged_floors":[],"is_endless":false,"potions_floor_spawned":[1,5],"killed_by":"3 Sentries","ascension_level":5}}