{"host":"49c2zf0lajbcs427","time":1607832793,"event":{"mods":["AchievementEnabler","BaseMod","Colored Map","Colored Powertips","Highlight Path","Minty Spire (QoL Compilation)","Relic Stats","StSLib"],"gold_per_floor":[111,111,126,146,146,178,178,211,236,248,248,16,42,53,53,125,125,138,151,165,175,175,175],"floor_reached":22,"playtime":1407,"items_purged":[],"score":419,"play_id":"1af34fd3-2b3d-4c2c-9434-651defb0dec0","local_time":"20201213171313","is_ascension_mode":true,"campfire_choices":[{"data":"TalkToTheHand","floor":7,"key":"SMITH"},{"data":"Eruption","floor":11,"key":"SMITH"},{"data":"Prostrate","floor":15,"key":"SMITH"}],"circlet_count":0,"master_deck":["AscendersBane","Strike_P","Strike_P","Strike_P","Strike_P","Defend_P","Defend_P","Defend_P","Defend_P","Eruption+1","Vigilance","TalkToTheHand+1","FlurryOfBlows","Adaptation","FlurryOfBlows","ThirdEye","Prostrate+1","Brilliance","Wallop","Blasphemy","JustLucky","TalkToTheHand"],"relics":["PureWater","CultistMask","Vajra","Oddly Smooth Stone","PreservedInsect","Akabeko","VioletLotus"],"acts_visited":["Exordium","TheCity"],"potions_floor_usage":[6,16,18,20,21],"damage_taken":[{"damage":0,"enemies":"2 Louse","floor":1,"turns":2},{"damage":7,"enemies":"Cultist","floor":3,"turns":4},{"damage":0,"enemies":"Jaw Worm","floor":4,"turns":4},{"damage":12,"enemies":"3 Sentries","floor":6,"turns":4},{"damage":0,"enemies":"Lagavulin","floor":8,"turns":6},{"damage":0,"enemies":"Red Slaver","floor":10,"turns":3},{"damage":4,"enemies":"3 Sentries","floor":13,"turns":3},{"damage":2,"enemies":"2 Fungi Beasts","floor":14,"turns":3},{"damage":3,"enemies":"Hexaghost","floor":16,"turns":7},{"damage":40,"enemies":"3 Byrds","floor":18,"turns":5},{"damage":0,"enemies":"Chosen","floor":19,"turns":3},{"damage":15,"enemies":"Centurion and Healer","floor":20,"turns":5},{"damage":7,"enemies":"Cultist and Chosen","floor":21,"turns":6},{"damage":7,"enemies":"Snake Plant","floor":22,"turns":1}],"seed_played":"-3654910978636812832","potions_obtained":[{"floor":4,"key":"SkillPotion"},{"floor":10,"key":"DistilledChaos"},{"floor":13,"key":"SteroidPotion"},{"floor":18,"key":"GamblersBrew"},{"floor":20,"key":"StancePotion"}],"is_trial":false,"path_per_floor":["M","?","M","M","$","E","R","E","T","M","R","$","E","M","R","B",null,"M","M","M","M","M"],"character_chosen":"WATCHER","items_purchased":["Prostrate","Brilliance"],"campfire_rested":0,"item_purchase_floors":[12,12],"current_hp_per_floor":[67,67,60,60,60,48,48,48,48,48,48,48,44,42,42,39,65,25,25,10,3,0,0],"gold":175,"neow_bonus":"TEN_PERCENT_HP_BONUS","is_daily":false,"chose_seed":false,"campfire_upgraded":3,"win_rate":0.0,"timestamp":1607832793,"path_taken":["M","?","M","?","$","E","R","E","T","?","R","$","E","M","R","BOSS","M","M","M","M","M"],"items_purchased_type":["Card","Card"],"build_version":"2020-11-30","purchased_purges":0,"victory":false,"max_hp_per_floor":[74,74,74,74,74,74,74,74,74,74,74,74,74,74,74,74,74,74,74,74,74,74,74],"relic_stats":{"counters":[14,56],"PreservedInsect":33,"VioletLotus":[1],"obtain_stats":[{"Vajra":6,"Oddly Smooth Stone":8,"CultistMask":2,"PreservedInsect":9,"VioletLotus":17,"PureWater":0,"Akabeko":13},{"Vajra":4,"Oddly Smooth Stone":5,"CultistMask":1,"PreservedInsect":5,"VioletLotus":9,"PureWater":0,"Akabeko":7},{"Vajra":14,"Oddly Smooth Stone":20,"CultistMask":2,"PreservedInsect":20,"VioletLotus":36,"PureWater":0,"Akabeko":26}]},"card_choices":[{"not_picked":["EmptyFist","EmptyMind"],"picked":"TalkToTheHand","floor":1},{"not_picked":["JustLucky","FlyingSleeves"],"picked":"FlurryOfBlows","floor":3},{"not_picked":["Halt","InnerPeace"],"picked":"Adaptation","floor":4},{"not_picked":["Pray","Evaluate"],"picked":"FlurryOfBlows","floor":6},{"not_picked":["EmptyBody","Conclude","Halt"],"picked":"SKIP","floor":8},{"not_picked":["PathToVictory","EmptyBody"],"picked":"ThirdEye","floor":10},{"not_picked":["ClearTheMind","MasterReality"],"picked":"Wallop","floor":13},{"not_picked":["ThirdEye","CrushJoints","PathToVictory"],"picked":"SKIP","floor":14},{"not_picked":["Brilliance","DevaForm"],"picked":"Blasphemy","floor":16},{"not_picked":["CutThroughFate","EmptyFist"],"picked":"JustLucky","floor":18},{"not_picked":["Consecrate","ForeignInfluence+1"],"picked":"TalkToTheHand","floor":19},{"not_picked":["BowlingBash","ThirdEye","ReachHeaven"],"picked":"SKIP","floor":20},{"not_picked":["BowlingBash","Establishment","CrushJoints"],"picked":"SKIP","floor":21}],"player_experience":2077155,"relics_obtained":[{"floor":6,"key":"Vajra"},{"floor":8,"key":"Oddly Smooth Stone"},{"floor":9,"key":"PreservedInsect"},{"floor":13,"key":"Akabeko"}],"event_choices":[{"damage_healed":0,"gold_gain":0,"player_choice":"Trade","damage_taken":0,"relics_obtained":["CultistMask"],"max_hp_gain":0,"max_hp_loss":0,"event_name":"FaceTrader","floor":2,"gold_loss":0}],"is_beta":false,"boss_relics":[{"not_picked":["HolyWater","SlaversCollar"],"picked":"VioletLotus"}],"items_purged_floors":[],"is_endless":false,"potions_floor_spawned":[4,10,13,18,20],"killed_by":"Snake Plant","ascension_level":16}}