{"host":"t7kiqd0mabx5u6gq","time":1607829068,"event":{"mods":["AchievementEnabler","Aspiration","BaseMod","Conspire","GifTheSpireLib","Halation","Hubris","Infinite Spire","Minty Spire (QoL Compilation)","Quarter Circle Forward PUNCH!","Quick Restart","Replay The Spire","StSLib","Stuff the Spire","vexMod"],"gold_per_floor":[110,110,16,94,94,94,126,126,126,126,157,157,187,204,204,334,334,364,364,324,316,62,62,62,62,62,62,100,140,159,159,159,275,275,296,296,338,338,3,3,42,42,42,42,86,127,157,217,229,259],"floor_reached":51,"playtime":1648,"items_purged":["hubris:Sloth"],"score":1230,"play_id":"9fba3d4a-5003-4b60-8de0-a7d032eb52a9","local_time":"20201212191108","is_ascension_mode":true,"campfire_choices":[{"data":"StuffTheSpire:FreeRealEstate","floor":6.0,"key":"SMITH"},{"data":"Footwork","floor":10.0,"key":"SMITH"},{"data":"Quick Slash","floor":12.0,"key":"SMITH"},{"floor":15.0,"key":"DIG"},{"data":"infinitespire:Neurotoxin","floor":23,"key":"SMITH"},{"data":"infinitespire:Collect","floor":25,"key":"SMITH"},{"data":"Quick Slash","floor":27,"key":"SMITH"},{"data":"StuffTheSpire:Rapture","floor":40,"key":"SMITH"},{"data":"Adrenaline","floor":42,"key":"SMITH"},{"data":"ReplayTheSpireMod:??????????????????????","floor":49,"key":"SMITH"}],"circlet_count":0,"master_deck":["Defend_G+1","Defend_G","Defend_G","Survivor","Neutralize+1","Footwork+1","StuffTheSpire:FreeRealEstate+1","Draining Mist+1","Quick Slash+1","Sucker Punch","Prepared+1","infinitespire:Neurotoxin+1","Quick Slash+1","Calculated Gamble+1","infinitespire:Collect+1","Dagger Throw","hubris:SlightOfHand+1","Dagger Spray+1","Envenom","Adrenaline+1","Noxious Fumes","Envenom","Deflect+1","ReplayTheSpireMod:Splinters","StuffTheSpire:Rapture+1","ReplayTheSpireMod:??????????????????????+1","Slice","Underhanded Strike","Dagger Throw+1","Deflect","Noxious Fumes"],"relics":["Ring of the Snake","NeowsBlessing","Onion Ring","Pocketwatch","Pen Nib","Iron Hammer","qcfpunch:Army_Boots","conspire:RunicOctahedron","infinitespire:CheckeredPen","WristBlade","StuffTheSpire:Saxophone","StuffTheSpire:SapphireSignet","Replay:Drink Me","Meat on the Bone","Whetstone","vexMod:ScavengeHelm","MawBank","halation:PromiseList"],"acts_visited":["Exordium","TheCity","TheBeyond"],"potions_floor_usage":[21,28,33,41],"damage_taken":[{"damage":0.0,"enemies":"Jaw Worm","floor":1.0,"turns":1.0},{"damage":0.0,"enemies":"Lagavulin","floor":7.0,"turns":1.0},{"damage":0.0,"enemies":"Gremlin Nob","floor":11.0,"turns":1.0},{"damage":0.0,"enemies":"Cultist","floor":13.0,"turns":3.0},{"damage":6.0,"enemies":"Small Slimes","floor":14.0,"turns":2.0},{"damage":27.0,"enemies":"Hexaghost","floor":16.0,"turns":15.0},{"damage":2.0,"enemies":"Chosen","floor":18.0,"turns":7.0},{"damage":20,"enemies":"2 Thieves","floor":21,"turns":5},{"damage":0,"enemies":"Snake Plant","floor":28,"turns":2},{"damage":6,"enemies":"Shelled Parasite and Fungi","floor":29,"turns":3},{"damage":0,"enemies":"Snecko","floor":30,"turns":3},{"damage":17,"enemies":"Automaton","floor":33,"turns":7},{"damage":0,"enemies":"Orb Walker","floor":35,"turns":1},{"damage":0,"enemies":"3 Shapes","floor":37,"turns":3},{"damage":0,"enemies":"R_Hoarder","floor":41,"turns":5},{"damage":3,"enemies":"Nemesis","floor":45,"turns":3},{"damage":0,"enemies":"Sphere and 2 Shapes","floor":46,"turns":1},{"damage":0,"enemies":"Spire Growth","floor":47,"turns":1},{"damage":0,"enemies":"Reptomancer","floor":48,"turns":3},{"damage":2,"enemies":"Time Eater","floor":50,"turns":4}],"seed_played":"7756301930438883297","potions_obtained":[{"floor":11.0,"key":"Weak Potion"},{"floor":14.0,"key":"Energy Potion"},{"floor":21,"key":"DistilledChaos"},{"floor":29,"key":"Energy Potion"},{"floor":33,"key":"DistilledChaos"},{"floor":35,"key":"Milkshake"},{"floor":45,"key":"DistilledChaos"}],"is_trial":false,"path_per_floor":["M","?","$","T","?","R","E","?","T","R","E","R","M","M","R","B",null,"M","?","?","M","$","R","AVR","R","T","R","M","M","M","?","R","B",null,"M","?","M","?","$","R","E","R","T","$","E","M","M","E","R","B",null],"character_chosen":"THE_SILENT","items_purchased":["StuffTheSpire:FreeRealEstate","infinitespire:CheckeredPen","Meat on the Bone"],"campfire_rested":0,"item_purchase_floors":[3,22,39],"current_hp_per_floor":[63,63,63,63,56,56,56,56,56,56,56,56,56,50,50,23,58,56,56,56,36,36,36,36,36,36,36,36,30,30,30,30,13,43,43,43,43,43,43,43,43,43,43,43,40,40,40,40,40,38],"gold":271,"neow_bonus":"THREE_ENEMY_KILL","is_daily":false,"chose_seed":false,"campfire_upgraded":9,"win_rate":0.0,"timestamp":1607829068,"path_taken":["M","?","$","?","?","R","E","?","T","R","E","R","M","M","R","BOSS","M","?","?","M","$","R","AVR","R","T","R","M","?","?","?","R","BOSS","M","?","?","?","$","R","E","R","T","$","E","M","M","E","R","BOSS"],"items_purchased_type":["Card","Relic","Relic"],"build_version":"2020-11-30","purchased_purges":1,"victory":true,"max_hp_per_floor":[70,70,70,70,70,70,70,70,70,70,70,70,70,70,70,70,70,70,70,70,70,70,70,70,70,70,70,70,70,70,70,70,70,53,53,53,53,53,53,53,53,53,53,53,53,53,53,53,53,53],"card_choices":[{"not_picked":["hubris:SlightOfHand","Underhanded Strike"],"picked":"Footwork","floor":1.0},{"not_picked":["StuffTheSpire:BumpUp","StuffTheSpire:Sprint"],"picked":"Draining Mist","floor":7.0},{"not_picked":["Bouncing Flask","Predator"],"picked":"Quick Slash","floor":11.0},{"not_picked":["Underhanded Strike","Outmaneuver"],"picked":"Sucker Punch","floor":13.0},{"not_picked":["Underhanded Strike","hubris:TrickCloak"],"picked":"Prepared","floor":14.0},{"not_picked":["Doppelganger","Grand Finale"],"picked":"infinitespire:Neurotoxin","floor":16.0},{"not_picked":["Deadly Poison+1","Poisoned Stab"],"picked":"Quick Slash","floor":18.0},{"not_picked":["Quick Slash","Setup"],"picked":"Calculated Gamble+1","floor":21},{"not_picked":["Sucker Punch","Quick Slash+1"],"picked":"Dagger Throw","floor":28},{"not_picked":["Flying Knee","Expertise"],"picked":"hubris:SlightOfHand+1","floor":29},{"not_picked":["Bouncing Flask+1","Underhanded Strike"],"picked":"Dagger Spray","floor":30},{"not_picked":["Phantasmal Killer","Malaise"],"picked":"Adrenaline","floor":33},{"not_picked":["Predator","Dagger Throw"],"picked":"Noxious Fumes","floor":35},{"not_picked":["Cloak And Dagger+1","Outmaneuver+1"],"picked":"Deflect+1","floor":37},{"not_picked":["ReplayTheSpireMod:Echoes of Time","ReplayTheSpireMod:Haul"],"picked":"ReplayTheSpireMod:??????????????????????","floor":38},{"not_picked":["Distraction","hubris:SlightOfHand"],"picked":"Slice","floor":41},{"not_picked":["Finisher+1","Flying Knee+1"],"picked":"Underhanded Strike","floor":45},{"not_picked":["Bane","Cloak And Dagger"],"picked":"Dagger Throw+1","floor":46},{"not_picked":["Eviscerate+1","PiercingWail"],"picked":"Deflect","floor":47},{"not_picked":["hubris:TrickCloak+1","Outmaneuver"],"picked":"Noxious Fumes","floor":48}],"player_experience":562031,"relics_obtained":[{"floor":4.0,"key":"Onion Ring"},{"floor":7.0,"key":"Pocketwatch"},{"floor":9.0,"key":"Pen Nib"},{"floor":11.0,"key":"Iron Hammer"},{"floor":15.0,"key":"qcfpunch:Army_Boots"},{"floor":26,"key":"StuffTheSpire:SapphireSignet"},{"floor":41,"key":"Whetstone"},{"floor":43,"key":"vexMod:ScavengeHelm"},{"floor":45,"key":"MawBank"},{"floor":48,"key":"halation:PromiseList"}],"event_choices":[{"cards_removed":["Strike_G"],"damage_healed":0.0,"max_hp_gain":0.0,"max_hp_loss":0.0,"gold_gain":0.0,"event_name":"Purifier","player_choice":"Purged","floor":2.0,"gold_loss":0.0,"damage_taken":0.0},{"cards_removed":["Strike_G"],"damage_healed":0.0,"max_hp_gain":0.0,"max_hp_loss":0.0,"gold_gain":0.0,"event_name":"Golden Wing","player_choice":"Card Removal","floor":5.0,"gold_loss":0.0,"damage_taken":7.0},{"damage_healed":0.0,"max_hp_gain":0.0,"max_hp_loss":0.0,"gold_gain":0.0,"event_name":"Vampires","player_choice":"Ignored","floor":19.0,"gold_loss":0.0,"damage_taken":0.0},{"damage_healed":0.0,"max_hp_gain":0.0,"max_hp_loss":0.0,"gold_gain":0.0,"event_name":"Designer","player_choice":"Upgraded Two","floor":20.0,"gold_loss":40.0,"damage_taken":0.0,"cards_upgraded":["Defend_G","Prepared"]},{"cards_removed":["Strike_G"],"damage_healed":0,"gold_gain":0,"player_choice":"Purged","damage_taken":0,"max_hp_gain":0,"max_hp_loss":0,"event_name":"Purifier","floor":31,"gold_loss":0},{"damage_healed":0,"gold_gain":0,"player_choice":"1 cards matched","damage_taken":0,"max_hp_gain":0,"max_hp_loss":0,"event_name":"Match and Keep!","floor":32,"gold_loss":0,"cards_obtained":["Envenom"]},{"damage_healed":0,"gold_gain":0,"cards_transformed":["Defend_G"],"player_choice":"Transformed","damage_taken":0,"max_hp_gain":0,"max_hp_loss":0,"event_name":"Transmorgrifier","floor":36,"gold_loss":0,"cards_obtained":["Envenom"]}],"is_beta":false,"boss_relics":[{"not_picked":["Abe\u0027s Treasure","vexMod:BigBerry"],"picked":"conspire:RunicOctahedron"},{"not_picked":["HoveringKite","Pandora\u0027s Box"],"picked":"Replay:Drink Me"}],"items_purged_floors":[39],"is_endless":false,"potions_floor_spawned":[11,14,21,29,33,35,45],"ascension_level":9}}