{"host":"xodzlm10r37577ou","time":1607841631,"event":{"mods":["Act Like it!","BaseMod","KomeijiMod","Marisa£®ÏF”Í°°ƒß¿Ì…≥£©","Minty Spire (QoL Compilation)","Remilia£®¿Ÿ√◊¿Ú—«£©","Replay The Spire","StSLib","TestMod","The Administrix","The Bug Knight","The Servant 0.9.4","Youmu£®ªÍ∆«—˝√Œ£©"],"gold_per_floor":[118,118,135,135,148,148,174,174,174,8,8,8],"floor_reached":11,"playtime":299,"items_purged":[],"score":131,"play_id":"a95c5a07-9b5f-4d29-bdb8-b98c115d5519","local_time":"20201213144031","is_ascension_mode":true,"campfire_choices":[{"data":"testmod-TemporaryDeletion","floor":6.0,"key":"SMITH"}],"circlet_count":0,"master_deck":["AscendersBane","Strike_R","Strike_R","Strike_R","Strike_R","Strike_R","Defend_R","Defend_R+1","Defend_R","Defend_R","testmod-TemporaryDeletion+1","Survivor+1","Neutralize","Shockwave","Dropkick","Infernal Blade","CommonCold"],"relics":["Burning Blood","testmod-TestBox","testmod-D®¶j®§vu","ReplayTheSpireMod:Ring of Collecting","Ring of Hypnosis","ReplayTheSpireMod:Ring of Exchange","FossilizedHelix","War Paint"],"acts_visited":["Exordium"],"potions_floor_usage":[],"damage_taken":[{"damage":13.0,"enemies":"2 Louse","floor":1.0,"turns":2.0},{"damage":12.0,"enemies":"Small Slimes","floor":3.0,"turns":4.0},{"damage":5.0,"enemies":"Jaw Worm","floor":5.0,"turns":6.0},{"damage":40.0,"enemies":"Gremlin Nob","floor":7.0,"turns":5.0},{"damage":0,"enemies":"Lagavulin","floor":11,"turns":4}],"seed_played":"-5932786138077965258","potions_obtained":[{"floor":1.0,"key":"Regen Potion"}],"is_trial":false,"path_per_floor":["M","?","M","?","M","R","E","?","T","$","E"],"character_chosen":"IRONCLAD","items_purchased":["War Paint"],"campfire_rested":0,"item_purchase_floors":[10],"current_hp_per_floor":[61,61,55,60,61,61,41,41,41,41,41,41],"gold":8,"neow_bonus":"RANDOM_COLORLESS","is_daily":false,"chose_seed":false,"campfire_upgraded":1,"win_rate":0.0,"timestamp":1607841631,"path_taken":["M","?","M","?","M","R","E","?","T","?","E"],"items_purchased_type":["Relic"],"build_version":"2020-11-30","purchased_purges":0,"victory":false,"max_hp_per_floor":[75,75,75,80,80,80,80,80,80,80,80,80],"card_choices":[{"not_picked":["ReplayTheSpireMod:Private Reserves","Dark Shackles"],"picked":"testmod-TemporaryDeletion","floor":0.0},{"not_picked":["Headbutt","Body Slam","Massacre"],"picked":"SKIP","floor":1.0},{"not_picked":["Anger","Warcry"],"picked":"Shockwave","floor":3.0},{"not_picked":["Iron Wave","Reaper"],"picked":"Dropkick","floor":5.0},{"not_picked":["Seeing Red","Twin Strike"],"picked":"Infernal Blade","floor":7.0}],"player_experience":861168,"relics_obtained":[{"floor":7.0,"key":"testmod-D®¶j®§vu"},{"floor":8.0,"key":"ReplayTheSpireMod:Ring of Collecting"},{"floor":8.0,"key":"Ring of Hypnosis"},{"floor":9.0,"key":"ReplayTheSpireMod:Ring of Exchange"},{"floor":9.0,"key":"FossilizedHelix"}],"event_choices":[{"damage_healed":0.0,"max_hp_gain":5.0,"max_hp_loss":0.0,"gold_gain":0.0,"event_name":"Big Fish","player_choice":"Donut","floor":4.0,"gold_loss":0.0,"damage_taken":0.0}],"is_beta":false,"boss_relics":[],"items_purged_floors":[],"is_endless":false,"potions_floor_spawned":[1],"killed_by":"Lagavulin","ascension_level":17}}