{"host":"x1qj4d8ympd5jdqh","time":1607854750,"event":{"mods":["AchievementEnabler","AlwaysNeverKeys","BaseMod","Colored Map","Custom Start","DeckTracker","Highlight Path","Minty Spire (QoL Compilation)","StSLib","SuperFastMode"],"gold_per_floor":[217,235,75,85,65,97,110,110,110,123,123,133,133,152,152,229,229,249,149,168,183,108,108,125,125,125,125,138,465,465,478,478,478,478],"floor_reached":33,"playtime":1184,"items_purged":["Strike_G","Strike_G"],"score":592,"play_id":"af0c28d8-8fc4-437f-986d-76fa956fe667","local_time":"20201213191910","is_ascension_mode":true,"campfire_choices":[{"floor":8.0,"key":"REST"},{"data":"Riddle With Holes","floor":13.0,"key":"SMITH"},{"data":"Concentrate","floor":15.0,"key":"SMITH"},{"data":"Well Laid Plans","floor":23.0,"key":"SMITH"},{"floor":25.0,"key":"REST"},{"floor":30.0,"key":"REST"},{"floor":32.0,"key":"REST"}],"circlet_count":0,"master_deck":["AscendersBane","Strike_G","Defend_G","Defend_G","Defend_G","Defend_G","Defend_G","Survivor","Neutralize","Blade Dance","Terror","Concentrate+1","Riddle With Holes+1","Dagger Spray+1","Backstab+1","Grand Finale+1","Acrobatics","Reflex","Well Laid Plans+1","Prepared+1"],"relics":["Ring of the Snake","Molten Egg 2","Unceasing Top","Sozu","Pen Nib","Old Coin"],"acts_visited":["Exordium","TheCity"],"potions_floor_usage":[33],"damage_taken":[{"damage":7.0,"enemies":"Small Slimes","floor":1.0,"turns":5.0},{"damage":0.0,"enemies":"Cultist","floor":2.0,"turns":4.0},{"damage":4.0,"enemies":"2 Louse","floor":4.0,"turns":3.0},{"damage":19.0,"enemies":"Lagavulin","floor":6.0,"turns":8.0},{"damage":0.0,"enemies":"Lots of Slimes","floor":7.0,"turns":1.0},{"damage":0.0,"enemies":"3 Louse","floor":10.0,"turns":3.0},{"damage":1.0,"enemies":"Looter","floor":12.0,"turns":3.0},{"damage":0.0,"enemies":"Gremlin Gang","floor":14.0,"turns":2.0},{"damage":24.0,"enemies":"The Guardian","floor":16.0,"turns":13.0},{"damage":7.0,"enemies":"3 Byrds","floor":18.0,"turns":4.0},{"damage":0.0,"enemies":"Chosen","floor":20.0,"turns":3.0},{"damage":36.0,"enemies":"Snake Plant","floor":21.0,"turns":5.0},{"damage":0.0,"enemies":"Shelled Parasite and Fungi","floor":24.0,"turns":1.0},{"damage":0.0,"enemies":"Chosen and Byrds","floor":28.0,"turns":3.0},{"damage":10.0,"enemies":"Gremlin Leader","floor":29.0,"turns":4.0},{"damage":17.0,"enemies":"Snecko","floor":31.0,"turns":4.0},{"damage":40,"enemies":"Champ","floor":33,"turns":7}],"seed_played":"4368397731237085698","potions_obtained":[{"floor":4.0,"key":"PowerPotion"},{"floor":5.0,"key":"DuplicationPotion"},{"floor":7.0,"key":"BlessingOfTheForge"},{"floor":10.0,"key":"DuplicationPotion"},{"floor":16.0,"key":"GamblersBrew"}],"is_trial":false,"path_per_floor":["M","M","$","M","?","E","M","R","T","M","?","M","R","M","R","B",null,"M","$","M","M","?","R","M","R","T","?","M","E","R","M","R","B"],"character_chosen":"THE_SILENT","items_purchased":["Concentrate"],"campfire_rested":4,"item_purchase_floors":[3],"current_hp_per_floor":[52,52,52,48,48,29,29,48,48,48,48,47,47,47,47,23,55,48,48,48,12,12,12,12,31,31,31,31,21,40,23,42,2,2],"gold":478,"neow_bonus":"HUNDRED_GOLD","is_daily":false,"chose_seed":false,"campfire_upgraded":3,"win_rate":0.0,"timestamp":1607854750,"path_taken":["M","M","$","M","?","E","M","R","T","?","?","M","R","M","R","BOSS","M","$","M","?","?","R","M","R","T","?","?","E","R","M","R","BOSS"],"items_purchased_type":["Card"],"build_version":"2020-11-30","purchased_purges":2,"victory":false,"max_hp_per_floor":[66,66,66,66,66,66,66,66,66,66,66,66,66,66,66,66,66,66,66,66,66,66,66,66,66,66,66,66,66,66,66,66,66,66],"card_choices":[{"not_picked":["Outmaneuver","Blur"],"picked":"Blade Dance","floor":1.0},{"not_picked":["Eviscerate","Dodge and Roll"],"picked":"Terror","floor":2.0},{"not_picked":["Blade Dance","Deflect"],"picked":"Riddle With Holes","floor":4.0},{"not_picked":["Outmaneuver","Blade Dance"],"picked":"Dagger Spray+1","floor":6.0},{"not_picked":["Endless Agony+1","Leg Sweep","Flying Knee+1"],"picked":"SKIP","floor":7.0},{"not_picked":["Slice+1","Die Die Die+1","Deflect"],"picked":"SKIP","floor":10.0},{"not_picked":["Deflect","Slice+1"],"picked":"Backstab+1","floor":12.0},{"not_picked":["Finisher+1","Deadly Poison","Dagger Throw+1"],"picked":"SKIP","floor":14.0},{"not_picked":["Burst","Wraith Form v2"],"picked":"Grand Finale+1","floor":16.0},{"not_picked":["Underhanded Strike+1","Choke+1"],"picked":"Acrobatics","floor":18.0},{"not_picked":["Cloak And Dagger","Acrobatics"],"picked":"Reflex","floor":20.0},{"not_picked":["Dagger Throw+1","Underhanded Strike+1"],"picked":"Well Laid Plans","floor":21.0},{"not_picked":["PiercingWail","Quick Slash+1","Flying Knee+1"],"picked":"SKIP","floor":24.0},{"not_picked":["Sucker Punch+1","Cloak And Dagger+1"],"picked":"Prepared+1","floor":28.0},{"not_picked":["Wraith Form v2","Bane+1","Outmaneuver+1"],"picked":"SKIP","floor":29.0},{"not_picked":["Blade Dance","All Out Attack+1","Backstab+1"],"picked":"SKIP","floor":31.0}],"player_experience":1211149,"relics_obtained":[{"floor":6.0,"key":"Molten Egg 2"},{"floor":9.0,"key":"Unceasing Top"},{"floor":26.0,"key":"Pen Nib"},{"floor":29.0,"key":"Old Coin"}],"event_choices":[{"damage_healed":0.0,"max_hp_gain":0.0,"max_hp_loss":0.0,"gold_gain":0.0,"event_name":"The Woman in Blue","player_choice":"Bought 1 Potion","floor":5.0,"gold_loss":0.0,"damage_taken":0.0},{"cards_removed":["Strike_G"],"damage_healed":0.0,"max_hp_gain":0.0,"max_hp_loss":0.0,"gold_gain":0.0,"event_name":"Purifier","player_choice":"Purged","floor":11.0,"gold_loss":0.0,"damage_taken":0.0},{"cards_removed":["Strike_G"],"damage_healed":0.0,"max_hp_gain":0.0,"max_hp_loss":0.0,"gold_gain":0.0,"event_name":"Beggar","player_choice":"Gave Gold","floor":22.0,"gold_loss":75.0,"damage_taken":0.0},{"damage_healed":0.0,"max_hp_gain":0.0,"max_hp_loss":0.0,"gold_gain":0.0,"event_name":"WeMeetAgain","player_choice":"Ignored","floor":27.0,"gold_loss":0.0,"damage_taken":0.0}],"is_beta":false,"boss_relics":[{"not_picked":["Velvet Choker","Runic Dome"],"picked":"Sozu"}],"items_purged_floors":[3,19],"is_endless":false,"potions_floor_spawned":[4,7,10,16,18,20,29,31],"killed_by":"Champ","ascension_level":20}}