{"host":"q3i87yx2dgqr54co","time":1607902021,"event":{"mods":["BaseMod","Block Reminder","Colored Map","Colored Powertips","DeckTracker","Highlight Path","Minty Spire (QoL Compilation)","Permanent Neow","Quick Restart","Relic Sorter","Relic Stats"],"gold_per_floor":[11,11,27,42,56,81,99,128,200,200,200,217,236,212,212,314,314,332,346,346,359,374,404,423,438,438,456,15,25,25,35,35,138,138,154,166,181,181,200,200,219,219,219,231,250,265,265,278,278,278,278,278,42,67,67],"floor_reached":56,"playtime":5287,"items_purged":[],"score":1170,"play_id":"ec70c462-4887-4c11-8aa6-f93d1f997327","local_time":"20201213182701","is_ascension_mode":false,"campfire_choices":[{"data":"Infernal Blade","floor":10.0,"key":"SMITH"},{"floor":15.0,"key":"REST"},{"floor":32.0,"key":"REST"},{"floor":40.0,"key":"RECALL"},{"floor":47.0,"key":"REST"},{"floor":49.0,"key":"REST"},{"data":"Whirlwind","floor":52.0,"key":"SMITH"}],"circlet_count":0,"master_deck":["Strike_R","Strike_R","Strike_R","Strike_R","Strike_R","Defend_R","Defend_R","Defend_R","Defend_R","Bash","Demon Form+1","Heavy Blade","Warcry","Burning Pact","Iron Wave","Infernal Blade+1","Clash","Rampage","Parasite","Pommel Strike","Spot Weakness","Reaper","Pummel","Armaments","Anger","Shrug It Off+1","Rage","Body Slam","Heavy Blade","Mayhem","Armaments","Cleave","Rage","Exhume","Fire Breathing+1","Hemokinesis+1","Decay","Whirlwind+1","Feed","Reaper","Clumsy","Whirlwind+1","Berserk","Rage","Flex","Impervious"],"relics":["Burning Blood","Self Forming Clay","Strawberry","Meat on the Bone","Mark of Pain","Ice Cream","Lizard Tail","Kunai","Lantern","Cursed Key","Pear","Happy Flower","Toy Ornithopter"],"acts_visited":["Exordium","TheCity","TheBeyond","TheEnding"],"potions_floor_usage":[55],"damage_taken":[{"damage":5.0,"enemies":"Small Slimes","floor":1.0,"turns":4.0},{"damage":2.0,"enemies":"2 Louse","floor":3.0,"turns":4.0},{"damage":6.0,"enemies":"Cultist","floor":4.0,"turns":3.0},{"damage":16.0,"enemies":"Blue Slaver","floor":5.0,"turns":4.0},{"damage":20.0,"enemies":"Lagavulin","floor":6.0,"turns":7.0},{"damage":11.0,"enemies":"Red Slaver","floor":7.0,"turns":5.0},{"damage":15.0,"enemies":"3 Sentries","floor":8.0,"turns":8.0},{"damage":7.0,"enemies":"Looter","floor":12.0,"turns":2.0},{"damage":40.0,"enemies":"Gremlin Gang","floor":13.0,"turns":5.0},{"damage":58.0,"enemies":"The Guardian","floor":16.0,"turns":7.0},{"damage":27.0,"enemies":"2 Thieves","floor":18.0,"turns":5.0},{"damage":14.0,"enemies":"Shell Parasite","floor":19.0,"turns":4.0},{"damage":35.0,"enemies":"Shelled Parasite and Fungi","floor":21.0,"turns":5.0},{"damage":29.0,"enemies":"Snecko","floor":22.0,"turns":6.0},{"damage":47.0,"enemies":"Gremlin Leader","floor":23.0,"turns":6.0},{"damage":18.0,"enemies":"Snake Plant","floor":24.0,"turns":4.0},{"damage":24.0,"enemies":"Centurion and Healer","floor":25.0,"turns":6.0},{"damage":13.0,"enemies":"Snecko","floor":27.0,"turns":4.0},{"damage":11.0,"enemies":"Cultist and Chosen","floor":29.0,"turns":6.0},{"damage":21.0,"enemies":"Snake Plant","floor":31.0,"turns":5.0},{"damage":55.0,"enemies":"Champ","floor":33.0,"turns":8.0},{"damage":68.0,"enemies":"3 Shapes","floor":35.0,"turns":8.0},{"damage":23.0,"enemies":"3 Darklings","floor":36.0,"turns":5.0},{"damage":5.0,"enemies":"4 Shapes","floor":37.0,"turns":4.0},{"damage":4.0,"enemies":"Jaw Worm Horde","floor":39.0,"turns":4.0},{"damage":53.0,"enemies":"Transient","floor":41.0,"turns":5.0},{"damage":28.0,"enemies":"3 Darklings","floor":44.0,"turns":5.0},{"damage":33.0,"enemies":"4 Shapes","floor":45.0,"turns":3.0},{"damage":31.0,"enemies":"Maw","floor":46.0,"turns":7.0},{"damage":28.0,"enemies":"Jaw Worm Horde","floor":48.0,"turns":4.0},{"damage":90.0,"enemies":"Awakened One","floor":50.0,"turns":9.0},{"damage":46.0,"enemies":"Shield and Spear","floor":54.0,"turns":5.0},{"damage":193,"enemies":"The Heart","floor":55,"turns":9}],"seed_played":"-7869899394418581188","potions_obtained":[{"floor":3.0,"key":"ColorlessPotion"},{"floor":4.0,"key":"Regen Potion"},{"floor":5.0,"key":"Fire Potion"},{"floor":6.0,"key":"CultistPotion"},{"floor":16.0,"key":"SpeedPotion"},{"floor":19.0,"key":"ColorlessPotion"},{"floor":24.0,"key":"EssenceOfSteel"},{"floor":25.0,"key":"Block Potion"},{"floor":27.0,"key":"SmokeBomb"},{"floor":31.0,"key":"BloodPotion"},{"floor":36.0,"key":"PowerPotion"},{"floor":37.0,"key":"Energy Potion"},{"floor":45.0,"key":"EntropicBrew"},{"floor":48.0,"key":"FearPotion"},{"floor":54.0,"key":"Strength Potion"}],"is_trial":false,"path_per_floor":["M","?","M","M","M","E","M","E","T","R","?","M","M","?","R","B",null,"M","M","?","M","M","E","M","M","T","M","$","M","?","M","R","B",null,"M","M","M","T","M","R","M","?","T","M","M","M","R","M","R","B",null,"R","$","E","B",null],"character_chosen":"IRONCLAD","items_purchased":["Mayhem","Kunai","Armaments","Rage","Flex","Happy Flower"],"campfire_rested":4,"item_purchase_floors":[28,28,28,53,53,53],"current_hp_per_floor":[80,80,80,80,70,56,51,49,49,49,70,69,47,47,73,48,87,66,58,58,41,40,19,19,23,23,43,43,50,50,47,73,48,87,55,50,54,64,72,72,41,41,41,41,49,41,71,61,91,38,100,100,100,72,34],"gold":67,"neow_bonus":"THREE_RARE_CARDS","is_daily":false,"chose_seed":false,"campfire_upgraded":2,"win_rate":0.0,"timestamp":1607902021,"path_taken":["M","?","M","M","M","E","M","E","T","R","?","M","M","?","R","BOSS","M","M","?","M","M","E","?","M","T","M","$","M","?","M","R","BOSS","M","M","M","?","M","R","M","?","T","?","M","M","R","M","R","BOSS","R","$","E","BOSS"],"items_purchased_type":["Card","Relic","Card","Card","Card","Relic"],"build_version":"2020-11-30","purchased_purges":0,"victory":true,"max_hp_per_floor":[80,80,80,80,80,80,80,87,87,87,87,87,87,87,87,87,87,87,87,87,87,87,87,87,87,87,87,87,87,87,87,87,87,87,87,87,87,97,97,97,97,97,97,97,100,100,100,100,100,100,100,100,100,103,103],"relic_stats":{"Lizard Tail":51,"Happy Flower":[4],"counters":[33,176],"Self Forming Clay":[435],"Kunai":[41],"Cursed Key":2,"obtain_stats":[{"Ice Cream":23,"Lantern":30,"Pear":38,"Happy Flower":53,"Self Forming Clay":6,"Cursed Key":34,"Burning Blood":0,"Lizard Tail":26,"Strawberry":8,"Mark of Pain":17,"Kunai":28,"Toy Ornithopter":54,"Meat on the Bone":9},{"Ice Cream":15,"Lantern":19,"Pear":24,"Happy Flower":31,"Self Forming Clay":5,"Cursed Key":21,"Burning Blood":0,"Lizard Tail":17,"Strawberry":7,"Mark of Pain":10,"Kunai":18,"Toy Ornithopter":32,"Meat on the Bone":7},{"Ice Cream":75,"Lantern":95,"Pear":125,"Happy Flower":162,"Self Forming Clay":22,"Cursed Key":108,"Burning Blood":0,"Lizard Tail":85,"Strawberry":35,"Mark of Pain":49,"Kunai":89,"Toy Ornithopter":167,"Meat on the Bone":35}],"Burning Blood":193,"Toy Ornithopter":5,"Meat on the Bone":228},"card_choices":[{"not_picked":["Berserk","Impervious"],"picked":"Demon Form","floor":0.0},{"not_picked":["Thunderclap","Pummel"],"picked":"Heavy Blade","floor":1.0},{"not_picked":["Uppercut","Combust"],"picked":"Warcry","floor":3.0},{"not_picked":["Wild Strike","Warcry"],"picked":"Burning Pact","floor":4.0},{"not_picked":["Spot Weakness","Flex"],"picked":"Iron Wave","floor":5.0},{"not_picked":["Cleave","Headbutt"],"picked":"Infernal Blade","floor":6.0},{"not_picked":["Anger","Power Through"],"picked":"Clash","floor":7.0},{"not_picked":["Immolate","Anger"],"picked":"Rampage","floor":8.0},{"not_picked":["Combust","Flex"],"picked":"Pommel Strike","floor":12.0},{"not_picked":["Pummel","Headbutt"],"picked":"Spot Weakness","floor":13.0},{"not_picked":["Corruption","Impervious"],"picked":"Reaper","floor":16.0},{"not_picked":["Spot Weakness","Thunderclap+1"],"picked":"Pummel","floor":18.0},{"not_picked":["Carnage","Power Through"],"picked":"Armaments","floor":19.0},{"not_picked":["Blood for Blood+1","Dropkick","Thunderclap"],"picked":"SKIP","floor":21.0},{"not_picked":["Armaments","Infernal Blade"],"picked":"Shrug It Off+1","floor":22.0},{"not_picked":["Armaments","Feel No Pain"],"picked":"Rage","floor":23.0},{"not_picked":["Sever Soul","Feel No Pain"],"picked":"Body Slam","floor":24.0},{"not_picked":["Thunderclap","Wild Strike","Rupture"],"picked":"SKIP","floor":25.0},{"not_picked":["Pommel Strike","Feel No Pain"],"picked":"Heavy Blade","floor":27.0},{"not_picked":["Power Through","Pommel Strike"],"picked":"Cleave","floor":29.0},{"not_picked":["Searing Blow","Shrug It Off"],"picked":"Rage","floor":31.0},{"not_picked":["Bludgeon","Demon Form"],"picked":"Exhume","floor":33.0},{"not_picked":["Sword Boomerang","Clothesline+1"],"picked":"Fire Breathing+1","floor":35.0},{"not_picked":["Spot Weakness","Armaments+1"],"picked":"Hemokinesis+1","floor":36.0},{"not_picked":["Havoc","Clothesline","Carnage+1"],"picked":"SKIP","floor":37.0},{"not_picked":["Rage+1","Body Slam+1"],"picked":"Whirlwind+1","floor":39.0},{"not_picked":["Warcry","Power Through+1"],"picked":"Feed","floor":41.0},{"not_picked":["Fire Breathing","Sever Soul"],"picked":"Whirlwind","floor":44.0},{"not_picked":["Clash+1","Cleave+1","Shockwave"],"picked":"SKIP","floor":45.0},{"not_picked":["Armaments","Wild Strike+1","Anger+1"],"picked":"SKIP","floor":46.0},{"not_picked":["Clash+1","Warcry+1"],"picked":"Berserk","floor":48.0},{"not_picked":["Iron Wave+1","Sever Soul+1"],"picked":"Impervious","floor":54.0}],"player_experience":98016,"relics_obtained":[{"floor":6.0,"key":"Self Forming Clay"},{"floor":8.0,"key":"Strawberry"},{"floor":9.0,"key":"Meat on the Bone"},{"floor":23.0,"key":"Ice Cream"},{"floor":26.0,"key":"Lizard Tail"},{"floor":38.0,"key":"Pear"},{"floor":54.0,"key":"Toy Ornithopter"}],"event_choices":[{"damage_healed":0.0,"max_hp_gain":0.0,"max_hp_loss":0.0,"gold_gain":0.0,"event_name":"Living Wall","player_choice":"Grow","floor":2.0,"gold_loss":0.0,"damage_taken":0.0,"cards_upgraded":["Demon Form"]},{"damage_healed":21.0,"max_hp_gain":0.0,"max_hp_loss":0.0,"gold_gain":0.0,"event_name":"Mushrooms","player_choice":"Healed and dodged fight","floor":11.0,"gold_loss":0.0,"damage_taken":0.0,"cards_obtained":["Parasite"]},{"damage_healed":0.0,"max_hp_gain":0.0,"max_hp_loss":0.0,"gold_gain":0.0,"event_name":"World of Goop","player_choice":"Left Gold","floor":14.0,"gold_loss":24.0,"damage_taken":0.0},{"damage_healed":0.0,"max_hp_gain":0.0,"max_hp_loss":0.0,"gold_gain":0.0,"event_name":"Match and Keep!","player_choice":"1 cards matched","floor":20.0,"gold_loss":0.0,"damage_taken":0.0,"cards_obtained":["Anger"]},{"damage_healed":0.0,"max_hp_gain":0.0,"max_hp_loss":0.0,"gold_gain":0.0,"event_name":"WeMeetAgain","player_choice":"Gave Potion","floor":30.0,"gold_loss":0.0,"damage_taken":0.0,"relics_obtained":["Lantern"]},{"damage_healed":0.0,"max_hp_gain":0.0,"max_hp_loss":0.0,"gold_gain":0.0,"event_name":"Duplicator","player_choice":"Copied","floor":42.0,"gold_loss":0.0,"damage_taken":0.0,"cards_obtained":["Reaper"]}],"is_beta":false,"boss_relics":[{"not_picked":["SacredBark","Snecko Eye"],"picked":"Mark of Pain"},{"not_picked":["Tiny House","Busted Crown"],"picked":"Cursed Key"}],"items_purged_floors":[],"is_endless":false,"potions_floor_spawned":[3,4,5,6,7,16,19,24,25,27,31,36,37,45,48,54],"ascension_level":0}}