{"host":"2s5c6uii15wgtvvf","time":1607901503,"event":{"mods":["Bard","BaseMod","Bestiary","CapriCore","Downfall","Friendly Minions","Hermit","HololiveMod","Jorbs\u0027s Wanderer Trilogy","Koishi","KomeijiMod","Lobotomy","LobotomyExtend","Marisa????????","Minty Spire (QoL Compilation)","Remilia??????","Robot Space Explorer","Shade Mod","StSLib","Td1madao Mod","The Animator","The Cursed","The Gatherer","The Hayseed","The Hierophant","The Immortal","The Mystic","The Necromancer","The Runesmith","The Servant 0.9.4","TheHeartMod","WarShipGirlsR/????R mod","Yohane!"],"gold_per_floor":[109,109,121,121,135,170,170,170,170,170,186,196,207,224,224,329,329,343,343,22,33,45,70,81,96,170,170,170,170,170,170,170],"floor_reached":29,"playtime":1765,"items_purged":[],"score":249,"play_id":"612d7b0d-ef4c-43f5-b6e3-0a882bd3f8d2","local_time":"20201213231823","is_ascension_mode":false,"campfire_choices":[{"data":"theHeart:Cleanse","floor":7,"key":"SMITH"},{"data":"theHeart:Scab","floor":10,"key":"SMITH"},{"floor":15,"key":"REST"},{"floor":28,"key":"REST"}],"circlet_count":0,"master_deck":["theHeart:BloodDrop","theHeart:Scab+1","theHeart:theHeartDefend+1","theHeart:theHeartDefend+1","theHeart:theHeartDefend+1","theHeart:theHeartDefend+1","theHeart:theHeartCommonAttack+1","theHeart:theHeartCommonAttack+1","theHeart:theHeartCommonAttack+1","theHeart:theHeartCommonAttack+1","theHeart:theHeartCommonAttack+1","theHeart:Cleanse+1","BlackSwan","theHeart:SpireGrowth","WallGazer","theHeart:ArterialFlow+1","theHeart:HeartyVessels","theHeart:PainfulStabs","CherryBlossoms","theHeart:Devour","QueenOfHatred","theHeart:TentacleWhip","BeautyBeast","theHeart:TorrentialFlow","theHeart:Buff","OSAHOGD","theHeart:QuickBite+1","theHeart:BloodClots","theHeart:Crush","theHeart:OxygenRichBlood","theHeart:TranquilRhythm+1","CrumblingArmor","UniverseFragment","theHeart:Devour"],"relics":["theHeart:BeatOfDeath","CogitoBucket","LetterFromLob","ThirstyCross","Blue Candle","HornCleat","ResearcherNote","Busted Crown","AntiCross","BackwardClock","Bronze Scales","Meat on the Bone"],"acts_visited":[],"potions_floor_usage":[6,13,16,23,23,29,29],"damage_taken":[{"damage":1,"enemies":"Jaw Worm","floor":1,"turns":4},{"damage":0,"enemies":"Small Slimes","floor":3,"turns":3},{"damage":1,"enemies":"2 Louse","floor":5,"turns":4},{"damage":29,"enemies":"Gremlin Nob","floor":6,"turns":3},{"damage":4,"enemies":"Blue Slaver","floor":11,"turns":3},{"damage":6,"enemies":"3 Louse","floor":12,"turns":5},{"damage":9,"enemies":"Exordium Wildlife","floor":13,"turns":5},{"damage":2,"enemies":"2 Fungi Beasts","floor":14,"turns":3},{"damage":3,"enemies":"Hexaghost","floor":16,"turns":9},{"damage":31,"enemies":"Shell Parasite","floor":18,"turns":8},{"damage":16,"enemies":"2 Thieves","floor":21,"turns":5},{"damage":12,"enemies":"Chosen and Byrds","floor":22,"turns":3},{"damage":31,"enemies":"Gremlin Leader","floor":23,"turns":6},{"damage":0,"enemies":"Sentry and Sphere","floor":24,"turns":3},{"damage":3,"enemies":"Snecko","floor":25,"turns":4},{"damage":36,"enemies":"Snake Plant","floor":29,"turns":11},{"damage":105,"enemies":"Snake Plant","floor":29,"turns":11}],"seed_played":"4319988583504872748","potions_obtained":[{"floor":1,"key":"champ:CounterPotion"},{"floor":6,"key":"LiquidMemories"},{"floor":13,"key":"Weak Potion"},{"floor":16,"key":"Energy Potion"},{"floor":18,"key":"CalmPotion"},{"floor":22,"key":"EssenceOfSteel"},{"floor":23,"key":"GamblersBrew"},{"floor":25,"key":"SkillPotion"}],"is_trial":false,"path_per_floor":["M","?","M","?","M","E","R","?","T","R","M","M","M","M","R","B",null,"M","?","$","M","M","E","M","M","T","?","R","M"],"character_chosen":"THE_HEART","items_purchased":["AntiCross","theHeart:BloodClots"],"campfire_rested":2,"item_purchase_floors":[20,20],"current_hp_per_floor":[74,74,74,74,73,44,44,44,44,44,40,34,25,23,45,54,75,47,47,47,43,37,9,15,18,18,18,40,10,10,0,0],"gold":170,"neow_bonus":"","is_daily":false,"chose_seed":false,"campfire_upgraded":2,"win_rate":0.0,"timestamp":1607901503,"path_taken":["M","?","M","?","M","E","R","?","T","R","M","M","M","M","R","BOSS","M","?","$","M","M","E","M","M","T","?","R","M"],"items_purchased_type":["Relic","Card"],"build_version":"2020-11-30","purchased_purges":0,"victory":false,"max_hp_per_floor":[75,75,75,75,75,75,75,75,75,75,75,75,75,75,75,75,75,75,75,75,75,75,75,75,75,75,75,75,75,75,75,75],"card_choices":[{"not_picked":["theHeart:ArterialFlow","theHeart:Virus"],"picked":"theHeart:Cleanse","floor":1},{"not_picked":["Rudolta","ShyLook"],"picked":"BlackSwan","floor":3},{"not_picked":["theHeart:Toil","theHeart:Pacemaker"],"picked":"theHeart:SpireGrowth","floor":3},{"not_picked":["VoidDream","OldLady"],"picked":"WallGazer","floor":5},{"not_picked":["theHeart:Hemorrhage","theHeart:Tachycardia"],"picked":"theHeart:ArterialFlow","floor":5},{"not_picked":["theHeart:Cleanse","theHeart:Virus"],"picked":"theHeart:HeartyVessels","floor":6},{"not_picked":["theHeart:Pacemaker","theHeart:SpireGrowth"],"picked":"theHeart:PainfulStabs","floor":11},{"not_picked":["FairyFestival","ShyLook"],"picked":"CherryBlossoms","floor":12},{"not_picked":["theHeart:ArterialFlow","theHeart:TentacleWhip"],"picked":"theHeart:Devour","floor":12},{"not_picked":["BigBird","BigBadWolf"],"picked":"QueenOfHatred","floor":13},{"not_picked":["theHeart:BloodTransfusion","theHeart:PainfulStabs"],"picked":"theHeart:TentacleWhip","floor":13},{"not_picked":["CrumblingArmor","BigBird"],"picked":"BeautyBeast","floor":14},{"not_picked":["theHeart:ArterialFlow","theHeart:BloodFlow"],"picked":"theHeart:TorrentialFlow","floor":14},{"not_picked":["theHeart:PrecisionCut","theHeart:HeartAttack"],"picked":"theHeart:Buff","floor":16},{"not_picked":["ShyLook","SnowQueen"],"picked":"OSAHOGD","floor":16},{"not_picked":[],"picked":"theHeart:QuickBite+1","floor":18},{"not_picked":[],"picked":"theHeart:Crush","floor":21},{"not_picked":["theHeart:ChaoticEnergy"],"picked":"SKIP","floor":22},{"not_picked":[],"picked":"theHeart:OxygenRichBlood","floor":23},{"not_picked":[],"picked":"theHeart:TranquilRhythm+1","floor":24},{"not_picked":["SpiderBud","DespairKnight"],"picked":"CrumblingArmor","floor":24},{"not_picked":["GreedKing","Scarecrow"],"picked":"UniverseFragment","floor":25},{"not_picked":["theHeart:TranquilRhythm"],"picked":"SKIP","floor":25}],"player_experience":104255,"relics_obtained":[{"floor":1,"key":"LetterFromLob"},{"floor":6,"key":"Blue Candle"},{"floor":9,"key":"HornCleat"},{"floor":23,"key":"Bronze Scales"},{"floor":26,"key":"Meat on the Bone"}],"event_choices":[{"damage_healed":0,"gold_gain":0,"player_choice":"Ignored","damage_taken":0,"max_hp_gain":0,"max_hp_loss":0,"event_name":"Liars Game","floor":4,"gold_loss":0},{"damage_healed":0,"gold_gain":0,"player_choice":"Grow","damage_taken":0,"max_hp_gain":0,"max_hp_loss":0,"event_name":"Living Wall","floor":8,"gold_loss":0,"cards_upgraded":["theHeart:ArterialFlow"]},{"damage_healed":0,"gold_gain":0,"player_choice":"Simplicity","damage_taken":0,"max_hp_gain":0,"max_hp_loss":0,"event_name":"Back to Basics","floor":19,"gold_loss":0,"cards_upgraded":["theHeart:theHeartDefend","theHeart:theHeartDefend","theHeart:theHeartDefend","theHeart:theHeartDefend","theHeart:theHeartCommonAttack","theHeart:theHeartCommonAttack","theHeart:theHeartCommonAttack","theHeart:theHeartCommonAttack","theHeart:theHeartCommonAttack"]},{"damage_healed":0,"gold_gain":0,"player_choice":"Read","damage_taken":0,"max_hp_gain":0,"max_hp_loss":0,"event_name":"The Library","floor":27,"gold_loss":0,"cards_obtained":["theHeart:Devour"]}],"is_beta":false,"boss_relics":[{"not_picked":["Calling Bell","Fusion Hammer"],"picked":"Busted Crown"}],"items_purged_floors":[],"is_endless":false,"potions_floor_spawned":[1,6,13,16,18,22,23,25],"killed_by":"Snake Plant","ascension_level":0}}