{"host":"5mo0809oo9tcrmpl","time":1607825500,"event":{"mods":["BaseMod","Highlight Path","Minty Spire (QoL Compilation)","Relic Stats","Slay the Relics Exporter"],"gold_per_floor":[119,44,64,92,112,112,155,155,155,181,222,222,202,230,230,316,343,367,367,22,48,73,73,73,73,73,73,99,108,149,170,170,170,170],"floor_reached":33,"playtime":2433,"items_purged":["Defend_B"],"score":554,"play_id":"e7325018-74dc-4a6f-8a42-b72bc9414d46","local_time":"20201212201140","is_ascension_mode":true,"campfire_choices":[{"data":"Zap","floor":6,"key":"SMITH"},{"data":"White Noise","floor":8,"key":"SMITH"},{"floor":12,"key":"REST"},{"data":"Go for the Eyes","floor":15,"key":"SMITH"},{"data":"Static Discharge","floor":23,"key":"SMITH"},{"data":"Go for the Eyes","floor":25,"key":"SMITH"},{"data":"Sunder","floor":27,"key":"SMITH"},{"floor":32,"key":"REST"}],"circlet_count":0,"master_deck":["AscendersBane","Defend_B","Defend_B","Defend_B","Zap+1","Dualcast","Melter","Compile Driver","White Noise+1","Go for the Eyes+1","BootSequence","Sunder+1","Go for the Eyes+1","Leap","Echo Form","Glacier+1","Defragment+1","Steam Power+1","Turbo","Ball Lightning","Static Discharge+1","Rebound","Seek","Aggregate+1","Reinforced Body+1"],"relics":["Cracked Core","CeramicFish","Ornamental Fan","Matryoshka","Bottled Lightning","Astrolabe","FaceOfCleric","Gremlin Horn","Letter Opener","Mercury Hourglass","Question Card"],"acts_visited":["Exordium","TheCity"],"potions_floor_usage":[7,11,16,33],"damage_taken":[{"damage":2,"enemies":"Jaw Worm","floor":1,"turns":4},{"damage":0,"enemies":"2 Louse","floor":3,"turns":3},{"damage":2,"enemies":"Cultist","floor":4,"turns":4},{"damage":6,"enemies":"2 Fungi Beasts","floor":5,"turns":4},{"damage":14,"enemies":"Lagavulin","floor":7,"turns":10},{"damage":16,"enemies":"Exordium Thugs","floor":10,"turns":6},{"damage":15,"enemies":"3 Sentries","floor":11,"turns":6},{"damage":0,"enemies":"Looter","floor":14,"turns":3},{"damage":23,"enemies":"Hexaghost","floor":16,"turns":10},{"damage":0,"enemies":"Spheric Guardian","floor":18,"turns":2},{"damage":19,"enemies":"3 Byrds","floor":21,"turns":7},{"damage":0,"enemies":"3 Cultists","floor":22,"turns":3},{"damage":0,"enemies":"Centurion and Healer","floor":28,"turns":6},{"damage":13,"enemies":"Book of Stabbing","floor":30,"turns":4},{"damage":21,"enemies":"Snake Plant","floor":31,"turns":5},{"damage":65,"enemies":"Collector","floor":33,"turns":7}],"seed_played":"-1322494575139926294","potions_obtained":[{"floor":1,"key":"EssenceOfSteel"},{"floor":10,"key":"Energy Potion"},{"floor":11,"key":"Block Potion"},{"floor":13,"key":"PotionOfCapacity"},{"floor":16,"key":"Ancient Potion"}],"is_trial":false,"path_per_floor":["M","?","M","M","M","R","E","R","T","M","E","R","?","M","R","B",null,"M","?","$","M","M","R","$","R","T","R","M","?","E","M","R","B"],"character_chosen":"DEFECT","items_purchased":["Gremlin Horn"],"campfire_rested":2,"item_purchase_floors":[20],"current_hp_per_floor":[62,62,62,60,54,54,40,40,40,24,9,30,30,30,30,7,55,55,55,55,37,38,38,38,38,38,38,39,39,27,7,29,0,0],"gold":170,"neow_bonus":"RANDOM_COMMON_RELIC","is_daily":false,"chose_seed":false,"campfire_upgraded":6,"win_rate":0.0,"timestamp":1607825500,"path_taken":["M","?","M","M","M","R","E","R","T","M","E","R","?","?","R","BOSS","M","?","?","M","M","R","$","R","T","R","M","?","E","M","R","BOSS"],"items_purchased_type":["Relic"],"build_version":"2020-11-30","purchased_purges":1,"victory":false,"max_hp_per_floor":[71,71,71,71,71,71,71,71,71,71,71,71,71,71,71,71,71,71,71,71,72,73,73,73,73,73,73,74,74,75,76,76,76,76],"relic_stats":{"FaceOfCleric":5,"Gremlin Horn":[6,6],"counters":[16,84],"Ornamental Fan":[48],"CeramicFish":171,"Astrolabe":["Glacier","Defragment","Steam Power"],"Letter Opener":[60],"Question Card":1,"obtain_stats":[{"Matryoshka":9,"FaceOfCleric":19,"Gremlin Horn":20,"Ornamental Fan":7,"CeramicFish":0,"Astrolabe":17,"Bottled Lightning":11,"Letter Opener":26,"Cracked Core":0,"Question Card":30,"Mercury Hourglass":26},{"Matryoshka":5,"FaceOfCleric":10,"Gremlin Horn":10,"Ornamental Fan":5,"CeramicFish":0,"Astrolabe":9,"Bottled Lightning":7,"Letter Opener":12,"Cracked Core":0,"Question Card":14,"Mercury Hourglass":12},{"Matryoshka":25,"FaceOfCleric":52,"Gremlin Horn":52,"Ornamental Fan":25,"CeramicFish":0,"Astrolabe":50,"Bottled Lightning":37,"Letter Opener":62,"Cracked Core":0,"Question Card":72,"Mercury Hourglass":62}],"Mercury Hourglass":[96]},"card_choices":[{"not_picked":["Force Field","Turbo"],"picked":"Melter","floor":1},{"not_picked":["Scrape","Barrage"],"picked":"Compile Driver","floor":3},{"not_picked":["Chaos","Go for the Eyes"],"picked":"White Noise","floor":4},{"not_picked":["Compile Driver","Capacitor"],"picked":"Go for the Eyes","floor":5},{"not_picked":["Consume","Reinforced Body"],"picked":"BootSequence","floor":7},{"not_picked":["Turbo","Undo"],"picked":"Sunder","floor":10},{"not_picked":["Rebound","Chaos"],"picked":"Go for the Eyes","floor":11},{"not_picked":["Steam","Lockon"],"picked":"Leap","floor":14},{"not_picked":["Reboot","Creative AI"],"picked":"Echo Form","floor":16},{"not_picked":["Stack","Redo"],"picked":"Turbo","floor":18},{"not_picked":["Stack","Static Discharge"],"picked":"Ball Lightning","floor":21},{"not_picked":["Genetic Algorithm","Chaos"],"picked":"Static Discharge","floor":22},{"not_picked":["Doom and Gloom","Turbo+1"],"picked":"Rebound","floor":28},{"not_picked":["Force Field+1","Chill"],"picked":"Aggregate+1","floor":30},{"not_picked":["Heatsinks","Thunder Strike","Redo"],"picked":"Reinforced Body+1","floor":31}],"player_experience":1249851,"relics_obtained":[{"floor":7,"key":"Ornamental Fan"},{"floor":9,"key":"Matryoshka"},{"floor":11,"key":"Bottled Lightning"},{"floor":26,"key":"Letter Opener"},{"floor":26,"key":"Mercury Hourglass"},{"floor":30,"key":"Question Card"}],"event_choices":[{"cards_removed":["Strike_B"],"damage_healed":0,"gold_gain":0,"player_choice":"Card Removal","damage_taken":0,"max_hp_gain":0,"max_hp_loss":0,"event_name":"The Cleric","floor":2,"gold_loss":75},{"damage_healed":0,"gold_gain":0,"player_choice":"Bought 1 Potion","damage_taken":0,"max_hp_gain":0,"max_hp_loss":0,"event_name":"The Woman in Blue","floor":13,"gold_loss":0},{"damage_healed":0,"gold_gain":0,"player_choice":"Trade","damage_taken":0,"relics_obtained":["FaceOfCleric"],"max_hp_gain":0,"max_hp_loss":0,"event_name":"FaceTrader","floor":19,"gold_loss":0},{"damage_healed":0,"gold_gain":0,"player_choice":"Read","damage_taken":0,"max_hp_gain":0,"max_hp_loss":0,"event_name":"The Library","floor":29,"gold_loss":0,"cards_obtained":["Seek"]}],"is_beta":false,"boss_relics":[{"not_picked":["Pandora\u0027s Box","SacredBark"],"picked":"Astrolabe"}],"items_purged_floors":[20],"is_endless":false,"potions_floor_spawned":[1,10,11,16,18,31],"killed_by":"Collector","ascension_level":20}}