{"host":"5gc11emcm5chfr5t","time":1607888685,"event":{"mods":["2.2 Compatiblity","AchievementEnabler","BaseMod","Bestiary","Better Note","Colored Map","Colored Powertips","Downfall","Googly Eyes","Minty Spire (QoL Compilation)","Rare Cards Sparkle","Say the Spire","StSLib","The Servant 0.9.4"],"gold_per_floor":[99,99,99,199,124,124,124,158,258,258,258,198,213,225,239,239,239],"floor_reached":16,"playtime":1088,"items_purged":[],"score":96,"play_id":"1eb7d3c8-deff-4088-af09-31ac6190cdf0","local_time":"20201213144445","is_ascension_mode":false,"campfire_choices":[{"floor":1,"key":"RECALL"},{"data":"hexamod:DynamicBlow","floor":5,"key":"SMITH"},{"floor":10,"key":"REST"}],"circlet_count":0,"master_deck":["hexamod:Strike","hexamod:Strike","hexamod:Strike","hexamod:Strike","hexamod:Defend","hexamod:Defend","hexamod:Defend","hexamod:Defend","hexamod:Sear","hexamod:Float","hexamod:NightmareGuise","hexamod:DynamicBlow+1","hexamod:HeatCrush","hexamod:FourthSeal","hexamod:EtherealExpedition","hexamod:SpectersWail","hexamod:SwordOfDarkness","hexamod:FastForward","hexamod:EmpoweredFlame"],"relics":["hexamod:SpiritBrand","downfall:HeartsMalice","downfall:HeartBlessingRed","Shuriken","Omamori"],"acts_visited":["Exordium"],"potions_floor_usage":[12,16,16,16,16,16,16],"damage_taken":[{"damage":0,"enemies":"Cultist","floor":2,"turns":1},{"damage":0,"enemies":"Small Slimes","floor":3,"turns":1},{"damage":0,"enemies":"2 Louse","floor":6,"turns":1},{"damage":35,"enemies":"3 Sentries","floor":8,"turns":11},{"damage":0,"enemies":"downfall:FleeingMerchant","floor":12,"turns":4},{"damage":13,"enemies":"Exordium Thugs","floor":13,"turns":5},{"damage":6,"enemies":"2 Fungi Beasts","floor":14,"turns":3},{"damage":5,"enemies":"Large Slime","floor":15,"turns":7},{"damage":55,"enemies":"downfall:Ironclad","floor":16,"turns":9}],"seed_played":"-4721227947069627462","potions_obtained":[{"floor":8,"key":"Regen Potion"},{"floor":11,"key":"SneckoOil"},{"floor":11,"key":"DistilledChaos"},{"floor":12,"key":"EntropicBrew"},{"floor":13,"key":"Block Potion"}],"is_trial":false,"path_per_floor":["R","M","M","?","R","M","T","E","?","R","?","$","M","M","M","B"],"character_chosen":"THE_SPIRIT","items_purchased":["hexamod:SpectersWail"],"campfire_rested":1,"item_purchase_floors":[12],"current_hp_per_floor":[70,70,70,70,70,70,70,35,35,56,56,56,43,37,32,0,0],"gold":239,"neow_bonus":"THREE_ENEMY_KILL","is_daily":false,"chose_seed":false,"campfire_upgraded":1,"win_rate":0.0,"timestamp":1607888685,"path_taken":["R","M","?","?","R","M","T","E","?","R","?","$","M","?","M","BOSS"],"items_purchased_type":["Card"],"build_version":"2020-11-30","purchased_purges":0,"victory":false,"max_hp_per_floor":[70,70,70,70,70,70,70,70,70,70,70,70,70,70,70,70,70],"card_choices":[{"not_picked":["hexamod:BacktrackSmack","hexamod:InspiringFlames"],"picked":"hexamod:NightmareGuise","floor":2},{"not_picked":["hexamod:HauntingEcho","hexamod:PhantomFireball"],"picked":"hexamod:DynamicBlow","floor":3},{"not_picked":["hexamod:ThermalTransfer","hexamod:NightmareGuise"],"picked":"hexamod:HeatCrush","floor":6},{"not_picked":["hexamod:BacktrackSmack","hexamod:Haunt"],"picked":"hexamod:FourthSeal","floor":8},{"not_picked":["hexamod:GhostShield","hexamod:HauntingEcho"],"picked":"hexamod:EtherealExpedition","floor":12},{"not_picked":["hexamod:HauntingEcho","hexamod:ShieldOfDarkness"],"picked":"hexamod:SwordOfDarkness","floor":13},{"not_picked":["hexamod:SwordOfDarkness","hexamod:GhostShield"],"picked":"hexamod:FastForward","floor":14},{"not_picked":["hexamod:BurningTouch","hexamod:Firestarter"],"picked":"hexamod:EmpoweredFlame","floor":15}],"player_experience":344111,"relics_obtained":[{"floor":7,"key":"Shuriken"},{"floor":8,"key":"Omamori"}],"event_choices":[{"damage_healed":0,"gold_gain":0,"player_choice":"Got Potions","damage_taken":0,"max_hp_gain":0,"max_hp_loss":0,"event_name":"Lab","floor":11,"gold_loss":0}],"is_beta":false,"boss_relics":[],"items_purged_floors":[],"is_endless":false,"potions_floor_spawned":[8,13,14],"killed_by":"downfall:Ironclad","ascension_level":0}}