{"host":"eij2hi4lqijdd5un","time":1607889785,"event":{"mods":["BaseMod","Colored Map","Colored Powertips","Minty Spire (QoL Compilation)","Quick Restart","StSLib"],"gold_per_floor":[112,64,14,14,30,57,57,7,7,32,49,62,94,111,111,209,209,222,236,249,12,22,55,79,91,156,197,209,250,278,290,302,411,423,451,477,502,530,86,86,121,121,121,121,146,160,179,30,30,30],"floor_reached":51,"playtime":1967,"items_purged":["Injury"],"score":1166,"play_id":"1fe9befa-404e-421c-b77c-29198214d425","local_time":"20201213210305","is_ascension_mode":true,"campfire_choices":[{"data":"Bash","floor":7,"key":"SMITH"},{"data":"Inflame","floor":15,"key":"SMITH"},{"data":"Defend_R","floor":25,"key":"SMITH"},{"data":"Pommel Strike","floor":28,"key":"SMITH"},{"floor":32,"key":"REST"},{"data":"Defend_R","floor":40,"key":"SMITH"},{"data":"Feel No Pain","floor":44,"key":"SMITH"},{"data":"Whirlwind","floor":49,"key":"SMITH"}],"circlet_count":0,"master_deck":["Strike_R","Strike_R","Strike_R","Defend_R+1","Defend_R+1","Defend_R+1","Defend_R+1","Bash+1","Sword Boomerang","Pommel Strike+1","Shrug It Off+1","Whirlwind+1","Inflame+1","Power Through+1","Limit Break+1","Offering+1","Spot Weakness+1","Intimidate+1","Feel No Pain+1","Fire Breathing+1","Shrug It Off+1","Spot Weakness+1","Feel No Pain+1","Dark Embrace+1","Reaper","Infernal Blade+1","Havoc+1","True Grit+1","Sentinel+1","Warcry+1","Clumsy","Seeing Red+1","Battle Trance+1"],"relics":["Burning Blood","NeowsBlessing","Toxic Egg 2","Pen Nib","Bag of Marbles","Dead Branch","Cursed Key","Sling","MawBank","Orichalcum","Frozen Egg 2","Strawberry","Philosopher\u0027s Stone","Strange Spoon","Bag of Preparation","Eternal Feather","Meat on the Bone","Pear","War Paint"],"acts_visited":["Exordium","TheCity","TheBeyond"],"potions_floor_usage":[13,23,27,27,29,30,37],"damage_taken":[{"damage":0,"enemies":"Jaw Worm","floor":1,"turns":1},{"damage":0,"enemies":"Cultist","floor":5,"turns":1},{"damage":0,"enemies":"3 Sentries","floor":6,"turns":1},{"damage":19,"enemies":"Lagavulin","floor":10,"turns":7},{"damage":0,"enemies":"Small Slimes","floor":11,"turns":2},{"damage":8,"enemies":"Exordium Wildlife","floor":12,"turns":7},{"damage":24,"enemies":"Gremlin Nob","floor":13,"turns":3},{"damage":2,"enemies":"Looter","floor":14,"turns":3},{"damage":14,"enemies":"The Guardian","floor":16,"turns":10},{"damage":6,"enemies":"Shell Parasite","floor":18,"turns":2},{"damage":7,"enemies":"Chosen","floor":19,"turns":3},{"damage":10,"enemies":"Snake Plant","floor":20,"turns":3},{"damage":6,"enemies":"Centurion and Healer","floor":22,"turns":1},{"damage":11,"enemies":"Book of Stabbing","floor":23,"turns":3},{"damage":17,"enemies":"Sentry and Sphere","floor":24,"turns":4},{"damage":14,"enemies":"Slavers","floor":27,"turns":4},{"damage":1,"enemies":"Book of Stabbing","floor":29,"turns":3},{"damage":18,"enemies":"Shelled Parasite and Fungi","floor":30,"turns":3},{"damage":33,"enemies":"Collector","floor":33,"turns":6},{"damage":12,"enemies":"Orb Walker","floor":35,"turns":4},{"damage":20,"enemies":"3 Shapes","floor":36,"turns":1},{"damage":30,"enemies":"Sphere and 2 Shapes","floor":37,"turns":6},{"damage":6,"enemies":"Transient","floor":38,"turns":5},{"damage":9,"enemies":"Nemesis","floor":41,"turns":1},{"damage":6,"enemies":"Giant Head","floor":45,"turns":5},{"damage":47,"enemies":"Maw","floor":46,"turns":17},{"damage":0,"enemies":"Jaw Worm Horde","floor":47,"turns":2},{"damage":30,"enemies":"Donu and Deca","floor":50,"turns":6}],"seed_played":"-3467506971979647148","potions_obtained":[{"floor":5,"key":"GamblersBrew"},{"floor":10,"key":"LiquidBronze"},{"floor":13,"key":"Ancient Potion"},{"floor":23,"key":"Swift Potion"},{"floor":27,"key":"ColorlessPotion"},{"floor":29,"key":"LiquidMemories"},{"floor":33,"key":"SpeedPotion"},{"floor":35,"key":"AttackPotion"},{"floor":38,"key":"Weak Potion"},{"floor":42,"key":"FairyPotion"},{"floor":42,"key":"Swift Potion"},{"floor":47,"key":"DistilledChaos"}],"is_trial":false,"path_per_floor":["M","$","?","?","M","E","R","$","T","E","M","M","E","M","R","B",null,"M","M","M","$","M","E","M","R","T","E","R","E","M","?","R","B",null,"M","M","M","M","$","R","E","?","T","R","E","M","M","$","R","B",null],"character_chosen":"IRONCLAD","items_purchased":["PowerPotion","Shrug It Off+1","Sling","Fire Breathing","Sentinel+1","Strange Spoon","Bag of Preparation","War Paint"],"campfire_rested":1,"item_purchase_floors":[2,8,21,21,39,39,39,48],"current_hp_per_floor":[78,78,78,78,80,80,80,80,80,67,73,71,53,57,57,49,72,72,71,67,67,67,62,51,51,51,43,43,55,43,43,69,42,76,87,73,49,87,87,87,84,84,84,87,97,82,88,88,97,73],"gold":30,"neow_bonus":"THREE_ENEMY_KILL","is_daily":false,"chose_seed":false,"campfire_upgraded":7,"win_rate":0.0,"timestamp":1607889785,"path_taken":["M","$","?","?","?","E","R","$","T","E","M","M","E","M","R","BOSS","M","M","M","$","M","E","M","R","T","E","R","E","M","?","R","BOSS","M","?","M","?","$","R","E","?","T","R","E","M","?","$","R","BOSS"],"items_purchased_type":["Potion","Card","Relic","Card","Card","Relic","Relic","Relic"],"build_version":"2020-11-30","purchased_purges":1,"victory":true,"max_hp_per_floor":[80,80,80,80,80,80,80,80,80,80,80,80,80,80,80,80,80,80,80,80,80,80,80,80,80,80,80,80,87,87,87,87,87,87,87,87,87,87,87,87,87,87,87,87,97,97,97,97,97,97],"card_choices":[{"not_picked":["Headbutt","Armaments"],"picked":"Sword Boomerang","floor":1},{"not_picked":["Body Slam","Flex"],"picked":"Pommel Strike","floor":5},{"not_picked":["Sentinel+1","Sword Boomerang","Seeing Red+1"],"picked":"SKIP","floor":6},{"not_picked":["Anger","Clothesline"],"picked":"Whirlwind","floor":10},{"not_picked":["Sword Boomerang","Hemokinesis"],"picked":"Inflame","floor":11},{"not_picked":["Flex+1","Bloodletting+1"],"picked":"Power Through+1","floor":12},{"not_picked":["Thunderclap","Iron Wave"],"picked":"Limit Break+1","floor":13},{"not_picked":["Wild Strike","Sever Soul","Body Slam"],"picked":"SKIP","floor":14},{"not_picked":["Double Tap+1","Brutality"],"picked":"Offering+1","floor":16},{"not_picked":["Searing Blow","Bloodletting+1"],"picked":"Spot Weakness+1","floor":18},{"not_picked":["Hemokinesis","True Grit+1"],"picked":"Intimidate+1","floor":19},{"not_picked":["Second Wind+1","Twin Strike"],"picked":"Feel No Pain","floor":20},{"not_picked":["Cleave+1","Twin Strike"],"picked":"Shrug It Off+1","floor":22},{"not_picked":["Bloodletting+1","Clothesline"],"picked":"Spot Weakness+1","floor":23},{"not_picked":["Metallicize","Anger+1","Pommel Strike"],"picked":"SKIP","floor":24},{"not_picked":["True Grit+1","Sword Boomerang"],"picked":"Feel No Pain+1","floor":27},{"not_picked":["Cleave","Thunderclap"],"picked":"Dark Embrace+1","floor":29},{"not_picked":["Entrench+1","Clash","Pommel Strike"],"picked":"SKIP","floor":30},{"not_picked":["Immolate","Feed"],"picked":"Reaper","floor":33},{"not_picked":["Warcry+1","Inflame+1"],"picked":"Infernal Blade+1","floor":35},{"not_picked":["Shrug It Off+1","Pommel Strike","Metallicize+1"],"picked":"SKIP","floor":36},{"not_picked":["Uppercut+1","Rampage+1"],"picked":"Havoc+1","floor":37},{"not_picked":["Cleave","Heavy Blade"],"picked":"True Grit+1","floor":38},{"not_picked":["Hemokinesis","Rampage"],"picked":"Warcry+1","floor":41},{"not_picked":["Pummel","Intimidate+1"],"picked":"Seeing Red+1","floor":45},{"not_picked":["True Grit+1","Hemokinesis"],"picked":"Battle Trance+1","floor":46},{"not_picked":["Pommel Strike+1","Power Through+1","Immolate"],"picked":"SKIP","floor":47}],"player_experience":507136,"relics_obtained":[{"floor":6,"key":"Toxic Egg 2"},{"floor":9,"key":"Pen Nib"},{"floor":10,"key":"Bag of Marbles"},{"floor":13,"key":"Dead Branch"},{"floor":23,"key":"MawBank"},{"floor":26,"key":"Orichalcum"},{"floor":27,"key":"Frozen Egg 2"},{"floor":29,"key":"Strawberry"},{"floor":41,"key":"Eternal Feather"},{"floor":43,"key":"Meat on the Bone"},{"floor":45,"key":"Pear"}],"event_choices":[{"cards_removed":["Strike_R"],"damage_healed":0,"gold_gain":0,"player_choice":"Card Removal","damage_taken":0,"max_hp_gain":0,"max_hp_loss":0,"event_name":"The Cleric","floor":3,"gold_loss":50},{"cards_removed":["Strike_R"],"damage_healed":0,"gold_gain":0,"player_choice":"Offered Basic","damage_taken":0,"max_hp_gain":0,"max_hp_loss":0,"event_name":"Bonfire Elementals","floor":4,"gold_loss":0},{"damage_healed":0,"gold_gain":0,"player_choice":"Forge","damage_taken":0,"max_hp_gain":0,"max_hp_loss":0,"event_name":"Accursed Blacksmith","floor":31,"gold_loss":0,"cards_upgraded":["Fire Breathing"]},{"damage_healed":0,"gold_gain":0,"player_choice":"Got Potions","damage_taken":0,"max_hp_gain":0,"max_hp_loss":0,"event_name":"Lab","floor":42,"gold_loss":0}],"is_beta":false,"boss_relics":[{"not_picked":["Sozu","Calling Bell"],"picked":"Cursed Key"},{"not_picked":["Coffee Dripper","Velvet Choker"],"picked":"Philosopher\u0027s Stone"}],"items_purged_floors":[39],"is_endless":false,"potions_floor_spawned":[5,10,13,19,22,23,27,29,33,35,38,41,47],"ascension_level":6}}