{"host":"9ndbo4kgsfoemf7y","time":1607848093,"event":{"mods":["AchievementEnabler","BaseMod","Colored Map","DeckTracker","Keyboard Shortcuts","Minty Spire (QoL Compilation)","Permanent Neow","Quick Restart","Relic Stats","StSLib","SuperFastMode"],"gold_per_floor":[117,132,132,132,57,57,89,89,89,89,115,129,142,48,48,48,48],"floor_reached":16,"playtime":335,"items_purged":["Strike_G"],"score":194,"play_id":"c4b4cacd-6529-44bc-b4a7-10b92d26de6c","local_time":"20201213172813","is_ascension_mode":true,"campfire_choices":[{"floor":6.0,"key":"REST"},{"floor":8.0,"key":"REST"},{"data":"After Image","floor":10.0,"key":"SMITH"},{"floor":15,"key":"REST"}],"circlet_count":0,"master_deck":["AscendersBane","Strike_G","Strike_G","Strike_G","Defend_G","Defend_G","Defend_G","Defend_G","Defend_G","Survivor","Neutralize","Acrobatics","Terror","Footwork","Deadly Poison","After Image+1","Footwork","Deep Breath"],"relics":["Ring of the Snake","Akabeko","Incense Burner","Mummified Hand","Nunchaku"],"acts_visited":["Exordium"],"potions_floor_usage":[],"damage_taken":[{"damage":0.0,"enemies":"Small Slimes","floor":1.0,"turns":5.0},{"damage":6.0,"enemies":"2 Louse","floor":2.0,"turns":3.0},{"damage":13.0,"enemies":"Lagavulin","floor":7.0,"turns":9.0},{"damage":30.0,"enemies":"Gremlin Nob","floor":11.0,"turns":5.0},{"damage":0,"enemies":"Cultist","floor":12,"turns":3},{"damage":0,"enemies":"Looter","floor":13,"turns":3},{"damage":35,"enemies":"Slime Boss","floor":16,"turns":3}],"seed_played":"-7479239282076314821","potions_obtained":[{"floor":1.0,"key":"EntropicBrew"},{"floor":12,"key":"ColorlessPotion"}],"is_trial":false,"path_per_floor":["M","M","?","?","$","R","E","R","T","R","E","M","M","$","R","B"],"character_chosen":"THE_SILENT","items_purchased":["Deep Breath"],"campfire_rested":3,"item_purchase_floors":[14],"current_hp_per_floor":[59,53,18,18,18,37,24,43,43,43,13,13,13,13,32,0,0],"gold":48,"neow_bonus":"TRANSFORM_CARD","is_daily":false,"chose_seed":false,"campfire_upgraded":1,"win_rate":0.0,"timestamp":1607848093,"path_taken":["M","M","?","?","$","R","E","R","T","R","E","M","M","$","R","BOSS"],"items_purchased_type":["Card"],"build_version":"2020-11-30","purchased_purges":1,"victory":false,"max_hp_per_floor":[66,66,66,66,66,66,66,66,66,66,66,66,66,66,66,66,66],"relic_stats":{"Nunchaku":[1],"counters":[7,31],"Mummified Hand":[8],"obtain_stats":[{"Nunchaku":11,"Mummified Hand":9,"Incense Burner":7,"Akabeko":3,"Ring of the Snake":0},{"Nunchaku":4,"Mummified Hand":3,"Incense Burner":3,"Akabeko":2,"Ring of the Snake":0},{"Nunchaku":22,"Mummified Hand":17,"Incense Burner":17,"Akabeko":8,"Ring of the Snake":0}],"Ring of the Snake":[14]},"card_choices":[{"not_picked":["Acrobatics","Sucker Punch"],"picked":"Terror","floor":1.0},{"not_picked":["Slice","Expertise"],"picked":"Footwork","floor":2.0},{"not_picked":["Cloak And Dagger","Dagger Spray"],"picked":"After Image","floor":7.0},{"not_picked":["Setup","PiercingWail","Terror"],"picked":"SKIP","floor":11.0},{"not_picked":["Deflect","Sucker Punch","Outmaneuver"],"picked":"SKIP","floor":12},{"not_picked":["Slice","Leg Sweep"],"picked":"Footwork","floor":13}],"player_experience":676630,"relics_obtained":[{"floor":7.0,"key":"Incense Burner"},{"floor":9.0,"key":"Mummified Hand"},{"floor":11.0,"key":"Nunchaku"}],"event_choices":[{"damage_healed":0.0,"max_hp_gain":0.0,"max_hp_loss":0.0,"gold_gain":0.0,"event_name":"Scrap Ooze","player_choice":"Success","floor":3.0,"gold_loss":0.0,"damage_taken":35.0,"relics_obtained":["Akabeko"]},{"damage_healed":0.0,"max_hp_gain":0.0,"max_hp_loss":0.0,"gold_gain":0.0,"event_name":"Match and Keep!","player_choice":"1 cards matched","floor":4.0,"gold_loss":0.0,"damage_taken":0.0,"cards_obtained":["Deadly Poison"]}],"is_beta":false,"boss_relics":[],"items_purged_floors":[5],"is_endless":false,"potions_floor_spawned":[1,2,12,13],"killed_by":"Slime Boss","ascension_level":16}}