{"host":"ow9msrs9p2ctkx99","time":1607858229,"event":{"mods":["AchievementEnabler","BaseMod","Colored Map","Colored Powertips","Minty Spire (QoL Compilation)","Permanent Neow","Quick Restart","SuperFastMode"],"gold_per_floor":[15,15,26,45,61,61,393,393,393,428,448,448,458,471,471,574,574,586,586,434,434,447,447,82,97,121,133,167,167,192,202,202,202,202],"floor_reached":33,"playtime":894,"items_purged":["Strike_B","Strike_B"],"score":488,"play_id":"a204cd9f-5911-4cd4-be0c-0b61a7fbde9a","local_time":"20201213121709","is_ascension_mode":true,"campfire_choices":[{"data":"Chaos","floor":6.0,"key":"SMITH"},{"data":"1","floor":12.0,"key":"LIFT"},{"data":"2","floor":15.0,"key":"LIFT"},{"data":"3","floor":23.0,"key":"LIFT"},{"floor":32,"key":"REST"}],"circlet_count":0,"master_deck":["AscendersBane","Defend_B","Defend_B","Defend_B","Defend_B","Zap","Dualcast+1","Glacier","Ball Lightning","Chaos+1","Cold Snap","BootSequence","Auto Shields","Machine Learning","Coolheaded","Capacitor","Biased Cognition","Sweeping Beam","FTL","Ghostly","Ghostly","Ghostly","Ghostly","Ghostly","Compile Driver","Turbo","FTL","Apotheosis","Doom and Gloom+1","Electrodynamics","Writhe"],"relics":["Cracked Core","Old Coin","TungstenRod","Girya","Sozu","Happy Flower","Dream Catcher","Thread and Needle"],"acts_visited":["Exordium","TheCity"],"potions_floor_usage":[],"damage_taken":[{"damage":0.0,"enemies":"Cultist","floor":1.0,"turns":4.0},{"damage":0.0,"enemies":"Small Slimes","floor":3.0,"turns":3.0},{"damage":0.0,"enemies":"2 Louse","floor":4.0,"turns":2.0},{"damage":8.0,"enemies":"Blue Slaver","floor":5.0,"turns":3.0},{"damage":6.0,"enemies":"Gremlin Nob","floor":7.0,"turns":4.0},{"damage":21.0,"enemies":"3 Sentries","floor":10.0,"turns":11.0},{"damage":12.0,"enemies":"Exordium Thugs","floor":11.0,"turns":6.0},{"damage":0.0,"enemies":"Looter","floor":13.0,"turns":3.0},{"damage":0.0,"enemies":"3 Louse","floor":14.0,"turns":4.0},{"damage":27.0,"enemies":"Slime Boss","floor":16.0,"turns":10.0},{"damage":0.0,"enemies":"Shell Parasite","floor":18.0,"turns":5.0},{"damage":0.0,"enemies":"Spheric Guardian","floor":22.0,"turns":4.0},{"damage":3.0,"enemies":"Shelled Parasite and Fungi","floor":25.0,"turns":6.0},{"damage":0.0,"enemies":"Centurion and Healer","floor":27.0,"turns":6.0},{"damage":13.0,"enemies":"Slavers","floor":28.0,"turns":6.0},{"damage":13,"enemies":"Book of Stabbing","floor":30,"turns":5},{"damage":0,"enemies":"Sentry and Sphere","floor":31,"turns":4},{"damage":22,"enemies":"Champ","floor":33,"turns":11}],"seed_played":"-9042323889302294426","potions_obtained":[{"floor":3.0,"key":"DistilledChaos"},{"floor":4.0,"key":"SkillPotion"},{"floor":11.0,"key":"FairyPotion"}],"is_trial":false,"path_per_floor":["M","$","M","M","M","R","E","?","T","E","M","R","M","M","R","B",null,"M","?","$","?","M","R","$","M","T","M","E","?","E","M","R","B"],"character_chosen":"DEFECT","items_purchased":["FTL","Turbo","FTL","Apotheosis"],"campfire_rested":1,"item_purchase_floors":[20,24,24,24],"current_hp_per_floor":[68,68,68,68,60,60,54,54,54,33,21,21,21,21,21,19,61,61,61,61,37,37,37,37,34,34,34,21,21,8,8,19,0,0],"gold":202,"neow_bonus":"TRANSFORM_TWO_CARDS","is_daily":false,"chose_seed":false,"campfire_upgraded":1,"win_rate":0.0,"timestamp":1607858229,"path_taken":["M","?","?","M","M","R","E","?","T","E","M","R","M","M","R","BOSS","M","?","$","?","?","R","$","M","T","M","E","?","E","M","R","BOSS"],"items_purchased_type":["Card","Card","Card","Card"],"build_version":"2020-11-30","purchased_purges":2,"victory":false,"max_hp_per_floor":[75,75,75,75,75,75,75,75,75,75,75,75,75,75,75,75,75,75,75,75,37,37,37,37,37,37,37,37,37,37,37,37,37,37],"card_choices":[{"not_picked":["Sweeping Beam","Steam"],"picked":"Chaos","floor":1.0},{"not_picked":["Steam Power","Lockon"],"picked":"Cold Snap","floor":3.0},{"not_picked":["Blizzard","Redo"],"picked":"BootSequence","floor":4.0},{"not_picked":["Stack","Steam"],"picked":"Auto Shields","floor":5.0},{"not_picked":["Steam","Steam Power"],"picked":"Machine Learning","floor":7.0},{"not_picked":["Scrape","Stack"],"picked":"Coolheaded","floor":10.0},{"not_picked":["Stack","Gash","Recycle"],"picked":"SKIP","floor":11.0},{"not_picked":["Aggregate","Beam Cell"],"picked":"Capacitor","floor":13.0},{"not_picked":["Cold Snap","Hello World","Storm"],"picked":"SKIP","floor":14.0},{"not_picked":["Electrodynamics","Meteor Strike"],"picked":"Biased Cognition","floor":16.0},{"not_picked":["Rip and Tear+1","Ball Lightning"],"picked":"Sweeping Beam","floor":18.0},{"not_picked":["Gash","Redo"],"picked":"Compile Driver","floor":22.0},{"not_picked":["Barrage","Ball Lightning+1"],"picked":"Doom and Gloom+1","floor":25.0},{"not_picked":["Auto Shields","Stack","Go for the Eyes"],"picked":"SKIP","floor":27.0},{"not_picked":["Leap+1","Barrage"],"picked":"Electrodynamics","floor":28.0},{"not_picked":["Ball Lightning","Loop","Turbo"],"picked":"SKIP","floor":30},{"not_picked":["Gash","Storm+1","Scrape+1"],"picked":"SKIP","floor":31}],"player_experience":1007037,"relics_obtained":[{"floor":7.0,"key":"Old Coin"},{"floor":9.0,"key":"TungstenRod"},{"floor":10.0,"key":"Girya"},{"floor":28.0,"key":"Happy Flower"},{"floor":30,"key":"Thread and Needle"}],"event_choices":[{"damage_healed":0.0,"max_hp_gain":0.0,"max_hp_loss":0.0,"gold_gain":0.0,"event_name":"Living Wall","player_choice":"Grow","floor":8.0,"gold_loss":0.0,"damage_taken":0.0,"cards_upgraded":["Dualcast"]},{"damage_healed":0.0,"max_hp_gain":0.0,"max_hp_loss":0.0,"gold_gain":0.0,"event_name":"Vampires","player_choice":"Ignored","floor":19.0,"gold_loss":0.0,"damage_taken":0.0},{"damage_healed":0.0,"max_hp_gain":0.0,"max_hp_loss":38.0,"gold_gain":0.0,"event_name":"Ghosts","player_choice":"Became a Ghost","floor":21.0,"gold_loss":0.0,"damage_taken":0.0,"cards_obtained":["Ghostly","Ghostly","Ghostly","Ghostly","Ghostly"]},{"damage_healed":0.0,"max_hp_gain":0.0,"max_hp_loss":0.0,"gold_gain":0.0,"event_name":"The Mausoleum","player_choice":"Opened","floor":29.0,"gold_loss":0.0,"damage_taken":0.0,"relics_obtained":["Dream Catcher"],"cards_obtained":["Writhe"]}],"is_beta":false,"boss_relics":[{"not_picked":["Runic Dome","Busted Crown"],"picked":"Sozu"}],"items_purged_floors":[20,24],"is_endless":false,"potions_floor_spawned":[3,4,5,11,13,14,27,28,31],"killed_by":"Champ","ascension_level":11}}