{"host":"htqwg582tjjtn9p7","time":1607849607,"event":{"mods":["2.2 Compatiblity","AchievementEnabler","Act Like it!","Aspiration","BaseMod","Better Third Choice","Colored Map","Conspire","Curses Come First","Displayed Cursed Tome","Energized Spire","Force Act Four","GifTheSpireLib","Hermit","Highlight Path","JesterMod","Mad Scientist","Minty Spire (QoL Compilation)","Pale of the Ancients","Permanent Neow","Random Character Button","Relic Stats","Replay The Spire","Robot Space Explorer","Somnambulant","Spicy Shops","Spikes Relics","StSLib","Stuff the Spire","The Blue Laboratory","The Disciple","The Dragon Tamer","The Forsaken","The Gatherer","The Judge","The Jungle","The Runesmith","The Servant 0.9.4"],"gold_per_floor":[117,117,129,148,97,97,125,145,195,209,209,226,226,253,253,327,327,337,406,406,406],"floor_reached":20,"playtime":630,"items_purged":[],"score":326,"play_id":"cb0c85b6-739e-4d4f-bdf0-2ee1bdbb13d1","local_time":"20201213095327","is_ascension_mode":true,"campfire_choices":[{"data":"Bash","floor":6,"key":"SMITH"},{"floor":11,"key":"REST"},{"floor":15,"key":"REST"}],"circlet_count":0,"master_deck":["AscendersBane","Strike_R","Strike_R","Strike_R","Strike_R","Strike_R","Defend_R","Defend_R","Defend_R","Defend_R","Bash+1","Rampage","Perfected Strike","Shrug It Off","Rampage","Shrug It Off","Battle Trance","StuffTheSpire:Slingshot","Pommel Strike","Feed","Cleave","Armaments"],"relics":["conspire:RoyalGoblet","Boot","PreservedInsect","SsserpentHead","theForsaken:Gavel","Runic Pyramid"],"acts_visited":["Exordium","Exordium"],"potions_floor_usage":[7,16,18],"damage_taken":[{"damage":10,"enemies":"Small Slimes","floor":1,"turns":4},{"damage":4,"enemies":"2 Louse","floor":3,"turns":2},{"damage":6,"enemies":"Cultist","floor":4,"turns":3},{"damage":33,"enemies":"Gremlin Nob","floor":7,"turns":5},{"damage":0,"enemies":"Large Slime","floor":8,"turns":4},{"damage":13,"enemies":"Lots of Slimes","floor":10,"turns":6},{"damage":2,"enemies":"Looter","floor":12,"turns":3},{"damage":24,"enemies":"Lagavulin","floor":14,"turns":7},{"damage":20,"enemies":"Slime Boss","floor":16,"turns":11},{"damage":19,"enemies":"theJungle:GiantWrat","floor":18,"turns":4},{"damage":14,"enemies":"theJungle:Flameango_and_Byrd","floor":19,"turns":6},{"damage":38,"enemies":"theJungle:JungleHuntersEncounter","floor":20,"turns":3}],"seed_played":"-4499553137023723194","potions_obtained":[{"floor":1,"key":"blueLaboratory:AbyssPotion"},{"floor":8,"key":"SteroidPotion"},{"floor":10,"key":"blueLaboratory:BottleOfVodka"},{"floor":18,"key":"blueLaboratory:AbyssPotion"}],"is_trial":false,"path_per_floor":["M","?","M","M","$","R","E","M","T","M","R","M","?","E","R","B",null,"M","M","M"],"character_chosen":"IRONCLAD","items_purchased":["Adrenaline Potion"],"campfire_rested":2,"item_purchase_floors":[5],"current_hp_per_floor":[58,75,71,65,65,65,32,32,32,19,41,39,39,15,37,17,61,42,31,0,0],"gold":406,"neow_bonus":"BOSS_RELIC","is_daily":false,"chose_seed":false,"campfire_upgraded":1,"win_rate":0.0,"timestamp":1607849607,"path_taken":["M","?","M","M","$","R","E","M","T","M","R","M","?","E","R","BOSS","M","?","M"],"items_purchased_type":["Potion"],"build_version":"2020-11-30","purchased_purges":0,"victory":false,"max_hp_per_floor":[75,75,75,75,75,75,75,75,75,75,75,75,75,75,75,75,75,75,78,78,78],"relic_stats":{"SsserpentHead":50,"counters":[12,58],"PreservedInsect":29,"Boot":[12],"obtain_stats":[{"SsserpentHead":13,"conspire:RoyalGoblet":0,"PreservedInsect":9,"Boot":7,"theForsaken:Gavel":14,"Burning Blood":0,"Runic Pyramid":17},{"SsserpentHead":7,"conspire:RoyalGoblet":0,"PreservedInsect":5,"Boot":4,"theForsaken:Gavel":8,"Burning Blood":0,"Runic Pyramid":9},{"SsserpentHead":27,"conspire:RoyalGoblet":0,"PreservedInsect":18,"Boot":14,"theForsaken:Gavel":34,"Burning Blood":0,"Runic Pyramid":45}]},"card_choices":[{"not_picked":["Pommel Strike","Seeing Red"],"picked":"Rampage","floor":1},{"not_picked":["Searing Blow","Bloodletting"],"picked":"Perfected Strike","floor":3},{"not_picked":["StuffTheSpire:Incineration","StuffTheSpire:BloodClot"],"picked":"Shrug It Off","floor":4},{"not_picked":["Replay:Undeath\u0027s Touch","Pommel Strike"],"picked":"Rampage","floor":7},{"not_picked":["Armaments","Thunderclap"],"picked":"Shrug It Off","floor":8},{"not_picked":["True Grit","Replay:Undeath\u0027s Touch"],"picked":"Battle Trance","floor":10},{"not_picked":["StuffTheSpire:Incineration","BarbarianYell"],"picked":"StuffTheSpire:Slingshot","floor":12},{"not_picked":["Clothesline","Cleave"],"picked":"Pommel Strike","floor":14},{"not_picked":["StuffTheSpire:TitanForm","conspire:HitWhereItHurts"],"picked":"Feed","floor":16},{"not_picked":["Massacre","Perfected Strike"],"picked":"Cleave","floor":18},{"not_picked":["StuffTheSpire:Incineration","Sword Boomerang+1"],"picked":"Armaments","floor":19}],"player_experience":1661766,"relics_obtained":[{"floor":7,"key":"Boot"},{"floor":9,"key":"PreservedInsect"},{"floor":14,"key":"theForsaken:Gavel"}],"event_choices":[{"damage_healed":25,"gold_gain":0,"player_choice":"Banana","damage_taken":0,"max_hp_gain":0,"max_hp_loss":0,"event_name":"Big Fish","floor":2,"gold_loss":0},{"damage_healed":0,"gold_gain":0,"player_choice":"Trade","damage_taken":0,"relics_obtained":["SsserpentHead"],"max_hp_gain":0,"max_hp_loss":0,"event_name":"FaceTrader","floor":13,"gold_loss":0}],"is_beta":false,"boss_relics":[{"not_picked":["energizedSpire:TabascoSauce","conspire:SlowCooker"],"picked":"Runic Pyramid"}],"items_purged_floors":[],"is_endless":false,"potions_floor_spawned":[1,8,10,18],"killed_by":"theJungle:JungleHuntersEncounter","ascension_level":15}}