{"host":"17xjy7b7ubl548g2","time":1607834467,"event":{"mods":["2.2 Compatiblity","Act Like it!","Aspiration","Astrologer","Bard","BaseMod","Bestiary","Challenge The Spire","ChefMod","Colored Map","Conspire","Elementarium","Energized Spire","GifTheSpireLib","Halation","Hallownest","Hermit","Hubris","Infinite Spire","Jedi Mod","Jorbs\u0027s Wanderer Trilogy","Marisa（霧雨　魔理沙）","Marked Mod","Minty Spire (QoL Compilation)","Pale of the Ancients","Permanent Neow","Puzzle Mod","Replay The Spire","Robot Space Explorer","Spicy Shops","StSLib","Stuff the Spire","The Blue Laboratory","The Bug Knight","The Construct","The Disciple","The Hayseed","The Hierophant","The Runesmith","The Sage"],"gold_per_floor":[119,129,140,140,154,182,182,267,267,267,287,287,301,336,336,407,407,407,407,407,8,8,8,8,8,8,8,8,8,8,8,8,8,8,8,8,8,8,8,8,8,8,8,8,8,8,8,8,8,8],"floor_reached":51,"playtime":7686,"items_purged":["Pride","Strike_R"],"score":1499,"play_id":"1563ee7a-0b92-49f5-9b23-14b8421e3c0c","local_time":"20201212234107","is_ascension_mode":true,"campfire_choices":[{"data":"Uppercut","floor":7,"key":"SMITH"},{"data":"Wild Strike","floor":10,"key":"SMITH"},{"data":"Cleave","floor":12,"key":"SMITH"},{"data":"Fire Breathing","floor":15,"key":"SMITH"},{"floor":24,"key":"REST"},{"data":"Good Instincts","floor":27,"key":"SMITH"},{"data":"conspire:ExplosiveBarrier","floor":28,"key":"SMITH"},{"data":"Elementarium:GildedStrike","floor":32,"key":"SMITH"},{"data":"Bloodletting","floor":40,"key":"SMITH"},{"data":"infinitespire:Gouge","floor":42,"key":"SMITH"},{"data":"Sword Boomerang","floor":46,"key":"SMITH"},{"data":"Power Through","floor":49,"key":"SMITH"}],"circlet_count":0,"master_deck":["AscendersBane","Strike_R","Strike_R","Strike_R","Strike_R","Defend_R+1","Defend_R+1","Defend_R+1","Defend_R+1","Bash+1","Good Instincts+1","Anger","Ghostly Armor","Wild Strike+1","Uppercut+1","conspire:ExplosiveBarrier+1","Cleave+1","Fire Breathing+1","Offering+1","Armaments+1","Evolve+1","Heavy Blade+1","Barricade+1","Shrug It Off","Elementarium:GildedStrike+1","True Grit+1","Impervious+1","CurseOfTheBell","Bloodletting+1","Sword Boomerang+1","infinitespire:Gouge+1","Poisoned Strike+1","The Bomb+1","Headbutt","Clothesline+1","ReplayTheSpireMod:Stacked","Power Through+1"],"relics":["Burning Blood","Lizard Tail","hubris:MobiusCoin","halation:SelfBoilingWater","Golden Egg","Ectoplasm","StuffTheSpire:HeavyRock","jedi:heavyjacket","BargainBundle","Paper Frog","halation:Convergence","jedi:arcanewood","hubris:ChampionShield","Potion Belt","Replay:Wax Seal","Elementarium:ElementariumTrophy","Calling Bell","aspiration:ChemicalBlood","aspiration:FrozenJewel","Bird Faced Urn","jedi:leech","infinitespire:PuzzleCube","Art of War","Replay:Bottled Eggs"],"acts_visited":["Exordium","Exordium","TheBeyond"],"potions_floor_usage":[6,8,14,16,19,23,31,33,41,45,48,48,50,50,50],"damage_taken":[{"damage":0,"enemies":"Small Slimes","floor":1,"turns":3},{"damage":2,"enemies":"2 Louse","floor":2,"turns":3},{"damage":1,"enemies":"conspire:RoseBush","floor":3,"turns":3},{"damage":10,"enemies":"Gremlin Gang","floor":5,"turns":5},{"damage":15,"enemies":"Gremlin Nob","floor":6,"turns":4},{"damage":17,"enemies":"Lagavulin","floor":8,"turns":5},{"damage":6,"enemies":"Looter","floor":11,"turns":2},{"damage":9,"enemies":"Blue Slaver","floor":13,"turns":3},{"damage":11,"enemies":"Gremlin Nob","floor":14,"turns":3},{"damage":0,"enemies":"Slime Boss","floor":16,"turns":5},{"damage":15,"enemies":"Elementarium:MUD_AND_TAR_GOLEMS","floor":18,"turns":3},{"damage":38,"enemies":"conspire:MimicChest","floor":19,"turns":5},{"damage":0,"enemies":"Elementarium:2_ELEMENTALS","floor":22,"turns":3},{"damage":14,"enemies":"Elementarium:FIRE_NOBILITY","floor":23,"turns":6},{"damage":8,"enemies":"Elementarium:ElementalPortal","floor":25,"turns":6},{"damage":6,"enemies":"Elementarium:Hydrostalker","floor":29,"turns":6},{"damage":18,"enemies":"Elementarium:FIRE_NOBILITY","floor":31,"turns":8},{"damage":28,"enemies":"Elementarium:GolemEmperor","floor":33,"turns":11},{"damage":0,"enemies":"3 Shapes","floor":35,"turns":6},{"damage":9,"enemies":"Orb Walker","floor":36,"turns":4},{"damage":0,"enemies":"4 Shapes","floor":41,"turns":3},{"damage":6,"enemies":"Maw","floor":44,"turns":6},{"damage":5,"enemies":"Nemesis","floor":45,"turns":5},{"damage":15,"enemies":"Spire Growth","floor":47,"turns":4},{"damage":5,"enemies":"Giant Head","floor":48,"turns":8},{"damage":16,"enemies":"infinitespire:MassOfShapes","floor":50,"turns":9}],"seed_played":"-2090531616365034567","potions_obtained":[{"floor":2,"key":"FearPotion"},{"floor":6,"key":"BlessingOfTheForge"},{"floor":11,"key":"blueLaboratory:BubblePotion"},{"floor":13,"key":"blueLaboratory:NullPotion"},{"floor":16,"key":"blueLaboratory:EnragingPotion"},{"floor":18,"key":"jedi:mysterypotion"},{"floor":25,"key":"blueLaboratory:NullPotion"},{"floor":31,"key":"AttackPotion"},{"floor":35,"key":"SteroidPotion"},{"floor":44,"key":"blueLaboratory:PyrophylliteBrew"},{"floor":48,"key":"Cursed Concoction"}],"is_trial":false,"path_per_floor":["M","M","M","?","M","E","R","E","T","R","M","R","M","E","R","B",null,"M","?","?","$","M","E","R","E","T","R","R","M","?","E","R","B",null,"M","M","?","AVR","?","R","M","R","T","M","E","R","M","E","R","B",null],"character_chosen":"IRONCLAD","items_purchased":["BargainBundle","Dexterity Potion","Armaments","Evolve","Heavy Blade","Paper Frog","halation:Convergence"],"campfire_rested":1,"item_purchase_floors":[21,21,21,21,21,21,21],"current_hp_per_floor":[74,75,75,75,71,62,62,51,51,51,51,51,48,43,43,49,69,60,28,28,28,34,26,48,46,46,46,46,46,46,34,34,12,59,71,74,56,56,52,52,58,58,58,64,69,69,64,71,71,69],"gold":8,"neow_bonus":"RANDOM_COLORLESS","is_daily":false,"chose_seed":false,"campfire_upgraded":11,"win_rate":0.0,"timestamp":1607834467,"path_taken":["M","M","M","?","M","E","R","E","T","R","M","R","M","E","R","BOSS","M","?","?","$","M","E","R","E","T","?","R","?","?","E","R","BOSS","M","M","?","AVR","?","R","M","R","T","M","E","R","M","E","R","BOSS"],"items_purchased_type":["Relic","Potion","Card","Card","Card","Relic","Relic"],"build_version":"2020-11-30","purchased_purges":2,"victory":true,"max_hp_per_floor":[75,75,75,75,75,75,75,75,75,75,75,75,75,75,75,75,75,75,75,75,75,75,75,75,75,75,75,75,75,75,75,75,75,75,75,75,75,75,75,75,75,75,75,75,75,75,75,75,75,77],"card_choices":[{"not_picked":["Enlightenment","Bandage Up"],"picked":"Good Instincts","floor":0},{"not_picked":["jedi:collectorstrike","Flex","StuffTheSpire:RockThrow"],"picked":"SKIP","floor":1},{"not_picked":["Wild Strike","Clash"],"picked":"Anger","floor":2},{"not_picked":["Sever Soul","Heavy Blade"],"picked":"Ghostly Armor","floor":3},{"not_picked":["Rupture","Life Link"],"picked":"Wild Strike","floor":5},{"not_picked":["jedi:suffering","Dropkick"],"picked":"Uppercut","floor":6},{"not_picked":["Thunderclap","StuffTheSpire:Resist"],"picked":"conspire:ExplosiveBarrier","floor":8},{"not_picked":["Perfected Strike","Clothesline"],"picked":"Cleave","floor":11},{"not_picked":["Twin Strike","Double Tap"],"picked":"Fire Breathing","floor":13},{"not_picked":["StuffTheSpire:Incineration","Havoc"],"picked":"Twin Strike","floor":14},{"not_picked":["Fiend Fire","Exhume"],"picked":"Offering","floor":16},{"not_picked":["Perfected Strike+1","Warcry","Havoc"],"picked":"SKIP","floor":18},{"not_picked":["jedi:bloodyhammer","Run Through","Heavy Blade"],"picked":"SKIP","floor":22},{"not_picked":["jedi:bloodyhammer","Run Through","Heavy Blade"],"picked":"SKIP","floor":22},{"not_picked":["Sword Boomerang","Warcry"],"picked":"Barricade","floor":23},{"not_picked":["ReplayTheSpireMod:Limb From Limb","Perfected Strike+1"],"picked":"Shrug It Off","floor":25},{"not_picked":["Rampage","Wild Strike","StuffTheSpire:RockThrow"],"picked":"SKIP","floor":29},{"not_picked":["Entrench","Perfected Strike"],"picked":"True Grit+1","floor":31},{"not_picked":["Demonic Infusion","Berserk"],"picked":"Impervious","floor":33},{"not_picked":["Clothesline","Havoc"],"picked":"Bloodletting","floor":35},{"not_picked":["ReplayTheSpireMod:Limb From Limb","Rage"],"picked":"Sword Boomerang","floor":36},{"not_picked":["infinitespire:Oblivion","infinitespire:Execution"],"picked":"infinitespire:Gouge","floor":37},{"not_picked":["ReplayTheSpireMod:Private Reserves","hubris:Ssssneak"],"picked":"Poisoned Strike","floor":39},{"not_picked":["Trip","Transmutation"],"picked":"The Bomb","floor":39},{"not_picked":["StuffTheSpire:Incineration+1","Perfected Strike"],"picked":"Headbutt","floor":41},{"not_picked":["jedi:controlledanger","Sword Boomerang"],"picked":"Clothesline+1","floor":44},{"not_picked":["Shrug It Off","Replay:Undeath\u0027s Touch"],"picked":"ReplayTheSpireMod:Stacked","floor":45},{"not_picked":["hubris:SharpeningStone","Replay:Undeath\u0027s Touch+1","Twin Strike+1"],"picked":"SKIP","floor":47},{"not_picked":["jedi:fear","Flex"],"picked":"Power Through","floor":48}],"player_experience":1520878,"relics_obtained":[{"floor":6,"key":"Lizard Tail"},{"floor":8,"key":"hubris:MobiusCoin"},{"floor":9,"key":"halation:SelfBoilingWater"},{"floor":14,"key":"Golden Egg"},{"floor":19,"key":"StuffTheSpire:HeavyRock"},{"floor":23,"key":"jedi:arcanewood"},{"floor":25,"key":"hubris:ChampionShield"},{"floor":26,"key":"Potion Belt"},{"floor":31,"key":"Replay:Wax Seal"},{"floor":34,"key":"aspiration:ChemicalBlood"},{"floor":34,"key":"aspiration:FrozenJewel"},{"floor":34,"key":"Bird Faced Urn"},{"floor":43,"key":"infinitespire:PuzzleCube"},{"floor":45,"key":"Art of War"},{"floor":48,"key":"Replay:Bottled Eggs"}],"event_choices":[{"damage_healed":0,"gold_gain":0,"player_choice":"Grow","damage_taken":0,"max_hp_gain":0,"max_hp_loss":0,"event_name":"Living Wall","floor":4,"gold_loss":0,"cards_upgraded":["Bash"]},{"cards_removed":["Twin Strike"],"damage_healed":0,"gold_gain":0,"player_choice":"Tear free","damage_taken":0,"max_hp_gain":0,"max_hp_loss":0,"event_name":"Elementarium:GoldenStatues","floor":30,"gold_loss":0,"cards_obtained":["Elementarium:GildedStrike"]},{"damage_healed":0,"gold_gain":0,"player_choice":"Memory 2","damage_taken":5,"max_hp_gain":0,"max_hp_loss":0,"event_name":"SensoryStone","floor":39,"gold_loss":0}],"is_beta":false,"boss_relics":[{"not_picked":["infinitespire:Burning Sword","halation:Prosthetics"],"picked":"Ectoplasm"},{"not_picked":["Tiny House","Philosopher\u0027s Stone"],"picked":"Calling Bell"}],"items_purged_floors":[21,38],"is_endless":false,"potions_floor_spawned":[2,6,11,13,16,18,25,31,35,44,48],"ascension_level":14}}