{"host":"rtq35k3rt1qs984b","time":1607884967,"event":{"mods":["2.2 Compatiblity","AchievementEnabler","Act Like it!","BaseMod","Better Note","BetterRewards","Card Forge","Colored Map","Colored Powertips","Friendly Minions","GifTheSpireLib","Highlight Path","Infinite Spire","Minty Spire (QoL Compilation)","Permanent Neow","Rare Cards Sparkle","StSLib","SuperFastMode"],"gold_per_floor":[110,110,125,138,138,138,172,172,172,172,197,207,56,119,119,223,223,238,238,238,153,153,153,164,190,190,190,190],"floor_reached":27,"playtime":517,"items_purged":["Strike_R"],"score":314,"play_id":"27225d1c-f80b-4ee8-8c16-8b5b93fd5248","local_time":"20201213184247","is_ascension_mode":true,"campfire_choices":[{"data":"Juggernaut","floor":6,"key":"SMITH"},{"data":"Iron Wave","floor":8,"key":"SMITH"},{"data":"Iron Wave","floor":10,"key":"SMITH"},{"floor":15,"key":"REST"},{"data":"Berserk","floor":23,"key":"SMITH"}],"circlet_count":0,"master_deck":["Strike_R+1","Strike_R+1","Strike_R+1","Strike_R+1","Defend_R+1","Defend_R+1","Defend_R+1","Defend_R+1","Bash","Iron Wave","Feel No Pain","Juggernaut+1","Iron Wave+1","Iron Wave+1","Cleave","Shrug It Off","Seeing Red","Twin Strike","Berserk+1","Thunderclap+1","CurseOfTheBell","Havoc+1","Clash"],"relics":["infinitespire:DarkRift","Hammer of Thor","Seething Fire","Anvil of the Gods","Bronze Scales","infinitespire:Cubic Diamond","Shuriken","infinitespire:FocusingShard","Vajra","Unceasing Top","Philosopher\u0027s Stone","Letter Opener","Calling Bell","Smiling Mask","infinitespire:Eraser","Champion Belt","Gremlin Horn","Toxic Egg 2","Blue Candle"],"acts_visited":["Exordium","TheCity"],"potions_floor_usage":[16,16,16],"damage_taken":[{"damage":17,"enemies":"2 Louse","floor":1,"turns":3},{"damage":13,"enemies":"Jaw Worm","floor":3,"turns":4},{"damage":1,"enemies":"Cultist","floor":4,"turns":4},{"damage":10,"enemies":"Lagavulin","floor":7,"turns":5},{"damage":0,"enemies":"Gremlin Nob","floor":11,"turns":2},{"damage":0,"enemies":"Large Slime","floor":12,"turns":6},{"damage":21,"enemies":"3 Sentries","floor":14,"turns":5},{"damage":26,"enemies":"Hexaghost","floor":16,"turns":7},{"damage":67,"enemies":"2 Thieves","floor":18,"turns":3},{"damage":14,"enemies":"Chosen","floor":24,"turns":3},{"damage":20,"enemies":"Gremlin Leader","floor":25,"turns":5},{"damage":5,"enemies":"Snecko","floor":27,"turns":2}],"seed_played":"-1538372609189188349","potions_obtained":[{"floor":4,"key":"BlessingOfTheForge"},{"floor":7,"key":"Fire Potion"},{"floor":12,"key":"LiquidMemories"}],"is_trial":false,"path_per_floor":["M","?","M","M","?","R","E","R","T","R","E","M","$","?","R","B",null,"M","?","AVR","?","?","R","M","E","T","M"],"character_chosen":"IRONCLAD","items_purchased":["Seeing Red"],"campfire_rested":1,"item_purchase_floors":[13],"current_hp_per_floor":[69,69,62,67,67,67,57,57,57,57,57,57,57,36,60,34,80,13,39,39,39,39,39,25,5,5,0,0],"gold":190,"neow_bonus":"THREE_CARDS","is_daily":false,"chose_seed":true,"campfire_upgraded":4,"win_rate":0.0,"timestamp":1607884967,"path_taken":["M","?","M","M","?","R","E","R","T","R","E","M","$","?","R","BOSS","M","?","AVR","?","?","R","?","E","T","M"],"items_purchased_type":["Card"],"build_version":"2020-11-30","purchased_purges":1,"victory":false,"max_hp_per_floor":[80,80,80,80,80,80,80,80,80,80,80,80,80,80,80,80,80,80,80,80,80,80,80,80,80,80,80,80],"card_choices":[{"not_picked":["Body Slam","Wild Strike"],"picked":"Iron Wave","floor":0},{"not_picked":["Body Slam","Clash"],"picked":"Feel No Pain","floor":1},{"not_picked":["Whirlwind","Perfected Strike"],"picked":"Juggernaut","floor":3},{"not_picked":["Anger","Flex"],"picked":"Iron Wave","floor":4},{"not_picked":["Thunderclap","Inflame"],"picked":"Iron Wave","floor":7},{"not_picked":["Immolate","Clash"],"picked":"Cleave","floor":11},{"not_picked":["Perfected Strike","Rage"],"picked":"Shrug It Off","floor":12},{"not_picked":["Iron Wave","Burning Pact"],"picked":"Twin Strike","floor":14},{"not_picked":["Immolate","Fiend Fire"],"picked":"Berserk","floor":16},{"not_picked":["Anger","Wild Strike"],"picked":"Thunderclap+1","floor":18},{"not_picked":["Wild Strike+1","Cleave"],"picked":"Havoc+1","floor":24},{"not_picked":["Reckless Charge","Dark Embrace"],"picked":"Clash","floor":25}],"player_experience":101778,"relics_obtained":[{"floor":2,"key":"Bronze Scales"},{"floor":7,"key":"Shuriken"},{"floor":9,"key":"infinitespire:FocusingShard"},{"floor":11,"key":"Vajra"},{"floor":14,"key":"Unceasing Top"},{"floor":20,"key":"Smiling Mask"},{"floor":20,"key":"infinitespire:Eraser"},{"floor":20,"key":"Champion Belt"},{"floor":25,"key":"Toxic Egg 2"},{"floor":26,"key":"Blue Candle"}],"event_choices":[{"damage_healed":0,"gold_gain":0,"player_choice":"Searched \u00272\u0027 times","damage_taken":0,"max_hp_gain":0,"max_hp_loss":0,"event_name":"Dead Adventurer","floor":14,"gold_loss":0},{"damage_healed":26,"gold_gain":0,"player_choice":"Heal","damage_taken":0,"max_hp_gain":0,"max_hp_loss":0,"event_name":"The Library","floor":19,"gold_loss":0},{"damage_healed":0,"gold_gain":0,"player_choice":"Obtained Relic","damage_taken":0,"relics_obtained":["Gremlin Horn"],"max_hp_gain":0,"max_hp_loss":0,"event_name":"Addict","floor":21,"gold_loss":85},{"damage_healed":0,"gold_gain":0,"player_choice":"Simplicity","damage_taken":0,"max_hp_gain":0,"max_hp_loss":0,"event_name":"Back to Basics","floor":22,"gold_loss":0,"cards_upgraded":["Strike_R","Strike_R","Strike_R","Strike_R","Defend_R","Defend_R","Defend_R","Defend_R"]}],"is_beta":false,"boss_relics":[{"not_picked":["infinitespire:Cupcake","Coffee Dripper"],"picked":"Philosopher\u0027s Stone"}],"items_purged_floors":[13],"is_endless":false,"potions_floor_spawned":[4,7,12,14],"killed_by":"Snecko","ascension_level":4}}