{"host":"ow9msrs9p2ctkx99","time":1607841488,"event":{"mods":["AchievementEnabler","BaseMod","Colored Map","Colored Powertips","Minty Spire (QoL Compilation)","Permanent Neow","Quick Restart","SuperFastMode"],"gold_per_floor":[362,32,32,45,45,73,73,87,87,87,106,163,163,175,175,278,278,297,316,2,14,30,30,47,81,163,163,209,209,209,221,221,319,319,337,353,372,419,30,30,30,30,30,46,63,63,63,78,78,78,78,78,7,40,40,40],"floor_reached":55,"playtime":1238,"items_purged":["Gash"],"score":1009,"play_id":"be72f44c-84dc-406a-af97-ef2b9daad840","local_time":"20201213073808","is_ascension_mode":true,"campfire_choices":[{"data":"Defragment","floor":7.0,"key":"SMITH"},{"data":"Redo","floor":10.0,"key":"SMITH"},{"floor":15.0,"key":"REST"},{"floor":23.0,"key":"REST"},{"floor":27.0,"key":"REST"},{"data":"Buffer","floor":30.0,"key":"SMITH"},{"data":"Multi-Cast","floor":32.0,"key":"SMITH"},{"floor":40.0,"key":"RECALL"},{"floor":42.0,"key":"REST"},{"data":"Defragment","floor":46.0,"key":"SMITH"},{"floor":49.0,"key":"REST"},{"data":"Secret Weapon","floor":52.0,"key":"SMITH"}],"circlet_count":0,"master_deck":["AscendersBane","Defend_B","Defend_B","Defend_B","Defend_B","Dualcast","Darkness+1","Melter","Defragment+1","Redo+1","Steam","Lockon","Sweeping Beam","Buffer+1","Rebound+1","Stack+1","Core Surge+1","Ball Lightning","Dark Shackles","Streamline","Coolheaded","Multi-Cast+1","Reboot","Heatsinks","Defragment+1","Seek","Conserve Battery+1","Hologram","Turbo+1","Chaos+1","Defragment+1","Secret Weapon+1","Doubt","Redo+1","Compile Driver+1","Finesse","Jack Of All Trades","Finesse","Compile Driver+1","Loop","Doom and Gloom+1"],"relics":["Cracked Core","OrangePellets","Vajra","Meat on the Bone","Shuriken","Astrolabe","Happy Flower","Symbiotic Virus","Blue Candle","Pen Nib","Cursed Key","Ginger","Chemical X","Molten Egg 2","Art of War"],"acts_visited":["Exordium","TheCity","TheBeyond","TheEnding"],"potions_floor_usage":[],"damage_taken":[{"damage":13.0,"enemies":"Jaw Worm","floor":1.0,"turns":4.0},{"damage":1.0,"enemies":"Cultist","floor":4.0,"turns":4.0},{"damage":21.0,"enemies":"Gremlin Nob","floor":6.0,"turns":4.0},{"damage":0.0,"enemies":"2 Louse","floor":8.0,"turns":2.0},{"damage":21.0,"enemies":"Gremlin Gang","floor":11.0,"turns":4.0},{"damage":8.0,"enemies":"Gremlin Nob","floor":12.0,"turns":3.0},{"damage":8.0,"enemies":"Red Slaver","floor":14.0,"turns":2.0},{"damage":47.0,"enemies":"Hexaghost","floor":16.0,"turns":8.0},{"damage":22.0,"enemies":"2 Thieves","floor":18.0,"turns":3.0},{"damage":1.0,"enemies":"Spheric Guardian","floor":19.0,"turns":3.0},{"damage":4.0,"enemies":"Snecko","floor":21.0,"turns":5.0},{"damage":7.0,"enemies":"Cultist and Chosen","floor":22.0,"turns":6.0},{"damage":18.0,"enemies":"Centurion and Healer","floor":24.0,"turns":6.0},{"damage":42.0,"enemies":"Book of Stabbing","floor":25.0,"turns":4.0},{"damage":13.0,"enemies":"Snake Plant","floor":31.0,"turns":3.0},{"damage":13.0,"enemies":"Automaton","floor":33.0,"turns":8.0},{"damage":2.0,"enemies":"3 Shapes","floor":35.0,"turns":3.0},{"damage":17.0,"enemies":"3 Darklings","floor":36.0,"turns":7.0},{"damage":5.0,"enemies":"Transient","floor":37.0,"turns":5.0},{"damage":23.0,"enemies":"2 Orb Walkers","floor":38.0,"turns":4.0},{"damage":1.0,"enemies":"Maw","floor":44.0,"turns":5.0},{"damage":3.0,"enemies":"Sphere and 2 Shapes","floor":45.0,"turns":3.0},{"damage":12.0,"enemies":"Spire Growth","floor":48.0,"turns":4.0},{"damage":33.0,"enemies":"Donu and Deca","floor":50.0,"turns":5.0},{"damage":61,"enemies":"Shield and Spear","floor":54,"turns":5},{"damage":31,"enemies":"The Heart","floor":55,"turns":2}],"seed_played":"3206111393322629273","potions_obtained":[{"floor":1.0,"key":"Ancient Potion"},{"floor":6.0,"key":"FairyPotion"},{"floor":11.0,"key":"Weak Potion"},{"floor":18.0,"key":"SteroidPotion"},{"floor":21.0,"key":"PowerPotion"},{"floor":33.0,"key":"Energy Potion"},{"floor":35.0,"key":"FearPotion"},{"floor":36.0,"key":"DistilledChaos"},{"floor":48.0,"key":"FearPotion"}],"is_trial":false,"path_per_floor":["M","$","?","M","?","E","R","M","T","R","M","?","?","M","R","B",null,"M","M","$","M","M","R","M","E","T","R","T","?","R","M","R","B",null,"M","M","M","?","$","R","?","R","T","M","M","R","?","M","R","B",null,"R","$","E","B"],"character_chosen":"DEFECT","items_purchased":["OrangePellets","Vajra","Gash","Happy Flower","Dark Shackles","Defragment","Secret Weapon","Chemical X","Loop"],"campfire_rested":5,"item_purchase_floors":[2,2,2,20,20,39,39,39,53],"current_hp_per_floor":[37,37,37,36,36,15,15,27,27,27,18,22,22,26,48,13,60,38,49,49,45,38,60,42,34,34,56,56,56,56,43,43,42,67,65,48,43,32,32,32,32,54,54,53,50,50,40,40,62,41,67,67,67,18,0,0],"gold":40,"neow_bonus":"TWO_FIFTY_GOLD","is_daily":false,"chose_seed":false,"campfire_upgraded":6,"win_rate":0.0,"timestamp":1607841488,"path_taken":["M","$","?","?","?","E","R","?","T","R","?","?","?","M","R","BOSS","M","?","$","M","M","R","M","E","T","R","?","?","R","M","R","BOSS","M","?","M","?","$","R","?","R","T","M","M","R","?","M","R","BOSS","R","$","E","BOSS"],"items_purchased_type":["Relic","Relic","Card","Relic","Card","Card","Card","Relic","Card"],"build_version":"2020-11-30","purchased_purges":1,"victory":false,"max_hp_per_floor":[75,75,75,75,75,75,75,75,75,75,75,75,75,75,75,75,75,75,75,75,75,75,75,75,75,75,75,75,75,75,75,75,75,75,75,75,75,75,75,75,75,75,75,75,75,75,75,75,75,75,75,75,75,75,75,75],"card_choices":[{"not_picked":["Rebound","Cold Snap"],"picked":"Darkness","floor":1.0},{"not_picked":["Conserve Battery","Leap"],"picked":"Melter","floor":4.0},{"not_picked":["Sweeping Beam","Aggregate"],"picked":"Defragment","floor":6.0},{"not_picked":["Static Discharge","Rip and Tear"],"picked":"Redo","floor":8.0},{"not_picked":["Leap","Stack"],"picked":"Barrage","floor":11.0},{"not_picked":["Stack","Streamline"],"picked":"Steam","floor":12.0},{"not_picked":["Hyperbeam","Turbo"],"picked":"Sweeping Beam","floor":14.0},{"not_picked":["Electrodynamics","Core Surge"],"picked":"Buffer","floor":16.0},{"not_picked":["Gash","Blizzard+1"],"picked":"Ball Lightning","floor":18.0},{"not_picked":["Stack","Sweeping Beam"],"picked":"Turbo","floor":19.0},{"not_picked":["Turbo","Barrage"],"picked":"Streamline","floor":21.0},{"not_picked":["Stack","Lockon"],"picked":"Coolheaded","floor":22.0},{"not_picked":["Defragment","Barrage+1"],"picked":"Multi-Cast","floor":24.0},{"not_picked":["Gash","Rip and Tear"],"picked":"Reboot","floor":25.0},{"not_picked":["Sweeping Beam","Reinforced Body"],"picked":"Defragment+1","floor":31.0},{"not_picked":["Amplify","Multi-Cast"],"picked":"Seek","floor":33.0},{"not_picked":["Doom and Gloom","Loop"],"picked":"Conserve Battery+1","floor":35.0},{"not_picked":["Chaos","Loop"],"picked":"Hologram","floor":36.0},{"not_picked":["Conserve Battery","Coolheaded"],"picked":"Turbo+1","floor":37.0},{"not_picked":["Turbo+1","Redo"],"picked":"Chaos+1","floor":38.0},{"not_picked":["Self Repair+1","Sunder+1"],"picked":"Redo+1","floor":44.0},{"not_picked":["Conserve Battery","Turbo+1"],"picked":"Compile Driver+1","floor":45.0},{"not_picked":["Transmutation","Good Instincts"],"picked":"Finesse","floor":47.0},{"not_picked":["Forethought","Dark Shackles"],"picked":"Jack Of All Trades","floor":47.0},{"not_picked":["Dark Shackles","Chrysalis"],"picked":"Finesse","floor":47.0},{"not_picked":["Stack+1","Redo+1"],"picked":"Compile Driver+1","floor":48.0},{"not_picked":["Heatsinks","Compile Driver+1"],"picked":"Doom and Gloom+1","floor":54}],"player_experience":992927,"relics_obtained":[{"floor":6.0,"key":"Meat on the Bone"},{"floor":25.0,"key":"Symbiotic Virus"},{"floor":26.0,"key":"Blue Candle"},{"floor":28.0,"key":"Pen Nib"},{"floor":38.0,"key":"Ginger"},{"floor":43.0,"key":"Molten Egg 2"},{"floor":54,"key":"Art of War"}],"event_choices":[{"cards_removed":["Strike_B"],"damage_healed":0.0,"max_hp_gain":0.0,"max_hp_loss":0.0,"gold_gain":0.0,"event_name":"Purifier","player_choice":"Purged","floor":3.0,"gold_loss":0.0,"damage_taken":0.0},{"damage_healed":0.0,"max_hp_gain":0.0,"max_hp_loss":0.0,"gold_gain":0.0,"event_name":"Upgrade Shrine","player_choice":"Upgraded","floor":5.0,"gold_loss":0.0,"damage_taken":0.0,"cards_upgraded":["Darkness"]},{"damage_healed":0.0,"max_hp_gain":0.0,"max_hp_loss":0.0,"gold_gain":0.0,"event_name":"Dead Adventurer","player_choice":"Searched \u00273\u0027 times","floor":12.0,"gold_loss":0.0,"damage_taken":0.0,"relics_obtained":["Shuriken"]},{"damage_healed":0.0,"max_hp_gain":0.0,"max_hp_loss":0.0,"gold_gain":0.0,"cards_transformed":["Strike_B"],"event_name":"Transmorgrifier","player_choice":"Transformed","floor":13.0,"gold_loss":0.0,"damage_taken":0.0,"cards_obtained":["Lockon"]},{"damage_healed":0.0,"max_hp_gain":0.0,"max_hp_loss":0.0,"gold_gain":0.0,"cards_transformed":["Barrage"],"event_name":"Transmorgrifier","player_choice":"Transformed","floor":29.0,"gold_loss":0.0,"damage_taken":0.0,"cards_obtained":["Heatsinks"]},{"damage_healed":0.0,"max_hp_gain":0.0,"max_hp_loss":0.0,"gold_gain":0.0,"event_name":"Mysterious Sphere","player_choice":"Fight","floor":38.0,"gold_loss":0.0,"damage_taken":0.0},{"cards_removed":["Turbo"],"damage_healed":0.0,"max_hp_gain":0.0,"max_hp_loss":0.0,"gold_gain":0.0,"event_name":"Falling","player_choice":"Removed Skill","floor":41.0,"gold_loss":0.0,"damage_taken":0.0},{"damage_healed":0.0,"max_hp_gain":0.0,"max_hp_loss":0.0,"gold_gain":0.0,"event_name":"SensoryStone","player_choice":"Memory 3","floor":47.0,"gold_loss":0.0,"damage_taken":10.0}],"is_beta":false,"boss_relics":[{"not_picked":["SacredBark","Philosopher\u0027s Stone"],"picked":"Astrolabe"},{"not_picked":["Busted Crown","Runic Dome"],"picked":"Cursed Key"}],"items_purged_floors":[20],"is_endless":false,"potions_floor_spawned":[1,6,11,18,21,33,35,36,48],"killed_by":"The Heart","ascension_level":10}}