{"host":"wuk1ltmmka824l9y","time":1607830877,"event":{"mods":["AchievementEnabler","BaseMod","Custom Start","DeckTracker","Minty Spire (QoL Compilation)","Quick Restart","StSLib","SuperFastMode"],"gold_per_floor":[117,117,117,117,130,130,156,172,172,47,60,60,60],"floor_reached":12,"playtime":313,"items_purged":["Defend_R"],"score":137,"play_id":"58a0b227-28a7-4ed9-8427-d2ad62835ee3","local_time":"20201213124117","is_ascension_mode":true,"campfire_choices":[{"data":"Dark Embrace","floor":6,"key":"SMITH"}],"circlet_count":0,"master_deck":["AscendersBane","Strike_R+1","Strike_R","Strike_R","Strike_R","Defend_R","Defend_R","Defend_R+1","Bash+1","Pommel Strike","Dark Embrace+1","Shrug It Off","Sentinel","True Grit"],"relics":["Burning Blood","Gambling Chip","Torii"],"acts_visited":["Exordium"],"potions_floor_usage":[7],"damage_taken":[{"damage":6,"enemies":"Cultist","floor":1,"turns":3},{"damage":6,"enemies":"2 Louse","floor":5,"turns":3},{"damage":24,"enemies":"Lagavulin","floor":7,"turns":5},{"damage":6,"enemies":"Small Slimes","floor":8,"turns":4},{"damage":7,"enemies":"Red Slaver","floor":11,"turns":3},{"damage":31,"enemies":"3 Sentries","floor":12,"turns":6}],"seed_played":"5578359858377774853","potions_obtained":[{"floor":1,"key":"AttackPotion"}],"is_trial":false,"path_per_floor":["M","?","?","?","M","R","E","M","T","$","M","E"],"character_chosen":"IRONCLAD","items_purchased":["True Grit"],"campfire_rested":0,"item_purchase_floors":[10],"current_hp_per_floor":[68,68,45,50,50,50,32,32,32,32,31,0,0],"gold":60,"neow_bonus":"UPGRADE_CARD","is_daily":false,"chose_seed":false,"campfire_upgraded":1,"win_rate":0.0,"timestamp":1607830877,"path_taken":["M","?","?","?","M","R","E","M","T","?","M","E"],"items_purchased_type":["Card"],"build_version":"2020-11-30","purchased_purges":1,"victory":false,"max_hp_per_floor":[75,75,75,80,80,80,80,80,80,80,80,80,80],"card_choices":[{"not_picked":["Burning Pact","Sword Boomerang"],"picked":"Pommel Strike","floor":1},{"not_picked":["Warcry","Heavy Blade"],"picked":"Dark Embrace","floor":5},{"not_picked":["Ghostly Armor","Hemokinesis"],"picked":"Shrug It Off","floor":7},{"not_picked":["Second Wind","Perfected Strike"],"picked":"Sentinel","floor":8},{"not_picked":["Perfected Strike","Cleave","Clash"],"picked":"SKIP","floor":11}],"player_experience":313810,"relics_obtained":[{"floor":7,"key":"Gambling Chip"},{"floor":9,"key":"Torii"}],"event_choices":[{"cards_removed":["Strike_R"],"damage_healed":0,"gold_gain":0,"player_choice":"Forget","damage_taken":0,"max_hp_gain":0,"max_hp_loss":0,"event_name":"Living Wall","floor":2,"gold_loss":0},{"damage_healed":0,"gold_gain":0,"player_choice":"Entered Light","damage_taken":23,"max_hp_gain":0,"max_hp_loss":0,"event_name":"Shining Light","floor":3,"gold_loss":0,"cards_upgraded":["Strike_R","Defend_R"]},{"damage_healed":0,"gold_gain":0,"player_choice":"Donut","damage_taken":0,"max_hp_gain":5,"max_hp_loss":0,"event_name":"Big Fish","floor":4,"gold_loss":0}],"is_beta":false,"boss_relics":[],"items_purged_floors":[10],"is_endless":false,"potions_floor_spawned":[1],"killed_by":"3 Sentries","ascension_level":15}}