{"host":"tj57avznel0uzvp6","time":1607902236,"event":{"mods":["BaseMod","Downfall","Glutton Mod","Minty Spire (QoL Compilation)","Remove Card Discount Mod","Replay The Spire","StSLib"],"gold_per_floor":[119,119,119,133,208,208,208,14,83,99,99,99,99,113,113,215,215,182,182],"floor_reached":18,"playtime":919,"items_purged":[],"score":175,"play_id":"7879edc5-8fe5-4bd2-9527-d24a251cf707","local_time":"20201213163036","daily_mods":["Colorless Cards","Time Dilation","Flight"],"is_ascension_mode":false,"campfire_choices":[{"data":"Echo Form","floor":6,"key":"SMITH"},{"data":"Slimebound:DuplicatedForm","floor":7,"key":"SMITH"},{"data":"Replay:SS_hec_2","floor":12,"key":"SMITH"},{"data":"Glutton:StarvationMode","floor":13,"key":"SMITH"},{"floor":15,"key":"REST"}],"circlet_count":0,"master_deck":["Demon Form","Wraith Form v2","Echo Form+1","DevaForm","Glutton:StarvationMode+1","Guardian:ConstructionForm","hexamod:ParanormalForm","Slimebound:DuplicatedForm+1","champ:Strike","champ:Strike","champ:Strike","champ:Strike","champ:Defend","champ:Defend","champ:Defend","champ:Defend","champ:Execute","champ:Taunt","Replay:SS_hec_2+1","champ:BladeFlurry","champ:StanceDance","champ:PerfectedStrike","champ:TornadoPunch","champ:CrookedStrike","champ:ShieldThrow","Pain","Overencumbered","Looming Evil","champ:GutPunch"],"relics":["champ:ChampionCrown","replay:Trail_Library","Lee\u0027s Waffle","Snack Pack","Bird Faced Urn","Replay:Ancient Bell","Replay:Wax Seal","Pear","Turnip"],"acts_visited":["Exordium","TheCity"],"potions_floor_usage":[16],"damage_taken":[{"damage":40,"enemies":"Small Slimes","floor":1,"turns":5},{"damage":11,"enemies":"Cultist","floor":4,"turns":5},{"damage":36,"enemies":"Jaw Worm","floor":10,"turns":7},{"damage":38,"enemies":"Exordium Wildlife","floor":14,"turns":6},{"damage":36,"enemies":"Slime Boss","floor":16,"turns":7},{"damage":36,"enemies":"2 Thieves","floor":18,"turns":5}],"seed_played":"7343116914953300995","potions_obtained":[{"floor":1,"key":"PowerPotion"},{"floor":4,"key":"Toxic Potion"},{"floor":10,"key":"Doom Potion"}],"is_trial":true,"path_per_floor":["M","?","$","M","?","R","R","$","T","M","T","R","R","M","R","B",null,"M"],"character_chosen":"THE_CHAMP","items_purchased":["Lee\u0027s Waffle","champ:StanceDance"],"campfire_rested":1,"item_purchase_floors":[8,8],"current_hp_per_floor":[76,100,100,94,83,83,83,107,107,107,107,107,107,95,107,95,117,81,81],"gold":182,"neow_bonus":"","is_daily":false,"chose_seed":false,"campfire_upgraded":4,"win_rate":0.0,"timestamp":1607902236,"path_taken":["M","?","$","?","?","R","R","$","T","M","?","R","R","M","R","BOSS","M"],"items_purchased_type":["Relic","Card"],"build_version":"2020-11-30","purchased_purges":0,"victory":false,"max_hp_per_floor":[90,100,100,100,100,100,100,107,107,107,107,107,107,107,107,107,117,117,117],"card_choices":[{"not_picked":["Replay:Sssssssssshield","champ:PerfectedStrike"],"picked":"Replay:SS_hec_2","floor":1},{"not_picked":["champ:CrookedStrike","champ:Haymaker"],"picked":"champ:BladeFlurry","floor":4},{"not_picked":["champ:Haymaker","champ:GladiatorsShout"],"picked":"champ:PerfectedStrike","floor":10},{"not_picked":["expansioncontent:SuperHexaguard","champ:PerfectedStrike"],"picked":"champ:CrookedStrike","floor":14},{"not_picked":["expansioncontent:DashGenerateEvil","champ:ShieldSlam"],"picked":"champ:ShieldThrow","floor":16},{"not_picked":["Amnesia","ReplayTheSpireMod:Splinters"],"picked":"Pain","floor":17},{"not_picked":["ReplayTheSpireMod:Doomed","Amnesia"],"picked":"Overencumbered","floor":17},{"not_picked":["Pain","Sickly"],"picked":"Looming Evil","floor":17},{"not_picked":["Jack Of All Trades","expansioncontent:FaceSlap"],"picked":"champ:GutPunch","floor":18}],"player_experience":546193,"relics_obtained":[{"floor":9,"key":"Snack Pack"},{"floor":11,"key":"Bird Faced Urn"}],"event_choices":[{"cards_removed":["sneckomod:SerpentMind"],"damage_healed":14,"gold_gain":0,"player_choice":"Offered Rare","damage_taken":0,"max_hp_gain":10,"max_hp_loss":0,"event_name":"Bonfire Elementals","floor":2,"gold_loss":0},{"damage_healed":0,"gold_gain":75,"player_choice":"Gather Gold","damage_taken":11,"max_hp_gain":0,"max_hp_loss":0,"event_name":"World of Goop","floor":5,"gold_loss":0}],"is_beta":false,"boss_relics":[{"not_picked":["Abe\u0027s Treasure","Snecko Eye"],"picked":"Replay:Ancient Bell"},{"not_picked":["Pen Nib","Toy Ornithopter"],"picked":"Replay:Wax Seal"},{"not_picked":["Kunai","Garlic"],"picked":"Pear"},{"not_picked":["Shovel","Unceasing Top"],"picked":"Turnip"}],"items_purged_floors":[],"is_endless":true,"potions_floor_spawned":[1,4,10],"killed_by":"2 Thieves","ascension_level":0}}