{"host":"9d83omykrosjn1d3","time":1607875409,"event":{"mods":["AchievementEnabler","BaseMod","BetterRewards","Card Forge","Hubris","MarisaÅiñ∂âJÅ@ñÇóùçπÅj","Minty Spire (QoL Compilation)","Permanent Neow","Shop Mod","StSLib","SuperFastMode"],"gold_per_floor":[117,42,61,61,88,121,154,189,189,214,244,277,311,311,311,409,409,428,6,0,0,25,25,60,85,85,114,144,84,84,111,111,211,211,225,225,255,274,28,63,94,122,134,176,220,232,278,320,332,344,356,368,20,46,46],"floor_reached":56,"playtime":2691,"items_purged":["Iron Wave","Spot Weakness","Armaments","Feed+1"],"score":2020,"play_id":"fbc704f7-4883-4974-9b46-2fe391896389","local_time":"20201214010329","daily_mods":["SealedDeck","Heirloom","Flight","DeadlyEvents","Elite Swarm"],"is_ascension_mode":false,"campfire_choices":[{"data":"Rampage","floor":15,"key":"SMITH"},{"data":"Limit Break","floor":23,"key":"SMITH"},{"data":"True Grit","floor":30,"key":"SMITH"},{"data":"Body Slam","floor":32,"key":"PURGE"},{"floor":46,"key":"RECALL"},{"data":"hubris:DuctTapeCard","floor":49,"key":"SMITH"},{"data":"Shrug It Off","floor":52,"key":"SMITH"}],"circlet_count":0,"master_deck":["True Grit+1","Shrug It Off+1","Heavy Blade+1","Rampage+1","Limit Break+1","hubris:DuctTapeCard+2"],"relics":["Black Blood","Hammer of Thor","Seething Fire","Anvil of the Gods","hubris:GlazedTorus","Anchor","Self Forming Clay","White Beast Statue","Peace Pipe","Incense Burner","Paper Frog","Charon\u0027s Ashes","Bottled Flame","Mummified Hand","MerchantsRug","Shuriken","MutagenicStrength","hubris:MysteriousPyramids","TungstenRod","HornCleat","Bag of Marbles","Kunai","Ornamental Fan","Black Star","Strawberry","Matryoshka","Nunchaku","Molten Egg 2","hubris:CrystalStatue","Art of War","Blood Vial","Meat on the Bone","MawBank","Bag of Preparation","hubris:DeckOfHolding","Prayer Wheel","hubris:DuctTape","Whetstone","Ginger","hubris:Reverence","hubris:ToyBattleship","Pear","hubris:DisguiseKit","Bronze Scales","Boot","Oddly Smooth Stone","Bottled Lightning"],"acts_visited":["Exordium","TheCity","TheBeyond","TheEnding"],"potions_floor_usage":[55,55],"damage_taken":[{"damage":0,"enemies":"Small Slimes","floor":1,"turns":2},{"damage":0,"enemies":"Jaw Worm","floor":3,"turns":3},{"damage":6,"enemies":"3 Sentries","floor":6,"turns":6},{"damage":2,"enemies":"Lagavulin","floor":7,"turns":6},{"damage":0,"enemies":"3 Sentries","floor":8,"turns":5},{"damage":9,"enemies":"Gremlin Nob","floor":10,"turns":4},{"damage":3,"enemies":"Lagavulin","floor":11,"turns":6},{"damage":3,"enemies":"Gremlin Nob","floor":12,"turns":4},{"damage":0,"enemies":"Lagavulin","floor":13,"turns":6},{"damage":16,"enemies":"Slime Boss","floor":16,"turns":11},{"damage":6,"enemies":"2 Thieves","floor":18,"turns":4},{"damage":23,"enemies":"Gremlin Leader","floor":22,"turns":8},{"damage":10,"enemies":"Book of Stabbing","floor":24,"turns":5},{"damage":22,"enemies":"Gremlin Leader","floor":25,"turns":7},{"damage":12,"enemies":"Book of Stabbing","floor":27,"turns":4},{"damage":0,"enemies":"Gremlin Leader","floor":28,"turns":6},{"damage":0,"enemies":"Slavers","floor":31,"turns":5},{"damage":31,"enemies":"Collector","floor":33,"turns":6},{"damage":0,"enemies":"Orb Walker","floor":35,"turns":2},{"damage":40,"enemies":"Nemesis","floor":37,"turns":5},{"damage":5,"enemies":"3 Darklings","floor":38,"turns":5},{"damage":18,"enemies":"Giant Head","floor":40,"turns":6},{"damage":0,"enemies":"Reptomancer","floor":41,"turns":3},{"damage":1,"enemies":"Giant Head","floor":42,"turns":4},{"damage":0,"enemies":"Reptomancer","floor":44,"turns":2},{"damage":1,"enemies":"Giant Head","floor":45,"turns":4},{"damage":0,"enemies":"Reptomancer","floor":47,"turns":2},{"damage":0,"enemies":"Nemesis","floor":48,"turns":3},{"damage":0,"enemies":"Donu and Deca","floor":50,"turns":3},{"damage":14,"enemies":"Shield and Spear","floor":54,"turns":3},{"damage":12,"enemies":"The Heart","floor":55,"turns":5}],"seed_played":"-7389256297386587602","potions_obtained":[{"floor":1,"key":"Strength Potion"},{"floor":8,"key":"FearPotion"},{"floor":10,"key":"LiquidMemories"},{"floor":11,"key":"Dexterity Potion"},{"floor":16,"key":"DistilledChaos"},{"floor":22,"key":"PowerPotion"},{"floor":24,"key":"Block Potion"},{"floor":25,"key":"Block Potion"},{"floor":27,"key":"DistilledChaos"},{"floor":28,"key":"DuplicationPotion"},{"floor":31,"key":"Energy Potion"},{"floor":33,"key":"BlessingOfTheForge"},{"floor":35,"key":"FearPotion"},{"floor":40,"key":"SneckoOil"},{"floor":41,"key":"DistilledChaos"},{"floor":42,"key":"SkillPotion"},{"floor":45,"key":"EssenceOfSteel"},{"floor":54,"key":"LiquidBronze"}],"is_trial":true,"path_per_floor":["M","$","M","?","T","E","E","E","T","E","E","E","E","?","R","B",null,"M","$","?","?","E","R","E","E","T","E","E","$","R","E","R","B",null,"M","?","E","M","$","E","E","E","T","E","E","R","E","E","R","B",null,"R","$","E","B",null],"character_chosen":"IRONCLAD","items_purchased":["MerchantsRug","Shuriken","Nunchaku","Bronze Scales","DuplicationPotion","Boot"],"campfire_rested":0,"item_purchase_floors":[19,19,39,53,53,53],"current_hp_per_floor":[80,80,80,80,80,84,88,92,92,93,100,104,108,108,108,102,112,116,116,116,116,109,109,115,109,109,113,129,129,129,140,140,125,144,148,155,127,138,138,132,144,157,157,159,159,159,159,169,169,169,169,169,169,167,169],"gold":46,"neow_bonus":"","is_daily":false,"chose_seed":false,"campfire_upgraded":5,"win_rate":0.0,"timestamp":1607875409,"path_taken":["M","$","M","?","?","E","E","E","T","E","E","E","E","?","R","BOSS","M","$","?","?","?","R","E","E","T","E","E","$","R","E","R","BOSS","M","?","?","?","$","E","E","E","T","E","E","R","E","?","R","BOSS","R","$","E","BOSS"],"items_purchased_type":["Relic","Relic","Relic","Relic","Potion","Relic"],"build_version":"2020-11-30","purchased_purges":4,"victory":true,"max_hp_per_floor":[80,80,80,80,80,84,88,92,92,96,100,104,108,108,108,112,112,116,116,116,116,120,120,124,128,128,132,136,136,136,140,140,144,144,148,155,155,159,159,159,159,159,159,159,159,159,159,169,169,169,169,169,169,169,169],"card_choices":[{"not_picked":["Armaments","Sword Boomerang","Rampage"],"picked":"SKIP","floor":1},{"not_picked":["Flex","Perfected Strike"],"picked":"Feed","floor":3},{"not_picked":["Feed","Brutality","Berserk"],"picked":"SKIP","floor":6},{"not_picked":["Immolate","hubris:StunningStrike","Offering"],"picked":"SKIP","floor":7},{"not_picked":["Reaper","Impervious","Double Tap"],"picked":"SKIP","floor":8},{"not_picked":["Juggernaut","Reaper","Offering"],"picked":"SKIP","floor":10},{"not_picked":["Corruption","Fiend Fire","Exhume"],"picked":"SKIP","floor":11},{"not_picked":["Impervious","Immolate","Fiend Fire"],"picked":"SKIP","floor":12},{"not_picked":["hubris:StunningStrike","Double Tap","Exhume"],"picked":"SKIP","floor":13},{"not_picked":["Exhume","Demon Form"],"picked":"Limit Break","floor":16},{"not_picked":["Thunderclap","Sword Boomerang","Clothesline"],"picked":"SKIP","floor":18},{"not_picked":["Berserk","Bludgeon","Feed"],"picked":"SKIP","floor":22},{"not_picked":["Demon Form","Brutality","Reaper"],"picked":"SKIP","floor":24},{"not_picked":["Demon Form","Reaper","hubris:StunningStrike"],"picked":"SKIP","floor":25},{"not_picked":["Reaper","Bludgeon","Corruption"],"picked":"SKIP","floor":27},{"not_picked":["Double Tap","Limit Break","Berserk"],"picked":"SKIP","floor":28},{"not_picked":["Demon Form","Brutality","Corruption"],"picked":"SKIP","floor":31},{"not_picked":["Havoc+1","Headbutt","Blood for Blood"],"picked":"SKIP","floor":35},{"not_picked":["Havoc+1","Headbutt","Blood for Blood"],"picked":"SKIP","floor":35},{"not_picked":["Berserk","Double Tap","Bludgeon"],"picked":"SKIP","floor":37},{"not_picked":["Sword Boomerang","Wild Strike","Shockwave+1"],"picked":"SKIP","floor":38},{"not_picked":["Limit Break","Barricade","Offering"],"picked":"SKIP","floor":40},{"not_picked":["Limit Break","Bludgeon+1","Corruption"],"picked":"SKIP","floor":41},{"not_picked":["Double Tap","Bludgeon+1","Offering"],"picked":"SKIP","floor":42},{"not_picked":["Impervious","Brutality","Demon Form"],"picked":"SKIP","floor":44},{"not_picked":["Demon Form","Brutality","Impervious"],"picked":"SKIP","floor":45},{"not_picked":["Limit Break","Brutality","Reaper+1"],"picked":"SKIP","floor":47},{"not_picked":["Impervious","hubris:StunningStrike+1","Feed+1"],"picked":"SKIP","floor":48},{"not_picked":["Offering","Exhume","Berserk","LessonLearned"],"picked":"SKIP","floor":54}],"player_experience":557007,"relics_obtained":[{"floor":5,"key":"Anchor"},{"floor":6,"key":"Self Forming Clay"},{"floor":7,"key":"White Beast Statue"},{"floor":8,"key":"Peace Pipe"},{"floor":9,"key":"Incense Burner"},{"floor":10,"key":"Paper Frog"},{"floor":11,"key":"Charon\u0027s Ashes"},{"floor":12,"key":"Bottled Flame"},{"floor":13,"key":"Mummified Hand"},{"floor":22,"key":"hubris:MysteriousPyramids"},{"floor":24,"key":"TungstenRod"},{"floor":25,"key":"HornCleat"},{"floor":27,"key":"Bag of Marbles"},{"floor":28,"key":"Kunai"},{"floor":31,"key":"Ornamental Fan"},{"floor":37,"key":"Matryoshka"},{"floor":40,"key":"Molten Egg 2"},{"floor":40,"key":"hubris:CrystalStatue"},{"floor":41,"key":"Art of War"},{"floor":41,"key":"Blood Vial"},{"floor":42,"key":"Meat on the Bone"},{"floor":42,"key":"MawBank"},{"floor":43,"key":"Bag of Preparation"},{"floor":43,"key":"hubris:DeckOfHolding"},{"floor":44,"key":"Prayer Wheel"},{"floor":44,"key":"hubris:DuctTape"},{"floor":45,"key":"Whetstone"},{"floor":45,"key":"Ginger"},{"floor":47,"key":"hubris:Reverence"},{"floor":47,"key":"hubris:ToyBattleship"},{"floor":48,"key":"Pear"},{"floor":48,"key":"hubris:DisguiseKit"},{"floor":54,"key":"Oddly Smooth Stone"},{"floor":54,"key":"Bottled Lightning"}],"event_choices":[{"damage_healed":0,"gold_gain":0,"player_choice":"Ignored","damage_taken":0,"max_hp_gain":0,"max_hp_loss":0,"event_name":"Liars Game","floor":14,"gold_loss":0},{"damage_healed":0,"gold_gain":0,"player_choice":"Paid Fearfully","damage_taken":0,"max_hp_gain":0,"max_hp_loss":0,"event_name":"Masked Bandits","floor":20,"gold_loss":6},{"damage_healed":0,"gold_gain":0,"player_choice":"Inject Mutagens","damage_taken":0,"relics_obtained":["MutagenicStrength"],"max_hp_gain":0,"max_hp_loss":0,"event_name":"Drug Dealer","floor":21,"gold_loss":0},{"cards_removed":["Shrug It Off"],"damage_healed":0,"gold_gain":0,"player_choice":"Gave Card","damage_taken":0,"relics_obtained":["Strawberry"],"max_hp_gain":0,"max_hp_loss":0,"event_name":"WeMeetAgain","floor":36,"gold_loss":0}],"is_beta":false,"boss_relics":[{"not_picked":["Runic Pyramid","hubris:VirtuousBlindfold"],"picked":"Black Blood"},{"not_picked":["hubris:GrandSneckoEye","Calling Bell"],"picked":"Black Star"}],"items_purged_floors":[2,19,29,39],"is_endless":false,"potions_floor_spawned":[1,8,10,11,12,13,16,18,22,24,25,27,28,31,33,35,37,38,40,41,42,44,45,47,48,54],"ascension_level":0}}