{"host":"yk98keyoflza93y0","time":1607860422,"event":{"mods":["AchievementEnabler","BaseMod","BetterRewards","Card Forge","Colored Map","DeckTracker","Minty Spire (QoL Compilation)","Shop Mod","StSLib","SuperFastMode","The Poker Player"],"gold_per_floor":[114,125,125,725,662,662,689,415,415,448,464,480,511,272,272,375,375,395,90,107,916,934,967,980,1015,1040,1040,1055,1073,1099,1110,1110,1214,1214,1234,1247,1247,1260,1278,1303,1356,1390,1390,1390,1106,1123,1123,810,810,810,810,810,485,513,513],"floor_reached":56,"playtime":3136,"items_purged":["PokerPlayerMod:Diamond1","PokerPlayerMod:Club1","PokerPlayerMod:Spade1","PokerPlayerMod:Diamond2","PokerPlayerMod:Heart2","PokerPlayerMod:Spade2","PokerPlayerMod:Diamond3","PokerPlayerMod:Diamond4","PokerPlayerMod:Spade4","PokerPlayerMod:Club4"],"score":1985,"play_id":"674b62f5-cffd-4a38-8bee-6f67cc40c79b","local_time":"20201213205342","is_ascension_mode":true,"metric_token":734,"campfire_choices":[{"data":"PokerPlayerMod:Club3","floor":6,"key":"SMITH"},{"data":"PokerPlayerMod:TrumpStrike","floor":15,"key":"SMITH"},{"data":"PokerPlayerMod:TheDieIsCast","floor":27,"key":"SMITH"},{"data":"PokerPlayerMod:Duplicate","floor":32,"key":"SMITH"},{"data":"PokerPlayerMod:Club9","floor":44,"key":"SMITH"},{"floor":47,"key":"RECALL"},{"data":"PokerPlayerMod:Diamond7","floor":49,"key":"SMITH"},{"data":"PokerPlayerMod:Club9","floor":52,"key":"SMITH"}],"circlet_count":0,"master_deck":["PokerPlayerMod:Diamond5","PokerPlayerMod:Spade4","PokerPlayerMod:TrumpStrike+1","PokerPlayerMod:BadJoker+1","PokerPlayerMod:Mulligan+1","PokerPlayerMod:Club7","PokerPlayerMod:Diamond10+","PokerPlayerMod:Heart8","PokerPlayerMod:Club10+","PokerPlayerMod:Spade7","PokerPlayerMod:Duplicate+1","PokerPlayerMod:Diamond8","PokerPlayerMod:ChangeRules+1","PokerPlayerMod:Club10+","PokerPlayerMod:Raise+1","PokerPlayerMod:SecretDealer+1","PokerPlayerMod:Spade8","PokerPlayerMod:TrumpStrike+1","PokerPlayerMod:CardBurn+1","PokerPlayerMod:CardBurn+1","PokerPlayerMod:Diamond10+","PokerPlayerMod:Club1","PokerPlayerMod:Spade1","PokerPlayerMod:Spade8"],"relics":["PokerPlayerMod:DeckCase","Hammer of Thor","Seething Fire","Anvil of the Gods","Mango","Bird Faced Urn","Ice Cream","Anchor","PokerPlayerMod:FairLicense","Lizard Tail","White Beast Statue","Membership Card","Oddly Smooth Stone","Girya","Orrery","HornCleat","Prayer Wheel","Toxic Egg 2","Happy Flower","PokerPlayerMod:PenAndEraser","Black Star","DollysMirror","PokerPlayerMod:CoolBox","Lee\u0027s Waffle","Whetstone","Tiny Chest","Blue Candle","Juzu Bracelet","PokerPlayerMod:EnergeticBat","Eternal Feather","PokerPlayerMod:AceCard","Smiling Mask","Regal Pillow","TungstenRod","PokerPlayerMod:Splitter","Vajra","PokerPlayerMod:BrokenClock","Peace Pipe","War Paint","Sundial","Strawberry","PokerPlayerMod:BottledPoker","Medical Kit","Toy Ornithopter","Gambling Chip","Bag of Marbles"],"acts_visited":["Exordium","TheCity","TheBeyond","TheEnding"],"potions_floor_usage":[55,55],"damage_taken":[{"damage":5,"enemies":"Small Slimes","floor":1,"turns":4},{"damage":10,"enemies":"Jaw Worm","floor":2,"turns":4},{"damage":24,"enemies":"Lagavulin","floor":7,"turns":4},{"damage":0,"enemies":"3 Sentries","floor":10,"turns":3},{"damage":0,"enemies":"Cultist","floor":11,"turns":2},{"damage":0,"enemies":"2 Fungi Beasts","floor":12,"turns":1},{"damage":0,"enemies":"Gremlin Nob","floor":13,"turns":3},{"damage":0,"enemies":"Hexaghost","floor":16,"turns":4},{"damage":0,"enemies":"Shell Parasite","floor":18,"turns":2},{"damage":0,"enemies":"Spheric Guardian","floor":20,"turns":2},{"damage":0,"enemies":"Cultist and Chosen","floor":22,"turns":2},{"damage":9,"enemies":"Book of Stabbing","floor":23,"turns":4},{"damage":0,"enemies":"Snecko","floor":24,"turns":3},{"damage":0,"enemies":"Gremlin Leader","floor":25,"turns":3},{"damage":0,"enemies":"Centurion and Healer","floor":28,"turns":2},{"damage":0,"enemies":"Chosen and Byrds","floor":29,"turns":3},{"damage":0,"enemies":"Slavers","floor":30,"turns":2},{"damage":0,"enemies":"Snake Plant","floor":31,"turns":2},{"damage":4,"enemies":"Automaton","floor":33,"turns":6},{"damage":0,"enemies":"3 Darklings","floor":35,"turns":2},{"damage":0,"enemies":"3 Shapes","floor":36,"turns":1},{"damage":0,"enemies":"Jaw Worm Horde","floor":38,"turns":1},{"damage":0,"enemies":"Writhing Mass","floor":39,"turns":3},{"damage":2,"enemies":"Nemesis","floor":40,"turns":5},{"damage":0,"enemies":"2 Orb Walkers","floor":41,"turns":3},{"damage":0,"enemies":"Giant Head","floor":42,"turns":4},{"damage":0,"enemies":"Maw","floor":46,"turns":3},{"damage":0,"enemies":"Donu and Deca","floor":50,"turns":4},{"damage":0,"enemies":"Shield and Spear","floor":54,"turns":3},{"damage":51,"enemies":"The Heart","floor":55,"turns":5}],"seed_played":"7733605349540244116","potions_obtained":[{"floor":1,"key":"PowerPotion"},{"floor":2,"key":"Strength Potion"},{"floor":7,"key":"BlessingOfTheForge"},{"floor":20,"key":"PowerPotion"},{"floor":31,"key":"LiquidMemories"}],"is_trial":false,"path_per_floor":["M","M","?","$","$","R","E","$","T","E","M","M","E","$","R","B",null,"M","$","M","$","M","E","M","E","T","R","M","M","E","M","R","B",null,"M","M","?","M","M","E","?","E","T","R","$","M","R","$","R","B",null,"R","$","E","B",null],"character_chosen":"THE_POKER_PLAYER","items_purchased":["Mango","PokerPlayerMod:Club7","Anchor","PokerPlayerMod:TheDieIsCast","PokerPlayerMod:FairLicense","White Beast Statue","Membership Card","Oddly Smooth Stone","PokerPlayerMod:Heart8","PokerPlayerMod:Club6","Orrery","HornCleat","PokerPlayerMod:PenAndEraser","PokerPlayerMod:SecretDealer+1","DollysMirror","PokerPlayerMod:CoolBox","Lee\u0027s Waffle","Peace Pipe","War Paint","Sundial","Strawberry","PokerPlayerMod:Spade8","PokerPlayerMod:BottledPoker","Medical Kit","Toy Ornithopter"],"campfire_rested":0,"item_purchase_floors":[0,0,0,0,0,0,4,4,4,4,8,8,14,14,19,19,21,45,45,48,48,48,53,53,53],"current_hp_per_floor":[63,53,40,40,40,40,28,28,28,46,46,46,56,56,56,56,66,66,66,66,73,73,64,73,73,73,73,73,73,73,73,73,69,73,73,73,83,83,83,81,83,83,83,83,83,83,83,90,90,90,90,90,90,90,53],"gold":513,"neow_bonus":"","is_daily":false,"chose_seed":false,"campfire_upgraded":7,"win_rate":0.0,"timestamp":1607860422,"path_taken":["M","M","?","?","$","R","E","?","T","E","M","M","E","$","R","BOSS","M","$","M","?","M","E","M","E","T","R","M","M","E","M","R","BOSS","M","M","?","M","M","E","?","E","T","R","$","M","R","$","R","BOSS","R","$","E","BOSS"],"items_purchased_type":["Relic","Card","Relic","Card","Relic","Relic","Relic","Relic","Card","Card","Relic","Relic","Relic","Card","Relic","Relic","Relic","Relic","Relic","Relic","Relic","Card","Relic","Relic","Relic"],"build_version":"2020-11-30","purchased_purges":10,"victory":true,"max_hp_per_floor":[66,66,66,66,66,66,66,66,66,66,66,66,66,66,66,66,66,66,66,66,73,73,73,73,73,73,73,73,73,73,73,73,73,73,73,73,83,83,83,83,83,83,83,83,83,83,83,90,90,90,90,90,90,90,90],"card_choices":[{"not_picked":["PokerPlayerMod:Spade4","PokerPlayerMod:Club1","PokerPlayerMod:DiamondStrike"],"picked":"SKIP","floor":1},{"not_picked":["PokerPlayerMod:Heart3","PokerPlayerMod:Spade5"],"picked":"PokerPlayerMod:Diamond10+","floor":2},{"not_picked":["PokerPlayerMod:Raise","PokerPlayerMod:Configure"],"picked":"PokerPlayerMod:Spade7","floor":7},{"not_picked":["PokerPlayerMod:Fold","PokerPlayerMod:ClubShade"],"picked":"PokerPlayerMod:Duplicate","floor":8},{"not_picked":["PokerPlayerMod:DamnStraight","PokerPlayerMod:SecondChance"],"picked":"PokerPlayerMod:Diamond7","floor":8},{"not_picked":["PokerPlayerMod:Sharpen","PokerPlayerMod:Diamond7"],"picked":"PokerPlayerMod:ChangeRules","floor":10},{"not_picked":["PokerPlayerMod:SecondChance","PokerPlayerMod:JackOfSpades+1"],"picked":"PokerPlayerMod:Club6","floor":11},{"not_picked":["PokerPlayerMod:Diamond1","PokerPlayerMod:Diamond3","PokerPlayerMod:Spade4"],"picked":"SKIP","floor":11},{"not_picked":["PokerPlayerMod:Spade2","PokerPlayerMod:Trickery"],"picked":"PokerPlayerMod:Raise+1","floor":12},{"not_picked":["PokerPlayerMod:Heart2","PokerPlayerMod:Spade2","PokerPlayerMod:SpadeStrike"],"picked":"SKIP","floor":12},{"not_picked":["PokerPlayerMod:Configure+1","PokerPlayerMod:MagicTrick+1","PokerPlayerMod:Spade1"],"picked":"SKIP","floor":13},{"not_picked":["PokerPlayerMod:Diamond8","PokerPlayerMod:FakeSymbols"],"picked":"PokerPlayerMod:Spade8","floor":16},{"not_picked":["PokerPlayerMod:MagicTrick+1","PokerPlayerMod:HeartStrike","PokerPlayerMod:DiamondStrike+1"],"picked":"SKIP","floor":18},{"not_picked":["PokerPlayerMod:DartThrow","PokerPlayerMod:Heart2","PokerPlayerMod:Diamond4"],"picked":"SKIP","floor":18},{"not_picked":["PokerPlayerMod:Raise+1","PokerPlayerMod:SecretDealer+1"],"picked":"PokerPlayerMod:CardBurn+1","floor":20},{"not_picked":["PokerPlayerMod:Club4","PokerPlayerMod:DiamondStrike","PokerPlayerMod:ClubShade"],"picked":"SKIP","floor":20},{"not_picked":["PokerPlayerMod:DamnStraight","PokerPlayerMod:HiddenCard+1","PokerPlayerMod:Club4"],"picked":"SKIP","floor":22},{"not_picked":["PokerPlayerMod:Spade2","PokerPlayerMod:Diamond1","PokerPlayerMod:Heart6"],"picked":"SKIP","floor":22},{"not_picked":["PokerPlayerMod:Diamond3","PokerPlayerMod:Diamond5"],"picked":"PokerPlayerMod:CardBurn+1","floor":23},{"not_picked":["PokerPlayerMod:Diamond2","PokerPlayerMod:MagicTrick+1","PokerPlayerMod:Diamond5"],"picked":"SKIP","floor":24},{"not_picked":["PokerPlayerMod:Diamond4","PokerPlayerMod:SpadeStrike","PokerPlayerMod:HotShotCut"],"picked":"SKIP","floor":24},{"not_picked":["PokerPlayerMod:PoorCopy+1","PokerPlayerMod:Heart1","PokerPlayerMod:DiamondStrike"],"picked":"SKIP","floor":25},{"not_picked":["PokerPlayerMod:DartThrow","PokerPlayerMod:MagicTrick+1","PokerPlayerMod:Spade1"],"picked":"SKIP","floor":28},{"not_picked":["PokerPlayerMod:Diamond3","PokerPlayerMod:Heart4","PokerPlayerMod:Diamond5"],"picked":"SKIP","floor":28},{"not_picked":["PokerPlayerMod:Heart4","PokerPlayerMod:Overdeal","PokerPlayerMod:DartThrow"],"picked":"SKIP","floor":29},{"not_picked":["PokerPlayerMod:CardBurn+1","PokerPlayerMod:Heart1","PokerPlayerMod:ClubsClub"],"picked":"SKIP","floor":29},{"not_picked":["PokerPlayerMod:Manipulation+1","PokerPlayerMod:Spade6","PokerPlayerMod:Diamond2"],"picked":"SKIP","floor":30},{"not_picked":["PokerPlayerMod:ClubShade","PokerPlayerMod:CloakAndDiamond+1","PokerPlayerMod:Heart2"],"picked":"SKIP","floor":31},{"not_picked":["PokerPlayerMod:Diamond3","PokerPlayerMod:MagicTrick+1","PokerPlayerMod:HotShotCut"],"picked":"SKIP","floor":31},{"not_picked":["PokerPlayerMod:Diamond7","PokerPlayerMod:Spade10+"],"picked":"PokerPlayerMod:Diamond10+","floor":33},{"not_picked":["PokerPlayerMod:Diamond2","PokerPlayerMod:Overdeal"],"picked":"PokerPlayerMod:Club1","floor":35},{"not_picked":["PokerPlayerMod:Diamond4","PokerPlayerMod:JackOfSpades+1","PokerPlayerMod:MagicTrick+1"],"picked":"SKIP","floor":35},{"not_picked":["PokerPlayerMod:Spade3","PokerPlayerMod:Spade2"],"picked":"PokerPlayerMod:Spade1","floor":36},{"not_picked":["PokerPlayerMod:Overdeal+1","PokerPlayerMod:ClubDance+1","PokerPlayerMod:Diamond3"],"picked":"SKIP","floor":36},{"not_picked":["PokerPlayerMod:Spade4","PokerPlayerMod:Club2","PokerPlayerMod:FlyingCard+1"],"picked":"SKIP","floor":38},{"not_picked":["PokerPlayerMod:CardPrinter","PokerPlayerMod:HotShotCut","PokerPlayerMod:ClubStrike"],"picked":"SKIP","floor":38},{"not_picked":["PokerPlayerMod:Sharpen","PokerPlayerMod:DartThrow","PokerPlayerMod:Diamond5"],"picked":"SKIP","floor":39},{"not_picked":["PokerPlayerMod:Fold+1","PokerPlayerMod:Harden+1","PokerPlayerMod:Diamond7"],"picked":"SKIP","floor":39},{"not_picked":["PokerPlayerMod:Club5","PokerPlayerMod:ClubStrike+1","PokerPlayerMod:CloakAndDiamond+1"],"picked":"SKIP","floor":40},{"not_picked":["PokerPlayerMod:Fold+1","PokerPlayerMod:Trickery","PokerPlayerMod:SecretDealer+1"],"picked":"SKIP","floor":42},{"not_picked":["PokerPlayerMod:Diamond3","PokerPlayerMod:FillThePot+1","PokerPlayerMod:Spade3"],"picked":"SKIP","floor":46},{"not_picked":["PokerPlayerMod:DiamondStrike","PokerPlayerMod:CloakAndDiamond+1","PokerPlayerMod:Spade2"],"picked":"SKIP","floor":46},{"not_picked":["PokerPlayerMod:Sharpen+1","PokerPlayerMod:CloakAndDiamond+1","PokerPlayerMod:Diamond3"],"picked":"SKIP","floor":54}],"player_experience":1464389,"relics_obtained":[{"floor":7,"key":"Girya"},{"floor":9,"key":"Prayer Wheel"},{"floor":10,"key":"Toxic Egg 2"},{"floor":13,"key":"Happy Flower"},{"floor":23,"key":"Whetstone"},{"floor":23,"key":"Tiny Chest"},{"floor":25,"key":"Blue Candle"},{"floor":25,"key":"Juzu Bracelet"},{"floor":30,"key":"PokerPlayerMod:EnergeticBat"},{"floor":30,"key":"Eternal Feather"},{"floor":40,"key":"Smiling Mask"},{"floor":40,"key":"Regal Pillow"},{"floor":41,"key":"TungstenRod"},{"floor":42,"key":"PokerPlayerMod:Splitter"},{"floor":42,"key":"Vajra"},{"floor":43,"key":"PokerPlayerMod:BrokenClock"},{"floor":54,"key":"Gambling Chip"},{"floor":54,"key":"Bag of Marbles"}],"event_choices":[{"damage_healed":0,"gold_gain":0,"player_choice":"Entered Light","damage_taken":13,"max_hp_gain":0,"max_hp_loss":0,"event_name":"Shining Light","floor":3,"gold_loss":0,"cards_upgraded":["PokerPlayerMod:Club3","PokerPlayerMod:Spade4"]},{"cards_removed":["PokerPlayerMod:TheDieIsCast"],"damage_healed":0,"gold_gain":0,"player_choice":"Offered Rare","damage_taken":0,"max_hp_gain":10,"max_hp_loss":0,"event_name":"Bonfire Elementals","floor":37,"gold_loss":0},{"damage_healed":0,"gold_gain":0,"player_choice":"Fight","damage_taken":0,"max_hp_gain":0,"max_hp_loss":0,"event_name":"Mysterious Sphere","floor":41,"gold_loss":0}],"is_beta":false,"boss_relics":[{"not_picked":["Ectoplasm","Cursed Key"],"picked":"Black Star"},{"not_picked":["Busted Crown","Velvet Choker"],"picked":"PokerPlayerMod:AceCard"}],"items_purged_floors":[0,4,5,8,14,19,21,45,48,53],"is_endless":false,"potions_floor_spawned":[1,2,7,10,11,12,13,16,18,20,22,23,24,25,28,29,30,31,33,35,36,38,39,40,41,42,46,54],"ascension_level":1}}