{"host":"turdyikuxcak11ni","time":1607875417,"event":{"mods":["AchievementEnabler","BaseMod","Better Altar","Better Match","Better Note","Better Sensory Stone","Better Skull","Better Third Choice","Better Vampires","Colored Map","Downfall","Minty Spire (QoL Compilation)","Quick Restart","Relic Stats","Spicy Shops","StSLib","SuperFastMode"],"gold_per_floor":[99,99,134,59,159,159,159,84,109,109,128,146,146,35,48,153,153,153,181,181,181,196,196,249,249,249,280,302,30,46,46,69,69,69],"floor_reached":33,"playtime":1514,"items_purged":["Regret"],"score":339,"play_id":"bb4b1042-5c77-47dd-b40e-848c6d035f26","local_time":"20201213080337","is_ascension_mode":false,"campfire_choices":[{"floor":1,"key":"RECALL"},{"data":"champ:GladiatorStyle","floor":4,"key":"SMITH"},{"data":"Enlightenment","floor":8,"key":"SMITH"},{"floor":10,"key":"REST"},{"data":"champ:RecklessLeap","floor":18,"key":"SMITH"},{"floor":23,"key":"REST"},{"data":"Bite","floor":25,"key":"SMITH"}],"circlet_count":0,"master_deck":["champ:Defend","champ:Defend","champ:Defend","champ:Execute","champ:Taunt","champ:GladiatorStyle+1","champ:BladeFlurry","Enlightenment+1","champ:RecklessLeap+1","champ:HeartStrike","champ:CalledShot","champ:FanOfKnives","champ:SwordThrow","champ:MurderStrike","Bite+1","Bite","Bite","champ:FaceSlap","champ:FalseCounter","champ:FocusedBerserking","champ:GutPunch"],"relics":["champ:ChampionCrown","downfall:HeartsMalice","downfall:ShatteredFragment","Happy Flower","downfall:HeartBlessingRed","Champion Belt","downfall:HeartBlessingBlue","Kunai","Membership Card","Black Star","Prayer Wheel","Art of War","PreservedInsect","Bottled Tornado","CeramicFish","Mango","Lee\u0027s Waffle","ClockworkSouvenir"],"acts_visited":["Exordium","TheCity"],"potions_floor_usage":[22,27,33,33],"damage_taken":[{"damage":0,"enemies":"Gremlin Nob","floor":3,"turns":1},{"damage":0,"enemies":"Gremlin Nob","floor":5,"turns":1},{"damage":0,"enemies":"3 Sentries","floor":9,"turns":1},{"damage":24,"enemies":"Small Slimes","floor":11,"turns":3},{"damage":31,"enemies":"Jaw Worm","floor":12,"turns":2},{"damage":22,"enemies":"downfall:FleeingMerchant","floor":14,"turns":4},{"damage":24,"enemies":"2 Louse","floor":15,"turns":2},{"damage":94,"enemies":"downfall:Watcher","floor":16,"turns":8},{"damage":68,"enemies":"Gremlin Leader","floor":19,"turns":7},{"damage":30,"enemies":"3 Byrds","floor":22,"turns":4},{"damage":60,"enemies":"Slavers","floor":27,"turns":5},{"damage":31,"enemies":"Snecko","floor":28,"turns":3},{"damage":11,"enemies":"downfall:FleeingMerchant","floor":29,"turns":4},{"damage":30,"enemies":"Sentry and Sphere","floor":30,"turns":4},{"damage":37,"enemies":"Centurion and Healer","floor":32,"turns":4},{"damage":49,"enemies":"downfall:Silent","floor":33,"turns":3}],"seed_played":"534615123074681185","potions_obtained":[{"floor":12,"key":"sneckomod:MuddlingPotion"},{"floor":15,"key":"Explosive Potion"},{"floor":28,"key":"champ:OpenerPotion"},{"floor":30,"key":"DuplicationPotion"},{"floor":31,"key":"CultistPotion"}],"is_trial":false,"path_per_floor":["R","?","E","R","?","?","T","R","E","R","M","M","?","$","M","B",null,"R","E","?","?","M","R","T","R","?","E","M","$","M","?","M","B"],"character_chosen":"THE_CHAMP","items_purchased":["Membership Card","Mango","Lee\u0027s Waffle","ClockworkSouvenir"],"campfire_rested":2,"item_purchase_floors":[14,29,29,29],"current_hp_per_floor":[90,63,63,63,63,63,63,73,73,100,91,80,80,78,69,9,100,100,61,61,61,59,81,81,81,81,31,25,102,72,72,47,0,0],"gold":69,"neow_bonus":"THREE_ENEMY_KILL","is_daily":false,"chose_seed":false,"campfire_upgraded":4,"win_rate":0.0,"timestamp":1607875417,"path_taken":["R","?","E","R","?","?","T","R","E","R","M","?","?","$","M","BOSS","R","E","?","?","M","R","T","R","?","E","M","$","?","?","M","BOSS"],"items_purchased_type":["Relic","Relic","Relic","Relic"],"build_version":"2020-11-30","purchased_purges":1,"victory":false,"max_hp_per_floor":[90,90,90,90,90,90,90,100,100,100,100,100,100,100,100,100,100,100,100,100,81,81,81,81,81,81,81,81,102,102,102,102,102,102],"relic_stats":{"Lee\u0027s Waffle":64,"Happy Flower":[18],"counters":[16,53],"CeramicFish":18,"Prayer Wheel":4,"PreservedInsect":49,"Black Star":2,"Art of War":[1],"Champion Belt":[1],"Kunai":[27],"obtain_stats":[{"Lee\u0027s Waffle":29,"downfall:ShatteredFragment":2,"Happy Flower":3,"downfall:HeartBlessingRed":4,"CeramicFish":27,"champ:ChampionCrown":0,"downfall:HeartsMalice":0,"Mango":29,"PreservedInsect":24,"Bottled Tornado":27,"ClockworkSouvenir":29,"downfall:HeartBlessingBlue":8,"Prayer Wheel":19,"Black Star":17,"Art of War":19,"Champion Belt":5,"Kunai":9,"Membership Card":14},{"Lee\u0027s Waffle":13,"downfall:ShatteredFragment":0,"Happy Flower":1,"downfall:HeartBlessingRed":1,"CeramicFish":11,"champ:ChampionCrown":0,"downfall:HeartsMalice":0,"Mango":13,"PreservedInsect":10,"Bottled Tornado":11,"ClockworkSouvenir":13,"downfall:HeartBlessingBlue":2,"Prayer Wheel":9,"Black Star":8,"Art of War":9,"Champion Belt":2,"Kunai":3,"Membership Card":6},{"Lee\u0027s Waffle":42,"downfall:ShatteredFragment":0,"Happy Flower":0,"downfall:HeartBlessingRed":0,"CeramicFish":35,"champ:ChampionCrown":0,"downfall:HeartsMalice":0,"Mango":42,"PreservedInsect":30,"Bottled Tornado":35,"ClockworkSouvenir":42,"downfall:HeartBlessingBlue":0,"Prayer Wheel":26,"Black Star":19,"Art of War":26,"Champion Belt":0,"Kunai":0,"Membership Card":9}]},"card_choices":[{"not_picked":["champ:StanceDance","champ:BladeFlurry"],"picked":"champ:GladiatorStyle","floor":3},{"not_picked":["champ:FlashCut","champ:Circumvent"],"picked":"champ:BladeFlurry","floor":5},{"not_picked":["Purity","expansioncontent:Flail"],"picked":"Enlightenment","floor":6},{"not_picked":["champ:ShieldThrow","champ:Backstep"],"picked":"champ:RecklessLeap","floor":9},{"not_picked":["champ:IronFortress","champ:Backstep"],"picked":"champ:HeartStrike","floor":11},{"not_picked":["champ:FanOfKnives","champ:FocusedDefense"],"picked":"champ:CalledShot","floor":12},{"not_picked":["champ:GladiatorsShout","champ:Haymaker","champ:BladeFlurry"],"picked":"SKIP","floor":14},{"not_picked":["champ:HoldFirm","champ:StanceDance"],"picked":"champ:FanOfKnives","floor":15},{"not_picked":["champ:CrownThrow","champ:PerfectForm"],"picked":"champ:SwordThrow","floor":16},{"not_picked":["champ:Duel","champ:FlashCut"],"picked":"champ:MurderStrike","floor":19},{"not_picked":["champ:GladiatorsShout","champ:FlashCut"],"picked":"champ:FaceSlap","floor":22},{"not_picked":["champ:StanceDance","champ:BladeFlurry+1","champ:TornadoPunch"],"picked":"SKIP","floor":22},{"not_picked":["champ:CrookedStrike+1","champ:FlashCut+1","champ:BringItOn"],"picked":"SKIP","floor":27},{"not_picked":["champ:AdrenalArmor","champ:Circumvent"],"picked":"champ:FocusedBerserking","floor":28},{"not_picked":["champ:Backstep","champ:FanOfKnives","champ:MurderStrike"],"picked":"SKIP","floor":28},{"not_picked":["champ:TornadoPunch","champ:BladeFlurry+1","champ:FaceSlap+1"],"picked":"SKIP","floor":29},{"not_picked":["champ:GladiatorsShout","champ:ArenaPreparation","champ:Circumvent"],"picked":"SKIP","floor":30},{"not_picked":["champ:GladiatorStyle","champ:FlashCut","champ:BerserkersShout"],"picked":"SKIP","floor":30},{"not_picked":["champ:RecklessLeap","champ:FlashCut"],"picked":"champ:GutPunch","floor":32},{"not_picked":["champ:PerfectedStrike+1","champ:Circumvent","champ:RisingSlash"],"picked":"SKIP","floor":32}],"player_experience":231717,"relics_obtained":[{"floor":3,"key":"Happy Flower"},{"floor":5,"key":"Champion Belt"},{"floor":9,"key":"Kunai"},{"floor":19,"key":"Prayer Wheel"},{"floor":19,"key":"Art of War"},{"floor":24,"key":"PreservedInsect"},{"floor":27,"key":"Bottled Tornado"},{"floor":27,"key":"CeramicFish"}],"event_choices":[{"damage_healed":0,"gold_gain":1,"player_choice":"1","damage_taken":0,"max_hp_gain":0,"max_hp_loss":0,"event_name":"betterStone:BetterStone","floor":6,"gold_loss":0},{"cards_removed":["Enlightenment"],"damage_healed":0,"gold_gain":0,"player_choice":"Give","damage_taken":0,"max_hp_gain":0,"max_hp_loss":0,"event_name":"betterNote:BetterNote","floor":20,"gold_loss":0,"cards_obtained":["None"]},{"damage_healed":0,"gold_gain":0,"player_choice":"Became a vampire","damage_taken":0,"max_hp_gain":0,"max_hp_loss":19,"event_name":"Vampires","floor":21,"gold_loss":0,"cards_obtained":["Bite","Bite","Bite"]},{"damage_healed":0,"gold_gain":0,"cards_transformed":["champ:Defend"],"player_choice":"Transformed","damage_taken":0,"max_hp_gain":0,"max_hp_loss":0,"event_name":"Transmorgrifier","floor":26,"gold_loss":0,"cards_obtained":["champ:FalseCounter"]}],"is_beta":false,"boss_relics":[{"not_picked":["Empty Cage","Sozu"],"picked":"Black Star"}],"items_purged_floors":[14],"is_endless":false,"potions_floor_spawned":[12,15,28,30,32],"killed_by":"downfall:Silent","ascension_level":0}}