{"host":"ds3v42j7tpaaz1mg","time":1607899651,"event":{"mods":["AchievementEnabler","Aspiration","BaseMod","Bestiary","Better Altar","Better Note","Better Sensory Stone","BetterRewards","Block Reminder","Colored Powertips","Conspire","Downfall","Energized Spire","Halation","Hermit","Highlight Path","Hubris","Infinite Spire","Jorbs\u0027s Wanderer Trilogy","Minty Spire (QoL Compilation)","Relic Stats","Replay The Spire","StSLib","The Elementalist","The Servant 0.9.4","vexMod"],"gold_per_floor":[116,65,78,78,3,3,37,37,61,75,107,29,62,74,74,175,175,194,293,243,31,81,81,81,120,120,146,146,174,174],"floor_reached":29,"playtime":900,"items_purged":[],"score":416,"play_id":"22909ede-4825-488c-93a4-cf10d206d092","local_time":"20201213174731","is_ascension_mode":true,"campfire_choices":[{"data":"Dualcast","floor":6,"key":"SMITH"},{"data":"White Noise","floor":8,"key":"SMITH"},{"floor":15,"key":"DIG"},{"data":"Creative AI","floor":23,"key":"SMITH"},{"floor":28,"key":"REST"}],"circlet_count":0,"master_deck":["Strike_B+1","Strike_B","Strike_B+1","Strike_B","Defend_B","Defend_B","Defend_B","Defend_B+2","Zap","Dualcast+1","Cold Snap+1","White Noise+1","Melter","Buffer","BootSequence","Panic Button","Creative AI+1","Conserve Battery+1","conspire:SpireCoStock","Capacitor","ReplayTheSpireMod:Brewmster","vexMod:EmailVexCard","Replay:SS_forest_2","Time Bomb","White Noise"],"relics":["Cracked Core","NeowsBlessing","Bottled Flame","Simple Rune","Gremlin Food","Pantograph","hubris:BundleOfHerbs","Philosopher\u0027s Stone","Raider\u0027s Mask","ReplayTheSpireMod:ShopPack","The Courier","vexMod:ConsolationPrize"],"acts_visited":["Exordium","TheCity"],"potions_floor_usage":[11,11,11,11,11,11,16,27,29,29,29],"damage_taken":[{"damage":0,"enemies":"Cultist","floor":1,"turns":1},{"damage":0,"enemies":"2 Louse","floor":3,"turns":1},{"damage":0,"enemies":"Lagavulin","floor":7,"turns":1},{"damage":5,"enemies":"Jaw Worm","floor":10,"turns":2},{"damage":0,"enemies":"Gremlin Nob","floor":11,"turns":2},{"damage":23,"enemies":"conspire:MimicChest","floor":13,"turns":8},{"damage":12,"enemies":"Large Slime","floor":14,"turns":4},{"damage":55,"enemies":"Fading Forest","floor":16,"turns":11},{"damage":17,"enemies":"3 Byrds","floor":18,"turns":2},{"damage":12,"enemies":"Spheric Guardian","floor":25,"turns":4},{"damage":30,"enemies":"Nightmare","floor":27,"turns":7},{"damage":31,"enemies":"Centurion and Healer","floor":29,"turns":7}],"seed_played":"1375884697011771102","potions_obtained":[{"floor":1,"key":"champ:CounterPotion"},{"floor":7,"key":"EntropicBrew"},{"floor":14,"key":"AttackPotion"},{"floor":16,"key":"LiquidMemories"}],"is_trial":false,"path_per_floor":["M","$","M","?","$","R","E","R","T","M","E","$","?","M","R","B",null,"M","?","?","$","?","R","AVR","M","T","NM","R","M"],"character_chosen":"DEFECT","items_purchased":["Block Potion","Venom Potion","BootSequence","Raider\u0027s Mask","Capacitor"],"campfire_rested":1,"item_purchase_floors":[2,5,12,21,21],"current_hp_per_floor":[68,68,68,53,53,53,53,53,53,48,48,48,25,13,13,18,61,44,44,44,44,44,44,44,32,32,2,24,0,0],"gold":174,"neow_bonus":"THREE_ENEMY_KILL","is_daily":false,"chose_seed":false,"campfire_upgraded":3,"win_rate":0.0,"timestamp":1607899651,"path_taken":["M","$","?","?","?","R","E","R","T","?","E","$","?","M","R","BOSS","M","?","?","?","?","R","AVR","?","T","NM","R","M"],"items_purchased_type":["Potion","Potion","Card","Relic","Card"],"build_version":"2020-11-30","purchased_purges":0,"victory":false,"max_hp_per_floor":[75,75,75,75,75,75,75,75,75,75,75,75,75,75,75,75,75,75,75,75,75,75,75,75,75,75,75,75,75,75],"relic_stats":{"counters":[12,50],"Pantograph":25,"obtain_stats":[{"Gremlin Food":11,"Bottled Flame":7,"NeowsBlessing":0,"Pantograph":13,"vexMod:ConsolationPrize":27,"Simple Rune":9,"Philosopher\u0027s Stone":17,"hubris:BundleOfHerbs":15,"The Courier":26,"Raider\u0027s Mask":21,"Cracked Core":0,"ReplayTheSpireMod:ShopPack":24},{"Gremlin Food":5,"Bottled Flame":3,"NeowsBlessing":0,"Pantograph":6,"vexMod:ConsolationPrize":11,"Simple Rune":3,"Philosopher\u0027s Stone":8,"hubris:BundleOfHerbs":7,"The Courier":10,"Raider\u0027s Mask":9,"Cracked Core":0,"ReplayTheSpireMod:ShopPack":9},{"Gremlin Food":7,"Bottled Flame":3,"NeowsBlessing":0,"Pantograph":15,"vexMod:ConsolationPrize":43,"Simple Rune":3,"Philosopher\u0027s Stone":30,"hubris:BundleOfHerbs":19,"The Courier":36,"Raider\u0027s Mask":32,"Cracked Core":0,"ReplayTheSpireMod:ShopPack":32}]},"card_choices":[{"not_picked":["Ball Lightning","Streamline"],"picked":"Cold Snap","floor":1},{"not_picked":["Streamline","Scrape","Rebound"],"picked":"SKIP","floor":3},{"not_picked":["Streamline","Panic Button"],"picked":"White Noise","floor":7},{"not_picked":["FTL","Streamline"],"picked":"Melter","floor":10},{"not_picked":["Coolheaded","Recycle"],"picked":"Buffer","floor":11},{"not_picked":["Stack","Turbo"],"picked":"Panic Button","floor":13},{"not_picked":["Beam Cell","Sweeping Beam","ReplayTheSpireMod:GoodbyeWorld"],"picked":"SKIP","floor":14},{"not_picked":["hubris:DoWhile","Thunder Strike"],"picked":"Creative AI","floor":16},{"not_picked":["Auto Shields","Turbo"],"picked":"Conserve Battery+1","floor":18},{"not_picked":["expansioncontent:DashGenerateEvil","ReplayUltimateDefense"],"picked":"ReplayTheSpireMod:Brewmster","floor":24},{"not_picked":["expansioncontent:SuperHexaguard","Replay:Sssssssssshield"],"picked":"vexMod:EmailVexCard","floor":24},{"not_picked":["ReplayTheSpireMod:Private Reserves","conspire:Banana"],"picked":"Replay:SS_forest_2","floor":24},{"not_picked":["Melter+1","Leap"],"picked":"Time Bomb","floor":25},{"not_picked":["Beam Cell","Ball Lightning+1"],"picked":"White Noise","floor":27}],"player_experience":538172,"relics_obtained":[{"floor":7,"key":"Bottled Flame"},{"floor":9,"key":"Simple Rune"},{"floor":11,"key":"Gremlin Food"},{"floor":13,"key":"Pantograph"},{"floor":15,"key":"hubris:BundleOfHerbs"},{"floor":26,"key":"The Courier"},{"floor":27,"key":"vexMod:ConsolationPrize"}],"event_choices":[{"damage_healed":0,"gold_gain":0,"player_choice":"Entered Light","damage_taken":15,"max_hp_gain":0,"max_hp_loss":0,"event_name":"Shining Light","floor":4,"gold_loss":0,"cards_upgraded":["Cold Snap","Strike_B"]},{"damage_healed":0,"gold_gain":99,"player_choice":"Stole From Cult","damage_taken":0,"max_hp_gain":0,"max_hp_loss":0,"event_name":"Nest","floor":19,"gold_loss":0},{"damage_healed":0,"gold_gain":0,"player_choice":"Invest 1","damage_taken":0,"max_hp_gain":0,"max_hp_loss":0,"event_name":"conspire:Investor","floor":20,"gold_loss":0}],"is_beta":false,"boss_relics":[{"not_picked":["Tiny House","Ring of Chaos"],"picked":"Philosopher\u0027s Stone"}],"items_purged_floors":[],"is_endless":false,"potions_floor_spawned":[1,7,14,16,27],"killed_by":"Centurion and Healer","ascension_level":8}}