{"host":"xpedwhml4to70g3q","time":1607851177,"event":{"mods":["BaseMod","Curses Come First","Minty Spire (QoL Compilation)","StSLib","Youmu£®ªÍ∆«—˝√Œ£©"],"gold_per_floor":[114,92,92,105,105,105,138,148,173,187,187,204,223,223,223,323,323,336,346,346,346],"floor_reached":20,"playtime":1380,"items_purged":[],"score":201,"play_id":"043b0869-fb08-404d-9ed1-b29934994884","local_time":"20201213171937","is_ascension_mode":false,"campfire_choices":[{"floor":6,"key":"RECALL"},{"floor":11,"key":"REST"},{"floor":15,"key":"REST"}],"circlet_count":0,"master_deck":["Strike_YM","Strike_YM","Strike_YM","Strike_YM","Defend_YM","Defend_YM","Defend_YM","Defend_YM","SlashOfPresentWorld","WheelOfPainOfLivingAndDead","TransmigrationSlash+1","LowerRealmReflectionSlash","SpiritCuttingSword","ObsessionWithThePresentWorld","FlashingScatteredFlowers","SwordOfBindingDesires","DispleasureOfTheSevenHakus","HumanRealmSword","MatsuyoiReflectingSatelliteSlash","RapidSlash","PreachingAvici"],"relics":["HalfPhantom","NeowsBlessing","GremlinMask","Bag of Preparation","Torii","SlaversCollar"],"acts_visited":["Exordium","TheCity"],"potions_floor_usage":[20],"damage_taken":[{"damage":0,"enemies":"Jaw Worm","floor":1,"turns":1},{"damage":0,"enemies":"Cultist","floor":4,"turns":1},{"damage":0,"enemies":"Gremlin Nob","floor":7,"turns":1},{"damage":8,"enemies":"2 Louse","floor":8,"turns":4},{"damage":34,"enemies":"Gremlin Gang","floor":10,"turns":7},{"damage":11,"enemies":"Exordium Wildlife","floor":12,"turns":5},{"damage":5,"enemies":"Looter","floor":13,"turns":4},{"damage":28,"enemies":"The Guardian","floor":16,"turns":15},{"damage":3,"enemies":"Shell Parasite","floor":18,"turns":5},{"damage":28,"enemies":"Chosen","floor":19,"turns":6},{"damage":44,"enemies":"Snake Plant","floor":20,"turns":4}],"seed_played":"6455638859006448690","potions_obtained":[{"floor":1,"key":"PowerPotion"},{"floor":7,"key":"Fire Potion"},{"floor":8,"key":"SteroidPotion"},{"floor":12,"key":"LiquidMemories"}],"is_trial":false,"path_per_floor":["M","$","?","M","?","R","E","M","T","M","R","M","M","T","R","B",null,"M","M","M"],"character_chosen":"YOUMU","items_purchased":["LowerRealmReflectionSlash"],"campfire_rested":2,"item_purchase_floors":[2],"current_hp_per_floor":[75,75,75,75,75,75,75,67,67,33,55,44,39,39,61,54,75,72,44,0,0],"gold":346,"neow_bonus":"THREE_ENEMY_KILL","is_daily":false,"chose_seed":false,"campfire_upgraded":0,"win_rate":0.0,"timestamp":1607851177,"path_taken":["M","$","?","?","?","R","E","M","T","M","R","M","?","?","R","BOSS","M","M","?"],"items_purchased_type":["Card"],"build_version":"2020-11-30","purchased_purges":0,"victory":false,"max_hp_per_floor":[75,75,75,75,75,75,75,75,75,75,75,75,75,75,75,75,75,75,75,75,75],"card_choices":[{"not_picked":["SlashOfDepartureFromHesitation","ConstancyOfTheConventionalTruth"],"picked":"TransmigrationSlash","floor":1},{"not_picked":["ObsessionSword","TwoHundredYojanaInOneSlash"],"picked":"SpiritCuttingSword","floor":4},{"not_picked":["HumanGodSword","GreatEnlightenmentAppearingAndDisappearing"],"picked":"ObsessionWithThePresentWorld","floor":7},{"not_picked":["TurningAngelCut","HumanKnowledgeSword"],"picked":"FlashingScatteredFlowers","floor":8},{"not_picked":["CherryBlossomFlashing","ConstancyOfTheConventionalTruth"],"picked":"SwordOfBindingDesires","floor":10},{"not_picked":["FlashingScatteredFlowers","PhosphoricSlash"],"picked":"DispleasureOfTheSevenHakus","floor":12},{"not_picked":["SpiritCuttingSword","LowerRealmReflectionSlash"],"picked":"HumanRealmSword","floor":13},{"not_picked":["ReincarnationSword","HeavenGodSword"],"picked":"MatsuyoiReflectingSatelliteSlash","floor":16},{"not_picked":["AsTheSilentNirvana","ConstancyOfTheConventionalTruth"],"picked":"RapidSlash","floor":18},{"not_picked":["DispleasureOfTheSevenHakus","ObsessionWithThePresentWorld"],"picked":"PreachingAvici","floor":19}],"player_experience":95631,"relics_obtained":[{"floor":7,"key":"Bag of Preparation"},{"floor":14,"key":"Torii"}],"event_choices":[{"damage_healed":0,"gold_gain":0,"player_choice":"Forge","damage_taken":0,"max_hp_gain":0,"max_hp_loss":0,"event_name":"Accursed Blacksmith","floor":3,"gold_loss":0,"cards_upgraded":["TransmigrationSlash"]},{"damage_healed":0,"gold_gain":0,"player_choice":"Trade","damage_taken":0,"relics_obtained":["GremlinMask"],"max_hp_gain":0,"max_hp_loss":0,"event_name":"FaceTrader","floor":5,"gold_loss":0}],"is_beta":false,"boss_relics":[{"not_picked":["Empty Cage","Tiny House"],"picked":"SlaversCollar"}],"items_purged_floors":[],"is_endless":false,"potions_floor_spawned":[1,7,8,12,16,18],"killed_by":"Snake Plant","ascension_level":0}}