{"host":"llpusn9usp8rznkj","time":1607894287,"event":{"mods":["2.2 Compatiblity","BaseMod","Colored Map","Colored Powertips","Conspire","Downfall","Hubris","Minty Spire (QoL Compilation)","Rare Cards Sparkle","Replay The Spire","StSLib","The Cursed"],"gold_per_floor":[112,26,26,26,43,71,71,71,71,401,424,424,424,443,443,456,456,530,530,545,137,137,137,128,128,158,169,169,169,169],"floor_reached":29,"playtime":1048,"items_purged":[],"score":548,"play_id":"a89e9fb4-5c51-49c5-b687-25b1edc70763","local_time":"20201213161807","is_ascension_mode":true,"campfire_choices":[{"data":"Dagger Spray","floor":9.0,"key":"SMITH"},{"data":"Bouncing Flask","floor":12.0,"key":"SMITH"},{"floor":17.0,"key":"REST"},{"floor":25.0,"key":"REST"}],"circlet_count":0,"master_deck":["AscendersBane","Strike_G","Strike_G","Strike_G","Strike_G","Strike_G+1","Defend_G","Defend_G","Defend_G","Defend_G","Defend_G","Survivor+1","Neutralize","Dagger Spray+1","Deadly Poison","Flying Knee","Bouncing Flask+1","PiercingWail","Corpse Explosion","Catalyst+1","Necronomicurse","Replay:Poison Smokescreen"],"relics":["Ring of the Snake","NeowsBlessing","hubris:Towel","Singing Bowl","Old Coin","Dream Catcher","hubris:Icosahedron","ReplayTheSpireMod:Shallot","hubris:ScarierMask","hubris:FunFungus","Necronomicon","ReplayTheSpireMod:Lightbulb","Shuriken"],"acts_visited":["Exordium","TheCity"],"potions_floor_usage":[],"damage_taken":[{"damage":0.0,"enemies":"Jaw Worm","floor":1.0,"turns":1.0},{"damage":0.0,"enemies":"Small Slimes","floor":5.0,"turns":1.0},{"damage":0.0,"enemies":"Lagavulin","floor":6.0,"turns":1.0},{"damage":11.0,"enemies":"Gremlin Nob","floor":10.0,"turns":3.0},{"damage":0.0,"enemies":"2 Louse","floor":14.0,"turns":2.0},{"damage":2.0,"enemies":"Looter","floor":16.0,"turns":3.0},{"damage":15.0,"enemies":"The Guardian","floor":18.0,"turns":8.0},{"damage":29.0,"enemies":"Chosen","floor":20.0,"turns":5.0},{"damage":0.0,"enemies":"2 Thieves","floor":24.0,"turns":2.0},{"damage":31.0,"enemies":"conspire:Head Lice","floor":26.0,"turns":9.0},{"damage":4.0,"enemies":"Centurion and Healer","floor":27.0,"turns":3.0},{"damage":22,"enemies":"Slavers","floor":29,"turns":3}],"seed_played":"3185287603089214037","potions_obtained":[{"floor":1.0,"key":"Fire Potion"},{"floor":14.0,"key":"PowerPotion"},{"floor":16.0,"key":"Block Potion"},{"floor":20.0,"key":"CultistPotion"},{"floor":24.0,"key":"Elixir"}],"is_trial":false,"path_per_floor":["M","$","?","?","M","E","PTL","PTL","R","E","T","R","?","M","T","M","R","B",null,"M","$","?","?","M","R","E","M","T","E"],"character_chosen":"THE_SILENT","items_purchased":["Deadly Poison","Flying Knee","Catalyst+1","hubris:FunFungus"],"campfire_rested":2,"item_purchase_floors":[2,2,21,21],"current_hp_per_floor":[59,59,59,39,39,39,39,39,39,30,30,30,30,30,30,30,53,38,64,37,37,16,16,16,40,13,11,11,0,0],"gold":169,"neow_bonus":"THREE_ENEMY_KILL","is_daily":false,"chose_seed":false,"campfire_upgraded":2,"win_rate":0.0,"timestamp":1607894287,"path_taken":["M","$","?","?","M","E","PTL","PTL","R","E","T","R","?","M","?","M","R","BOSS","M","$","?","?","M","R","E","?","T","E"],"items_purchased_type":["Card","Card","Card","Relic"],"build_version":"2020-11-30","purchased_purges":0,"victory":false,"max_hp_per_floor":[66,66,66,66,66,66,66,66,66,68,68,68,68,68,68,70,72,72,72,74,74,74,74,74,76,78,80,80,80,80],"card_choices":[{"not_picked":["hubris:TrickCloak","Escape Plan"],"picked":"Dagger Spray","floor":1.0},{"not_picked":["Backstab","Caltrops","Underhanded Strike"],"picked":"SKIP","floor":5.0},{"not_picked":["ReplayTheSpireMod:Speed Training","Quick Slash"],"picked":"Bouncing Flask","floor":6.0},{"not_picked":["Riddle With Holes","hubris:SlightOfHand","Fluid Movement"],"picked":"Singing Bowl","floor":10.0},{"not_picked":["Well Laid Plans","ReplayTheSpireMod:Tripwire"],"picked":"PiercingWail","floor":14.0},{"not_picked":["Phantasmal Killer","ReplayTheSpireMod:Tripwire","hubris:SlightOfHand"],"picked":"Singing Bowl","floor":16.0},{"not_picked":["conspire:DoublingDagger","hubris:SlightOfHand","Accuracy"],"picked":"Singing Bowl","floor":17.0},{"not_picked":["Envenom","ReplayTheSpireMod:From All Sides"],"picked":"Corpse Explosion","floor":18.0},{"not_picked":["Deadly Poison","Acrobatics","Underhanded Strike"],"picked":"Singing Bowl","floor":20.0},{"not_picked":["ReplayTheSpireMod:Tripwire","Dash"],"picked":"Replay:Poison Smokescreen","floor":24.0},{"not_picked":["Masterful Stab","Terror","Blade Dance+1"],"picked":"Singing Bowl","floor":25.0},{"not_picked":["conspire:DoublingDagger","Predator","Blade Dance"],"picked":"Singing Bowl","floor":26.0},{"not_picked":["Poisoned Stab+1","PiercingWail","hubris:TrickCloak"],"picked":"Singing Bowl","floor":27.0}],"player_experience":961459,"relics_obtained":[{"floor":6.0,"key":"Singing Bowl"},{"floor":10.0,"key":"Old Coin"},{"floor":11.0,"key":"Dream Catcher"},{"floor":15.0,"key":"ReplayTheSpireMod:Shallot"},{"floor":22.0,"key":"Necronomicon"},{"floor":26.0,"key":"ReplayTheSpireMod:Lightbulb"},{"floor":28.0,"key":"Shuriken"}],"event_choices":[{"damage_healed":0.0,"max_hp_gain":0.0,"max_hp_loss":0.0,"gold_gain":0.0,"event_name":"Shining Light","player_choice":"Entered Light","floor":4.0,"gold_loss":0.0,"damage_taken":20.0,"cards_upgraded":["Strike_G","Survivor"]},{"damage_healed":0.0,"max_hp_gain":0.0,"max_hp_loss":0.0,"gold_gain":0.0,"event_name":"Cursed Tome","player_choice":"Obtained Book","floor":22.0,"gold_loss":0.0,"damage_taken":21.0},{"damage_healed":0.0,"max_hp_gain":0.0,"max_hp_loss":0.0,"gold_gain":0.0,"event_name":"Match and Keep!","player_choice":"0 cards matched","floor":23.0,"gold_loss":0.0,"damage_taken":0.0,"cards_obtained":[]}],"is_beta":false,"boss_relics":[{"not_picked":["Ectoplasm","hubris:HollowSoul"],"picked":"hubris:ScarierMask"}],"items_purged_floors":[],"is_endless":false,"potions_floor_spawned":[1,14,16,20,24],"killed_by":"Slavers","ascension_level":20}}