{"host":"r3d3rfw8zyydmocx","time":1607899092,"event":{"mods":["Aspiration","BaseMod","Colored Powertips","Conspire","Highlight Path","Hubris","Minty Spire (QoL Compilation)","Replay The Spire","StSLib","The Hierophant","The Servant 0.9.4"],"gold_per_floor":[115,115,129,143,93,124,124,124,124,144,155,175,175,185,185,282,282,299,299,336,408,507,507,233,250,305,339,353,353,365,365,365,464,464,482,482,532,606,606,634,634,378,378,405,405,49,49,66,66,66],"floor_reached":51,"playtime":3414,"items_purged":["Strike_S","Defend_S"],"score":916,"play_id":"00cf9945-9e9a-4c55-b62a-34514cf7f912","local_time":"20201213143812","is_ascension_mode":false,"campfire_choices":[{"data":"Sabotage","floor":7.0,"key":"SMITH"},{"data":"Potential","floor":13.0,"key":"SMITH"},{"data":"Potential","floor":15.0,"key":"SMITH"},{"data":"TimeWarp","floor":23.0,"key":"SMITH"},{"data":"Tools of the Trade","floor":29,"key":"SMITH"},{"data":"Revamp","floor":32,"key":"SMITH"},{"floor":41,"key":"DIG"},{"floor":45,"key":"DIG"},{"floor":47,"key":"DIG"},{"floor":49,"key":"DIG"}],"circlet_count":1,"master_deck":["Strike_S","Defend_S","Defend_S","KidneyShot","Exchange","TimeWarp+1","Crescendo","Sabotage+1","Snipe","Acrobatics","Potential+1","Potential+1","Tools of the Trade+1","Rearm+1","Ghostly+1","Ghostly","Ghostly+1","Ghostly","Ghostly","Moondial+1","Sabotage","Sabotage","Moondial+1","Revamp+1","Rearm+1","Well Laid Plans","FloweringNight","BottledTime","Potential+1","Revamp","Madness","Madness","Deny","Deny+1","Capacitor+1"],"relics":["Uniform","aspiration:Nostalgia","Replay:M_StaffOfTheSnake","WarpedTongs","Replay:Baseball","aspiration:FrozenJewel","Empty Cage","Pantograph","hubris:MysteriousPyramids","War Paint","InkBottle","Honey Jar","Toy Ornithopter","Shovel","BranchBurnRelic","Garlic","ReplayTheSpireMod:TigerMarble","Circlet","conspire:TopHat","Iron Hammer","Question Card","aspiration:SeaSaltIceCream","aspiration:Nostalgia","Iron Core","Blue Candle"],"acts_visited":["TheCity","TheBeyond"],"potions_floor_usage":[],"damage_taken":[{"damage":5.0,"enemies":"2 Louse","floor":1.0,"turns":4.0},{"damage":6.0,"enemies":"Cultist","floor":3.0,"turns":4.0},{"damage":6.0,"enemies":"Jaw Worm","floor":4.0,"turns":4.0},{"damage":18.0,"enemies":"Lagavulin","floor":6.0,"turns":9.0},{"damage":0.0,"enemies":"Blue Slaver","floor":10.0,"turns":3.0},{"damage":0.0,"enemies":"Looter","floor":11.0,"turns":3.0},{"damage":2.0,"enemies":"2 Fungi Beasts","floor":12.0,"turns":3.0},{"damage":0.0,"enemies":"Large Slime","floor":14.0,"turns":4.0},{"damage":11.0,"enemies":"Hexaghost","floor":16.0,"turns":3.0},{"damage":0.0,"enemies":"Shell Parasite","floor":18.0,"turns":3.0},{"damage":0.0,"enemies":"conspire:MimicChest","floor":20.0,"turns":5.0},{"damage":0.0,"enemies":"Chosen","floor":25.0,"turns":3.0},{"damage":0.0,"enemies":"Gremlin Leader","floor":27.0,"turns":5.0},{"damage":0,"enemies":"conspire:HollyBat","floor":28,"turns":6},{"damage":1,"enemies":"Snake Plant","floor":30,"turns":4},{"damage":0,"enemies":"hubris:MusketHawk","floor":33,"turns":7},{"damage":0,"enemies":"3 Shapes","floor":35,"turns":6},{"damage":0,"enemies":"Mind Bloom Boss Battle","floor":37,"turns":4},{"damage":0,"enemies":"Reptomancer","floor":40,"turns":5},{"damage":0,"enemies":"Orb Walker","floor":48,"turns":3},{"damage":20,"enemies":"Donu and Deca","floor":50,"turns":7}],"seed_played":"-6421096232187880951","potions_obtained":[{"floor":1.0,"key":"Strength Potion"},{"floor":10.0,"key":"Strength Potion"},{"floor":11.0,"key":"DistilledChaos"},{"floor":16.0,"key":"Dexterity Potion"},{"floor":25.0,"key":"Adrenaline Potion"},{"floor":35,"key":"BlessingOfTheForge"},{"floor":38,"key":"Death Potion"},{"floor":38,"key":"Ancient Potion"}],"is_trial":false,"path_per_floor":["M","?","M","M","?","E","R","?","T","M","M","M","R","M","R","B",null,"M","?","?","T","?","R","$","M","T","E","M","R","M","?","R","B",null,"M","?","?","?","?","E","R","$","T","T","R","$","R","M","R","B",null],"character_chosen":"THE_SERVANT","items_purchased":["War Paint","Sabotage","ReplayTheSpireMod:TigerMarble","Deny+1","Question Card"],"campfire_rested":0,"item_purchase_floors":[24,24,42,46,46],"current_hp_per_floor":[60,60,54,48,48,30,30,23,23,23,23,21,21,21,21,10,65,65,32,32,32,32,32,32,32,32,32,32,32,31,28,28,37,37,37,37,37,23,18,18,18,18,18,18,18,18,18,27,27,23],"gold":66,"neow_bonus":"NOSTALGIA","is_daily":false,"chose_seed":false,"campfire_upgraded":6,"win_rate":0.0,"timestamp":1607899092,"path_taken":["M","?","?","M","?","E","R","?","T","M","M","M","R","M","R","BOSS","M","?","?","?","?","R","?","?","T","E","?","R","M","?","R","BOSS","M","?","?","?","?","E","R","$","T","?","R","?","R","?","R","BOSS"],"items_purchased_type":["Relic","Card","Relic","Card","Relic"],"build_version":"2020-11-30","purchased_purges":2,"victory":true,"max_hp_per_floor":[65,65,65,65,65,65,65,65,65,65,65,65,65,65,65,65,65,65,32,32,32,32,32,32,32,32,32,32,32,32,37,37,37,37,37,37,37,37,37,37,37,37,37,37,37,37,37,37,37,37],"card_choices":[{"not_picked":["Collapse","Replace","Unruled"],"picked":"SKIP","floor":1.0},{"not_picked":["Advance","Rearm"],"picked":"TimeWarp","floor":3.0},{"not_picked":["ReturningBlade","Ricochet"],"picked":"Crescendo","floor":4.0},{"not_picked":["Acrobatics","Rewind"],"picked":"Sabotage","floor":6.0},{"not_picked":["Establishment","Unruled"],"picked":"Snipe","floor":10.0},{"not_picked":["Ricochet","ClearTheMind"],"picked":"Acrobatics","floor":11.0},{"not_picked":["BottledTime","FastForward"],"picked":"Potential","floor":12.0},{"not_picked":["Vengeance","Outmaneuver"],"picked":"Potential","floor":14.0},{"not_picked":["Dilation","Wraith Form v2"],"picked":"Tools of the Trade","floor":16.0},{"not_picked":["FastForward","Spin"],"picked":"Rearm+1","floor":18.0},{"not_picked":["Rearm","Starlight"],"picked":"Moondial+1","floor":20.0},{"not_picked":["Unruled","LightFlow"],"picked":"Moondial+1","floor":25.0},{"not_picked":["Alleviate","Defy"],"picked":"Revamp","floor":27.0},{"not_picked":["Nirvana+1","Flying Knee+1"],"picked":"Rearm+1","floor":28},{"not_picked":["TimeWarp","ShatteredReality+1"],"picked":"Well Laid Plans","floor":30},{"not_picked":["Adrenaline","MasterReality"],"picked":"FloweringNight","floor":33},{"not_picked":["Spin","DoubleEdge+1","ShatteredReality+1"],"picked":"BottledTime","floor":35},{"not_picked":["DoubleEdge","Alleviate+1","ShatteredReality+1"],"picked":"Potential+1","floor":37},{"not_picked":["ShatteredReality+1","MoonPhase","Alleviate+1"],"picked":"Revamp","floor":38},{"not_picked":["SilverBlades+1","Revamp+1","Desolation+1"],"picked":"Deny","floor":40},{"not_picked":["Sabotage+1","Warcry","ShiftingGears","FanOfKnives"],"picked":"Capacitor+1","floor":48}],"player_experience":443072,"relics_obtained":[{"floor":6.0,"key":"Replay:Baseball"},{"floor":9.0,"key":"aspiration:FrozenJewel"},{"floor":20.0,"key":"Pantograph"},{"floor":21.0,"key":"hubris:MysteriousPyramids"},{"floor":27.0,"key":"InkBottle"},{"floor":37,"key":"Dead Branch"},{"floor":38,"key":"Toy Ornithopter"},{"floor":40,"key":"Shovel"},{"floor":41,"key":"Garlic"},{"floor":43,"key":"Circlet"},{"floor":44,"key":"conspire:TopHat"},{"floor":45,"key":"Iron Hammer"},{"floor":47,"key":"aspiration:SeaSaltIceCream"},{"floor":49,"key":"Blue Candle"}],"event_choices":[{"damage_healed":0.0,"max_hp_gain":0.0,"max_hp_loss":0.0,"gold_gain":0.0,"event_name":"Accursed Blacksmith","player_choice":"Rummage","floor":2.0,"gold_loss":0.0,"damage_taken":0.0,"relics_obtained":["WarpedTongs"],"cards_obtained":["Pain"]},{"cards_removed":["Pain"],"damage_healed":0.0,"max_hp_gain":0.0,"max_hp_loss":0.0,"gold_gain":0.0,"event_name":"The Cleric","player_choice":"Card Removal","floor":5.0,"gold_loss":50.0,"damage_taken":0.0},{"cards_removed":["Strike_S"],"damage_healed":0.0,"max_hp_gain":0.0,"max_hp_loss":0.0,"gold_gain":0.0,"event_name":"Golden Wing","player_choice":"Card Removal","floor":8.0,"gold_loss":0.0,"damage_taken":7.0},{"damage_healed":0.0,"max_hp_gain":0.0,"max_hp_loss":33.0,"gold_gain":0.0,"event_name":"Ghosts","player_choice":"Became a Ghost","floor":19.0,"gold_loss":0.0,"damage_taken":0.0,"cards_obtained":["Ghostly","Ghostly","Ghostly","Ghostly","Ghostly"]},{"damage_healed":0.0,"max_hp_gain":0.0,"max_hp_loss":0.0,"gold_gain":99.0,"event_name":"Nest","player_choice":"Stole From Cult","floor":22.0,"gold_loss":0.0,"damage_taken":0.0},{"damage_healed":0,"gold_gain":0,"player_choice":"Shed Blood","damage_taken":8,"max_hp_gain":5,"max_hp_loss":0,"event_name":"Forgotten Altar","floor":31,"gold_loss":0},{"damage_healed":0,"gold_gain":0,"player_choice":"Ignored","damage_taken":0,"max_hp_gain":0,"max_hp_loss":0,"event_name":"Tomb of Lord Red Mask","floor":36,"gold_loss":0},{"damage_healed":0,"gold_gain":0,"player_choice":"Fight","damage_taken":0,"max_hp_gain":0,"max_hp_loss":0,"event_name":"MindBloom","floor":37,"gold_loss":0},{"damage_healed":0,"gold_gain":0,"player_choice":"Embrace Madness","damage_taken":5,"max_hp_gain":0,"max_hp_loss":0,"event_name":"Winding Halls","floor":39,"gold_loss":0,"cards_obtained":["Madness","Madness"]}],"is_beta":false,"boss_relics":[{"not_picked":["Circlet","Calling Bell"],"picked":"Empty Cage"},{"not_picked":["aspiration:FutureDiary","Circlet"],"picked":"Honey Jar"}],"items_purged_floors":[24,42],"is_endless":false,"potions_floor_spawned":[1,10,11,16,18,25,35],"ascension_level":0}}