{"host":"cwd5s03r1oaxs6mx","time":1607856749,"event":{"mods":["Act Like it!","BaseMod","Better Third Choice","BetterRewards","CapriCore","Card Filter","Colored Map","Custom Start","DeckTracker","Friendly Minions","Hubris","Infinite Spire","Minty Spire (QoL Compilation)","Quick Restart","Relic Stats","Shop Mod","Spicy Shops","StSLib","SuperFastMode"],"gold_per_floor":[119,129,147,48,66,66,66,86,86,86,138,167,3,22,22,22,22],"floor_reached":16,"playtime":583,"items_purged":["Strike_R","Bash"],"score":304,"play_id":"0a66759d-e2f1-4a29-a216-afad5564fbc7","local_time":"20201213195229","is_ascension_mode":true,"campfire_choices":[{"data":"Panache","floor":6,"key":"SMITH"},{"data":"Deep Breath","floor":10,"key":"SMITH"},{"data":"Finesse","floor":15,"key":"SMITH"}],"circlet_count":0,"master_deck":["AscendersBane","Strike_R","Strike_R","Strike_R","Defend_R","Defend_R","Defend_R","Defend_R","Panache+1","Rage","Rage","Finesse+1","Finesse","Dropkick","Deep Breath+1","Offering","Finesse"],"relics":["Burning Blood","infinitespire:BottledMercury","Chemical X","Omamori","Toy Ornithopter","DollysMirror"],"acts_visited":["Exordium"],"potions_floor_usage":[12,16,16],"damage_taken":[{"damage":7,"enemies":"2 Louse","floor":1,"turns":3},{"damage":1,"enemies":"Jaw Worm","floor":2,"turns":4},{"damage":0,"enemies":"Cultist","floor":3,"turns":4},{"damage":6,"enemies":"Blue Slaver","floor":5,"turns":3},{"damage":17,"enemies":"3 Louse","floor":8,"turns":3},{"damage":5,"enemies":"Gremlin Nob","floor":12,"turns":3},{"damage":0,"enemies":"2 Fungi Beasts","floor":14,"turns":3},{"damage":77,"enemies":"Hexaghost","floor":16,"turns":16}],"seed_played":"1732378243943394412","potions_obtained":[{"floor":2,"key":"infinitespire:BlackPotion"},{"floor":5,"key":"EssenceOfSteel"},{"floor":12,"key":"GamblersBrew"}],"is_trial":false,"path_per_floor":["M","M","M","$","M","R","?","M","T","R","T","E","$","M","R","B"],"character_chosen":"IRONCLAD","items_purchased":["Panache","Sundial","Rage","infinitespire:BottledMercury","Rage","Finesse","Finesse","Chemical X","Deep Breath","DollysMirror"],"campfire_rested":0,"item_purchase_floors":[0,0,0,0,0,0,0,0,4,13],"current_hp_per_floor":[67,72,75,75,75,75,68,57,57,57,57,58,58,64,64,0,0],"gold":22,"neow_bonus":"","is_daily":false,"chose_seed":false,"campfire_upgraded":3,"win_rate":0.0,"timestamp":1607856749,"path_taken":["M","M","M","$","M","R","?","M","T","R","?","E","?","M","R","BOSS"],"items_purchased_type":["Card","Relic","Card","Relic","Card","Card","Card","Relic","Card","Relic"],"build_version":"2020-11-30","purchased_purges":2,"victory":false,"max_hp_per_floor":[75,75,75,75,75,75,75,75,75,75,75,75,75,75,75,75,75],"relic_stats":{"counters":[211,746],"Chemical X":[1],"obtain_stats":[{"infinitespire:BottledMercury":0,"Ginger":47,"Whetstone":48,"Bottled Tornado":0,"hubris:MysteriousPyramids":7,"Sling":54,"Blood Vial":27,"Sundial":54,"MealTicket":30,"Kunai":55,"MerchantsRug":53,"Pear":39,"hubris:SphereOfDissonance":9,"Velvet Choker":17,"Eternal Feather":28,"Pen Nib":9,"infinitespire:Magic Flask":0,"Akabeko":47,"Runic Dome":17,"SlaversCollar":17,"CultistMask":10,"Mark of Pain":34,"StrikeDummy":27,"Unceasing Top":8,"infinitespire:PuzzleCube":40,"infinitespire:Cupcake":33,"hubris:Reverence":0,"hubris:Metronome":12,"Regal Pillow":25,"Singing Bowl":26,"Torii":40,"Magic Flower":43,"StoneCalendar":0,"Bag of Preparation":0,"Smiling Mask":9,"Burning Blood":0,"hubris:Backtick":17,"Shovel":12,"infinitespire:Bottled Soul":17,"Toolbox":54,"Chemical X":0,"hubris:ChampionShield":41,"hubris:GlazedTorus":0,"NeowsBlessing":0,"Golden Idol":5,"Thread and Needle":26,"PreservedInsect":20,"Omamori":30,"infinitespire:Lucky Rock":23,"hubris:Towel":4,"Frozen Egg 2":7,"MawBank":13,"hubris:Spice":0,"Turnip":54,"Art of War":54,"Champion Belt":0,"Bottled Lightning":43,"hubris:CrackedHourglass":17,"Toy Ornithopter":12,"hubris:CrystalStatue":9,"Calipers":0,"Vajra":0,"Centennial Puzzle":7,"Lizard Tail":39,"HornCleat":43,"DollysMirror":0,"Strawberry":37,"Prayer Wheel":10,"Toxic Egg 2":0,"hubris:Teleporter":0,"Astrolabe":17,"Oddly Smooth Stone":45,"Charon\u0027s Ashes":0,"hubris:HollowSoul":34,"Letter Opener":17,"War Paint":46,"Question Card":23,"hubris:Zylophone":11,"Bronze Scales":9,"Molten Egg 2":0,"hubris:PeanutButter":48,"Nloth\u0027s Gift":19,"Black Star":17,"infinitespire:EmpoweringShard":25,"hubris:ToyBattleship":26,"Enchiridion":19,"Black Blood":34,"hubris:SlimyHat":0,"Incense Burner":29,"ClockworkSouvenir":28,"Nunchaku":40,"Mummified Hand":14,"Pantograph":6,"hubris:IronBody":41,"Red Mask":20,"Red Skull":7,"infinitespire:CursedDice":40,"infinitespire:FocusingShard":9,"Orichalcum":35,"Medical Kit":14,"White Beast Statue":44,"Mercury Hourglass":53,"Peace Pipe":25,"Strange Spoon":14,"Anchor":47,"infinitespire:Satchel":0,"Bag of Marbles":54,"Membership Card":0,"hubris:Potato":26,"FossilizedHelix":0},{"infinitespire:BottledMercury":87,"Ginger":59,"Whetstone":111,"Bottled Tornado":20,"hubris:MysteriousPyramids":40,"Sling":62,"Blood Vial":33,"Sundial":62,"MealTicket":102,"Kunai":202,"MerchantsRug":85,"Pear":192,"hubris:SphereOfDissonance":118,"Velvet Choker":178,"Eternal Feather":50,"Pen Nib":40,"infinitespire:Magic Flask":64,"Akabeko":83,"Runic Dome":44,"SlaversCollar":151,"CultistMask":6,"Mark of Pain":160,"StrikeDummy":99,"Unceasing Top":6,"infinitespire:PuzzleCube":163,"infinitespire:Cupcake":77,"hubris:Reverence":170,"hubris:Metronome":26,"Regal Pillow":126,"Singing Bowl":74,"Torii":80,"Magic Flower":81,"StoneCalendar":64,"Bag of Preparation":36,"Smiling Mask":17,"Burning Blood":0,"hubris:Backtick":27,"Shovel":175,"infinitespire:Bottled Soul":95,"Toolbox":201,"Chemical X":87,"hubris:ChampionShield":109,"hubris:GlazedTorus":64,"NeowsBlessing":0,"Golden Idol":67,"Thread and Needle":74,"PreservedInsect":96,"Omamori":158,"infinitespire:Lucky Rock":156,"hubris:Towel":67,"Frozen Egg 2":91,"MawBank":18,"hubris:Spice":64,"Turnip":86,"Art of War":168,"Champion Belt":64,"Bottled Lightning":164,"hubris:CrackedHourglass":9,"Toy Ornithopter":209,"hubris:CrystalStatue":6,"Calipers":64,"Vajra":87,"Centennial Puzzle":16,"Lizard Tail":55,"HornCleat":109,"DollysMirror":36,"Strawberry":106,"Prayer Wheel":25,"Toxic Egg 2":141,"hubris:Teleporter":64,"Astrolabe":121,"Oddly Smooth Stone":58,"Charon\u0027s Ashes":12,"hubris:HollowSoul":53,"Letter Opener":27,"War Paint":110,"Question Card":31,"hubris:Zylophone":41,"Bronze Scales":24,"Molten Egg 2":36,"hubris:PeanutButter":166,"Nloth\u0027s Gift":10,"Black Star":72,"infinitespire:EmpoweringShard":74,"hubris:ToyBattleship":98,"Enchiridion":73,"Black Blood":130,"hubris:SlimyHat":141,"Incense Burner":186,"ClockworkSouvenir":33,"Nunchaku":193,"Mummified Hand":26,"Pantograph":173,"hubris:IronBody":135,"Red Mask":180,"Red Skull":146,"infinitespire:CursedDice":80,"infinitespire:FocusingShard":68,"Orichalcum":78,"Medical Kit":8,"White Beast Statue":196,"Mercury Hourglass":201,"Peace Pipe":48,"Strange Spoon":26,"Anchor":136,"infinitespire:Satchel":112,"Bag of Marbles":201,"Membership Card":20,"hubris:Potato":32,"FossilizedHelix":64},{"infinitespire:BottledMercury":335,"Ginger":184,"Whetstone":432,"Bottled Tornado":76,"hubris:MysteriousPyramids":151,"Sling":188,"Blood Vial":132,"Sundial":188,"MealTicket":395,"Kunai":701,"MerchantsRug":321,"Pear":672,"hubris:SphereOfDissonance":461,"Velvet Choker":641,"Eternal Feather":174,"Pen Nib":151,"infinitespire:Magic Flask":194,"Akabeko":307,"Runic Dome":167,"SlaversCollar":551,"CultistMask":18,"Mark of Pain":585,"StrikeDummy":380,"Unceasing Top":18,"infinitespire:PuzzleCube":597,"infinitespire:Cupcake":271,"hubris:Reverence":628,"hubris:Metronome":99,"Regal Pillow":480,"Singing Bowl":248,"Torii":287,"Magic Flower":294,"StoneCalendar":194,"Bag of Preparation":141,"Smiling Mask":57,"Burning Blood":0,"hubris:Backtick":105,"Shovel":635,"infinitespire:Bottled Soul":368,"Toolbox":699,"Chemical X":335,"hubris:ChampionShield":423,"hubris:GlazedTorus":194,"NeowsBlessing":0,"Golden Idol":203,"Thread and Needle":248,"PreservedInsect":373,"Omamori":578,"infinitespire:Lucky Rock":572,"hubris:Towel":203,"Frozen Egg 2":347,"MawBank":63,"hubris:Spice":194,"Turnip":328,"Art of War":619,"Champion Belt":194,"Bottled Lightning":602,"hubris:CrackedHourglass":26,"Toy Ornithopter":727,"hubris:CrystalStatue":18,"Calipers":194,"Vajra":335,"Centennial Puzzle":54,"Lizard Tail":180,"HornCleat":423,"DollysMirror":141,"Strawberry":411,"Prayer Wheel":93,"Toxic Egg 2":522,"hubris:Teleporter":194,"Astrolabe":470,"Oddly Smooth Stone":183,"Charon\u0027s Ashes":39,"hubris:HollowSoul":177,"Letter Opener":105,"War Paint":427,"Question Card":120,"hubris:Zylophone":156,"Bronze Scales":89,"Molten Egg 2":141,"hubris:PeanutButter":610,"Nloth\u0027s Gift":30,"Black Star":238,"infinitespire:EmpoweringShard":248,"hubris:ToyBattleship":378,"Enchiridion":242,"Black Blood":488,"hubris:SlimyHat":522,"Incense Burner":658,"ClockworkSouvenir":132,"Nunchaku":675,"Mummified Hand":99,"Pantograph":633,"hubris:IronBody":501,"Red Mask":644,"Red Skull":537,"infinitespire:CursedDice":287,"infinitespire:FocusingShard":208,"Orichalcum":273,"Medical Kit":23,"White Beast Statue":683,"Mercury Hourglass":699,"Peace Pipe":172,"Strange Spoon":99,"Anchor":504,"infinitespire:Satchel":445,"Bag of Marbles":699,"Membership Card":76,"hubris:Potato":123,"FossilizedHelix":194}],"Burning Blood":961,"Toy Ornithopter":10},"card_choices":[{"not_picked":["Reckless Charge","Clothesline"],"picked":"Dropkick","floor":1},{"not_picked":["Twin Strike","Power Through","Cleave"],"picked":"SKIP","floor":2},{"not_picked":["Sentinel","Clothesline","Heavy Blade"],"picked":"SKIP","floor":3},{"not_picked":["Warcry","Combust","Spot Weakness"],"picked":"SKIP","floor":5},{"not_picked":["Armaments","Thunderclap","Anger"],"picked":"SKIP","floor":8},{"not_picked":["Body Slam","True Grit"],"picked":"Offering","floor":12},{"not_picked":["Reckless Charge","Twin Strike","Heavy Blade"],"picked":"SKIP","floor":14}],"player_experience":897927,"relics_obtained":[{"floor":9,"key":"Omamori"},{"floor":12,"key":"Toy Ornithopter"}],"event_choices":[{"cards_removed":["Strike_R"],"damage_healed":0,"gold_gain":0,"player_choice":"Card Removal","damage_taken":7,"max_hp_gain":0,"max_hp_loss":0,"event_name":"Golden Wing","floor":7,"gold_loss":0}],"is_beta":false,"boss_relics":[],"items_purged_floors":[0,0],"is_endless":false,"potions_floor_spawned":[2,5,12,14],"killed_by":"Hexaghost","ascension_level":20}}