{"host":"nzm1i0l8mrsm8hd2","time":1607881931,"event":{"mods":["Act Like it!","BaseMod","Better Third Choice","Conspire","Minty Spire (QoL Compilation)","Pale of the Ancients","Quick Restart","RumiaBox-露米娅的神秘盒子","Spicy Shops","StSLib","The Dragon Tamer","Wandering Minibosses"],"gold_per_floor":[111,122,122,137,62,96,96,112,112,112,133,133,158,169,169,266,266,277,287,212,212,212,212,245,245,245,245,245,262,287,305,305,402,402,412,412,437,65,0,0,25,25,25,25,68,87,87,87,87,87,98,109,124,124,124,135,135,135,135,135,135,135],"floor_reached":60,"playtime":3504,"items_purged":["DTMod:Strike","DTMod:Strike","DTMod:TargetDefense"],"score":1069,"play_id":"c386a1f6-a824-409c-a4dc-f8cad2359405","local_time":"20201214015211","is_ascension_mode":false,"metric_token":791,"campfire_choices":[{"data":"DTMod:SwitchingTactic","floor":7.0,"key":"SMITH"},{"data":"DTMod:BreakAttack","floor":10.0,"key":"SMITH"},{"data":"DTMod:Training","floor":15.0,"key":"SMITH"},{"data":"DTMod:MagiciansMark","floor":23.0,"key":"SMITH"},{"data":"DTMod:OpeningTactic","floor":25.0,"key":"SMITH"},{"data":"DTMod:Feint","floor":27.0,"key":"SMITH"},{"data":"DTMod:CrossStep","floor":32.0,"key":"SMITH"},{"data":"DTMod:Harmonize","floor":40,"key":"SMITH"},{"data":"DTMod:Adaptation","floor":42,"key":"SMITH"},{"floor":44,"key":"RECALL"},{"data":"DTMod:Outburst","floor":47,"key":"SMITH"},{"data":"DTMod:Observe","floor":49,"key":"SMITH"},{"floor":55,"key":"REST"},{"floor":57,"key":"REST"}],"dtmod_dragon_data":[0,50,3,3,2,2],"circlet_count":0,"master_deck":["DTMod:DoubleHit","DTMod:TargetDefense+1","DTMod:TargetDefense","DTMod:TargetDefense","DTMod:SwitchingTactic+1","DTMod:Adaptation+1","DTMod:Feint+1","DTMod:BreakAttack+1","DTMod:Training+1","DTMod:MagiciansMark+1","DTMod:CalculatedDefense","DTMod:BalancedStrike","DTMod:Harmonize+1","DTMod:BalancedStrike","DTMod:ComboAttack+1","DTMod:OpeningTactic+1","DTMod:CrossStep+1","DTMod:BalancedStrike+1","DTMod:Weaken","DTMod:LightShield","DTMod:Training+1","DTMod:ComboAttack+1","DTMod:BalancedStrike+1","DTMod:Outburst+1","DTMod:Threaten+1","DTMod:Observe+1","DTMod:InvisibleFlame+1","DTMod:BalancedStrike+1"],"relics":["DTMod:PactStone","NeowsBlessing","Baka2","Pantograph","conspire:DeflatedDodgeball","Centennial Puzzle","SoulBox","DTMod:BindingString","Pear","Regal Pillow","MagicDraw1","Pear","Philosopher\u0027s Stone","Nunchaku","Dead Branch","Happy Flower","Gambling Chip","conspire:GiftBox","Dream Catcher","paleoftheancients:Timepiece","paleoftheancients:KeyRelic","Gremlin Horn","CultistMask","paleoftheancients:SoulOfTheSilent","paleoftheancients:BlurryLens","conspire:Dentures","Bottled Tornado"],"acts_visited":["Exordium","TheCity","TheBeyond","TheBeyond"],"potions_floor_usage":[56,60,60,60,60,60],"damage_taken":[{"damage":0.0,"enemies":"conspire:RoseBush","floor":1.0,"turns":1.0},{"damage":0.0,"enemies":"Jaw Worm","floor":2.0,"turns":1.0},{"damage":0.0,"enemies":"Small Slimes","floor":4.0,"turns":1.0},{"damage":24.0,"enemies":"Lagavulin","floor":6.0,"turns":8.0},{"damage":10.0,"enemies":"2 Fungi Beasts","floor":8.0,"turns":4.0},{"damage":0.0,"enemies":"Blue Slaver","floor":11.0,"turns":2.0},{"damage":0.0,"enemies":"3 Sentries","floor":13.0,"turns":7.0},{"damage":4.0,"enemies":"Red Slaver","floor":14.0,"turns":3.0},{"damage":7.0,"enemies":"The Guardian","floor":16.0,"turns":5.0},{"damage":0.0,"enemies":"Spheric Guardian","floor":18.0,"turns":5.0},{"damage":15.0,"enemies":"3 Byrds","floor":19.0,"turns":4.0},{"damage":4.0,"enemies":"conspire:Head Lice","floor":24.0,"turns":3.0},{"damage":0.0,"enemies":"Snake Plant","floor":29.0,"turns":5.0},{"damage":16.0,"enemies":"Gremlin Leader","floor":30.0,"turns":3.0},{"damage":0.0,"enemies":"conspire:HollyBat","floor":31.0,"turns":4.0},{"damage":8.0,"enemies":"conspire:MysteriousRune","floor":33.0,"turns":8.0},{"damage":0,"enemies":"3 Darklings","floor":35,"turns":2},{"damage":16,"enemies":"3 Shapes","floor":39,"turns":4},{"damage":0,"enemies":"Nemesis","floor":41,"turns":5},{"damage":0,"enemies":"conspire:MimicChest","floor":45,"turns":5},{"damage":0,"enemies":"Transient","floor":46,"turns":3},{"damage":27,"enemies":"Awakened One","floor":50,"turns":5},{"damage":5,"enemies":"Awakened One","floor":51,"turns":3},{"damage":0,"enemies":"Awakened One","floor":52,"turns":1},{"damage":0,"enemies":"paleoftheancients:BASlime1","floor":53,"turns":1},{"damage":62,"enemies":"paleoftheancients:BASlime1","floor":56,"turns":5},{"damage":182,"enemies":"paleoftheancients:N","floor":60,"turns":11}],"seed_played":"-2072527216275824267","potions_obtained":[{"floor":1.0,"key":"PowerPotion"},{"floor":14.0,"key":"Strength Potion"},{"floor":46,"key":"DuplicationPotion"},{"floor":56,"key":"Regen Potion"}],"is_trial":false,"path_per_floor":["M","M","?","M","$","E","R","M","T","R","M","?","E","M","R","B",null,"M","M","?","?","?","R","E","R","T","R","?","M","E","M","R","B",null,"M","?","T","$","M","R","E","R","T","R","?","M","R","?","R","B","M","M","M","T","R","M","R","T","?","B"],"character_chosen":"THE_DT","items_purchased":["Dead Branch"],"campfire_rested":2,"item_purchase_floors":[38],"current_hp_per_floor":[45,45,50,50,50,26,26,16,16,16,16,16,49,46,46,43,50,50,35,35,35,35,35,41,41,41,41,41,41,25,60,60,62,70,70,66,66,66,50,50,50,50,50,50,50,50,50,50,50,66,64,66,66,66,66,35,66,66,66,0,0,0],"gold":135,"neow_bonus":"THREE_ENEMY_KILL","is_daily":false,"chose_seed":false,"campfire_upgraded":11,"win_rate":0.0,"timestamp":1607881931,"path_taken":["M","M","?","M","?","E","R","M","T","R","M","?","E","M","R","BOSS","M","M","?","?","?","R","E","R","T","R","?","M","E","?","R","BOSS","M","?","?","?","M","R","E","R","T","R","?","M","R","?","R","BOSS","M","M","?","T","R","M","R","T","?","BOSS"],"items_purchased_type":["Relic"],"build_version":"2020-11-30","purchased_purges":3,"victory":false,"max_hp_per_floor":[45,45,50,50,50,50,50,50,50,50,50,50,50,50,50,50,50,50,50,50,50,50,50,60,60,60,60,60,60,60,60,60,70,70,70,66,66,66,66,66,66,66,66,66,66,66,66,66,66,66,66,66,66,66,66,66,66,66,66,66,66,66],"card_choices":[{"not_picked":["DTMod:Threaten","DTMod:FlameSlash"],"picked":"DTMod:Adaptation","floor":1.0},{"not_picked":["DTMod:Hide","DTMod:TauntingStrike"],"picked":"DTMod:Feint","floor":2.0},{"not_picked":["DTMod:HeatWave","DTMod:Shift"],"picked":"DTMod:BreakAttack","floor":4.0},{"not_picked":["DTMod:CleansingStrike","DTMod:Hide","DTMod:BreakAttack"],"picked":"SKIP","floor":6.0},{"not_picked":["DTMod:MasterPlan","DTMod:QuickFly","DTMod:BurningEnergy"],"picked":"SKIP","floor":8.0},{"not_picked":["DTMod:ComboAttack","DTMod:QuickFly"],"picked":"DTMod:Training","floor":11.0},{"not_picked":["DTMod:HeatWave","DTMod:GearUp"],"picked":"DTMod:CalculatedDefense","floor":13.0},{"not_picked":["DTMod:Punisher","DTMod:Feint"],"picked":"DTMod:BalancedStrike","floor":14.0},{"not_picked":["DTMod:Multitask","DTMod:ExcessFootwork"],"picked":"DTMod:Harmonize","floor":16.0},{"not_picked":["DTMod:HeatWave+1","DTMod:FlameSlash"],"picked":"DTMod:BalancedStrike","floor":18.0},{"not_picked":["DTMod:MagicField","DTMod:CleansingStrike"],"picked":"DTMod:ComboAttack+1","floor":19.0},{"not_picked":["DTMod:BlueScale","DTMod:Weaken+1"],"picked":"DTMod:CrossStep","floor":24.0},{"not_picked":["DTMod:Feint+1","DTMod:Observe"],"picked":"DTMod:BalancedStrike+1","floor":29.0},{"not_picked":["DTMod:RunningTactic","DTMod:BurningEnergy","DTMod:HeatWave"],"picked":"SKIP","floor":30.0},{"not_picked":["DTMod:MasterPlan+1","DTMod:ForkedFire"],"picked":"DTMod:Weaken","floor":31.0},{"not_picked":["DTMod:TriAttack","DTMod:Inferno"],"picked":"DTMod:LightShield","floor":33.0},{"not_picked":["DTMod:Cover+1","DTMod:Feint"],"picked":"DTMod:Training+1","floor":35},{"not_picked":["DTMod:BlazingStrike","DTMod:Feint+1"],"picked":"DTMod:ComboAttack+1","floor":39},{"not_picked":["DTMod:BurningEnergy+1","DTMod:Safeguard"],"picked":"DTMod:BalancedStrike+1","floor":41},{"not_picked":["DTMod:Inferno","DTMod:ExcessFootwork"],"picked":"DTMod:Outburst","floor":43},{"not_picked":["DTMod:BuildUp","DTMod:BurningEnergy"],"picked":"DTMod:Threaten+1","floor":45},{"not_picked":["DTMod:LowKick","DTMod:FlameSlash"],"picked":"DTMod:Observe","floor":45},{"not_picked":["DTMod:Training","DTMod:FlameSlash","DTMod:Hide+1"],"picked":"SKIP","floor":46},{"not_picked":["DTMod:ComboAttack","DTMod:Multitask"],"picked":"DTMod:InvisibleFlame+1","floor":51},{"not_picked":["DTMod:CleansingStrike","DTMod:StarRain+1","DTMod:DragonDance"],"picked":"SKIP","floor":52},{"not_picked":["DTMod:BreakAttack+1","DTMod:Hide+1","DTMod:BlazingStrike"],"picked":"SKIP","floor":13},{"not_picked":["DTMod:MasterPlan","DTMod:RecklessFlurry"],"picked":"DTMod:BalancedStrike+1","floor":56}],"player_experience":553103,"relics_obtained":[{"floor":1.0,"key":"Baka"},{"floor":2.0,"key":"Baka2"},{"floor":6.0,"key":"Pantograph"},{"floor":9.0,"key":"conspire:DeflatedDodgeball"},{"floor":13.0,"key":"Centennial Puzzle"},{"floor":19.0,"key":"DTMod:BindingString"},{"floor":24.0,"key":"Pear"},{"floor":24.0,"key":"Regal Pillow"},{"floor":30.0,"key":"MagicDraw1"},{"floor":33.0,"key":"Pear"},{"floor":37,"key":"Nunchaku"},{"floor":39,"key":"Happy Flower"},{"floor":41,"key":"Gambling Chip"},{"floor":43,"key":"conspire:GiftBox"},{"floor":45,"key":"Dream Catcher"},{"floor":51,"key":"paleoftheancients:SoulOfTheSilent"},{"floor":53,"key":"paleoftheancients:BlurryLens"},{"floor":54,"key":"conspire:Dentures"},{"floor":58,"key":"Bottled Tornado"}],"event_choices":[{"damage_healed":0.0,"max_hp_gain":5.0,"max_hp_loss":0.0,"gold_gain":0.0,"event_name":"Big Fish","player_choice":"Donut","floor":3.0,"gold_loss":0.0,"damage_taken":0.0},{"damage_healed":0.0,"max_hp_gain":0.0,"max_hp_loss":0.0,"gold_gain":0.0,"cards_transformed":["DTMod:Strike"],"event_name":"Living Wall","player_choice":"Change","floor":12.0,"gold_loss":0.0,"damage_taken":0.0,"cards_obtained":["DTMod:MagiciansMark"]},{"cards_removed":["DTMod:Strike"],"damage_healed":0.0,"max_hp_gain":0.0,"max_hp_loss":0.0,"gold_gain":0.0,"event_name":"Beggar","player_choice":"Gave Gold","floor":20.0,"gold_loss":75.0,"damage_taken":0.0},{"damage_healed":0.0,"max_hp_gain":0.0,"max_hp_loss":0.0,"gold_gain":0.0,"event_name":"The Library","player_choice":"Read","floor":21.0,"gold_loss":0.0,"damage_taken":0.0,"cards_obtained":["DTMod:OpeningTactic"]},{"damage_healed":0.0,"max_hp_gain":0.0,"max_hp_loss":0.0,"gold_gain":0.0,"event_name":"The Mausoleum","player_choice":"Ignored","floor":22.0,"gold_loss":0.0,"damage_taken":0.0},{"damage_healed":0.0,"max_hp_gain":0.0,"max_hp_loss":0.0,"gold_gain":0.0,"event_name":"Upgrade Shrine","player_choice":"Upgraded","floor":28.0,"gold_loss":0.0,"damage_taken":0.0,"cards_upgraded":["DTMod:TargetDefense"]},{"damage_healed":0,"gold_gain":0,"player_choice":"Max HP","damage_taken":0,"max_hp_gain":0,"max_hp_loss":4,"event_name":"Winding Halls","floor":36,"gold_loss":0},{"damage_healed":0,"gold_gain":0,"player_choice":"Bought 0 Potions","damage_taken":0,"max_hp_gain":0,"max_hp_loss":0,"event_name":"The Woman in Blue","floor":48,"gold_loss":0}],"is_beta":false,"boss_relics":[{"not_picked":["conspire:SpecialSausage","conspire:SeveredTorchhead"],"picked":"SoulBox"},{"not_picked":["Astrolabe","Snecko Eye"],"picked":"Philosopher\u0027s Stone"}],"items_purged_floors":[5,38,38],"is_endless":false,"potions_floor_spawned":[1,11,14,29,30,31,39,46,52,56],"killed_by":"paleoftheancients:N","ascension_level":0}}