{"host":"oi1nj6gqzrtwlr6p","time":1607849276,"event":{"mods":["2.2 Compatiblity","BaseMod","Better Match","Better Note","Block Reminder","Colored Powertips","DeckTracker","Downfall","Energized Spire","Koishi","Marisa????????","Minty Spire (QoL Compilation)","Rare Cards Sparkle","Reimu??????","StSLib","Td1madao Mod","The Administrix","The Senshi","The Servant 0.9.4","The Vixen","The Wild Card"],"gold_per_floor":[110,42,62,62,74,85,100,100,100,100,119,119,119,136,136,233,283,298,298,298,298,30,30,40,74,74,101,77,77,77,2,2,105,105,118,130,130,130,6,6,25,25,25,25,40,52,52,104,104,104],"floor_reached":51,"playtime":3511,"items_purged":["Pain"],"score":698,"play_id":"f0e1de80-da5e-421d-9ef8-fc3c51eb7645","local_time":"20201213024756","is_ascension_mode":false,"campfire_choices":[{"data":"Guardian:CurlUp","floor":8,"key":"SMITH"},{"data":"Guardian:FloatingOrbs","floor":12,"key":"SMITH"},{"data":"Guardian:PrismaticBarrier","floor":15,"key":"SMITH"},{"data":"Guardian:StasisField","floor":23,"key":"SMITH"},{"data":"Guardian:GatlingBeam","floor":30,"key":"SMITH"},{"floor":32,"key":"REST"},{"data":"Guardian:Planning","floor":40,"key":"SMITH"},{"data":"Guardian:FierceBash","floor":42,"key":"SMITH"},{"floor":47,"key":"REST"},{"floor":49,"key":"REST"}],"circlet_count":0,"master_deck":["Guardian:Strike_Guardian","Guardian:Strike_Guardian","Guardian:Strike_Guardian","Guardian:Defend_Guardian","Guardian:Defend_Guardian","Guardian:Defend_Guardian","Guardian:Defend_Guardian","Guardian:CurlUp+1","Guardian:TwinSlam","Guardian:FloatingOrbs+1","Guardian:TemporalStrike","Guardian:ChargeUp+1","Guardian:StasisField+1","Guardian:PrismaticBarrier+1","Guardian:Recover","Guardian:Incinerate","Guardian:GatlingBeam+1","Guardian:ArmoredProtocol+1","Guardian:Reroute","Guardian:TimeCapacitor","Guardian:FierceBash+1","Guardian:ChargeUp+1","Guardian:TemporalStrike+1","Madness","Madness","Guardian:Planning+1","Panache","Guardian:PrismaticBeam+1","Guardian:ArmoredProtocol+1"],"relics":["Guardian:ModeShifter","Bottled Lightning","CrazyTorch:ReiMu","Nloth\u0027s Gift","TentaclePot:ReiMu","Bottled Flame","Bronze Scales","Art of War","SlaversCollar","Guardian:StasisCodex","Lizard Tail"],"acts_visited":["Exordium","TheCity","TheBeyond"],"potions_floor_usage":[25,27,48,48,50],"damage_taken":[{"damage":0,"enemies":"Cultist","floor":1,"turns":4},{"damage":2,"enemies":"2 Louse","floor":3,"turns":4},{"damage":0,"enemies":"Small Slimes","floor":5,"turns":3},{"damage":4,"enemies":"Red Slaver","floor":6,"turns":5},{"damage":5,"enemies":"Exordium Wildlife","floor":7,"turns":5},{"damage":10,"enemies":"3 Louse","floor":11,"turns":4},{"damage":0,"enemies":"Looter","floor":14,"turns":3},{"damage":39,"enemies":"The Guardian","floor":16,"turns":12},{"damage":10,"enemies":"3 Byrds","floor":18,"turns":4},{"damage":0,"enemies":"Shell Parasite","floor":24,"turns":5},{"damage":16,"enemies":"Gremlin Leader","floor":25,"turns":5},{"damage":4,"enemies":"Book of Stabbing","floor":27,"turns":5},{"damage":17,"enemies":"Collector","floor":33,"turns":9},{"damage":5,"enemies":"Orb Walker","floor":35,"turns":4},{"damage":7,"enemies":"3 Darklings","floor":36,"turns":5},{"damage":22,"enemies":"Sphere and 2 Shapes","floor":41,"turns":4},{"damage":9,"enemies":"4 Shapes","floor":45,"turns":5},{"damage":19,"enemies":"Maw","floor":46,"turns":7},{"damage":23,"enemies":"2 Orb Walkers","floor":48,"turns":4},{"damage":22,"enemies":"Donu and Deca","floor":50,"turns":10}],"seed_played":"8947120817233203476","potions_obtained":[{"floor":5,"key":"DuplicationPotion"},{"floor":6,"key":"Dexterity Potion"},{"floor":10,"key":"FearPotion"},{"floor":25,"key":"BlessingOfTheForge"},{"floor":36,"key":"Strength Potion"},{"floor":46,"key":"SkillPotion"}],"is_trial":false,"path_per_floor":["M","$","M","?","M","M","M","R","T","?","M","R","T","M","R","B",null,"M","?","?","?","$","R","M","E","T","E","$","?","R","$","R","B",null,"M","M","?","?","$","R","M","R","T","?","M","M","R","?","R","B",null],"character_chosen":"GUARDIAN","items_purchased":["Guardian:Gem_Lightblue","Guardian:TemporalStrike","TentaclePot:ReiMu","Guardian:Gem_Blue","Guardian:Gem_Lightblue","Guardian:Gem_Red","Guardian:TimeCapacitor","Guardian:Planning"],"campfire_rested":3,"item_purchase_floors":[2,2,22,22,22,28,31,39],"current_hp_per_floor":[80,80,78,78,78,74,69,69,69,69,59,59,59,59,59,20,85,75,75,75,75,75,75,75,59,59,55,55,55,55,55,80,63,85,80,73,85,73,73,73,51,51,51,51,42,23,52,29,58,36],"gold":104,"neow_bonus":"TRANSFORM_CARD","is_daily":false,"chose_seed":false,"campfire_upgraded":7,"win_rate":0.0,"timestamp":1607849276,"path_taken":["M","?","?","?","?","M","M","R","T","?","?","R","?","M","R","BOSS","M","?","?","?","$","R","M","E","T","E","$","?","R","?","R","BOSS","M","M","?","?","?","R","M","R","T","?","M","?","R","?","R","BOSS"],"items_purchased_type":["Card","Card","Relic","Card","Card","Card","Card","Card"],"build_version":"2020-11-30","purchased_purges":1,"victory":true,"max_hp_per_floor":[80,80,80,80,80,80,80,80,80,80,80,80,80,80,80,80,85,85,85,85,85,85,85,85,85,85,85,85,85,85,85,85,85,85,85,85,97,97,97,97,97,97,97,97,97,97,97,97,97,97],"card_choices":[{"not_picked":["Guardian:Gem_Red","Guardian:PrimingBeam"],"picked":"Guardian:Gem_Green","floor":1},{"not_picked":["Guardian:ChargeCore","Guardian:Reroute"],"picked":"Guardian:ChargeUp","floor":3},{"not_picked":["Guardian:VentSteam","Guardian:Reroute"],"picked":"Guardian:StasisField","floor":5},{"not_picked":["Guardian:PiercingHide","Guardian:SentryBeam"],"picked":"Guardian:PrismaticBarrier","floor":6},{"not_picked":["Guardian:SphericShield","Guardian:Incinerate"],"picked":"Guardian:Recover","floor":7},{"not_picked":["Guardian:FloatingOrbs","Guardian:TemporalShield"],"picked":"Guardian:Gem_White","floor":11},{"not_picked":["Guardian:WalkerClaw","Guardian:AncientConstruct"],"picked":"Guardian:Incinerate","floor":14},{"not_picked":["Guardian:ConstructionForm","Guardian:GemFire"],"picked":"Guardian:GatlingBeam","floor":16},{"not_picked":["Guardian:DecasProtection","Guardian:TemporalStrike"],"picked":"Guardian:ArmoredProtocol","floor":17},{"not_picked":["Guardian:ChargeUp","Guardian:ChargeCore"],"picked":"Guardian:Reroute","floor":18},{"not_picked":["Guardian:Clone","Guardian:GuardianWhirl"],"picked":"Guardian:Gem_Green","floor":24},{"not_picked":["Guardian:FastForward","Guardian:Planning+1"],"picked":"Guardian:Gem_Red","floor":25},{"not_picked":["Guardian:TemporalShield","Guardian:GemFinder"],"picked":"Guardian:Gem_Orange","floor":27},{"not_picked":["Guardian:CompilePackage","Guardian:GemFire"],"picked":"Guardian:FierceBash","floor":33},{"not_picked":["Guardian:Gem_Cyan","Guardian:RefractedBeam"],"picked":"Guardian:ChargeUp+1","floor":35},{"not_picked":["Guardian:ChargeCore","Guardian:PrimingBeam+1"],"picked":"Guardian:TemporalStrike+1","floor":36},{"not_picked":["Guardian:Recover+1","Guardian:ShieldCharger"],"picked":"Guardian:Gem_Lightblue","floor":41},{"not_picked":["Swift Strike","Bandage Up"],"picked":"Panache","floor":44},{"not_picked":["Guardian:VentSteam+1","Guardian:SpikerProtocol"],"picked":"Guardian:Gem_Lightblue","floor":45},{"not_picked":["Guardian:FuturePlans","Guardian:CrystalBeam"],"picked":"Guardian:PrismaticBeam+1","floor":46},{"not_picked":["Guardian:Harden+1","Guardian:CrystalBeam"],"picked":"Guardian:ArmoredProtocol+1","floor":48}],"player_experience":343871,"relics_obtained":[{"floor":9,"key":"Bottled Lightning"},{"floor":13,"key":"CrazyTorch:ReiMu"},{"floor":25,"key":"Bottled Flame"},{"floor":26,"key":"Bronze Scales"},{"floor":27,"key":"Art of War"},{"floor":43,"key":"Guardian:StasisCodex"},{"floor":48,"key":"Lizard Tail"}],"event_choices":[{"damage_healed":0,"gold_gain":0,"player_choice":"Got Potions","damage_taken":0,"max_hp_gain":0,"max_hp_loss":0,"event_name":"Lab","floor":10,"gold_loss":0},{"damage_healed":0,"gold_gain":0,"player_choice":"Traded Relic","damage_taken":0,"relics_obtained":["Nloth\u0027s Gift"],"max_hp_gain":0,"max_hp_loss":0,"event_name":"N\u0027loth","floor":19,"relics_lost":["Tiny House"],"gold_loss":0},{"damage_healed":0,"gold_gain":0,"player_choice":"Ignored","damage_taken":0,"max_hp_gain":0,"max_hp_loss":0,"event_name":"betterNote:BetterNote","floor":21,"gold_loss":0,"cards_obtained":["SpringWay:ReiMu"]},{"damage_healed":0,"gold_gain":0,"player_choice":"Ignored","damage_taken":0,"max_hp_gain":0,"max_hp_loss":0,"event_name":"Beggar","floor":29,"gold_loss":0},{"damage_healed":0,"gold_gain":0,"player_choice":"Embrace Madness","damage_taken":12,"max_hp_gain":0,"max_hp_loss":0,"event_name":"Winding Halls","floor":38,"gold_loss":0,"cards_obtained":["Madness","Madness"]},{"damage_healed":0,"gold_gain":0,"player_choice":"Memory 1","damage_taken":0,"max_hp_gain":0,"max_hp_loss":0,"event_name":"SensoryStone","floor":44,"gold_loss":0},{"damage_healed":0,"gold_gain":0,"player_choice":"Fight","damage_taken":0,"max_hp_gain":0,"max_hp_loss":0,"event_name":"Mysterious Sphere","floor":48,"gold_loss":0}],"is_beta":false,"boss_relics":[{"not_picked":["energizedSpire:SpiderWeb","Guardian:StasisSlotReductionRelic"],"picked":"Tiny House"},{"not_picked":["Runic Dome","RedLine:ReiMu"],"picked":"SlaversCollar"}],"items_purged_floors":[39],"is_endless":false,"potions_floor_spawned":[5,6,16,24,25,36,46],"ascension_level":0}}