{"host":"orwsrz1cc0wttjjy","time":1607878632,"event":{"mods":["2.2 Compatiblity","AchievementEnabler","Astrologer","BaseMod","Better Altar","Better Match","Better Skull","Better Third Choice","BetterRewards","CapriCore","ChefMod","Colored Map","Colored Powertips","Conspire","DeckTracker","Friendly Minions","Halation","Hermit","Hubris","Infinite Spire","Mimic Mod","Minty Spire (QoL Compilation)","MostiFishMod","Permanent Neow","Puzzle Mod","Relic Sorter","Relic Stats","Shop Mod","Spicy Shops","StSLib","Td1madao Mod","The Accelerator","The Animator","The Cursed","The Gatherer","The Hierophant","The Poker Player","The Runesmith","Treasure Hunter","everything is the same but u backflip on backflip","vexMod"],"gold_per_floor":[120,120,134,205,205,236,252,28,28,28,45,45,88,111,111,232,232,252,279,279,204,204,204,59,73,98,123,123,156,182,182,182,182,182],"floor_reached":33,"playtime":1615,"items_purged":["TH:ElvenBoots"],"score":323,"play_id":"018c3fc2-f9d3-45ed-99ed-6e9e7aea0e79","local_time":"20201214015712","is_ascension_mode":false,"campfire_choices":[{"floor":10,"key":"REST"},{"floor":15,"key":"RECALL"},{"data":"MostiFishMod:EE1D","floor":23,"key":"SMITH"},{"data":"hermit:CursedWeapon","floor":23,"key":"SMITH"},{"data":"MostiFishMod:EE1D","floor":32,"key":"SMITH"}],"circlet_count":0,"master_deck":["hermit:Strike_Hermit","hermit:Strike_Hermit","hermit:Strike_Hermit","hermit:Strike_Hermit","hermit:Defend_Hermit","hermit:Defend_Hermit","hermit:Defend_Hermit","hermit:Defend_Hermit","hermit:Snapshot","hermit:Covet","hermit:Desperado","Apotheosis+1","hermit:CursedWeapon+1","TH:CursedSword","hermit:Magnum","hermit:ShadowCloak+1","hermit:TakeAim+1","hermit:Brawl+1","hermit:Deadeye","hermit:PistolWhip","TH:CopperCoins","hermit:HighNoon+1","MostiFishMod:EE1D+1","MostiFishMod:EE1D","MostiFishMod:EE1D+1","Writhe","hermit:HighCaliber","hermit:ShadowCloak+1","hermit:Desperado+1","hermit:Showdown"],"relics":["hermit:Momento","DaveBox","halation:PenCase","BionicSphere","Question Card","Frozen Egg 2","SynthV:C4","halation:PinkSoulGem","CeramicFish","ImportantClient","vexMod:MysteryBossChallenge","halation:SmartPhone","hermit:RyeStalk","halation:EternalFortune","StrikeDummy","MerchantsRug","Runesmith:AutoHammer","Akabeko","Anchor","hubris:DisguiseKit"],"acts_visited":["Exordium","TheCity"],"potions_floor_usage":[33],"damage_taken":[{"damage":0,"enemies":"Small Slimes","floor":1,"turns":3},{"damage":0,"enemies":"2 Louse","floor":3,"turns":2},{"damage":2,"enemies":"3 Sentries","floor":6,"turns":6},{"damage":2,"enemies":"Jaw Worm","floor":7,"turns":3},{"damage":0,"enemies":"Lots of Slimes","floor":11,"turns":3},{"damage":2,"enemies":"Gremlin Nob","floor":13,"turns":4},{"damage":2,"enemies":"3 Louse","floor":14,"turns":2},{"damage":13,"enemies":"Hexaghost","floor":16,"turns":8},{"damage":2,"enemies":"3 Byrds","floor":18,"turns":4},{"damage":14,"enemies":"conspire:FuzzyDice","floor":25,"turns":4},{"damage":2,"enemies":"conspire:HollyBat","floor":27,"turns":6},{"damage":19,"enemies":"Snake Plant","floor":29,"turns":3},{"damage":32,"enemies":"conspire:SneckoGhost","floor":30,"turns":6},{"damage":6,"enemies":"Automaton","floor":33,"turns":4}],"seed_played":"-416348543996274308","potions_obtained":[{"floor":6,"key":"Ancient Potion"},{"floor":7,"key":"SteroidPotion"},{"floor":11,"key":"SpeedPotion"},{"floor":13,"key":"hermit:Eclipse"},{"floor":25,"key":"hermit:Tonic"},{"floor":30,"key":"SkillPotion"}],"is_trial":false,"path_per_floor":["M","?","M","?","?","E","M","$","T","R","M","?","E","M","R","B",null,"M","AVR","?","?","?","R","$","M","T","M","T","M","E","?","R","B"],"character_chosen":"HERMIT","items_purchased":["SynthV:C4","hermit:TakeAim+1","StrikeDummy","MerchantsRug","hermit:HighCaliber","hermit:ShadowCloak+1"],"campfire_rested":1,"item_purchase_floors":[8,8,24,24,24,24],"current_hp_per_floor":[54,54,54,54,54,52,50,50,50,72,72,72,70,68,68,55,75,73,73,73,73,76,76,76,65,65,63,63,36,4,4,4,0,0],"gold":182,"neow_bonus":"ONE_RARE_RELIC","is_daily":false,"chose_seed":false,"campfire_upgraded":3,"win_rate":0.0,"timestamp":1607878632,"path_taken":["M","?","M","?","?","E","M","?","T","R","M","?","E","M","R","BOSS","M","AVR","?","?","?","R","?","M","T","?","?","M","E","?","R","BOSS"],"items_purchased_type":["Relic","Card","Relic","Relic","Card","Card"],"build_version":"2020-11-30","purchased_purges":1,"victory":false,"max_hp_per_floor":[75,75,75,75,75,75,75,75,75,75,75,75,75,75,75,75,75,75,75,75,75,78,78,78,81,81,81,81,81,81,81,81,81,81],"relic_stats":{"counters":[14,58],"CeramicFish":117,"Question Card":28,"obtain_stats":[{"halation:SmartPhone":17,"MerchantsRug":24,"hubris:DisguiseKit":31,"DaveBox":0,"CeramicFish":13,"vexMod:MysteryBossChallenge":17,"Frozen Egg 2":6,"Question Card":1,"SynthV:C4":8,"Akabeko":28,"hermit:RyeStalk":20,"Anchor":30,"EE1DDrone":19,"BionicSphere":0,"halation:PenCase":0,"halation:EternalFortune":22,"Runesmith:AutoHammer":26,"halation:PinkSoulGem":12,"StrikeDummy":24,"hermit:Momento":0,"ImportantClient":16},{"halation:SmartPhone":8,"MerchantsRug":9,"hubris:DisguiseKit":13,"DaveBox":0,"CeramicFish":6,"vexMod:MysteryBossChallenge":8,"Frozen Egg 2":3,"Question Card":1,"SynthV:C4":4,"Akabeko":11,"hermit:RyeStalk":9,"Anchor":13,"EE1DDrone":9,"BionicSphere":0,"halation:PenCase":0,"halation:EternalFortune":9,"Runesmith:AutoHammer":10,"halation:PinkSoulGem":5,"StrikeDummy":9,"hermit:Momento":0,"ImportantClient":8},{"halation:SmartPhone":31,"MerchantsRug":35,"hubris:DisguiseKit":54,"DaveBox":0,"CeramicFish":21,"vexMod:MysteryBossChallenge":31,"Frozen Egg 2":11,"Question Card":3,"SynthV:C4":14,"Akabeko":45,"hermit:RyeStalk":35,"Anchor":54,"EE1DDrone":35,"BionicSphere":0,"halation:PenCase":0,"halation:EternalFortune":35,"Runesmith:AutoHammer":39,"halation:PinkSoulGem":17,"StrikeDummy":35,"hermit:Momento":0,"ImportantClient":31}]},"card_choices":[{"not_picked":["hermit:Scavenge","hermit:Malice"],"picked":"hermit:Desperado","floor":1},{"not_picked":["hermit:TrackingShot","hermit:Grudge","hermit:Scavenge"],"picked":"hermit:CursedWeapon","floor":3},{"not_picked":["TH:DeckOfManyThings","TH:PixieDust"],"picked":"TH:CursedSword","floor":6},{"not_picked":["hermit:Manifest","hermit:Gestalt","hermit:Quickdraw"],"picked":"hermit:Magnum","floor":6},{"not_picked":["hermit:LowProfile","hermit:SprayPray","hermit:Manifest"],"picked":"hermit:ShadowCloak+1","floor":7},{"not_picked":["TH:PixieDust","TH:ArmorSpikes"],"picked":"TH:ElvenBoots","floor":9},{"not_picked":["hermit:Headshot","hermit:FullyLoaded","hermit:Dive"],"picked":"hermit:Brawl+1","floor":11},{"not_picked":["hermit:Snipe","hermit:HoleUp","hermit:EternalForm+1"],"picked":"hermit:Deadeye","floor":13},{"not_picked":["TH:Mimic","TH:TreasureMap","TH:EnergyPotion"],"picked":"SKIP","floor":13},{"not_picked":["hermit:Feint","hermit:Manifest","hermit:DeadMansHand"],"picked":"hermit:PistolWhip","floor":14},{"not_picked":["TH:EnergyPotion","TH:Mimic"],"picked":"TH:CopperCoins","floor":16},{"not_picked":["hermit:BlackWind","hermit:DeadOrAlive","hermit:EternalForm+1"],"picked":"hermit:HighNoon+1","floor":16},{"not_picked":["hermit:Quickdraw","hermit:PistolWhip","hermit:WideOpen"],"picked":"hermit:TrackingShot","floor":18},{"not_picked":["hermit:Snipe","hermit:WideOpen","hermit:LowProfile","hermit:Feint"],"picked":"SKIP","floor":25},{"not_picked":["TH:TreasureMap","TH:Mimic","TH:PixieDust"],"picked":"SKIP","floor":26},{"not_picked":["hermit:ShadowCloak+1","hermit:CalledShot+1","hermit:WideOpen"],"picked":"hermit:Desperado+1","floor":27},{"not_picked":["TH:BikiniMail","TH:ElvenBoots","TH:CopperCoins"],"picked":"SKIP","floor":28},{"not_picked":["hermit:Scavenge","hermit:Maintenance","hermit:Quickdraw"],"picked":"hermit:Showdown","floor":29},{"not_picked":["TH:PixieDust","TH:DeckOfManyThings","TH:ElvenBoots"],"picked":"SKIP","floor":30},{"not_picked":["hermit:BodyArmor","hermit:Glare","hermit:Brawl+1","hermit:Adapt+1"],"picked":"SKIP","floor":30}],"player_experience":296843,"relics_obtained":[{"floor":1,"key":"Question Card"},{"floor":6,"key":"Frozen Egg 2"},{"floor":13,"key":"CeramicFish"},{"floor":16,"key":"ImportantClient"},{"floor":25,"key":"halation:EternalFortune"},{"floor":26,"key":"Runesmith:AutoHammer"},{"floor":28,"key":"Akabeko"},{"floor":30,"key":"Anchor"}],"event_choices":[{"damage_healed":54,"gold_gain":0,"player_choice":"Embrace","damage_taken":0,"max_hp_gain":0,"max_hp_loss":75,"event_name":"betterThird:BetterShining","floor":2,"gold_loss":0},{"damage_healed":0,"gold_gain":71,"player_choice":"Gained Gold","damage_taken":0,"max_hp_gain":0,"max_hp_loss":0,"event_name":"Golden Wing","floor":4,"gold_loss":0},{"damage_healed":0,"gold_gain":0,"player_choice":"Leave","damage_taken":0,"max_hp_gain":0,"max_hp_loss":0,"event_name":"conspire:Investor","floor":5,"gold_loss":0},{"damage_healed":0,"gold_gain":0,"player_choice":"Opened","damage_taken":0,"relics_obtained":["hermit:RyeStalk"],"max_hp_gain":0,"max_hp_loss":0,"event_name":"The Mausoleum","floor":20,"gold_loss":0},{"cards_removed":["hermit:TrackingShot"],"damage_healed":0,"gold_gain":0,"player_choice":"Gave Gold","damage_taken":0,"max_hp_gain":0,"max_hp_loss":0,"event_name":"Beggar","floor":21,"gold_loss":75},{"damage_healed":0,"gold_gain":0,"player_choice":"Gave Potion","damage_taken":0,"relics_obtained":["hubris:DisguiseKit"],"max_hp_gain":0,"max_hp_loss":0,"event_name":"WeMeetAgain","floor":31,"gold_loss":0}],"is_beta":false,"boss_relics":[{"not_picked":["BirthdayGift-Icosahedron","Cursed Key"],"picked":"vexMod:MysteryBossChallenge"}],"items_purged_floors":[19],"is_endless":false,"potions_floor_spawned":[6,7,11,13,25,27,30],"killed_by":"Automaton","ascension_level":0}}