{"host":"17xjy7b7ubl548g2","time":1607852337,"event":{"mods":["2.2 Compatiblity","Act Like it!","Aspiration","Astrologer","Bard","BaseMod","Bestiary","Challenge The Spire","ChefMod","Colored Map","Conspire","Elementarium","Energized Spire","GifTheSpireLib","Halation","Hallownest","Hermit","Hubris","Infinite Spire","Jedi Mod","Jorbs\u0027s Wanderer Trilogy","Marisa（霧雨　魔理沙）","Marked Mod","Minty Spire (QoL Compilation)","Pale of the Ancients","Permanent Neow","Puzzle Mod","Replay The Spire","Robot Space Explorer","Spicy Shops","StSLib","Stuff the Spire","The Blue Laboratory","The Bug Knight","The Construct","The Disciple","The Hayseed","The Hierophant","The Runesmith","The Sage"],"gold_per_floor":[113,44,44,60,72,103,103,117,117,117,135,168,168,186,186,291,291,306,306,344,361,361,361,391,299,299,299,299,42,42,42,42,42,42,42,42,42,42,42,42,42,42,42,42,42,42,42,42,42,42,43,59,334,65,65,80,80,80,80,80],"floor_reached":61,"playtime":8337,"items_purged":["RobotSpaceExplorer:Strike","RobotSpaceExplorer:Strike","Regret"],"score":1950,"play_id":"d4259691-fd74-450b-8a3b-7c518f0ea0f0","local_time":"20201213043857","is_ascension_mode":true,"campfire_choices":[{"data":"RobotSpaceExplorer:FreezeRay","floor":7,"key":"SMITH"},{"data":"RobotSpaceExplorer:GlueShot","floor":10,"key":"SMITH"},{"data":"RobotSpaceExplorer:ShockMissile","floor":13,"key":"SMITH"},{"data":"RobotSpaceExplorer:MiniDrones","floor":15,"key":"SMITH"},{"data":"RobotSpaceExplorer:Accelerator","floor":23,"key":"SMITH"},{"data":"RobotSpaceExplorer:StarLightning","floor":30,"key":"SMITH"},{"data":"RobotSpaceExplorer:Jetpack","floor":32,"key":"SMITH"},{"data":"RobotSpaceExplorer:Multitool","floor":41,"key":"SMITH"},{"data":"RobotSpaceExplorer:LaserBurst","floor":47,"key":"SMITH"},{"floor":49,"key":"RECALL"},{"data":"RobotSpaceExplorer:MiniDrones","floor":55,"key":"SMITH"},{"data":"Endless Agony","floor":57,"key":"SMITH"}],"circlet_count":0,"master_deck":["RobotSpaceExplorer:Defend","RobotSpaceExplorer:Defend","RobotSpaceExplorer:Defend","RobotSpaceExplorer:Scan","RobotSpaceExplorer:MiniLasers+1","RobotSpaceExplorer:GlueShot+1","RobotSpaceExplorer:ToxicBomb+1","RobotSpaceExplorer:Probe","RobotSpaceExplorer:FreezeRay+1","RobotSpaceExplorer:SurgingShield","RobotSpaceExplorer:MiniDrones+1","RobotSpaceExplorer:ShockMissile+1","RobotSpaceExplorer:Pulsar","RobotSpaceExplorer:Accelerator+1","RobotSpaceExplorer:FreezingShield+1","RobotSpaceExplorer:ShovelStrike+1","RobotSpaceExplorer:MiniDrones+1","RobotSpaceExplorer:Jetpack+1","RobotSpaceExplorer:StarLightning+1","RobotSpaceExplorer:Pulsar","RobotSpaceExplorer:SurgingShield+1","RobotSpaceExplorer:TrailblazerForm","RobotSpaceExplorer:Multitool+1","RobotSpaceExplorer:LaserBurst+1","RobotSpaceExplorer:MiniDrones+1","Endless Agony+1","Heel Hook","RobotSpaceExplorer:JunkDive+1","RobotSpaceExplorer:GearShield+1","RobotSpaceExplorer:StarLightning+1","RobotSpaceExplorer:DoubleBlock+1","RobotSpaceExplorer:FranticSearch+1","RobotSpaceExplorer:FreezeRay+1","RobotSpaceExplorer:GearShield+1","RobotSpaceExplorer:ScrapMissile+1","RobotSpaceExplorer:TurboDodge+1"],"relics":["RobotSpaceExplorer:RoboCore","halation:KoshaPiece","Garlic","White Beast Statue","SlaversCollar","halation:EternalFortune","Replay:Kaleidoscope","StuffTheSpire:CocoNut","TungstenRod","jedi:ominousloannote","Replay:Baseball","halation:AfternoonTea","StuffTheSpire:Barrel","Dream Catcher","Elementarium:ElementariumTrophy","Tiny House","halation:PinkSoulGem","Gremlin Food","Nunchaku","Replay:Rubber Ducky","StuffTheSpire:Experiment12","Singing Bowl","paleoftheancients:Timepiece","paleoftheancients:KeyRelic","Coffee Dripper","CultistMask","paleoftheancients:SoulOfTheShapes","Orrery","Snack Pack"],"acts_visited":["Exordium","Exordium","TheBeyond","TheBeyond"],"potions_floor_usage":[6,6,12,12,16,21,24,27,31,40,42,44,48,50,51,60,60],"damage_taken":[{"damage":0,"enemies":"Cultist","floor":1,"turns":3},{"damage":0,"enemies":"Jaw Worm","floor":4,"turns":3},{"damage":6,"enemies":"2 Louse","floor":5,"turns":2},{"damage":1,"enemies":"Gremlin Nob","floor":6,"turns":3},{"damage":12,"enemies":"Exordium Thugs","floor":8,"turns":5},{"damage":17,"enemies":"Large Slime","floor":11,"turns":5},{"damage":0,"enemies":"3 Sentries","floor":12,"turns":4},{"damage":1,"enemies":"2 Fungi Beasts","floor":14,"turns":4},{"damage":0,"enemies":"Slime Boss","floor":16,"turns":9},{"damage":14,"enemies":"Elementarium:MUD_AND_TAR_GOLEMS","floor":18,"turns":9},{"damage":0,"enemies":"Elementarium:2_ELEMENTALS","floor":21,"turns":3},{"damage":1,"enemies":"Elementarium:WarGolem","floor":24,"turns":3},{"damage":0,"enemies":"Elementarium:FIRE_NOBILITY","floor":27,"turns":4},{"damage":0,"enemies":"Elementarium:STONE_GOLEMS","floor":28,"turns":4},{"damage":0,"enemies":"Elementarium:VOID_CORRUPTION_AND_ORB_OF_FIRE","floor":31,"turns":3},{"damage":0,"enemies":"Elementarium:GolemEmperor","floor":33,"turns":9},{"damage":0,"enemies":"3 Shapes","floor":35,"turns":3},{"damage":12,"enemies":"Nemesis","floor":40,"turns":5},{"damage":5,"enemies":"Reptomancer","floor":42,"turns":5},{"damage":3,"enemies":"Nightmare","floor":44,"turns":7},{"damage":0,"enemies":"3 Darklings","floor":45,"turns":3},{"damage":24,"enemies":"Transient","floor":46,"turns":5},{"damage":0,"enemies":"Reptomancer","floor":48,"turns":5},{"damage":8,"enemies":"hubris:GrandSnecko","floor":50,"turns":15},{"damage":0,"enemies":"hubris:GrandSnecko","floor":51,"turns":6},{"damage":0,"enemies":"hubris:GrandSnecko","floor":52,"turns":8},{"damage":0,"enemies":"hubris:GrandSnecko","floor":56,"turns":11},{"damage":46,"enemies":"paleoftheancients:N","floor":60,"turns":14}],"seed_played":"4202689617915224740","potions_obtained":[{"floor":4,"key":"blueLaboratory:BottleOfRum"},{"floor":5,"key":"Cursed Concoction"},{"floor":6,"key":"AttackPotion"},{"floor":11,"key":"Explosive Potion"},{"floor":14,"key":"BlessingOfTheForge"},{"floor":16,"key":"blueLaboratory:HorrorPotion"},{"floor":18,"key":"blueLaboratory:FruitPunch"},{"floor":21,"key":"PowerPotion"},{"floor":24,"key":"blueLaboratory:BottledHope"},{"floor":27,"key":"FearPotion"},{"floor":28,"key":"Flashbang"},{"floor":31,"key":"Elixir"},{"floor":33,"key":"Energy Potion"},{"floor":35,"key":"blueLaboratory:FruitPunch"},{"floor":40,"key":"ColorlessPotion"},{"floor":44,"key":"blueLaboratory:TrueEctoplasm"},{"floor":45,"key":"blueLaboratory:AbyssPotion"},{"floor":46,"key":"Toxic Potion"},{"floor":48,"key":"EssenceOfSteel"},{"floor":51,"key":"SpeedPotion"}],"is_trial":false,"path_per_floor":["M","$","?","M","M","E","R","M","T","R","M","E","R","M","R","B",null,"M","?","?","M","?","R","E","$","T","E","M","$","R","M","R","B",null,"M","?","?","T","?","E","R","E","T","NM","M","M","R","E","R","B","M","M","?","$","R","M","R","T","?","B",null],"character_chosen":"RobotSpaceExplorer","items_purchased":["RobotSpaceExplorer:ToxicBomb","jedi:ominousloannote","RobotSpaceExplorer:Jetpack","RobotSpaceExplorer:StarLightning","RobotSpaceExplorer:Pulsar","Replay:Baseball","Dream Catcher","Orrery"],"campfire_rested":0,"item_purchase_floors":[2,25,25,25,25,25,29,54],"current_hp_per_floor":[75,75,75,75,69,68,68,56,56,56,39,39,39,38,38,38,66,52,55,36,38,45,45,44,44,44,44,44,44,44,52,52,60,85,92,92,92,92,92,91,91,97,97,98,98,82,82,92,92,98,102,102,102,106,106,106,106,106,106,84],"gold":80,"neow_bonus":"UPGRADE_CARD","is_daily":false,"chose_seed":false,"campfire_upgraded":11,"win_rate":0.0,"timestamp":1607852337,"path_taken":["M","?","?","M","?","E","R","M","T","R","M","E","R","M","R","BOSS","M","?","?","?","?","R","E","$","T","E","?","$","R","M","R","BOSS","M","?","?","?","?","E","R","E","T","NM","M","M","R","E","R","BOSS","M","M","?","$","R","M","R","T","?","BOSS"],"items_purchased_type":["Card","Relic","Card","Card","Card","Relic","Relic","Relic"],"build_version":"2020-11-30","purchased_purges":3,"victory":true,"max_hp_per_floor":[75,75,75,75,75,75,75,75,75,75,75,75,75,75,75,75,75,75,78,78,80,87,87,87,87,87,87,87,87,87,87,87,87,92,92,92,92,92,92,95,95,98,98,98,98,98,98,100,100,100,102,102,102,106,106,106,106,106,106,106],"card_choices":[{"not_picked":["RobotSpaceExplorer:FranticSearch","RobotSpaceExplorer:FreezeRay"],"picked":"RobotSpaceExplorer:GlueShot","floor":1},{"not_picked":["RobotSpaceExplorer:MakeshiftVolley","RobotSpaceExplorer:DualCore"],"picked":"RobotSpaceExplorer:Probe","floor":4},{"not_picked":["RobotSpaceExplorer:ScrapToss","RobotSpaceExplorer:PowerGlove"],"picked":"RobotSpaceExplorer:FreezeRay","floor":5},{"not_picked":["RobotSpaceExplorer:Probe","RobotSpaceExplorer:JunkDive"],"picked":"RobotSpaceExplorer:SurgingShield","floor":6},{"not_picked":["RobotSpaceExplorer:Probe","RobotSpaceExplorer:ImprovisedAttack","RobotSpaceExplorer:FranticSearch"],"picked":"SKIP","floor":8},{"not_picked":["RobotSpaceExplorer:Counterblock","RobotSpaceExplorer:MetalStrike"],"picked":"RobotSpaceExplorer:MiniDrones","floor":11},{"not_picked":["RobotSpaceExplorer:Reload","RobotSpaceExplorer:FreezingShield"],"picked":"RobotSpaceExplorer:ShockMissile","floor":12},{"not_picked":["RobotSpaceExplorer:Ammunition","RobotSpaceExplorer:TurboDodge"],"picked":"RobotSpaceExplorer:Pulsar","floor":14},{"not_picked":["RobotSpaceExplorer:Asteroid","RobotSpaceExplorer:HighVoltage"],"picked":"RobotSpaceExplorer:Accelerator","floor":16},{"not_picked":["RobotSpaceExplorer:SurgingStrike","RobotSpaceExplorer:DoubleBlock"],"picked":"RobotSpaceExplorer:FreezingShield+1","floor":18},{"not_picked":["RobotSpaceExplorer:ImprovisedAttack+1","RobotSpaceExplorer:Reload+1"],"picked":"RobotSpaceExplorer:ShovelStrike+1","floor":20},{"not_picked":["RobotSpaceExplorer:Calculate","RobotSpaceExplorer:ShockKick+1","RobotSpaceExplorer:FreezingShield"],"picked":"SKIP","floor":21},{"not_picked":["RobotSpaceExplorer:FrostMissile","RobotSpaceExplorer:SurgingStrike"],"picked":"RobotSpaceExplorer:MiniDrones","floor":24},{"not_picked":["RobotSpaceExplorer:MiniDrones","RobotSpaceExplorer:SurgingStrike"],"picked":"RobotSpaceExplorer:SurgingShield","floor":27},{"not_picked":["RobotSpaceExplorer:ExhaustFan","RobotSpaceExplorer:MiniDrones","RobotSpaceExplorer:SlimeMissile"],"picked":"SKIP","floor":28},{"not_picked":["RobotSpaceExplorer:MetalStrike","RobotSpaceExplorer:ScrapMissile"],"picked":"RobotSpaceExplorer:TrailblazerForm","floor":31},{"not_picked":["RobotSpaceExplorer:BlastShield","RobotSpaceExplorer:Exploration"],"picked":"RobotSpaceExplorer:Multitool","floor":33},{"not_picked":["RobotSpaceExplorer:SurgingStrike","RobotSpaceExplorer:GlueSpray"],"picked":"RobotSpaceExplorer:LaserBurst","floor":34},{"not_picked":["RobotSpaceExplorer:SurgingStrike","RobotSpaceExplorer:FranticSearch"],"picked":"RobotSpaceExplorer:MiniDrones+1","floor":35},{"not_picked":["RobotSpaceExplorer:ShovelStrike+1","RobotSpaceExplorer:LuckyStrike"],"picked":"RobotSpaceExplorer:JunkDive+1","floor":40},{"not_picked":["RobotSpaceExplorer:BigMissile","RobotSpaceExplorer:Autoloader","RobotSpaceExplorer:ShovelStrike"],"picked":"SKIP","floor":42},{"not_picked":["RobotSpaceExplorer:Counterblock","RobotSpaceExplorer:GlueShot+1"],"picked":"RobotSpaceExplorer:GearShield+1","floor":44},{"not_picked":["RobotSpaceExplorer:Ammunition","RobotSpaceExplorer:MiniDrones+1"],"picked":"RobotSpaceExplorer:StarLightning+1","floor":45},{"not_picked":["RobotSpaceExplorer:SurgingShield+1","RobotSpaceExplorer:MetalStrike"],"picked":"RobotSpaceExplorer:DoubleBlock+1","floor":46},{"not_picked":["RobotSpaceExplorer:FrostMissile","RobotSpaceExplorer:SlimeMissile","RobotSpaceExplorer:MakeshiftVolley+1"],"picked":"Singing Bowl","floor":48},{"not_picked":["RobotSpaceExplorer:StarDust","RobotSpaceExplorer:FreezingShield","RobotSpaceExplorer:ShovelStrike"],"picked":"Singing Bowl","floor":51},{"not_picked":["RobotSpaceExplorer:FreezeRay","RobotSpaceExplorer:ScrapMissile"],"picked":"RobotSpaceExplorer:FranticSearch+1","floor":52},{"not_picked":["RobotSpaceExplorer:FrostMissile+1","RobotSpaceExplorer:ExhaustFan+1"],"picked":"RobotSpaceExplorer:FreezeRay+1","floor":54},{"not_picked":["RobotSpaceExplorer:Ammunition","RobotSpaceExplorer:Multitool","RobotSpaceExplorer:GlueSpray+1"],"picked":"Singing Bowl","floor":54},{"not_picked":["RobotSpaceExplorer:ScrapMissile","RobotSpaceExplorer:DoubleFind+1"],"picked":"RobotSpaceExplorer:GearShield+1","floor":54},{"not_picked":["RobotSpaceExplorer:StunGrenade+1","RobotSpaceExplorer:ShovelStrike+1"],"picked":"RobotSpaceExplorer:ScrapMissile+1","floor":54},{"not_picked":["RobotSpaceExplorer:SurgingShield+1","RobotSpaceExplorer:ScrapMissile+1","RobotSpaceExplorer:Calculate"],"picked":"Singing Bowl","floor":54},{"not_picked":["RobotSpaceExplorer:ShovelStrike+1","RobotSpaceExplorer:MiniDrones"],"picked":"RobotSpaceExplorer:TurboDodge+1","floor":56}],"player_experience":1537286,"relics_obtained":[{"floor":6,"key":"halation:KoshaPiece"},{"floor":9,"key":"Garlic"},{"floor":12,"key":"White Beast Statue"},{"floor":20,"key":"Replay:Kaleidoscope"},{"floor":24,"key":"TungstenRod"},{"floor":26,"key":"halation:AfternoonTea"},{"floor":27,"key":"StuffTheSpire:Barrel"},{"floor":38,"key":"Gremlin Food"},{"floor":40,"key":"Nunchaku"},{"floor":42,"key":"halation:EternalFortune"},{"floor":42,"key":"Replay:Rubber Ducky"},{"floor":44,"key":"StuffTheSpire:Experiment12"},{"floor":48,"key":"Singing Bowl"},{"floor":51,"key":"paleoftheancients:SoulOfTheShapes"},{"floor":52,"key":"paleoftheancients:SoulOfTheSilent"},{"floor":56,"key":"paleoftheancients:SoulOfTheDefect"},{"floor":58,"key":"Snack Pack"}],"event_choices":[{"damage_healed":0,"gold_gain":0,"player_choice":"Upgraded","damage_taken":0,"max_hp_gain":0,"max_hp_loss":0,"event_name":"Upgrade Shrine","floor":3,"gold_loss":0,"cards_upgraded":["RobotSpaceExplorer:ToxicBomb"]},{"cards_removed":["jedi:collectorvenom"],"damage_healed":0,"gold_gain":0,"player_choice":"Purged","damage_taken":0,"max_hp_gain":0,"max_hp_loss":0,"event_name":"Purifier","floor":39,"gold_loss":0},{"damage_healed":0,"gold_gain":275,"player_choice":"Desecrate","damage_taken":0,"max_hp_gain":0,"max_hp_loss":0,"event_name":"Golden Shrine","floor":53,"gold_loss":0,"cards_obtained":["Regret"]}],"is_beta":false,"boss_relics":[{"not_picked":["hubris:BlackHole","halation:PlatinumPhoenix"],"picked":"SlaversCollar"},{"not_picked":["aspiration:DefectSkillbook","aspiration:RunicSpoon"],"picked":"Tiny House"}],"items_purged_floors":[25,29,54],"is_endless":false,"potions_floor_spawned":[4,5,6,11,14,16,18,21,24,27,28,31,33,35,40,44,45,46,48,51,52,56,60],"ascension_level":5}}