{"host":"49c2zf0lajbcs427","time":1607847500,"event":{"mods":["AchievementEnabler","BaseMod","Colored Map","Colored Powertips","Highlight Path","Minty Spire (QoL Compilation)","Relic Stats","StSLib"],"gold_per_floor":[116,62,74,85,85,85,119,119,146,189,189,233,303,303,303,396,396,476,549,565,450,450,450,450,485,485,485,485,524,567,492,492,581,581,689,810,458,533,533,654,760,760,807,871,920,975,975,1025,1025,1025],"floor_reached":51,"playtime":3253,"items_purged":["Strike_P","Defend_P"],"score":1556,"play_id":"558d8a21-4a92-4ec5-8950-1b7a7fd5c12a","local_time":"20201213211820","is_ascension_mode":true,"campfire_choices":[{"data":"Eruption","floor":6,"key":"SMITH"},{"data":"Meditate","floor":8,"key":"SMITH"},{"data":"ReachHeaven","floor":11,"key":"SMITH"},{"data":"Wish","floor":15,"key":"SMITH"},{"floor":23,"key":"REST"},{"data":"RitualDagger","floor":27,"key":"SMITH"},{"data":"Wish","floor":32,"key":"SMITH"},{"floor":42,"key":"REST"},{"floor":47,"key":"RECALL"},{"floor":49,"key":"REST"}],"circlet_count":0,"master_deck":["AscendersBane","Eruption+1","Vigilance","WindmillStrike+1","Adaptation+1","ClearTheMind+1","ReachHeaven+1","Wireheading","Meditate+1","FearNoEvil","Wish+1","Wish+1","Tantrum","WaveOfTheHand","RitualDagger+1","Bite","Bite","Bite","Bite","Bite","Omniscience","Devotion+1","Meditate","Blasphemy"],"relics":["Astrolabe","Orichalcum","Golden Idol","Ancient Tea Set","Centennial Puzzle","Frozen Egg 2","Thread and Needle","Sozu","HornCleat","Eternal Feather","Damaru","Fusion Hammer","FossilizedHelix","Pen Nib","Vajra","Ornamental Fan"],"acts_visited":["Exordium","TheCity","TheBeyond"],"potions_floor_usage":[7,13,16],"damage_taken":[{"damage":7,"enemies":"Jaw Worm","floor":1,"turns":3},{"damage":0,"enemies":"Cultist","floor":3,"turns":3},{"damage":0,"enemies":"2 Louse","floor":4,"turns":3},{"damage":10,"enemies":"Gremlin Nob","floor":7,"turns":3},{"damage":0,"enemies":"Lagavulin","floor":10,"turns":4},{"damage":20,"enemies":"3 Sentries","floor":12,"turns":4},{"damage":6,"enemies":"Gremlin Nob","floor":13,"turns":3},{"damage":5,"enemies":"Hexaghost","floor":16,"turns":6},{"damage":8,"enemies":"Chosen","floor":18,"turns":5},{"damage":15,"enemies":"2 Thieves","floor":19,"turns":4},{"damage":0,"enemies":"Snake Plant","floor":20,"turns":5},{"damage":11,"enemies":"Gremlin Leader","floor":25,"turns":7},{"damage":23,"enemies":"Slavers","floor":29,"turns":3},{"damage":4,"enemies":"Centurion and Healer","floor":30,"turns":6},{"damage":12,"enemies":"Champ","floor":33,"turns":7},{"damage":1,"enemies":"Orb Walker","floor":35,"turns":2},{"damage":0,"enemies":"Mind Bloom Boss Battle","floor":36,"turns":4},{"damage":0,"enemies":"3 Darklings","floor":38,"turns":5},{"damage":5,"enemies":"Reptomancer","floor":40,"turns":4},{"damage":25,"enemies":"Spire Growth","floor":41,"turns":4},{"damage":39,"enemies":"Nemesis","floor":44,"turns":7},{"damage":0,"enemies":"Jaw Worm Horde","floor":45,"turns":4},{"damage":9,"enemies":"4 Shapes","floor":46,"turns":5},{"damage":0,"enemies":"Donu and Deca","floor":50,"turns":7}],"seed_played":"-5250846578132832446","potions_obtained":[{"floor":1,"key":"Energy Potion"},{"floor":4,"key":"Weak Potion"},{"floor":12,"key":"Weak Potion"}],"is_trial":false,"path_per_floor":["M","?","M","M","?","R","E","R","T","E","R","E","?","?","R","B",null,"M","M","M","$","?","R","?","E","T","R","?","E","M","?","R","B",null,"M","?","$","M","?","E","M","R","T","E","M","M","R","?","R","B",null],"character_chosen":"WATCHER","items_purchased":["WaveOfTheHand","Devotion+1","Pen Nib"],"campfire_rested":3,"item_purchase_floors":[21,37,37],"current_hp_per_floor":[54,54,54,54,54,54,44,44,44,46,46,28,24,24,24,21,52,46,33,35,35,29,47,47,54,54,62,62,47,61,61,62,62,62,61,62,62,62,59,59,38,59,59,30,42,49,59,59,59,59],"gold":1025,"neow_bonus":"BOSS_RELIC","is_daily":false,"chose_seed":false,"campfire_upgraded":6,"win_rate":0.0,"timestamp":1607847500,"path_taken":["M","?","M","?","?","R","E","R","T","E","R","E","?","?","R","BOSS","M","M","M","$","?","R","?","E","T","R","?","E","M","?","R","BOSS","M","?","$","M","?","E","?","R","T","E","?","?","R","?","R","BOSS"],"items_purchased_type":["Card","Card","Relic"],"build_version":"2020-11-30","purchased_purges":2,"victory":true,"max_hp_per_floor":[68,68,68,68,62,62,62,62,62,62,62,62,62,62,62,62,62,62,62,62,62,62,62,62,62,62,62,62,62,62,62,62,62,62,62,62,62,62,59,59,59,59,59,59,59,59,59,59,59,59],"relic_stats":{"Sozu":9,"Centennial Puzzle":[42],"counters":[24,108],"Golden Idol":171,"Ornamental Fan":[32],"Astrolabe":["WindmillStrike","Adaptation","ClearTheMind"],"Eternal Feather":31,"Pen Nib":[8],"Orichalcum":[324],"obtain_stats":[{"Golden Idol":5,"Astrolabe":0,"Damaru":29,"Vajra":40,"Thread and Needle":13,"Eternal Feather":26,"Pen Nib":37,"Orichalcum":2,"Frozen Egg 2":12,"Ancient Tea Set":7,"Blood Vial":9,"Sozu":17,"Centennial Puzzle":10,"HornCleat":25,"Ornamental Fan":44,"Fusion Hammer":34,"PureWater":0,"FossilizedHelix":36},{"Golden Idol":3,"Astrolabe":0,"Damaru":13,"Vajra":19,"Thread and Needle":7,"Eternal Feather":12,"Pen Nib":17,"Orichalcum":1,"Frozen Egg 2":6,"Ancient Tea Set":4,"Blood Vial":4,"Sozu":8,"Centennial Puzzle":5,"HornCleat":12,"Ornamental Fan":21,"Fusion Hammer":15,"PureWater":0,"FossilizedHelix":17},{"Golden Idol":9,"Astrolabe":0,"Damaru":53,"Vajra":81,"Thread and Needle":23,"Eternal Feather":50,"Pen Nib":72,"Orichalcum":3,"Frozen Egg 2":20,"Ancient Tea Set":12,"Blood Vial":12,"Sozu":29,"Centennial Puzzle":16,"HornCleat":50,"Ornamental Fan":92,"Fusion Hammer":66,"PureWater":0,"FossilizedHelix":72}]},"card_choices":[{"not_picked":["ClearTheMind","DeceiveReality"],"picked":"ReachHeaven","floor":1},{"not_picked":["EmptyFist","BowlingBash"],"picked":"Wireheading","floor":3},{"not_picked":["Protect","PathToVictory"],"picked":"Meditate","floor":4},{"not_picked":["LikeWater","Pray"],"picked":"FearNoEvil","floor":7},{"not_picked":["Collect","CutThroughFate","ClearTheMind"],"picked":"SKIP","floor":10},{"not_picked":["WheelKick","SpiritShield"],"picked":"Wish","floor":12},{"not_picked":["Ragnarok","ConjureBlade"],"picked":"Wish","floor":16},{"not_picked":["WheelKick","Halt","FlyingSleeves"],"picked":"SKIP","floor":18},{"not_picked":["FlyingSleeves","EmptyFist","Crescendo"],"picked":"SKIP","floor":19},{"not_picked":["ThirdEye","Consecrate"],"picked":"Tantrum","floor":20},{"not_picked":["CrushJoints","PathToVictory","FearNoEvil"],"picked":"SKIP","floor":25},{"not_picked":["CrushJoints","PathToVictory","FearNoEvil"],"picked":"SKIP","floor":25},{"not_picked":["DevaForm+1","CutThroughFate","CarveReality"],"picked":"SKIP","floor":29},{"not_picked":["EmptyBody","Evaluate","FollowUp"],"picked":"SKIP","floor":30},{"not_picked":["Establishment+1","Devotion+1"],"picked":"Omniscience","floor":33},{"not_picked":["WaveOfTheHand+1","CrushJoints+1","ThirdEye"],"picked":"SKIP","floor":35},{"not_picked":["DevaForm+1","EmptyFist+1"],"picked":"Meditate","floor":38},{"not_picked":["Indignation","JustLucky","ForeignInfluence"],"picked":"SKIP","floor":40},{"not_picked":["JustLucky","Pray","FlurryOfBlows+1"],"picked":"SKIP","floor":41},{"not_picked":["EmptyBody+1","Evaluate","Wireheading+1"],"picked":"SKIP","floor":44},{"not_picked":["Evaluate","ThirdEye","Crescendo"],"picked":"SKIP","floor":45},{"not_picked":["MentalFortress+1","SignatureMove+1"],"picked":"Blasphemy","floor":46}],"player_experience":2081750,"relics_obtained":[{"floor":7,"key":"Ancient Tea Set"},{"floor":9,"key":"Blood Vial"},{"floor":10,"key":"Centennial Puzzle"},{"floor":12,"key":"Frozen Egg 2"},{"floor":13,"key":"Thread and Needle"},{"floor":25,"key":"HornCleat"},{"floor":26,"key":"Eternal Feather"},{"floor":29,"key":"Damaru"},{"floor":36,"key":"FossilizedHelix"},{"floor":40,"key":"Vajra"},{"floor":44,"key":"Ornamental Fan"}],"event_choices":[{"damage_healed":0,"gold_gain":0,"player_choice":"Paid Gold","damage_taken":0,"relics_obtained":["Orichalcum"],"max_hp_gain":0,"max_hp_loss":0,"event_name":"WeMeetAgain","floor":2,"gold_loss":54},{"damage_healed":0,"gold_gain":0,"player_choice":"Lose Max HP","damage_taken":0,"relics_obtained":["Golden Idol"],"max_hp_gain":0,"max_hp_loss":6,"event_name":"Golden Idol","floor":5,"gold_loss":0},{"damage_healed":0,"gold_gain":0,"player_choice":"Searched \u00271\u0027 times","damage_taken":0,"max_hp_gain":0,"max_hp_loss":0,"event_name":"Dead Adventurer","floor":13,"gold_loss":0},{"damage_healed":0,"gold_gain":0,"player_choice":"Ignored","damage_taken":0,"max_hp_gain":0,"max_hp_loss":0,"event_name":"Liars Game","floor":14,"gold_loss":0},{"damage_healed":0,"gold_gain":0,"player_choice":"Joined the Cult","damage_taken":6,"max_hp_gain":0,"max_hp_loss":0,"event_name":"Nest","floor":22,"gold_loss":0,"cards_obtained":["RitualDagger"]},{"damage_healed":0,"gold_gain":0,"player_choice":"Became a vampire (Vial)","damage_taken":0,"max_hp_gain":0,"max_hp_loss":0,"event_name":"Vampires","floor":24,"relics_lost":["Blood Vial"],"gold_loss":0,"cards_obtained":["Bite","Bite","Bite","Bite","Bite"]},{"damage_healed":0,"gold_gain":0,"player_choice":"Ignored","damage_taken":0,"max_hp_gain":0,"max_hp_loss":0,"event_name":"The Mausoleum","floor":28,"gold_loss":0},{"cards_removed":["Defend_P"],"damage_healed":0,"gold_gain":0,"player_choice":"Gave Gold","damage_taken":0,"max_hp_gain":0,"max_hp_loss":0,"event_name":"Beggar","floor":31,"gold_loss":75},{"damage_healed":0,"gold_gain":0,"player_choice":"Fight","damage_taken":0,"max_hp_gain":0,"max_hp_loss":0,"event_name":"MindBloom","floor":36,"gold_loss":0},{"damage_healed":0,"gold_gain":0,"player_choice":"Max HP","damage_taken":0,"max_hp_gain":0,"max_hp_loss":3,"event_name":"Winding Halls","floor":39,"gold_loss":0},{"damage_healed":0,"gold_gain":50,"player_choice":"Pray","damage_taken":0,"max_hp_gain":0,"max_hp_loss":0,"event_name":"Golden Shrine","floor":48,"gold_loss":0}],"is_beta":false,"boss_relics":[{"not_picked":["Runic Pyramid","Runic Dome"],"picked":"Sozu"},{"not_picked":["Velvet Choker","VioletLotus"],"picked":"Fusion Hammer"}],"items_purged_floors":[21,37],"is_endless":false,"potions_floor_spawned":[1,4,12,18,25,30,33,36,38,40,41,44],"ascension_level":16}}