{"host":"m6aaltr68g9tvoay","time":1607886711,"event":{"mods":["AchievementEnabler","BaseMod","Colored Map","Minty Spire (QoL Compilation)","StSLib"],"gold_per_floor":[115,78,96,12,12,12,28,56,56,56,67,67,82,96,96,170,170,184,201,201,201,160,160,190,190,190,205,205,234,234,244,244,244,244],"floor_reached":33,"playtime":1008,"items_purged":[],"score":556,"play_id":"445f97e6-0031-4ff8-ba71-f7f3223bd752","local_time":"20201213111151","is_ascension_mode":true,"campfire_choices":[{"data":"Catalyst","floor":6.0,"key":"SMITH"},{"floor":10.0,"key":"REST"},{"data":"Bouncing Flask","floor":12.0,"key":"SMITH"},{"floor":15.0,"key":"REST"},{"data":"Corpse Explosion","floor":23.0,"key":"SMITH"},{"floor":28.0,"key":"REST"},{"floor":32,"key":"REST"}],"circlet_count":0,"master_deck":["AscendersBane","Strike_G+1","Strike_G+1","Strike_G+1","Strike_G+1","Defend_G+1","Defend_G+1","Defend_G+1","Defend_G+1","Defend_G+1","Survivor","Neutralize","Corpse Explosion+1","Flying Knee","Dash","Bouncing Flask+1","Catalyst+1","Dodge and Roll","Glass Knife","Cloak And Dagger","Backflip","Burst","Blade Dance","Noxious Fumes","Writhe","Parasite","Bouncing Flask","Decay","Deadly Poison+1"],"relics":["Ring of the Snake","CaptainsWheel","Turnip","Cursed Key","MutagenicStrength","The Courier","Tingsha","Mummified Hand","Orichalcum"],"acts_visited":["Exordium","TheCity"],"potions_floor_usage":[31],"damage_taken":[{"damage":4.0,"enemies":"Cultist","floor":1.0,"turns":4.0},{"damage":0.0,"enemies":"2 Louse","floor":3.0,"turns":2.0},{"damage":5.0,"enemies":"Jaw Worm","floor":7.0,"turns":4.0},{"damage":12.0,"enemies":"Lagavulin","floor":8.0,"turns":3.0},{"damage":17.0,"enemies":"Looter","floor":11.0,"turns":3.0},{"damage":8.0,"enemies":"Blue Slaver","floor":13.0,"turns":4.0},{"damage":0.0,"enemies":"2 Fungi Beasts","floor":14.0,"turns":3.0},{"damage":24.0,"enemies":"The Guardian","floor":16.0,"turns":8.0},{"damage":0.0,"enemies":"Spheric Guardian","floor":18.0,"turns":5.0},{"damage":4.0,"enemies":"Chosen","floor":19.0,"turns":4.0},{"damage":40.0,"enemies":"Book of Stabbing","floor":24.0,"turns":6.0},{"damage":8.0,"enemies":"Sentry and Sphere","floor":27.0,"turns":6.0},{"damage":15.0,"enemies":"Gremlin Leader","floor":29.0,"turns":5.0},{"damage":2,"enemies":"Snecko","floor":31,"turns":4},{"damage":25,"enemies":"Collector","floor":33,"turns":4}],"seed_played":"-5424459668500820362","potions_obtained":[{"floor":3.0,"key":"EssenceOfSteel"},{"floor":7.0,"key":"ColorlessPotion"},{"floor":16.0,"key":"Poison Potion"},{"floor":18.0,"key":"Fire Potion"},{"floor":27.0,"key":"FearPotion"},{"floor":29.0,"key":"Swift Potion"}],"is_trial":false,"path_per_floor":["M","$","M","$","?","R","M","E","T","R","M","R","M","M","R","B",null,"M","M","?","?","$","R","E","T","T","M","R","E","?","M","R","B"],"character_chosen":"THE_SILENT","items_purchased":["Dash","Catalyst","Noxious Fumes"],"campfire_rested":4,"item_purchase_floors":[2,4,22],"current_hp_per_floor":[55,55,55,55,55,55,50,38,38,57,40,40,32,32,51,27,56,56,52,52,52,52,52,12,12,12,4,23,8,8,6,25,0,0],"gold":244,"neow_bonus":"ONE_RANDOM_RARE_CARD","is_daily":false,"chose_seed":false,"campfire_upgraded":3,"win_rate":0.0,"timestamp":1607886711,"path_taken":["M","$","M","?","?","R","M","E","T","R","M","R","M","M","R","BOSS","M","?","?","?","$","R","E","?","T","M","R","E","?","?","R","BOSS"],"items_purchased_type":["Card","Card","Card"],"build_version":"2020-11-30","purchased_purges":0,"victory":false,"max_hp_per_floor":[66,66,66,66,66,66,66,66,66,66,66,66,66,66,66,66,66,66,66,66,66,66,66,66,66,66,66,66,66,66,66,66,66,66],"card_choices":[{"not_picked":["Outmaneuver","Dodge and Roll"],"picked":"Flying Knee","floor":1.0},{"not_picked":["Terror","Skewer"],"picked":"Bouncing Flask","floor":3.0},{"not_picked":["Prepared","Accuracy"],"picked":"Dodge and Roll","floor":7.0},{"not_picked":["Flechettes","Slice"],"picked":"Glass Knife","floor":8.0},{"not_picked":["Quick Slash","Prepared"],"picked":"Cloak And Dagger","floor":11.0},{"not_picked":["Outmaneuver","Underhanded Strike"],"picked":"Backflip","floor":13.0},{"not_picked":["Concentrate","Flying Knee","Prepared"],"picked":"SKIP","floor":14.0},{"not_picked":["After Image","Storm of Steel"],"picked":"Burst","floor":16.0},{"not_picked":["Dodge and Roll","Quick Slash","Accuracy"],"picked":"SKIP","floor":18.0},{"not_picked":["Reflex","Predator"],"picked":"Blade Dance","floor":19.0},{"not_picked":["Eviscerate","Calculated Gamble","Concentrate+1"],"picked":"SKIP","floor":24.0},{"not_picked":["Outmaneuver","Dagger Spray"],"picked":"Bouncing Flask","floor":27.0},{"not_picked":["Flying Knee","Well Laid Plans","Tactician"],"picked":"SKIP","floor":29.0},{"not_picked":["Dagger Throw","Outmaneuver"],"picked":"Deadly Poison+1","floor":31}],"player_experience":1227360,"relics_obtained":[{"floor":8.0,"key":"CaptainsWheel"},{"floor":9.0,"key":"Turnip"},{"floor":24.0,"key":"The Courier"},{"floor":25.0,"key":"Tingsha"},{"floor":26.0,"key":"Mummified Hand"},{"floor":29.0,"key":"Orichalcum"}],"event_choices":[{"cards_removed":["Strike_G"],"damage_healed":0.0,"max_hp_gain":0.0,"max_hp_loss":0.0,"gold_gain":0.0,"event_name":"Purifier","player_choice":"Purged","floor":5.0,"gold_loss":0.0,"damage_taken":0.0},{"damage_healed":0.0,"max_hp_gain":0.0,"max_hp_loss":0.0,"gold_gain":0.0,"event_name":"Drug Dealer","player_choice":"Inject Mutagens","floor":20.0,"gold_loss":0.0,"damage_taken":0.0,"relics_obtained":["MutagenicStrength"]},{"damage_healed":0.0,"max_hp_gain":0.0,"max_hp_loss":0.0,"gold_gain":0.0,"event_name":"Back to Basics","player_choice":"Simplicity","floor":21.0,"gold_loss":0.0,"damage_taken":0.0,"cards_upgraded":["Strike_G","Strike_G","Strike_G","Strike_G","Defend_G","Defend_G","Defend_G","Defend_G","Defend_G"]},{"damage_healed":0.0,"max_hp_gain":0.0,"max_hp_loss":0.0,"gold_gain":0.0,"event_name":"Forgotten Altar","player_choice":"Smashed Altar","floor":30.0,"gold_loss":0.0,"damage_taken":0.0,"cards_obtained":["Decay"]}],"is_beta":false,"boss_relics":[{"not_picked":["Busted Crown","Pandora\u0027s Box"],"picked":"Cursed Key"}],"items_purged_floors":[],"is_endless":false,"potions_floor_spawned":[3,7,16,18,27,29],"killed_by":"Collector","ascension_level":19}}