{"host":"4qkvkh7pd9qr2mca","time":1607877080,"event":{"mods":["AchievementEnabler","BaseMod","Colored Map","Colored Powertips","Highlight Path","Minty Spire (QoL Compilation)","Permanent Neow","Quick Restart","StSLib","SuperFastMode"],"gold_per_floor":[114,114,114,134,152,184,203,203,203,221,221,60,83,95,95,169,169,190,199,208,227,236,236,260,280,306,306,306],"floor_reached":27,"playtime":832,"items_purged":[],"score":430,"play_id":"2bb331d4-f3b1-432d-80d7-d579757feacc","local_time":"20201213173120","is_ascension_mode":true,"campfire_choices":[{"floor":8.0,"key":"REST"},{"data":"Envenom","floor":11.0,"key":"SMITH"},{"floor":15.0,"key":"REST"},{"floor":23.0,"key":"REST"}],"circlet_count":0,"master_deck":["AscendersBane","Strike_G","Strike_G","Strike_G","Defend_G","Defend_G","Defend_G","Defend_G","Survivor","Neutralize","Envenom+1","Deadly Poison","Poisoned Stab","Blade Dance","Endless Agony","Blade Dance","Backstab","Well Laid Plans","Malaise","CurseOfTheBell","Acrobatics","Writhe","RitualDagger","Blur+1","Dodge and Roll+1","Finisher+1","Backflip"],"relics":["Ring of the Snake","Shuriken","Sundial","Nunchaku","Blood Vial","Calling Bell","CeramicFish","Ninja Scroll","Turnip","White Beast Statue","War Paint"],"acts_visited":["Exordium","TheCity"],"potions_floor_usage":[27],"damage_taken":[{"damage":0.0,"enemies":"2 Louse","floor":1.0,"turns":3.0},{"damage":0.0,"enemies":"Small Slimes","floor":4.0,"turns":4.0},{"damage":3.0,"enemies":"Cultist","floor":5.0,"turns":4.0},{"damage":32.0,"enemies":"Gremlin Nob","floor":6.0,"turns":4.0},{"damage":2.0,"enemies":"Red Slaver","floor":7.0,"turns":2.0},{"damage":13.0,"enemies":"Large Slime","floor":10.0,"turns":4.0},{"damage":0.0,"enemies":"Looter","floor":14.0,"turns":2.0},{"damage":11.0,"enemies":"Hexaghost","floor":16.0,"turns":6.0},{"damage":11.0,"enemies":"3 Byrds","floor":18.0,"turns":5.0},{"damage":30.0,"enemies":"Shell Parasite","floor":21.0,"turns":4.0},{"damage":23.0,"enemies":"Shelled Parasite and Fungi","floor":24.0,"turns":3.0},{"damage":0,"enemies":"Sentry and Sphere","floor":25,"turns":2},{"damage":13,"enemies":"Snecko","floor":27,"turns":3}],"seed_played":"2785191759780494574","potions_obtained":[{"floor":5.0,"key":"Swift Potion"},{"floor":7.0,"key":"Strength Potion"},{"floor":10.0,"key":"SkillPotion"},{"floor":21.0,"key":"GamblersBrew"},{"floor":24.0,"key":"AttackPotion"},{"floor":25,"key":"Strength Potion"}],"is_trial":false,"path_per_floor":["M","?","?","M","M","E","M","R","T","M","R","$","T","M","R","B",null,"M","?","?","M","?","R","M","M","T","M"],"character_chosen":"THE_SILENT","items_purchased":["Nunchaku"],"campfire_rested":3,"item_purchase_floors":[12],"current_hp_per_floor":[59,52,52,52,49,17,15,33,33,20,20,20,20,22,40,31,53,44,44,38,10,10,28,7,9,9,0,0],"gold":306,"neow_bonus":"THREE_RARE_CARDS","is_daily":false,"chose_seed":false,"campfire_upgraded":1,"win_rate":0.0,"timestamp":1607877080,"path_taken":["M","?","?","M","?","E","M","R","T","M","R","$","?","M","R","BOSS","M","?","?","M","?","R","M","M","T","M"],"items_purchased_type":["Relic"],"build_version":"2020-11-30","purchased_purges":0,"victory":false,"max_hp_per_floor":[60,60,60,60,60,60,60,60,60,60,60,60,60,60,60,60,60,60,60,60,60,60,60,60,60,60,60,60],"card_choices":[{"not_picked":["Glass Knife","Night Terror"],"picked":"Envenom","floor":0.0},{"not_picked":["PiercingWail","Outmaneuver"],"picked":"Deadly Poison","floor":1.0},{"not_picked":["Skewer","Choke"],"picked":"Poisoned Stab","floor":4.0},{"not_picked":["Sucker Punch","Flying Knee"],"picked":"Blade Dance","floor":5.0},{"not_picked":["Dagger Spray","PiercingWail"],"picked":"Endless Agony","floor":6.0},{"not_picked":["Deflect","PiercingWail"],"picked":"Blade Dance","floor":7.0},{"not_picked":["Setup","Backstab","Quick Slash"],"picked":"SKIP","floor":10.0},{"not_picked":["Setup","Quick Slash"],"picked":"Backstab","floor":10.0},{"not_picked":["Dagger Spray","Riddle With Holes"],"picked":"Well Laid Plans","floor":14.0},{"not_picked":["Tools of the Trade","Doppelganger"],"picked":"Malaise","floor":16.0},{"not_picked":["Cloak And Dagger","Blade Dance"],"picked":"Acrobatics","floor":18.0},{"not_picked":["PiercingWail","Flying Knee"],"picked":"Blur","floor":21.0},{"not_picked":["Riddle With Holes","Dagger Throw"],"picked":"Finisher+1","floor":24.0},{"not_picked":["Dagger Spray","Infinite Blades"],"picked":"Backflip","floor":25}],"player_experience":312560,"relics_obtained":[{"floor":6.0,"key":"Shuriken"},{"floor":9.0,"key":"Sundial"},{"floor":13.0,"key":"Blood Vial"},{"floor":17.0,"key":"CeramicFish"},{"floor":17.0,"key":"Ninja Scroll"},{"floor":17.0,"key":"Turnip"},{"floor":26,"key":"War Paint"}],"event_choices":[{"cards_removed":["Strike_G"],"damage_healed":0.0,"max_hp_gain":0.0,"max_hp_loss":0.0,"gold_gain":0.0,"event_name":"Golden Wing","player_choice":"Card Removal","floor":2.0,"gold_loss":0.0,"damage_taken":7.0},{"cards_removed":["Defend_G"],"damage_healed":0.0,"max_hp_gain":0.0,"max_hp_loss":0.0,"gold_gain":0.0,"event_name":"Purifier","player_choice":"Purged","floor":3.0,"gold_loss":0.0,"damage_taken":0.0},{"damage_healed":0.0,"max_hp_gain":0.0,"max_hp_loss":0.0,"gold_gain":0.0,"event_name":"The Mausoleum","player_choice":"Opened","floor":19.0,"gold_loss":0.0,"damage_taken":0.0,"relics_obtained":["White Beast Statue"],"cards_obtained":["Writhe"]},{"damage_healed":0.0,"max_hp_gain":0.0,"max_hp_loss":0.0,"gold_gain":0.0,"event_name":"Nest","player_choice":"Joined the Cult","floor":20.0,"gold_loss":0.0,"damage_taken":6.0,"cards_obtained":["RitualDagger"]},{"damage_healed":0.0,"max_hp_gain":0.0,"max_hp_loss":0.0,"gold_gain":0.0,"cards_transformed":["Strike_G"],"event_name":"Transmorgrifier","player_choice":"Transformed","floor":22.0,"gold_loss":0.0,"damage_taken":0.0,"cards_obtained":["Dodge and Roll"]}],"is_beta":false,"boss_relics":[{"not_picked":["Tiny House","Coffee Dripper"],"picked":"Calling Bell"}],"items_purged_floors":[],"is_endless":false,"potions_floor_spawned":[5,7,10,21,24,25],"killed_by":"Snecko","ascension_level":20}}