{"host":"49c2zf0lajbcs427","time":1607831369,"event":{"mods":["AchievementEnabler","BaseMod","Colored Map","Colored Powertips","Highlight Path","Minty Spire (QoL Compilation)","Relic Stats","StSLib"],"gold_per_floor":[109,109,109,127,139,139,153,153,153,168,197,215,215,215],"floor_reached":13,"playtime":835,"items_purged":[],"score":161,"play_id":"19f356b8-5277-41c3-8040-6821977f8fa6","local_time":"20201213164929","is_ascension_mode":true,"campfire_choices":[{"data":"CutThroughFate","floor":6,"key":"SMITH"},{"floor":8,"key":"REST"}],"circlet_count":0,"master_deck":["AscendersBane","Strike_P+1","Strike_P+1","Defend_P+1","Defend_P+1","Eruption+1","Vigilance+1","Adaptation+1","DevaForm+1","WaveOfTheHand+1","SashWhip","LessonLearned+1","CutThroughFate+1","Tantrum"],"relics":["Astrolabe","Shovel","Ice Cream"],"acts_visited":["Exordium"],"potions_floor_usage":[10,11],"damage_taken":[{"damage":12,"enemies":"2 Louse","floor":1,"turns":5},{"damage":9,"enemies":"Jaw Worm","floor":4,"turns":3},{"damage":0,"enemies":"Cultist","floor":5,"turns":3},{"damage":0,"enemies":"2 Fungi Beasts","floor":7,"turns":3},{"damage":0,"enemies":"Gremlin Gang","floor":10,"turns":3},{"damage":7,"enemies":"Lagavulin","floor":11,"turns":5},{"damage":7,"enemies":"Large Slime","floor":12,"turns":3},{"damage":49,"enemies":"3 Sentries","floor":13,"turns":6}],"seed_played":"-8378080154518549302","potions_obtained":[{"floor":1,"key":"CultistPotion"},{"floor":5,"key":"Strength Potion"}],"is_trial":false,"path_per_floor":["M","?","?","M","M","R","M","R","T","M","E","M","E"],"character_chosen":"WATCHER","items_purchased":[],"campfire_rested":1,"item_purchase_floors":[],"current_hp_per_floor":[49,42,42,33,33,33,33,53,53,53,46,39,0,0],"gold":215,"neow_bonus":"BOSS_RELIC","is_daily":false,"chose_seed":false,"campfire_upgraded":1,"win_rate":0.0,"timestamp":1607831369,"path_taken":["M","?","?","M","M","R","M","R","T","M","E","?","E"],"items_purchased_type":[],"build_version":"2020-11-30","purchased_purges":0,"victory":false,"max_hp_per_floor":[68,68,68,68,68,68,68,68,68,68,68,68,68,68],"relic_stats":{"Shovel":0,"counters":[8,31],"Astrolabe":["Adaptation","DevaForm","WaveOfTheHand"],"obtain_stats":[{"Ice Cream":11,"Shovel":9,"Astrolabe":0,"PureWater":0},{"Ice Cream":6,"Shovel":4,"Astrolabe":0,"PureWater":0},{"Ice Cream":22,"Shovel":14,"Astrolabe":0,"PureWater":0}]},"card_choices":[{"not_picked":["Indignation","Pray"],"picked":"SashWhip","floor":1},{"not_picked":["ThirdEye","MentalFortress","WreathOfFlame"],"picked":"SKIP","floor":4},{"not_picked":["JustLucky","Prostrate"],"picked":"CutThroughFate","floor":5},{"not_picked":["Prostrate","Adaptation","BowlingBash"],"picked":"SKIP","floor":7},{"not_picked":["Nirvana","BowlingBash","Swivel"],"picked":"SKIP","floor":10},{"not_picked":["Devotion","FlyingSleeves","CarveReality"],"picked":"SKIP","floor":11},{"not_picked":["EmptyFist","ThirdEye"],"picked":"Tantrum","floor":12}],"player_experience":2076320,"relics_obtained":[{"floor":9,"key":"Shovel"},{"floor":11,"key":"Ice Cream"}],"event_choices":[{"cards_removed":["Defend_P"],"damage_healed":0,"gold_gain":0,"player_choice":"Card Removal","damage_taken":7,"max_hp_gain":0,"max_hp_loss":0,"event_name":"Golden Wing","floor":2,"gold_loss":0},{"damage_healed":0,"gold_gain":0,"player_choice":"1 cards matched","damage_taken":0,"max_hp_gain":0,"max_hp_loss":0,"event_name":"Match and Keep!","floor":3,"gold_loss":0,"cards_obtained":["LessonLearned"]}],"is_beta":false,"boss_relics":[],"items_purged_floors":[],"is_endless":false,"potions_floor_spawned":[1,5,7],"killed_by":"3 Sentries","ascension_level":17}}