{"host":"ycjouya8nk9d76s1","time":1607885834,"event":{"mods":["BaseMod","Downfall","Minty Spire (QoL Compilation)","Shop Mod","StSLib"],"gold_per_floor":[99,99,126,136,156,172,198,198,198,198,211,260,360,376,392,392,392],"floor_reached":16,"playtime":1002,"items_purged":[],"score":102,"play_id":"9010e916-68c6-4bcd-9bda-a7482ed6eeab","local_time":"20201213195714","is_ascension_mode":false,"campfire_choices":[{"data":"Guardian:TwinSlam","floor":1,"key":"SMITH"}],"circlet_count":0,"master_deck":["Guardian:Strike_Guardian","Guardian:Strike_Guardian","Guardian:Strike_Guardian","Guardian:Strike_Guardian","Guardian:Defend_Guardian","Guardian:Defend_Guardian","Guardian:Defend_Guardian","Guardian:CurlUp+1","Guardian:TwinSlam+1","Defend_P","Guardian:ChargeCore","Guardian:PrimingBeam","Guardian:ArmoredProtocol+1","Guardian:Recover+1","Regret","Guardian:Gem_Fragmented","Guardian:Gem_Red","Guardian:Repulse","Guardian:TemporalStrike","Guardian:Gem_Orange"],"relics":["Guardian:ModeShifter","Tiny Chest","Guardian:PickAxe","Potion Belt"],"acts_visited":["Exordium"],"potions_floor_usage":[15,15,16],"damage_taken":[{"damage":53,"enemies":"Gremlin Nob","floor":3,"turns":6},{"damage":6,"enemies":"Jaw Worm","floor":4,"turns":3},{"damage":0,"enemies":"Cultist","floor":5,"turns":3},{"damage":6,"enemies":"2 Louse","floor":6,"turns":2},{"damage":2,"enemies":"Blue Slaver","floor":11,"turns":4},{"damage":0,"enemies":"2 Fungi Beasts","floor":14,"turns":3},{"damage":3,"enemies":"Lots of Slimes","floor":15,"turns":4},{"damage":15,"enemies":"downfall:Defect","floor":16,"turns":6}],"seed_played":"-4067270871570088146","potions_obtained":[{"floor":4,"key":"Guardian:DefensiveModePotion"},{"floor":5,"key":"SpeedPotion"},{"floor":11,"key":"LiquidBronze"},{"floor":14,"key":"Ancient Potion"}],"is_trial":false,"path_per_floor":["R","?","E","M","M","M","T","?","?","R","M","T","?","M","M","B"],"character_chosen":"GUARDIAN","items_purchased":[],"campfire_rested":0,"item_purchase_floors":[],"current_hp_per_floor":[88,88,35,29,29,23,23,20,20,20,18,18,18,18,15,0,0],"gold":392,"neow_bonus":"TEN_PERCENT_HP_BONUS","is_daily":false,"chose_seed":false,"campfire_upgraded":1,"win_rate":0.0,"timestamp":1607885834,"path_taken":["R","?","E","?","M","M","T","?","?","R","M","?","?","M","M","BOSS"],"items_purchased_type":[],"build_version":"2020-11-30","purchased_purges":0,"victory":false,"max_hp_per_floor":[88,88,88,88,88,88,88,88,88,88,88,88,88,88,88,88,88],"card_choices":[{"not_picked":["Guardian:Incinerate","Guardian:CrystalBeam"],"picked":"Guardian:ChargeCore","floor":3},{"not_picked":["Guardian:Suspension","Guardian:Incinerate"],"picked":"Guardian:PrimingBeam","floor":4},{"not_picked":["Guardian:Gem_Cyan","Guardian:VentSteam"],"picked":"Guardian:ArmoredProtocol","floor":5},{"not_picked":["Guardian:Planning","Guardian:Gem_Lightblue"],"picked":"Guardian:Recover","floor":6},{"not_picked":["Guardian:Gem_Crimson","Guardian:Gem_Cyan"],"picked":"Guardian:Repulse","floor":11},{"not_picked":["Guardian:Suspension","Guardian:RollAttack"],"picked":"Guardian:TemporalStrike","floor":14},{"not_picked":["Guardian:CrystalBeam","Guardian:Gem_Fragmented"],"picked":"Guardian:Gem_Orange","floor":15}],"player_experience":191584,"relics_obtained":[{"floor":3,"key":"Tiny Chest"},{"floor":7,"key":"Guardian:PickAxe"}],"event_choices":[{"cards_removed":["Guardian:Defend_Guardian"],"damage_healed":0,"gold_gain":0,"player_choice":"Took Card","damage_taken":0,"max_hp_gain":0,"max_hp_loss":0,"event_name":"NoteForYourself","floor":2,"gold_loss":0,"cards_obtained":["Defend_P"]},{"damage_healed":0,"gold_gain":0,"player_choice":"Success","damage_taken":3,"relics_obtained":["Potion Belt"],"max_hp_gain":0,"max_hp_loss":0,"event_name":"Scrap Ooze","floor":8,"gold_loss":0}],"is_beta":false,"boss_relics":[],"items_purged_floors":[],"is_endless":false,"potions_floor_spawned":[4,5,11,14],"killed_by":"downfall:Defect","ascension_level":0}}