{"host":"i0nzj1s6ag4x3c6t","time":1607875781,"event":{"mods":["BaseMod","Colored Powertips","Downfall","Marisa£®ÏF”Í°°ƒß¿Ì…≥£©","Minty Spire (QoL Compilation)","Quick Restart","Replay The Spire","StSLib","The Servant 0.9.4","Yuri Mod"],"gold_per_floor":[116,191,141,151,170,197,207,232,232,244,244,258,258,16,16,111,111,131,81,94,94,104,104,134,151,151,151,151,162,162,19,19,119,119,131,131,147,47,47,72,72,101,101,131,141,191,210,229,229,229,229],"floor_reached":50,"playtime":2564,"items_purged":["Strike_MRS","ShootingEcho"],"score":887,"play_id":"f0af9f6f-8943-46e9-9567-ebbec7c8767a","local_time":"20201214000941","is_ascension_mode":false,"campfire_choices":[{"floor":11.0,"key":"REST"},{"floor":13.0,"key":"REST"},{"data":"AsteroidBelt","floor":15.0,"key":"SMITH"},{"data":"MillisecondPulsars","floor":23.0,"key":"SMITH"},{"data":"MasterSpark","floor":27.0,"key":"SMITH"},{"data":"MilkyWay","floor":30.0,"key":"SMITH"},{"data":"MysteriousBeam","floor":32.0,"key":"SMITH"},{"data":"EarthLightRay","floor":41,"key":"SMITH"},{"data":"Acceleration","floor":49,"key":"SMITH"}],"circlet_count":0,"master_deck":["Strike_MRS","Strike_MRS","Strike_MRS","Defend_MRS","Defend_MRS","MasterSpark+1","Acceleration+1","SuperPerseids","AsteroidBelt+1","6A","MysteriousBeam+1","MilkyWay+1","MillisecondPulsars+1","EarthLightRay+1","Acceleration+1","WitchLeyline","MaximisePower","Madness","Madness","Singularity","Orbital+1"],"relics":["MiniHakkero","Lantern","CaptainsWheel","Chameleon Ring","Replay:Rubber Ducky","ExperimentalFamiliar","Quantum Egg","Happy Flower","yuri:PortableGlitches","Orichalcum","RampagingMagicTools","Toy Ornithopter","Eternal Feather","Counterbalance","Strawberry","Replay:PocketPolymizer"],"acts_visited":["Exordium","TheCity","TheBeyond"],"potions_floor_usage":[40,40,40,50,50],"damage_taken":[{"damage":2.0,"enemies":"Small Slimes","floor":1.0,"turns":3.0},{"damage":6.0,"enemies":"2 Louse","floor":4.0,"turns":3.0},{"damage":6.0,"enemies":"Cultist","floor":5.0,"turns":3.0},{"damage":8.0,"enemies":"Gremlin Nob","floor":6.0,"turns":3.0},{"damage":8.0,"enemies":"2 Fungi Beasts","floor":7.0,"turns":3.0},{"damage":33.0,"enemies":"3 Sentries","floor":8.0,"turns":8.0},{"damage":0.0,"enemies":"Lots of Slimes","floor":10.0,"turns":3.0},{"damage":12.0,"enemies":"Exordium Thugs","floor":12.0,"turns":4.0},{"damage":8.0,"enemies":"Hexaghost","floor":16.0,"turns":7.0},{"damage":0.0,"enemies":"Spheric Guardian","floor":18.0,"turns":3.0},{"damage":2.0,"enemies":"3 Byrds","floor":20.0,"turns":5.0},{"damage":12.0,"enemies":"Shelled Parasite and Fungi","floor":22.0,"turns":4.0},{"damage":18.0,"enemies":"Gremlin Leader","floor":24.0,"turns":4.0},{"damage":0.0,"enemies":"Centurion and Healer","floor":25.0,"turns":4.0},{"damage":3.0,"enemies":"Cultist and Chosen","floor":29.0,"turns":5.0},{"damage":0.0,"enemies":"Pondfish","floor":33.0,"turns":6.0},{"damage":0.0,"enemies":"3 Shapes","floor":35.0,"turns":2.0},{"damage":0.0,"enemies":"Orb Walker","floor":37.0,"turns":3.0},{"damage":19,"enemies":"Reptomancer","floor":40,"turns":4},{"damage":6,"enemies":"R_Hoarder","floor":42,"turns":4},{"damage":0,"enemies":"Giant Head","floor":44,"turns":5},{"damage":0,"enemies":"3 Darklings","floor":45,"turns":4},{"damage":0,"enemies":"Mind Bloom Boss Battle","floor":46,"turns":3},{"damage":18,"enemies":"Transient","floor":47,"turns":5},{"damage":0,"enemies":"Sphere and 2 Shapes","floor":48,"turns":4},{"damage":135,"enemies":"Time Eater","floor":50,"turns":11}],"seed_played":"2464739716321055207","potions_obtained":[{"floor":5.0,"key":"SteroidPotion"},{"floor":7.0,"key":"Fire Potion"},{"floor":8.0,"key":"LiquidBronze"},{"floor":24.0,"key":"Dexterity Potion"},{"floor":29.0,"key":"SpeedPotion"},{"floor":37.0,"key":"DistilledChaos"},{"floor":40,"key":"BlessingOfTheForge"},{"floor":44,"key":"Elixir"},{"floor":47,"key":"FearPotion"}],"is_trial":false,"path_per_floor":["M","?","?","M","M","E","M","E","T","M","R","M","R","$","R","B",null,"M","?","M","$","M","R","E","M","T","R","?","M","R","$","R","B",null,"M","?","M","$","?","E","R","E","T","E","M","?","M","M","R","B"],"character_chosen":"MARISA","items_purchased":["Replay:Rubber Ducky","MilkyWay","Orichalcum"],"campfire_rested":2,"item_purchase_floors":[14,14,31],"current_hp_per_floor":[73,62,62,56,50,42,34,1,1,1,23,11,33,33,33,25,75,75,75,73,73,65,65,51,55,55,55,55,56,56,56,56,60,75,75,75,75,75,66,51,51,51,51,64,70,76,64,70,82,0,0],"gold":229,"neow_bonus":"REMOVE_CARD","is_daily":false,"chose_seed":false,"campfire_upgraded":7,"win_rate":0.0,"timestamp":1607875781,"path_taken":["M","?","?","M","M","E","M","E","T","M","R","M","R","$","R","BOSS","M","?","?","$","M","R","E","M","T","R","?","?","R","?","R","BOSS","M","?","M","$","?","E","R","E","T","E","M","?","M","M","R","BOSS"],"items_purchased_type":["Relic","Card","Relic"],"build_version":"2020-11-30","purchased_purges":2,"victory":false,"max_hp_per_floor":[75,75,75,75,75,75,75,75,75,75,75,75,75,75,75,75,75,75,75,75,75,75,75,75,75,75,75,75,75,75,75,75,75,75,75,75,75,75,75,75,75,75,75,82,82,82,82,82,82,82,82],"card_choices":[{"not_picked":["Singularity","GravityBeat"],"picked":"Acceleration","floor":1.0},{"not_picked":["GrandCross","MysteriousBeam"],"picked":"SuperPerseids","floor":4.0},{"not_picked":["DC","SporeBomb"],"picked":"ShootingEcho","floor":5.0},{"not_picked":["ChargingUp","GalacticHalo"],"picked":"AsteroidBelt","floor":6.0},{"not_picked":["Robbery","LuminesStrike","MeteoricShower"],"picked":"SKIP","floor":7.0},{"not_picked":["FinalSpark","SporeBomb","DarkSpark"],"picked":"SKIP","floor":8.0},{"not_picked":["Singularity","MeteoricShower"],"picked":"6A","floor":10.0},{"not_picked":["OneTimeOff","LuminesStrike"],"picked":"MysteriousBeam","floor":12.0},{"not_picked":["EscapeVelocity","CasketOfStar"],"picked":"MillisecondPulsars","floor":16.0},{"not_picked":["OpenUniverse","PulseMagic","IllusionStar"],"picked":"SKIP","floor":18.0},{"not_picked":["DarkMatter","OrrerysSun"],"picked":"EarthLightRay","floor":20.0},{"not_picked":["DoubleSpark","6A"],"picked":"Acceleration+1","floor":22.0},{"not_picked":["EventHorizon","EarthLightRay","DoubleSpark"],"picked":"SKIP","floor":24.0},{"not_picked":["SprinkleStarSeal","StarlightTyphoon","GalacticHalo"],"picked":"SKIP","floor":25.0},{"not_picked":["UnstableBomb","StarlightTyphoon"],"picked":"WitchLeyline","floor":29.0},{"not_picked":["JA","MillisecondPulsars"],"picked":"MaximisePower","floor":33.0},{"not_picked":["MachineGunSpark+1","WitchOfGreed","WitchLeyline+1"],"picked":"SKIP","floor":35.0},{"not_picked":["ShootingEcho","OneTimeOff+1","AsteroidBelt"],"picked":"SKIP","floor":37.0},{"not_picked":["MilkyWay","TreasureHunter"],"picked":"Singularity","floor":40},{"not_picked":["BigCrunch","AsteroidBelt+1","WitchOfGreed"],"picked":"SKIP","floor":42},{"not_picked":["GalacticHalo","FairyDestructionRay"],"picked":"Orbital+1","floor":44},{"not_picked":["Robbery+1","DC","6A"],"picked":"SKIP","floor":45},{"not_picked":["GravityBeat","6A","SprinkleStarSeal"],"picked":"SKIP","floor":47},{"not_picked":["RefractionSpark+1","MaximisePower","GrandCross"],"picked":"SKIP","floor":48}],"player_experience":83719,"relics_obtained":[{"floor":6.0,"key":"Lantern"},{"floor":8.0,"key":"CaptainsWheel"},{"floor":9.0,"key":"Chameleon Ring"},{"floor":24.0,"key":"Quantum Egg"},{"floor":26.0,"key":"Happy Flower"},{"floor":28.0,"key":"yuri:PortableGlitches"},{"floor":40,"key":"Toy Ornithopter"},{"floor":42,"key":"Eternal Feather"},{"floor":43,"key":"Counterbalance"},{"floor":44,"key":"Strawberry"},{"floor":46,"key":"Replay:PocketPolymizer"}],"event_choices":[{"damage_healed":0.0,"max_hp_gain":0.0,"max_hp_loss":0.0,"gold_gain":75.0,"event_name":"World of Goop","player_choice":"Gather Gold","floor":2.0,"gold_loss":0.0,"damage_taken":11.0},{"cards_removed":["Defend_MRS"],"damage_healed":0.0,"max_hp_gain":0.0,"max_hp_loss":0.0,"gold_gain":0.0,"event_name":"The Cleric","player_choice":"Card Removal","floor":3.0,"gold_loss":50.0,"damage_taken":0.0},{"damage_healed":0.0,"max_hp_gain":0.0,"max_hp_loss":0.0,"gold_gain":0.0,"event_name":"The Joust","player_choice":"Bet on Owner","floor":19.0,"gold_loss":50.0,"damage_taken":0.0},{"damage_healed":0.0,"max_hp_gain":0.0,"max_hp_loss":0.0,"gold_gain":0.0,"event_name":"Wheel of Change","player_choice":"Relic","floor":28.0,"gold_loss":0.0,"damage_taken":0.0},{"cards_removed":["UpSweep"],"damage_healed":0.0,"max_hp_gain":0.0,"max_hp_loss":0.0,"gold_gain":0.0,"event_name":"Falling","player_choice":"Removed Attack","floor":36.0,"gold_loss":0.0,"damage_taken":0.0},{"damage_healed":0.0,"max_hp_gain":0.0,"max_hp_loss":0.0,"gold_gain":0.0,"event_name":"Winding Halls","player_choice":"Embrace Madness","floor":39.0,"gold_loss":0.0,"damage_taken":9.0,"cards_obtained":["Madness","Madness"]},{"damage_healed":0,"gold_gain":0,"player_choice":"Fight","damage_taken":0,"max_hp_gain":0,"max_hp_loss":0,"event_name":"MindBloom","floor":46,"gold_loss":0}],"is_beta":false,"boss_relics":[{"not_picked":["Replay:Grab Bag","Kintsugi"],"picked":"ExperimentalFamiliar"},{"not_picked":["Fusion Hammer","Runic Pyramid"],"picked":"RampagingMagicTools"}],"items_purged_floors":[14,38],"is_endless":false,"potions_floor_spawned":[5,7,8,22,24,29,37,40,44,47],"killed_by":"Time Eater","ascension_level":0}}