{"host":"uceopoba4zvqsgiy","time":1607860712,"event":{"mods":["Act Like it!","BaseMod","Better Skull","Better Third Choice","Elementarium","GifTheSpireLib","Hermit","Humility","Infinite Spire","Jorbs\u0027s Wanderer Trilogy","Marked Mod","Minty Spire (QoL Compilation)","Potionbrewer","Replay The Spire","Robot Space Explorer","Shade Mod","Spicy Shops","StSLib","Stuff the Spire","The Blue Laboratory","The Cursed","The Dragon Tamer","The Hierophant","The Judge","The Jungle","Wandering Minibosses"],"gold_per_floor":[113,113,113,113,113,113,193,193,193,264,283,343,398,418,418,523,523,534,183,241,241,241,241,313,313,313,326,175,233,297,328,328,476,476,492,91,91,14,26,26,26,26,49,64,141,74,85,116,116,214,214,260,264,267,256,295,309,158,155,181,181,181,184,184,235,235,314,314,307,335,335,323,319,340,340],"floor_reached":74,"playtime":11712,"items_purged":[],"score":1439,"play_id":"2f67819c-999d-4d6e-bb65-775249e333b6","local_time":"20201213222832","is_ascension_mode":true,"campfire_choices":[{"data":"Noxious Fumes","floor":6,"key":"SMITH"},{"data":"Neutralize","floor":8,"key":"SMITH"},{"data":"Infinite Blades","floor":15,"key":"SMITH"},{"data":"After Image","floor":23,"key":"SMITH"},{"floor":25,"key":"REST"},{"data":"Panache","floor":32,"key":"SMITH"},{"data":"A Thousand Cuts","floor":40,"key":"SMITH"},{"data":"Specialist","floor":42,"key":"SMITH"},{"floor":49,"key":"REST"},{"floor":62,"key":"REST"},{"floor":64,"key":"REST"},{"floor":66,"key":"REST"}],"circlet_count":0,"master_deck":["Strike_G","Strike_G","Strike_G","Strike_G","Strike_G","Defend_G","Defend_G","Defend_G","Defend_G","Survivor","Neutralize+1","Noxious Fumes+1","StuffTheSpire:Resist+1","Infinite Blades+1","Deadly Poison","After Image+1","A Thousand Cuts+1","Pain","Panache+1","Midas Touch","Specialist+1","Sickly","Delirium","infinitespire:Oblivion","Injury","Survivor","ReplayTheSpireMod:From All Sides","Jack Of All Trades","infinitespire:Fortify","Burst","A Thousand Cuts","StuffTheSpire:CelestialWarden","Terror+1","Envenom","Poisoned Stab+1","Envenom","Deadly Poison","Tools of the Trade","Catalyst","Catalyst","Burn","Deadly Poison","Envenom"],"relics":["Ring of the Serpent","NeowsBlessing","Boot","Onion Ring","Ring of Misfortune","ReplayTheSpireMod:Ring of Challenge","Anchor","The Specimen","StuffTheSpire:Rhapsscallions","Pet Ghost","Thread and Needle","ReplayTheSpireMod:ShopPack","Frozen Eye","ReplayTheSpireMod:SealedPack","Mummified Hand","Lee\u0027s Waffle","Mercury Hourglass","Blue Doll","Painkiller Herb","Meat on the Bone","Regal Pillow","potionbrewer:ToyAutogyro","StuffTheSpire:Barrel","Vajra","Replay:WaspNest","Ornamental Fan","Philosopher\u0027s Stone","Mango","ClockworkSouvenir","Happy Flower","Oddly Smooth Stone","StuffTheSpire:HeavyRock","Cursed Key","Tough Bandages","Nilry\u0027s Codex"],"acts_visited":["Exordium","TheCity","TheBeyond","Exordium","TheCity"],"potions_floor_usage":[20,20,20,24,30,44,45,48,63,67,74,74],"damage_taken":[{"damage":0,"enemies":"Small Slimes","floor":1,"turns":1},{"damage":4,"enemies":"Lagavulin","floor":7,"turns":3},{"damage":0,"enemies":"3 Sentries","floor":10,"turns":2},{"damage":0,"enemies":"Jaw Worm","floor":11,"turns":5},{"damage":0,"enemies":"2 Louse","floor":12,"turns":6},{"damage":3,"enemies":"Exordium Wildlife","floor":13,"turns":4},{"damage":0,"enemies":"Red Slaver","floor":14,"turns":3},{"damage":26,"enemies":"The Guardian","floor":16,"turns":9},{"damage":15,"enemies":"Spheric Guardian","floor":18,"turns":7},{"damage":0,"enemies":"3 Byrds","floor":20,"turns":4},{"damage":54,"enemies":"Book of Stabbing","floor":24,"turns":5},{"damage":0,"enemies":"Cultist and Chosen","floor":27,"turns":4},{"damage":1,"enemies":"Snecko","floor":29,"turns":5},{"damage":8,"enemies":"Centurion and Healer","floor":30,"turns":4},{"damage":6,"enemies":"Replay:Snechameleon","floor":31,"turns":4},{"damage":31,"enemies":"Automaton","floor":33,"turns":7},{"damage":13,"enemies":"3 Shapes","floor":35,"turns":3},{"damage":4,"enemies":"Orb Walker","floor":39,"turns":3},{"damage":0,"enemies":"3 Darklings","floor":44,"turns":3},{"damage":46,"enemies":"Nightmare","floor":45,"turns":7},{"damage":0,"enemies":"Jaw Worm Horde","floor":47,"turns":3},{"damage":0,"enemies":"Reptomancer","floor":48,"turns":4},{"damage":45,"enemies":"Awakened One","floor":50,"turns":10},{"damage":7,"enemies":"Jaw Worm","floor":52,"turns":2},{"damage":0,"enemies":"Cultist","floor":53,"turns":2},{"damage":0,"enemies":"2 Louse","floor":54,"turns":2},{"damage":18,"enemies":"Large Slime","floor":55,"turns":3},{"damage":1,"enemies":"Exordium Wildlife","floor":56,"turns":3},{"damage":0,"enemies":"Gremlin Nob","floor":57,"turns":3},{"damage":0,"enemies":"Blue Slaver","floor":59,"turns":3},{"damage":41,"enemies":"Nightmare","floor":63,"turns":6},{"damage":40,"enemies":"Gremlin Nob","floor":65,"turns":4},{"damage":48,"enemies":"Hexaghost","floor":67,"turns":3},{"damage":0,"enemies":"Spheric Guardian","floor":69,"turns":3},{"damage":39,"enemies":"3 Byrds","floor":70,"turns":5},{"damage":29,"enemies":"Centurion and Healer","floor":72,"turns":3},{"damage":11,"enemies":"Snecko","floor":73,"turns":4},{"damage":39,"enemies":"Nightmare","floor":74,"turns":4}],"seed_played":"4309500669441704943","potions_obtained":[{"floor":1,"key":"BlessingOfTheForge"},{"floor":7,"key":"blueLaboratory:NinjaPotion"},{"floor":10,"key":"blueLaboratory:CorrosionFlask"},{"floor":20,"key":"potionbrewer:BoundlessPotion"},{"floor":29,"key":"blueLaboratory:SuffocatingSmog"},{"floor":33,"key":"Energy Potion"},{"floor":39,"key":"EssenceOfSteel"},{"floor":47,"key":"blueLaboratory:ImpenetrablePotion"},{"floor":53,"key":"blueLaboratory:BlinkPotion"},{"floor":57,"key":"blueLaboratory:ArtistsPotion"},{"floor":59,"key":"Strength Potion"},{"floor":67,"key":"blueLaboratory:ArtificerPotion"},{"floor":70,"key":"GamblersBrew"},{"floor":73,"key":"blueLaboratory:StoneskinPotion"}],"is_trial":false,"path_per_floor":["M","$","?","?","?","R","E","R","T","E","M","M","M","M","R","B",null,"M","$","M","?","AVR","R","E","R","T","M","$","M","M","E","R","B",null,"?","T","?","T","?","T","?","T","T","?","NM","T","?","E","T","B",null,"?","?","?","?","?","E","T","?","T","?","T","NM","T","E","T","B",null,"?","?","?","?","?","NM"],"character_chosen":"THE_SILENT","items_purchased":["A Thousand Cuts","Thread and Needle","ReplayTheSpireMod:ShopPack","Lee\u0027s Waffle","Meat on the Bone","Regal Pillow","potionbrewer:ToyAutogyro","Envenom","ClockworkSouvenir"],"campfire_rested":5,"item_purchase_floors":[19,19,19,28,36,36,38,46,58],"current_hp_per_floor":[70,70,61,61,61,61,57,57,57,61,61,61,58,58,58,32,74,59,59,59,59,59,59,5,27,27,27,81,80,73,67,67,36,81,68,68,68,68,64,64,64,64,64,72,38,38,50,50,81,48,81,74,74,74,56,55,69,69,69,69,69,95,54,95,55,95,59,95,95,56,40,23,24,0,0],"gold":340,"neow_bonus":"THREE_ENEMY_KILL","is_daily":false,"chose_seed":false,"campfire_upgraded":7,"win_rate":0.0,"timestamp":1607860712,"path_taken":["M","$","?","?","?","R","E","R","T","E","?","M","M","M","R","BOSS","M","$","M","?","AVR","R","E","R","T","M","?","M","M","E","R","BOSS","?","T","?","T","?","T","?","T","T","?","NM","?","?","E","T","BOSS","?","?","?","?","?","E","T","?","T","?","T","NM","T","E","T","BOSS","?","?","?","?","?","NM"],"items_purchased_type":["Card","Relic","Relic","Relic","Relic","Relic","Relic","Card","Relic"],"build_version":"2020-11-30","purchased_purges":0,"victory":false,"max_hp_per_floor":[70,70,70,70,70,70,70,70,70,74,74,74,74,74,74,74,74,74,74,74,74,74,74,74,74,74,74,81,81,81,81,81,81,81,81,81,81,81,81,81,81,81,81,81,81,81,81,81,81,81,81,81,81,81,81,81,95,95,95,95,95,95,95,95,95,95,95,95,95,95,95,95,95,95,95],"card_choices":[{"not_picked":["Blade Dance","Poisoned Stab"],"picked":"Noxious Fumes","floor":1},{"not_picked":["Distraction","Tactician","Sneak Up"],"picked":"SKIP","floor":7},{"not_picked":["Choke","Flying Knee","Acrobatics"],"picked":"SKIP","floor":10},{"not_picked":["Calculated Gamble","Acrobatics"],"picked":"Infinite Blades","floor":11},{"not_picked":["ReplayTheSpireMod:Shiv Toss","Reflex","StuffTheSpire:ClusterCrunch"],"picked":"SKIP","floor":12},{"not_picked":["StuffTheSpire:FinalStruggle","Acrobatics","ReplayTheSpireMod:The Works"],"picked":"SKIP","floor":13},{"not_picked":["Dodge and Roll","Underhanded Strike"],"picked":"Deadly Poison","floor":14},{"not_picked":["StuffTheSpire:FinalStruggle","Wraith Form v2"],"picked":"After Image","floor":16},{"not_picked":["Acrobatics+1","StuffTheSpire:Python","Dodge and Roll+1"],"picked":"SKIP","floor":18},{"not_picked":["Chrysalis","Crow Ritual"],"picked":"Panache","floor":19},{"not_picked":["HandOfGreed","ReplayTheSpireMod:Uncanny Aura"],"picked":"Midas Touch","floor":19},{"not_picked":["StuffTheSpire:FreeRealEstate","Mind Blast"],"picked":"Specialist","floor":19},{"not_picked":["PiercingWail","Sucker Punch+1","Prepared"],"picked":"SKIP","floor":20},{"not_picked":["infinitespire:FinalStrike","infinitespire:TheBestDefense"],"picked":"infinitespire:Oblivion","floor":21},{"not_picked":["Vigilance","TheCursedMod:CleanUpWorkshop"],"picked":"Survivor","floor":22},{"not_picked":["StuffTheSpire:FinalStruggle","Doppelganger"],"picked":"ReplayTheSpireMod:From All Sides","floor":22},{"not_picked":["Enlightenment","Bandage Up"],"picked":"Jack Of All Trades","floor":22},{"not_picked":["ReplayTheSpireMod:Echoes of Time","infinitespire:SevenWalls"],"picked":"infinitespire:Fortify","floor":22},{"not_picked":["Backflip+1","Heel Hook"],"picked":"Burst","floor":24},{"not_picked":["Flechettes","Prepared","Acrobatics+1"],"picked":"SKIP","floor":27},{"not_picked":["Hidden Blade","StuffTheSpire:Injection","ReplayTheSpireMod:Speed Training+1"],"picked":"SKIP","floor":29},{"not_picked":["Dagger Spray","StuffTheSpire:ClusterCrunch","Grand Finale"],"picked":"SKIP","floor":30},{"not_picked":["ReplayTheSpireMod:Speed Training","Quick Slash","Dash+1"],"picked":"SKIP","floor":31},{"not_picked":["StuffTheSpire:FinalStruggle","Adrenaline"],"picked":"A Thousand Cuts","floor":33},{"not_picked":["Sucker Punch","Flying Knee","Concentrate+1"],"picked":"SKIP","floor":35},{"not_picked":["StuffTheSpire:Vigor","StuffTheSpire:Rapture"],"picked":"StuffTheSpire:CelestialWarden","floor":37},{"not_picked":["Skewer","StuffTheSpire:Python+1","Predator+1"],"picked":"SKIP","floor":39},{"not_picked":["Flechettes","Hidden Blade","Prepared+1"],"picked":"SKIP","floor":44},{"not_picked":["Predator","Prepared"],"picked":"Terror+1","floor":45},{"not_picked":["Reflex+1","ReplayTheSpireMod:Tripwire+1"],"picked":"Poisoned Stab+1","floor":47},{"not_picked":["Dagger Throw","Dagger Spray+1","StuffTheSpire:Repulse+1"],"picked":"SKIP","floor":48},{"not_picked":["Grand Finale","ReplayTheSpireMod:From All Sides"],"picked":"Envenom","floor":50},{"not_picked":["StuffTheSpire:Python","Underhanded Strike","ReplayTheSpireMod:Exploit Weakness"],"picked":"SKIP","floor":52},{"not_picked":["Draining Mist","Flying Knee","Quick Slash"],"picked":"SKIP","floor":53},{"not_picked":["StuffTheSpire:MirrorStance","Cloak And Dagger"],"picked":"Deadly Poison","floor":54},{"not_picked":["Poisoned Stab","Dash"],"picked":"Tools of the Trade","floor":55},{"not_picked":["Backflip","Infinite Blades"],"picked":"Catalyst","floor":56},{"not_picked":["StuffTheSpire:Injection","Fluid Movement"],"picked":"Catalyst","floor":57},{"not_picked":["Dagger Spray","StuffTheSpire:ClusterCrunch","Sucker Punch"],"picked":"SKIP","floor":59},{"not_picked":["Tactician","Backflip"],"picked":"Deadly Poison","floor":63},{"not_picked":["Sucker Punch","Bullet Time","ReplayTheSpireMod:Shiv Toss"],"picked":"SKIP","floor":65},{"not_picked":["Tools of the Trade","Malaise"],"picked":"Envenom","floor":67},{"not_picked":["Expertise","Slice","Bane"],"picked":"SKIP","floor":69},{"not_picked":["StuffTheSpire:Incursion","Acrobatics","Escape Plan"],"picked":"SKIP","floor":70},{"not_picked":["Tactician","Blade Dance","Flechettes"],"picked":"SKIP","floor":72},{"not_picked":["Sucker Punch","Expertise","Dodge and Roll+1"],"picked":"SKIP","floor":73}],"player_experience":1495211,"relics_obtained":[{"floor":4,"key":"Onion Ring"},{"floor":5,"key":"Ring of Misfortune"},{"floor":5,"key":"ReplayTheSpireMod:Ring of Challenge"},{"floor":7,"key":"Anchor"},{"floor":9,"key":"The Specimen"},{"floor":10,"key":"StuffTheSpire:Rhapsscallions"},{"floor":13,"key":"Pet Ghost"},{"floor":24,"key":"Toy Ornithopter"},{"floor":26,"key":"Mummified Hand"},{"floor":29,"key":"Mercury Hourglass"},{"floor":31,"key":"Blue Doll"},{"floor":43,"key":"StuffTheSpire:Barrel"},{"floor":45,"key":"Vajra"},{"floor":45,"key":"Replay:WaspNest"},{"floor":48,"key":"Ornamental Fan"},{"floor":57,"key":"Mango"},{"floor":60,"key":"Happy Flower"},{"floor":63,"key":"Oddly Smooth Stone"},{"floor":65,"key":"StuffTheSpire:HeavyRock"},{"floor":70,"key":"Tough Bandages"},{"floor":71,"key":"Nilry\u0027s Codex"}],"event_choices":[{"cards_removed":["Defend_G"],"damage_healed":0,"gold_gain":0,"player_choice":"Removed Skill","damage_taken":0,"max_hp_gain":0,"max_hp_loss":0,"event_name":"Falling","floor":41,"gold_loss":0},{"damage_healed":69,"gold_gain":0,"player_choice":"Embrace Burn","damage_taken":0,"max_hp_gain":0,"max_hp_loss":95,"event_name":"betterThird:BetterShining","floor":61,"gold_loss":0},{"damage_healed":0,"gold_gain":0,"player_choice":"Obtained Book","damage_taken":16,"max_hp_gain":0,"max_hp_loss":0,"event_name":"Cursed Tome","floor":71,"gold_loss":0}],"is_beta":false,"boss_relics":[{"not_picked":["Runic Dome","Astrolabe"],"picked":"Ring of the Serpent"},{"not_picked":["Snecko Scales","Replay:Grab Bag"],"picked":"Painkiller Herb"},{"not_picked":["Replay:Drink Me","Coffee Dripper"],"picked":"Philosopher\u0027s Stone"},{"not_picked":["StuffTheSpire:RunicConfusion","Coffee Dripper"],"picked":"Cursed Key"}],"items_purged_floors":[],"is_endless":true,"potions_floor_spawned":[1,7,10,12,16,18,20,29,33,39,47,53,57,59,67,70,73],"killed_by":"Nightmare","ascension_level":3}}