{"host":"y76clbnovzmw9ubx","time":1607899053,"event":{"mods":["AchievementEnabler","BaseMod","Minty Spire (QoL Compilation)","Permanent Neow","Relic Stats"],"gold_per_floor":[216,6,16,26,36,69,69,95,121,131,131,145,175,203,215,322,334,360,287,311,340,30,30,30],"floor_reached":23,"playtime":1608,"items_purged":[],"score":384,"play_id":"f7d44f26-c0c9-4e1c-bf14-65f730b1ab94","local_time":"20201213173733","is_ascension_mode":true,"campfire_choices":[{"data":"SandsOfTime","floor":7.0,"key":"SMITH"},{"data":"Eruption","floor":11.0,"key":"SMITH"},{"data":"Devotion","floor":15.0,"key":"SMITH"}],"circlet_count":0,"master_deck":["Strike_P","Strike_P","Strike_P","Strike_P","Defend_P+1","Defend_P","Defend_P","Defend_P","Eruption+1","Vigilance","BowlingBash","CutThroughFate","SandsOfTime+1","Crescendo+1","Protect","Tantrum","ClearTheMind","Devotion+1","Omniscience","FlurryOfBlows","TalkToTheHand","Omniscience","FlurryOfBlows"],"relics":["PureWater","Sling","Boot","Happy Flower","Tiny Chest","MawBank","Cursed Key","War Paint","Anchor"],"acts_visited":["Exordium","TheCity"],"potions_floor_usage":[18,21,23,23],"damage_taken":[{"damage":0.0,"enemies":"Small Slimes","floor":1.0,"turns":2.0},{"damage":7.0,"enemies":"Jaw Worm","floor":3.0,"turns":6.0},{"damage":0.0,"enemies":"2 Louse","floor":4.0,"turns":3.0},{"damage":1.0,"enemies":"Exordium Wildlife","floor":5.0,"turns":3.0},{"damage":10.0,"enemies":"Lagavulin","floor":6.0,"turns":7.0},{"damage":0.0,"enemies":"Gremlin Nob","floor":8.0,"turns":2.0},{"damage":3.0,"enemies":"3 Louse","floor":10.0,"turns":3.0},{"damage":0.0,"enemies":"Large Slime","floor":12.0,"turns":2.0},{"damage":0.0,"enemies":"Lagavulin","floor":13.0,"turns":4.0},{"damage":0.0,"enemies":"Exordium Thugs","floor":14.0,"turns":3.0},{"damage":14.0,"enemies":"Hexaghost","floor":16.0,"turns":8.0},{"damage":9,"enemies":"Chosen","floor":18,"turns":5},{"damage":4,"enemies":"Shell Parasite","floor":20,"turns":6},{"damage":16,"enemies":"Centurion and Healer","floor":21,"turns":5},{"damage":44,"enemies":"Gremlin Leader","floor":23,"turns":3}],"seed_played":"5224868283994225353","potions_obtained":[{"floor":6.0,"key":"Fire Potion"},{"floor":8.0,"key":"Block Potion"},{"floor":12.0,"key":"AttackPotion"},{"floor":13.0,"key":"Dexterity Potion"},{"floor":14.0,"key":"StancePotion"},{"floor":18,"key":"Dexterity Potion"}],"is_trial":false,"path_per_floor":["M","$","M","M","M","E","R","E","T","M","R","M","E","M","R","B",null,"M","?","M","M","$","E"],"character_chosen":"WATCHER","items_purchased":["Sling","CutThroughFate","Anchor","Omniscience","FlurryOfBlows"],"campfire_rested":0,"item_purchase_floors":[2,2,22,22,22],"current_hp_per_floor":[65,65,58,58,57,47,47,47,47,44,44,44,44,44,44,30,62,53,53,49,33,33,0,0],"gold":30,"neow_bonus":"HUNDRED_GOLD","is_daily":false,"chose_seed":false,"campfire_upgraded":3,"win_rate":0.0,"timestamp":1607899053,"path_taken":["M","$","M","M","M","E","R","E","T","M","R","M","E","M","R","BOSS","BOSS","M","?","M","M","$","E"],"items_purchased_type":["Relic","Card","Relic","Card","Card"],"build_version":"2020-11-30","purchased_purges":0,"victory":false,"max_hp_per_floor":[72,72,72,72,72,72,72,72,72,72,72,72,72,72,72,72,72,72,72,72,72,72,72,72],"relic_stats":{"Happy Flower":[13],"counters":[15,62],"Tiny Chest":0,"War Paint":["Crescendo","Defend_P"],"Boot":[13],"MawBank":108,"Cursed Key":0,"obtain_stats":[{"Anchor":22,"Happy Flower":8,"Tiny Chest":9,"PureWater":0,"War Paint":19,"Sling":2,"Boot":6,"MawBank":13,"Cursed Key":17},{"Anchor":14,"Happy Flower":6,"Tiny Chest":6,"PureWater":0,"War Paint":12,"Sling":1,"Boot":5,"MawBank":9,"Cursed Key":11},{"Anchor":59,"Happy Flower":23,"Tiny Chest":23,"PureWater":0,"War Paint":48,"Sling":2,"Boot":21,"MawBank":32,"Cursed Key":43}]},"card_choices":[{"not_picked":["PathToVictory","JustLucky"],"picked":"BowlingBash","floor":1.0},{"not_picked":["FlurryOfBlows","CutThroughFate"],"picked":"SandsOfTime","floor":3.0},{"not_picked":["EmptyBody","DeceiveReality"],"picked":"Crescendo","floor":4.0},{"not_picked":["ClearTheMind","SpiritShield"],"picked":"Protect","floor":5.0},{"not_picked":["Collect","FlyingSleeves","PathToVictory"],"picked":"SKIP","floor":6.0},{"not_picked":["EmptyBody","FlurryOfBlows"],"picked":"Tantrum","floor":8.0},{"not_picked":["Halt","Indignation"],"picked":"ClearTheMind","floor":10.0},{"not_picked":["BattleHymn","SashWhip","CarveReality"],"picked":"SKIP","floor":12.0},{"not_picked":["Meditate","Nirvana"],"picked":"Devotion","floor":13.0},{"not_picked":["Protect","JustLucky","PathToVictory"],"picked":"SKIP","floor":14.0},{"not_picked":["Alpha","MasterReality"],"picked":"Omniscience","floor":16},{"not_picked":["SignatureMove","Vengeance+1"],"picked":"FlurryOfBlows","floor":18},{"not_picked":["SignatureMove","Worship","FlyingSleeves+1"],"picked":"SKIP","floor":20},{"not_picked":["Worship","SashWhip"],"picked":"TalkToTheHand","floor":21}],"player_experience":2853093,"relics_obtained":[{"floor":6.0,"key":"Boot"},{"floor":8.0,"key":"Happy Flower"},{"floor":9.0,"key":"Tiny Chest"},{"floor":13.0,"key":"MawBank"}],"event_choices":[{"damage_healed":0,"gold_gain":0,"player_choice":"Obtained Relic","damage_taken":0,"relics_obtained":["War Paint"],"max_hp_gain":0,"max_hp_loss":0,"event_name":"Addict","floor":19,"gold_loss":85}],"is_beta":false,"boss_relics":[{"not_picked":["VioletLotus","Pandora\u0027s Box"],"picked":"Cursed Key"}],"items_purged_floors":[],"is_endless":false,"potions_floor_spawned":[6,8,12,13,14,16,18,20],"killed_by":"Gremlin Leader","ascension_level":9}}