{"host":"07ljfmttuzqopd7f","time":1607832392,"event":{"mods":["2.2 Compatiblity","BaseMod","Bestiary","Block Reminder","Colored Map","Colored Powertips","Curses Come First","Hermit","Minty Spire (QoL Compilation)","Quick Restart","Random Character Button","Rare Cards Sparkle","Relic Stats","StSLib","The Cursed","UnlockEverythingMod"],"gold_per_floor":[119,137,26,201,201,201,235,235,235,268,30,30,41,41,41,136,136,156,0,0,0,23,23,23,23],"floor_reached":24,"playtime":7876,"items_purged":[],"score":281,"play_id":"fe2f4de0-3a9b-4506-a6db-f276b6ee6444","local_time":"20201212230632","is_ascension_mode":true,"campfire_choices":[{"data":"hermit:CursedWeapon","floor":6,"key":"SMITH"},{"data":"hermit:NoHoldsBarred","floor":8,"key":"SMITH"},{"data":"hermit:Maintenance","floor":15,"key":"SMITH"},{"data":"hermit:SprayPray","floor":23,"key":"SMITH"}],"circlet_count":0,"master_deck":["hermit:Strike_Hermit","hermit:Strike_Hermit","hermit:Strike_Hermit","hermit:Strike_Hermit","hermit:Defend_Hermit","hermit:Defend_Hermit","hermit:Defend_Hermit","hermit:Snapshot","hermit:Covet","hermit:CursedWeapon+1","hermit:BigShot","hermit:ShadowCloak","Doubt","hermit:NoHoldsBarred+1","hermit:SprayPray+1","hermit:Maintenance+1","hermit:Gambit","hermit:Scavenge+1","hermit:Horror"],"relics":["hermit:ClaspedLocket","NeowsBlessing","Kunai","Eternal Feather","Vajra","Shuriken","Blue Candle","MutagenicStrength"],"acts_visited":["Exordium","TheCity"],"potions_floor_usage":[1,18,22],"damage_taken":[{"damage":0,"enemies":"Cultist","floor":1,"turns":1},{"damage":2,"enemies":"2 Louse","floor":2,"turns":1},{"damage":2,"enemies":"3 Sentries","floor":7,"turns":2},{"damage":30,"enemies":"Gremlin Nob","floor":10,"turns":5},{"damage":14,"enemies":"Jaw Worm","floor":13,"turns":2},{"damage":27,"enemies":"The Guardian","floor":16,"turns":11},{"damage":13,"enemies":"2 Thieves","floor":18,"turns":2},{"damage":27,"enemies":"3 Byrds","floor":22,"turns":4},{"damage":49,"enemies":"Slavers","floor":24,"turns":3}],"seed_played":"-4339412515730858952","potions_obtained":[{"floor":1,"key":"Fruit Juice"},{"floor":16,"key":"Fire Potion"}],"is_trial":false,"path_per_floor":["M","M","$","?","?","R","E","R","T","E","$","?","M","T","R","B",null,"M","?","$","?","M","R","E"],"character_chosen":"HERMIT","items_purchased":["hermit:ShadowCloak","Regen Potion","Shuriken"],"campfire_rested":0,"item_purchase_floors":[3,3,11],"current_hp_per_floor":[80,78,78,78,71,71,69,69,69,39,39,65,51,51,60,33,68,55,55,55,55,40,49,0,0],"gold":23,"neow_bonus":"THREE_ENEMY_KILL","is_daily":false,"chose_seed":false,"campfire_upgraded":4,"win_rate":0.0,"timestamp":1607832392,"path_taken":["M","M","$","?","?","R","E","R","T","E","?","?","M","?","R","BOSS","M","?","$","?","M","R","E"],"items_purchased_type":["Card","Potion","Relic"],"build_version":"2020-11-30","purchased_purges":0,"victory":false,"max_hp_per_floor":[80,80,80,80,80,80,80,80,80,80,80,80,80,80,80,80,80,80,80,80,80,80,80,80,80],"relic_stats":{"counters":[9,31],"Shuriken":[4],"Blue Candle":[0],"Eternal Feather":18,"Kunai":[6],"obtain_stats":[{"hermit:ClaspedLocket":17,"NeowsBlessing":0,"Shuriken":11,"Blue Candle":14,"MutagenicStrength":21,"Vajra":10,"Eternal Feather":9,"Kunai":7,"hermit:Momento":0},{"hermit:ClaspedLocket":6,"NeowsBlessing":0,"Shuriken":4,"Blue Candle":5,"MutagenicStrength":7,"Vajra":4,"Eternal Feather":3,"Kunai":3,"hermit:Momento":0},{"hermit:ClaspedLocket":22,"NeowsBlessing":0,"Shuriken":9,"Blue Candle":11,"MutagenicStrength":24,"Vajra":9,"Eternal Feather":4,"Kunai":4,"hermit:Momento":0}]},"card_choices":[{"not_picked":["hermit:Shortfuse","hermit:SprayPray"],"picked":"hermit:CursedWeapon","floor":1},{"not_picked":["hermit:HoleUp","hermit:Midnight"],"picked":"hermit:BigShot","floor":2},{"not_picked":["hermit:TakeAim","hermit:ItchyTrigger"],"picked":"hermit:NoHoldsBarred","floor":7},{"not_picked":["hermit:ItchyTrigger","hermit:Ricochet"],"picked":"hermit:SprayPray","floor":10},{"not_picked":["hermit:Deadeye","hermit:DeadMansHand"],"picked":"hermit:Maintenance","floor":13},{"not_picked":["hermit:Purgatory","hermit:EternalForm"],"picked":"hermit:Gambit","floor":16},{"not_picked":["hermit:Coalescence","hermit:BigShot"],"picked":"hermit:Scavenge+1","floor":18},{"not_picked":["hermit:Spite","hermit:LowProfile"],"picked":"hermit:Horror","floor":22}],"player_experience":396020,"relics_obtained":[{"floor":7,"key":"Kunai"},{"floor":9,"key":"Eternal Feather"},{"floor":10,"key":"Vajra"},{"floor":14,"key":"Blue Candle"}],"event_choices":[{"damage_healed":0,"gold_gain":175,"player_choice":"AGREE","damage_taken":0,"max_hp_gain":0,"max_hp_loss":0,"event_name":"Liars Game","floor":4,"gold_loss":0,"cards_obtained":["Doubt"]},{"cards_removed":["hermit:Defend_Hermit"],"damage_healed":0,"gold_gain":0,"player_choice":"Card Removal","damage_taken":7,"max_hp_gain":0,"max_hp_loss":0,"event_name":"Golden Wing","floor":5,"gold_loss":0},{"damage_healed":26,"gold_gain":0,"player_choice":"Banana","damage_taken":0,"max_hp_gain":0,"max_hp_loss":0,"event_name":"Big Fish","floor":12,"gold_loss":0},{"damage_healed":0,"gold_gain":0,"player_choice":"Paid Fearfully","damage_taken":0,"max_hp_gain":0,"max_hp_loss":0,"event_name":"Masked Bandits","floor":19,"gold_loss":156},{"damage_healed":0,"gold_gain":0,"player_choice":"Inject Mutagens","damage_taken":0,"relics_obtained":["MutagenicStrength"],"max_hp_gain":0,"max_hp_loss":0,"event_name":"Drug Dealer","floor":21,"gold_loss":0}],"is_beta":false,"boss_relics":[{"not_picked":["Coffee Dripper","SacredBark"],"picked":"hermit:ClaspedLocket"}],"items_purged_floors":[],"is_endless":false,"potions_floor_spawned":[1,16],"killed_by":"Slavers","ascension_level":5}}