{"host":"vdpaduzlq0qlaikq","time":1607876922,"event":{"mods":["AchievementEnabler","BaseMod","Better Third Choice","BetterRewards","Colored Map","Downfall","Gold Saver","Hermit","Jorbs\u0027s Wanderer Trilogy","Minty Spire (QoL Compilation)","Relic Filter","Spicy Shops","StSLib","The Necromancer"],"gold_per_floor":[192,192,192,207,207,240,259,259,308,338,352,49,49,106,106,106,106],"floor_reached":16,"playtime":553,"items_purged":[],"score":133,"play_id":"7548aa1d-2a4f-4998-ad9e-fdce9e0ad0b1","local_time":"20201213142842","is_ascension_mode":false,"campfire_choices":[{"data":"Footwork","floor":8,"key":"SMITH"},{"data":"Wraith Form v2","floor":13,"key":"SMITH"},{"data":"Cloak And Dagger","floor":15,"key":"SMITH"}],"circlet_count":0,"master_deck":["Strike_G","Strike_G","Strike_G","Strike_G+1","Defend_G","Defend_G","Defend_G","Defend_G+1","Defend_G","Survivor","Neutralize+1","Footwork+1","Blade Dance","Wraith Form v2+1","Cloak And Dagger+1"],"relics":["Ring of the Snake","NeowsBlessing","Anchor","Potion Belt","Happy Flower","Sling","Lantern"],"acts_visited":["Exordium"],"potions_floor_usage":[10,10],"damage_taken":[{"damage":0,"enemies":"Cultist","floor":1,"turns":1},{"damage":0,"enemies":"2 Louse","floor":4,"turns":1},{"damage":0,"enemies":"Lagavulin","floor":6,"turns":1},{"damage":0,"enemies":"Small Slimes","floor":7,"turns":4},{"damage":1,"enemies":"3 Sentries","floor":10,"turns":10},{"damage":1,"enemies":"Exordium Wildlife","floor":11,"turns":5},{"damage":9,"enemies":"Gremlin Nob","floor":14,"turns":5},{"damage":49,"enemies":"Slime Boss","floor":16,"turns":11}],"seed_played":"-499313360621518818","potions_obtained":[{"floor":1,"key":"DistilledChaos"},{"floor":6,"key":"BlessingOfTheForge"},{"floor":14,"key":"SmokeBomb"}],"is_trial":false,"path_per_floor":["M","?","?","M","?","E","M","R","T","E","M","$","R","?","R","B"],"character_chosen":"THE_SILENT","items_purchased":["Happy Flower","Sling"],"campfire_rested":0,"item_purchase_floors":[12,12],"current_hp_per_floor":[70,56,56,56,56,56,56,56,56,55,54,54,54,45,45,0,0],"gold":106,"neow_bonus":"THREE_ENEMY_KILL","is_daily":false,"chose_seed":false,"campfire_upgraded":3,"win_rate":0.0,"timestamp":1607876922,"path_taken":["M","?","?","?","?","E","M","R","T","E","M","$","R","?","R","BOSS"],"items_purchased_type":["Relic","Relic"],"build_version":"2020-11-30","purchased_purges":0,"victory":false,"max_hp_per_floor":[70,70,70,70,70,70,70,70,70,70,70,70,70,70,70,70,70],"card_choices":[{"not_picked":["Backflip","Quick Slash","Dagger Throw"],"picked":"SKIP","floor":1},{"not_picked":["Expertise","All Out Attack","Dodge and Roll"],"picked":"SKIP","floor":4},{"not_picked":["Crippling Poison","Dagger Throw"],"picked":"Footwork","floor":6},{"not_picked":["Dagger Spray","Leg Sweep"],"picked":"Blade Dance","floor":7},{"not_picked":["Deflect","Corpse Explosion"],"picked":"Wraith Form v2","floor":10},{"not_picked":["Slice","Dagger Throw"],"picked":"Cloak And Dagger","floor":11}],"player_experience":490071,"relics_obtained":[{"floor":6,"key":"Anchor"},{"floor":10,"key":"Potion Belt"}],"event_choices":[{"damage_healed":70,"gold_gain":0,"player_choice":"Upgrade","damage_taken":14,"max_hp_gain":0,"max_hp_loss":70,"event_name":"betterThird:BetterShining","floor":2,"gold_loss":0,"cards_upgraded":["Defend_G","Strike_G"]},{"cards_removed":["Strike_G"],"damage_healed":0,"gold_gain":0,"player_choice":"Offered Basic","damage_taken":0,"max_hp_gain":0,"max_hp_loss":0,"event_name":"Bonfire Elementals","floor":3,"gold_loss":0},{"damage_healed":0,"gold_gain":0,"player_choice":"Grow","damage_taken":0,"max_hp_gain":0,"max_hp_loss":0,"event_name":"Living Wall","floor":5,"gold_loss":0,"cards_upgraded":["Neutralize"]},{"damage_healed":0,"gold_gain":0,"player_choice":"Searched \u00272\u0027 times","damage_taken":0,"relics_obtained":["Lantern"],"max_hp_gain":0,"max_hp_loss":0,"event_name":"Dead Adventurer","floor":14,"gold_loss":0}],"is_beta":false,"boss_relics":[],"items_purged_floors":[],"is_endless":false,"potions_floor_spawned":[1,6,14],"killed_by":"Slime Boss","ascension_level":0}}