{"host":"g76rhe4j5kh9hdf9","time":1607891702,"event":{"mods":["Act Like it!","BaseMod","Better Third Choice","Downfall","GifTheSpireLib","Minty Spire (QoL Compilation)","Relic Stats","Spicy Shops","StSLib"],"gold_per_floor":[0,20,470,168,93,108,131,156,81,107,107,207,227,244,254,357,357,357,392,392,392,392,127,127,127,162,162,162,179,198,5,15,113,113,113,213,208,225,225,225,225,29,40,40,40,66,77,92,102,102],"floor_reached":51,"playtime":3738,"items_purged":["Slimebound:Icky","Shame","champ:Execute","champ:BladeFlurry","champ:Lariat+1","champ:DefensiveStyle"],"score":716,"play_id":"86dcb729-ad13-489f-8fef-3da219a78caa","local_time":"20201213123502","is_ascension_mode":false,"campfire_choices":[{"floor":1,"key":"RECALL"},{"data":"champ:IronFortress","floor":5,"key":"SMITH"},{"data":"champ:Encircle","floor":9,"key":"SMITH"},{"data":"champ:GutPunch","floor":18,"key":"SMITH"},{"data":"champ:StanceDance","floor":20,"key":"SMITH"},{"data":"champ:AdrenalArmor","floor":25,"key":"SMITH"},{"data":"champ:PerfectForm","floor":27,"key":"SMITH"},{"data":"champ:SwordThrow","floor":35,"key":"SMITH"},{"data":"champ:AdrenalArmor","floor":39,"key":"SMITH"},{"data":"champ:DancingMaster","floor":44,"key":"SMITH"}],"circlet_count":0,"master_deck":["champ:Taunt+1","champ:BerserkerStyle","champ:IronFortress+1","champ:Encircle+1","champ:CrownThrow","champ:StanceDance+1","champ:GutPunch+1","champ:AdrenalArmor+1","champ:DancingMaster+1","champ:ShieldSlam","champ:Duel","champ:ShieldSlam","champ:PerfectForm+1","champ:AdrenalArmor+1","champ:IronFortress+1","champ:AdrenalArmor+1","champ:SwordThrow+1","champ:DefensiveStyle+1","champ:GutPunch+1","champ:Shatter+1","Pain","champ:IronFortress+1","champ:HoldFirm"],"relics":["champ:ChampionCrown","Bird Faced Urn","Juzu Bracelet","downfall:HeartBlessingRed","Guardian:PocketSentry","Kunai","downfall:HeartBlessingGreen","StoneCalendar","MealTicket","Pandora\u0027s Box","Bag of Marbles","TungstenRod","PreservedInsect","InkBottle","Smiling Mask","Sling","Astrolabe","Toy Ornithopter","Medical Kit","Vajra","WarpedTongs","Incense Burner","Regal Pillow"],"acts_visited":["Exordium","TheCity","TheBeyond"],"potions_floor_usage":[12,16,16,29,37,47],"damage_taken":[{"damage":5,"enemies":"Jaw Worm","floor":2,"turns":5},{"damage":8,"enemies":"downfall:FleeingMerchant","floor":4,"turns":4},{"damage":10,"enemies":"Small Slimes","floor":6,"turns":5},{"damage":54,"enemies":"3 Sentries","floor":8,"turns":14},{"damage":28,"enemies":"Gremlin Nob","floor":10,"turns":4},{"damage":16,"enemies":"downfall:Heads","floor":12,"turns":7},{"damage":2,"enemies":"Cultist","floor":13,"turns":3},{"damage":12,"enemies":"2 Fungi Beasts","floor":14,"turns":3},{"damage":31,"enemies":"Gremlin Gang","floor":15,"turns":5},{"damage":49,"enemies":"downfall:Silent","floor":16,"turns":7},{"damage":57,"enemies":"Gremlin Leader","floor":19,"turns":9},{"damage":8,"enemies":"downfall:FleeingMerchant","floor":23,"turns":4},{"damage":57,"enemies":"Slavers","floor":26,"turns":5},{"damage":23,"enemies":"Chosen","floor":29,"turns":5},{"damage":16,"enemies":"Spheric Guardian","floor":30,"turns":3},{"damage":12,"enemies":"downfall:FleeingMerchant","floor":31,"turns":4},{"damage":37,"enemies":"Centurion and Healer","floor":32,"turns":4},{"damage":29,"enemies":"downfall:Defect","floor":33,"turns":7},{"damage":27,"enemies":"downfall:LadyInBlue","floor":36,"turns":3},{"damage":23,"enemies":"downfall:FleeingMerchant","floor":37,"turns":3},{"damage":34,"enemies":"3 Darklings","floor":38,"turns":5},{"damage":14,"enemies":"Orb Walker","floor":43,"turns":2},{"damage":21,"enemies":"Jaw Worm Horde","floor":47,"turns":4},{"damage":37,"enemies":"3 Darklings","floor":48,"turns":4},{"damage":23,"enemies":"Sphere and 2 Shapes","floor":49,"turns":4},{"damage":27,"enemies":"downfall:Watcher","floor":50,"turns":5}],"seed_played":"-4597379073491628813","potions_obtained":[{"floor":2,"key":"champ:OpenerPotion"},{"floor":10,"key":"DuplicationPotion"},{"floor":15,"key":"ColorlessPotion"},{"floor":16,"key":"ColorlessPotion"},{"floor":26,"key":"Regen Potion"},{"floor":32,"key":"champ:UltimateStancePotion"},{"floor":33,"key":"Swift Potion"},{"floor":36,"key":"FairyPotion"},{"floor":36,"key":"DuplicationPotion"},{"floor":43,"key":"SpeedPotion"},{"floor":48,"key":"Slimebound:ThreeZeroPotion"},{"floor":49,"key":"Regen Potion"}],"is_trial":false,"path_per_floor":["R","M","?","$","R","M","T","E","R","E","T","?","M","M","M","B",null,"R","E","R","?","?","$","T","R","E","R","?","M","M","$","M","B",null,"R","?","$","M","R","?","T","$","M","R","$","?","M","M","M","B",null],"character_chosen":"THE_CHAMP","items_purchased":["champ:DefensiveStyle","Juzu Bracelet","PreservedInsect","Sling","Medical Kit","Vajra","Incense Burner"],"campfire_rested":0,"item_purchase_floors":[4,4,23,31,37,37,42],"current_hp_per_floor":[90,90,90,90,90,89,89,55,55,36,36,30,34,40,39,54,95,95,92,92,92,92,100,100,100,98,98,98,100,100,100,100,100,100,100,100,100,100,100,100,100,100,100,100,100,100,100,100,100,100],"gold":102,"neow_bonus":"ONE_RARE_RELIC","is_daily":false,"chose_seed":false,"campfire_upgraded":9,"win_rate":0.0,"timestamp":1607891702,"path_taken":["R","M","?","$","R","M","T","E","R","E","?","?","M","M","M","BOSS","R","E","R","?","?","$","T","R","E","R","?","M","M","$","M","BOSS","R","?","$","M","R","?","T","$","M","R","?","?","M","M","M","BOSS"],"items_purchased_type":["Card","Relic","Relic","Relic","Relic","Relic","Relic"],"build_version":"2020-11-30","purchased_purges":6,"victory":true,"max_hp_per_floor":[90,90,90,90,90,90,90,90,90,90,90,90,90,90,90,95,95,95,100,100,100,100,100,100,100,100,100,100,100,100,100,100,100,100,100,100,100,100,100,100,100,100,100,100,100,100,100,100,100,100],"relic_stats":{"Regal Pillow":0,"counters":[26,128],"Astrolabe":["champ:Lariat","champ:DefensiveStyle","champ:GutPunch"],"StoneCalendar":[61],"PreservedInsect":84,"Juzu Bracelet":2,"Smiling Mask":450,"Medical Kit":[0],"WarpedTongs":[15],"Bird Faced Urn":[108],"MealTicket":8,"Pandora\u0027s Box":["champ:BladeFlurry","champ:PreciseThrust","champ:HeavySlash","champ:SkillfulDodge","champ:ShieldSlam","champ:Duel","champ:ShieldSlam"],"Kunai":[16],"obtain_stats":[{"Regal Pillow":46,"downfall:HeartBlessingRed":5,"Astrolabe":34,"Vajra":37,"champ:ChampionCrown":0,"downfall:HeartBlessingGreen":9,"StoneCalendar":10,"PreservedInsect":23,"Juzu Bracelet":4,"Guardian:PocketSentry":7,"Incense Burner":42,"Smiling Mask":26,"Sling":31,"Medical Kit":37,"WarpedTongs":40,"Bird Faced Urn":0,"MealTicket":11,"Pandora\u0027s Box":17,"Bag of Marbles":19,"Kunai":8,"TungstenRod":22,"InkBottle":24,"Toy Ornithopter":36},{"Regal Pillow":22,"downfall:HeartBlessingRed":2,"Astrolabe":18,"Vajra":20,"champ:ChampionCrown":0,"downfall:HeartBlessingGreen":4,"StoneCalendar":5,"PreservedInsect":12,"Juzu Bracelet":2,"Guardian:PocketSentry":3,"Incense Burner":21,"Smiling Mask":13,"Sling":16,"Medical Kit":20,"WarpedTongs":21,"Bird Faced Urn":0,"MealTicket":5,"Pandora\u0027s Box":10,"Bag of Marbles":11,"Kunai":4,"TungstenRod":11,"InkBottle":12,"Toy Ornithopter":19},{"Regal Pillow":111,"downfall:HeartBlessingRed":9,"Astrolabe":98,"Vajra":104,"champ:ChampionCrown":0,"downfall:HeartBlessingGreen":28,"StoneCalendar":32,"PreservedInsect":70,"Juzu Bracelet":9,"Guardian:PocketSentry":14,"Incense Burner":109,"Smiling Mask":75,"Sling":87,"Medical Kit":104,"WarpedTongs":109,"Bird Faced Urn":0,"MealTicket":32,"Pandora\u0027s Box":57,"Bag of Marbles":66,"Kunai":28,"TungstenRod":66,"InkBottle":70,"Toy Ornithopter":101}],"TungstenRod":260,"InkBottle":[23],"Toy Ornithopter":3},"card_choices":[{"not_picked":["champ:PreciseThrust","champ:Haymaker"],"picked":"champ:BerserkerStyle","floor":2},{"not_picked":["champ:RecklessLeap","champ:FocusedBerserking"],"picked":"champ:IronFortress","floor":4},{"not_picked":["champ:RisingSlash","champ:SkillfulDodge"],"picked":"champ:FightOn","floor":6},{"not_picked":["champ:SkillfulDodge","champ:FocusedBerserking"],"picked":"champ:Encircle","floor":8},{"not_picked":["champ:Shatter","champ:BringItOn"],"picked":"champ:FightOn","floor":10},{"not_picked":["champ:Haymaker","champ:EnragedBash"],"picked":"champ:StanceDance","floor":12},{"not_picked":["champ:ArenaPreparation","champ:PerfectForm"],"picked":"champ:GutPunch","floor":13},{"not_picked":["champ:BerserkersShout","champ:Haymaker","champ:FocusedDefense"],"picked":"SKIP","floor":14},{"not_picked":["champ:Encircle","champ:CalledShot"],"picked":"champ:AdrenalArmor","floor":15},{"not_picked":["champ:VampiricStrike","champ:ShieldSlam"],"picked":"champ:DancingMaster","floor":16},{"not_picked":["champ:GladiatorsShout","champ:Shatter"],"picked":"champ:PerfectForm","floor":19},{"not_picked":["champ:FaceSlap","champ:FlashCut","champ:BringItOn+1"],"picked":"SKIP","floor":23},{"not_picked":["champ:PerfectedStrike","champ:HeavySlash"],"picked":"champ:AdrenalArmor+1","floor":26},{"not_picked":["champ:TornadoPunch","champ:PerfectedStrike"],"picked":"champ:IronFortress+1","floor":29},{"not_picked":["champ:FanOfKnives+1","champ:BringItOn","champ:CalledShot+1"],"picked":"SKIP","floor":30},{"not_picked":["champ:PreciseThrust","champ:PerfectedStrike","champ:HeavySlash"],"picked":"SKIP","floor":31},{"not_picked":["champ:FanOfKnives","champ:Riposte+1"],"picked":"champ:AdrenalArmor","floor":32},{"not_picked":["champ:PerfectForm","champ:IgnorePain"],"picked":"champ:SwordThrow","floor":33},{"not_picked":["champ:AdrenalArmor+1","champ:Backstep+1"],"picked":"champ:Shatter+1","floor":36},{"not_picked":["champ:Riposte","champ:FanOfKnives","champ:GladiatorsShout"],"picked":"SKIP","floor":37},{"not_picked":["champ:TornadoPunch+1","champ:HeartStrike","champ:DefensiveShout+1"],"picked":"SKIP","floor":38},{"not_picked":["champ:FalseCounter+1","champ:BerserkerStyle"],"picked":"champ:IronFortress+1","floor":43},{"not_picked":["champ:RisingSlash","champ:FanOfKnives","champ:SkillfulDodge"],"picked":"SKIP","floor":47},{"not_picked":["champ:Haymaker","champ:EnragedBash+1"],"picked":"champ:HoldFirm","floor":48},{"not_picked":["champ:BringItOn+1","champ:FocusedGladiator+1","champ:Haymaker+1"],"picked":"SKIP","floor":49}],"player_experience":579191,"relics_obtained":[{"floor":7,"key":"Guardian:PocketSentry"},{"floor":8,"key":"Kunai"},{"floor":10,"key":"StoneCalendar"},{"floor":11,"key":"MealTicket"},{"floor":19,"key":"Bag of Marbles"},{"floor":24,"key":"InkBottle"},{"floor":26,"key":"Smiling Mask"},{"floor":36,"key":"Toy Ornithopter"},{"floor":46,"key":"Regal Pillow"}],"event_choices":[{"damage_healed":0,"gold_gain":0,"player_choice":"Ignored","damage_taken":0,"max_hp_gain":0,"max_hp_loss":0,"event_name":"NoteForYourself","floor":21,"gold_loss":0},{"damage_healed":0,"gold_gain":0,"player_choice":"Stole Relic","damage_taken":0,"relics_obtained":["TungstenRod"],"max_hp_gain":0,"max_hp_loss":0,"event_name":"Addict","floor":22,"gold_loss":0,"cards_obtained":["Shame"]},{"cards_removed":["Slimebound:Icky"],"damage_healed":0,"gold_gain":0,"player_choice":"Elegance","damage_taken":0,"max_hp_gain":0,"max_hp_loss":0,"event_name":"betterThird:BetterWriting","floor":28,"gold_loss":0},{"damage_healed":0,"gold_gain":0,"player_choice":"Rummage","damage_taken":0,"relics_obtained":["WarpedTongs"],"max_hp_gain":0,"max_hp_loss":0,"event_name":"Accursed Blacksmith","floor":40,"gold_loss":0,"cards_obtained":["Pain"]}],"is_beta":false,"boss_relics":[{"not_picked":["SacredBark","Philosopher\u0027s Stone"],"picked":"Pandora\u0027s Box"},{"not_picked":["SlaversCollar","Cursed Key"],"picked":"Astrolabe"}],"items_purged_floors":[4,23,31,31,37,42],"is_endless":false,"potions_floor_spawned":[2,10,15,16,26,32,33,43,48,49],"ascension_level":0}}