{"host":"db9qq6yd9ck6prkg","time":1607841486,"event":{"mods":["BaseMod","Custom Start","Minty Spire (QoL Compilation)","StSLib","Uncapped"],"gold_per_floor":[100118,100134,98985,98985,99005,99035,99035,99060,99084,98236,98261,98261,98261,98287,98287,98372,98372,98393,97837,97864,97884,97640,97674,97674,97708,97734,97746,97746,97774,97689,97720,97732,97832,97844,97876,97888,97548,97572,97572,97572,97590,97623,97623,97658,97658,97670,97695,97286,97286,97286,97286,97286,97286,96852,96852,96852],"floor_reached":55,"playtime":1377,"items_purged":["Defend_P","Strike_P","Strike_P","Defend_P","Strike_P","Strike_P+1","Defend_P+1"],"score":2823,"play_id":"ab404499-df9d-423d-b7fe-6157828b15fc","local_time":"20201213143806","is_ascension_mode":true,"campfire_choices":[{"data":"Apotheosis","floor":12.0,"key":"SMITH"},{"data":"Study","floor":15.0,"key":"SMITH"},{"data":"MasterReality","floor":24.0,"key":"SMITH"},{"floor":32.0,"key":"RECALL"},{"data":"Berserk","floor":40.0,"key":"SMITH"},{"data":"Tantrum","floor":45.0,"key":"SMITH"},{"data":"FearNoEvil","floor":49.0,"key":"SMITH"}],"circlet_count":0,"master_deck":["AscendersBane","Eruption+1","Vigilance+1","Wallop+1","FearNoEvil+1","Apotheosis+1","MasterReality+1","Tantrum+1","Study+1","Blade Dance+1","Hyperbeam+1","Skim+1","FlurryOfBlows+1","Ghostly+1","Ghostly+1","Ghostly+1","Berserk+1","True Grit+1","Prostrate+1","Heatsinks+1","Brilliance+1"],"relics":["Calling Bell","Art of War","Mummified Hand","Pocketwatch","ClockworkSouvenir","Blue Candle","Whetstone","Anchor","CeramicFish","Pen Nib","Toxic Egg 2","Bag of Marbles","PrismaticShard","Molten Egg 2","Coffee Dripper","Membership Card","Shuriken","Strawberry","Orichalcum","Regal Pillow","Toy Ornithopter","Damaru","Letter Opener","MawBank","Runic Pyramid","Omamori","War Paint","Cauldron","Boot","Bottled Lightning","White Beast Statue","Torii","HandDrill","Mercury Hourglass","MealTicket","Bag of Preparation","Ornamental Fan"],"acts_visited":["Exordium","TheCity","TheBeyond","TheEnding"],"potions_floor_usage":[],"damage_taken":[{"damage":2.0,"enemies":"Small Slimes","floor":1.0,"turns":3.0},{"damage":0.0,"enemies":"Cultist","floor":2.0,"turns":2.0},{"damage":12.0,"enemies":"Jaw Worm","floor":5.0,"turns":3.0},{"damage":0.0,"enemies":"Lagavulin","floor":6.0,"turns":5.0},{"damage":5.0,"enemies":"3 Sentries","floor":8.0,"turns":7.0},{"damage":0.0,"enemies":"Lagavulin","floor":11.0,"turns":4.0},{"damage":3.0,"enemies":"Blue Slaver","floor":14.0,"turns":3.0},{"damage":0.0,"enemies":"Slime Boss","floor":16.0,"turns":5.0},{"damage":4.0,"enemies":"2 Thieves","floor":18.0,"turns":2.0},{"damage":0.0,"enemies":"Chosen","floor":21.0,"turns":2.0},{"damage":0.0,"enemies":"Book of Stabbing","floor":23.0,"turns":3.0},{"damage":0.0,"enemies":"Slavers","floor":25.0,"turns":2.0},{"damage":0.0,"enemies":"Shelled Parasite and Fungi","floor":27.0,"turns":3.0},{"damage":0.0,"enemies":"Book of Stabbing","floor":29.0,"turns":3.0},{"damage":0.0,"enemies":"Chosen and Byrds","floor":31.0,"turns":2.0},{"damage":0.0,"enemies":"Champ","floor":33.0,"turns":5.0},{"damage":0.0,"enemies":"3 Shapes","floor":35.0,"turns":5.0},{"damage":0.0,"enemies":"Orb Walker","floor":38.0,"turns":3.0},{"damage":0.0,"enemies":"Transient","floor":41.0,"turns":6.0},{"damage":0.0,"enemies":"Nemesis","floor":42.0,"turns":3.0},{"damage":0.0,"enemies":"Reptomancer","floor":44.0,"turns":3.0},{"damage":0.0,"enemies":"Writhing Mass","floor":46.0,"turns":4.0},{"damage":0.0,"enemies":"Mind Bloom Boss Battle","floor":47.0,"turns":3.0},{"damage":32.0,"enemies":"Time Eater","floor":50.0,"turns":4.0},{"damage":0.0,"enemies":"Awakened One","floor":51.0,"turns":4.0},{"damage":90,"enemies":"Shield and Spear","floor":55,"turns":2}],"seed_played":"3034418990138691654","potions_obtained":[{"floor":2.0,"key":"PowerPotion"},{"floor":18.0,"key":"FairyPotion"},{"floor":27.0,"key":"StancePotion"},{"floor":47.0,"key":"PowerPotion"}],"is_trial":false,"path_per_floor":["M","M","$","?","M","E","?","E","T","$","E","R","?","M","R","B",null,"M","$","?","M","$","E","R","E","T","M","?","E","?","M","R","B",null,"M","?","$","M","?","R","M","E","T","E","R","M","?","$","R","B","B",null,"R","$","E"],"character_chosen":"WATCHER","items_purchased":["Apotheosis","ClockworkSouvenir","Blue Candle","Whetstone","Swift Potion","MasterReality","Toxic Egg 2","Bag of Marbles","PrismaticShard","Tantrum","Study","Membership Card","Shuriken","Strawberry","FlurryOfBlows+1","Fruit Juice","LiquidMemories","Orichalcum","Regal Pillow","Omamori","War Paint","Cauldron","Prostrate+1","HandDrill","Mercury Hourglass","MealTicket","Bag of Preparation","Ornamental Fan","Brilliance+1","Strength Potion"],"campfire_rested":0,"item_purchase_floors":[3,3,3,3,3,3,10,10,10,10,10,19,19,19,19,19,19,22,22,37,37,37,37,48,48,48,54,54,54,54],"current_hp_per_floor":[59,59,59,59,47,47,52,47,47,47,47,47,25,22,22,22,60,56,68,42,42,42,42,42,42,42,42,32,32,32,32,32,32,43,43,43,43,43,43,43,43,43,43,43,43,43,47,47,47,15,20,40,40,47,0,0],"gold":96852,"neow_bonus":"BOSS_RELIC","is_daily":false,"chose_seed":false,"campfire_upgraded":6,"win_rate":0.0,"timestamp":1607841486,"path_taken":["M","M","$","?","?","E","?","E","T","$","E","R","?","M","R","BOSS","M","$","?","M","$","E","R","E","T","M","?","E","?","?","R","BOSS","M","?","$","M","?","R","?","E","T","E","R","M","?","$","R","BOSS","BOSS","R","$","E"],"items_purchased_type":["Card","Relic","Relic","Relic","Potion","Card","Relic","Relic","Relic","Card","Card","Relic","Relic","Relic","Card","Potion","Potion","Relic","Relic","Relic","Relic","Relic","Card","Relic","Relic","Relic","Relic","Relic","Card","Potion"],"build_version":"2020-11-30","purchased_purges":7,"victory":false,"max_hp_per_floor":[68,68,68,68,68,68,73,73,73,73,73,73,73,73,73,73,73,73,85,42,42,42,42,42,42,42,42,47,47,47,47,47,47,47,47,47,47,47,47,47,47,47,47,47,47,47,47,47,47,47,47,47,47,47,47,47],"card_choices":[{"not_picked":["Evaluate","Consecrate"],"picked":"Wallop","floor":1.0},{"not_picked":["Worship","Conclude"],"picked":"FearNoEvil","floor":2.0},{"not_picked":["Outmaneuver+1","Twin Strike+1"],"picked":"Blade Dance+1","floor":14.0},{"not_picked":["Reaper+1","Wish+1"],"picked":"Hyperbeam+1","floor":16.0},{"not_picked":["BowlingBash+1","FollowUp+1"],"picked":"Skim+1","floor":18.0},{"not_picked":["ForeignInfluence+1","Juggernaut","Sword Boomerang+1"],"picked":"SKIP","floor":23.0},{"not_picked":["Judgement+1","Secret Technique+1"],"picked":"Berserk","floor":33.0},{"not_picked":["Backflip+1","Bane+1"],"picked":"True Grit+1","floor":35.0},{"not_picked":["Underhanded Strike+1","Anger+1"],"picked":"Heatsinks","floor":38.0},{"not_picked":["Dramatic Entrance+1","Sword Boomerang+1","Beam Cell+1"],"picked":"SKIP","floor":41.0},{"not_picked":["Blade Dance+1","Offering+1","Double Energy+1"],"picked":"SKIP","floor":42.0},{"not_picked":["Crescendo+1","Cold Snap+1","Armaments+1"],"picked":"SKIP","floor":44.0},{"not_picked":["Prostrate+1","Conclude+1","Crescendo+1"],"picked":"SKIP","floor":46.0}],"player_experience":172147,"relics_obtained":[{"floor":0.0,"key":"Art of War"},{"floor":0.0,"key":"Mummified Hand"},{"floor":0.0,"key":"Pocketwatch"},{"floor":6.0,"key":"Anchor"},{"floor":8.0,"key":"CeramicFish"},{"floor":9.0,"key":"Pen Nib"},{"floor":11.0,"key":"Molten Egg 2"},{"floor":23.0,"key":"Toy Ornithopter"},{"floor":25.0,"key":"Damaru"},{"floor":29.0,"key":"Letter Opener"},{"floor":42.0,"key":"Boot"},{"floor":43.0,"key":"Bottled Lightning"},{"floor":44.0,"key":"White Beast Statue"},{"floor":47.0,"key":"Torii"}],"event_choices":[{"cards_removed":["Defend_P"],"damage_healed":0.0,"max_hp_gain":0.0,"max_hp_loss":0.0,"gold_gain":0.0,"event_name":"Purifier","player_choice":"Purged","floor":4.0,"gold_loss":0.0,"damage_taken":0.0},{"damage_healed":0.0,"max_hp_gain":5.0,"max_hp_loss":0.0,"gold_gain":0.0,"event_name":"Big Fish","player_choice":"Donut","floor":7.0,"gold_loss":0.0,"damage_taken":0.0},{"damage_healed":0.0,"max_hp_gain":0.0,"max_hp_loss":0.0,"gold_gain":0.0,"event_name":"Shining Light","player_choice":"Entered Light","floor":13.0,"gold_loss":0.0,"damage_taken":22.0,"cards_upgraded":["Strike_P","Vigilance"]},{"damage_healed":0.0,"max_hp_gain":0.0,"max_hp_loss":43.0,"gold_gain":0.0,"event_name":"Ghosts","player_choice":"Became a Ghost","floor":20.0,"gold_loss":0.0,"damage_taken":0.0,"cards_obtained":["Ghostly","Ghostly","Ghostly"]},{"damage_healed":0.0,"max_hp_gain":5.0,"max_hp_loss":0.0,"gold_gain":0.0,"event_name":"Forgotten Altar","player_choice":"Shed Blood","floor":28.0,"gold_loss":0.0,"damage_taken":15.0},{"damage_healed":0.0,"max_hp_gain":0.0,"max_hp_loss":0.0,"gold_gain":0.0,"event_name":"Addict","player_choice":"Obtained Relic","floor":30.0,"gold_loss":85.0,"damage_taken":0.0,"relics_obtained":["MawBank"]},{"damage_healed":0.0,"max_hp_gain":0.0,"max_hp_loss":0.0,"gold_gain":0.0,"event_name":"Tomb of Lord Red Mask","player_choice":"Ignored","floor":36.0,"gold_loss":0.0,"damage_taken":0.0},{"damage_healed":0.0,"max_hp_gain":0.0,"max_hp_loss":0.0,"gold_gain":0.0,"event_name":"Upgrade Shrine","player_choice":"Upgraded","floor":39.0,"gold_loss":0.0,"damage_taken":0.0,"cards_upgraded":["Heatsinks"]},{"damage_healed":0.0,"max_hp_gain":0.0,"max_hp_loss":0.0,"gold_gain":0.0,"event_name":"MindBloom","player_choice":"Fight","floor":47.0,"gold_loss":0.0,"damage_taken":0.0}],"is_beta":false,"boss_relics":[{"not_picked":["Empty Cage","Snecko Eye"],"picked":"Coffee Dripper"},{"not_picked":["Velvet Choker","Fusion Hammer"],"picked":"Runic Pyramid"}],"items_purged_floors":[3,10,19,22,37,48,54],"is_endless":false,"potions_floor_spawned":[2,5,6,11,18,27,29,31,33,38,44,46,47],"killed_by":"Shield and Spear","ascension_level":20}}