{"host":"otf1z5955ddlv5pq","time":1607827974,"event":{"mods":["BaseMod","Beaked The Cultist","Better Altar","Better Match","Better Note","Better Sensory Stone","Better Skull","Better Third Choice","Colored Map","Colored Powertips","Downfall","Minty Spire (QoL Compilation)","Rare Cards Sparkle","Replay The Spire","StSLib"],"gold_per_floor":[118,118,43,61,78,104,104,134,134,9,9,25,40,60,60,162,162,173,186,186,61,71,71,97,97,122,122,142,44,44,54,54,151,151,166,166,166],"floor_reached":36,"playtime":4081,"items_purged":["Defend_G","Strike_G","Strike_G","Strike_G"],"score":453,"play_id":"141f760b-196f-4127-b07a-e3bd915cdd90","local_time":"20201212185254","is_ascension_mode":true,"campfire_choices":[{"floor":7,"key":"REST"},{"floor":15,"key":"REST"},{"data":"Replay:Poison Smokescreen","floor":23,"key":"SMITH"},{"floor":25,"key":"REST"},{"floor":32,"key":"REST"}],"circlet_count":0,"master_deck":["Defend_G+1","Defend_G","Defend_G+1","Defend_G+1","Survivor+1","Neutralize","Poisoned Stab","Footwork","Poisoned Stab","Replay:Poison Smokescreen+1","Adrenaline","Cloak And Dagger+1","Prepared","Noxious Fumes+1","Poison Darts","Footwork"],"relics":["Ring of the Snake","ReplayTheSpireMod:Lightbulb","War Paint","Tingsha","Replay:Bottled Flurry","WristBlade","Smiling Mask","SlaversCollar"],"acts_visited":["Exordium","TheCity","TheBeyond"],"potions_floor_usage":[8,16,16,24,24,33,33,35,35],"damage_taken":[{"damage":1,"enemies":"2 Louse","floor":1,"turns":3},{"damage":1,"enemies":"Jaw Worm","floor":4,"turns":4},{"damage":0,"enemies":"Cultist","floor":5,"turns":5},{"damage":25,"enemies":"Gremlin Nob","floor":6,"turns":5},{"damage":3,"enemies":"3 Sentries","floor":8,"turns":12},{"damage":2,"enemies":"3 Louse","floor":12,"turns":3},{"damage":0,"enemies":"Looter","floor":13,"turns":3},{"damage":0,"enemies":"2 Fungi Beasts","floor":14,"turns":4},{"damage":6,"enemies":"The Guardian","floor":16,"turns":8},{"damage":0,"enemies":"Chosen","floor":18,"turns":5},{"damage":7,"enemies":"2 Thieves","floor":19,"turns":5},{"damage":7,"enemies":"Snecko","floor":22,"turns":5},{"damage":22,"enemies":"Gremlin Leader","floor":24,"turns":8},{"damage":12,"enemies":"Snake Plant","floor":28,"turns":4},{"damage":4,"enemies":"Centurion and Healer","floor":31,"turns":6},{"damage":17,"enemies":"Champ","floor":33,"turns":11},{"damage":21,"enemies":"3 Darklings","floor":35,"turns":6},{"damage":51,"enemies":"2 Orb Walkers","floor":36,"turns":3}],"seed_played":"-6340974425386698617","potions_obtained":[{"floor":4,"key":"Dexterity Potion"},{"floor":5,"key":"Adrenaline Potion"},{"floor":12,"key":"Strength Potion"},{"floor":16,"key":"Adrenaline Potion"},{"floor":22,"key":"Energy Potion"},{"floor":24,"key":"Dexterity Potion"},{"floor":31,"key":"Block Potion"},{"floor":33,"key":"Weak Potion"}],"is_trial":false,"path_per_floor":["M","?","$","M","M","E","R","E","T","$","?","M","M","M","R","B",null,"M","M","?","$","M","R","E","R","T","?","M","$","?","M","R","B",null,"M","?"],"character_chosen":"THE_SILENT","items_purchased":["Poisoned Stab","Poison Potion"],"campfire_rested":4,"item_purchase_floors":[10,29],"current_hp_per_floor":[69,55,55,54,54,29,50,47,47,47,47,45,45,45,66,60,70,70,63,63,63,56,56,34,55,55,55,43,43,43,39,60,43,70,49,0,0],"gold":166,"neow_bonus":"RANDOM_COMMON_RELIC","is_daily":false,"chose_seed":false,"campfire_upgraded":1,"win_rate":0.0,"timestamp":1607827974,"path_taken":["M","?","$","M","M","E","R","E","T","$","?","M","M","M","R","BOSS","M","M","?","$","?","R","E","R","T","?","M","$","?","M","R","BOSS","M","?"],"items_purchased_type":["Card","Potion"],"build_version":"2020-11-30","purchased_purges":4,"victory":false,"max_hp_per_floor":[70,70,70,70,70,70,70,70,70,70,70,70,70,70,70,70,70,70,70,70,70,70,70,70,70,70,70,70,70,70,70,70,70,70,70,70,70],"card_choices":[{"not_picked":["Outmaneuver","All Out Attack","Dagger Spray"],"picked":"SKIP","floor":1},{"not_picked":["Underhanded Strike","Distraction","Flying Knee"],"picked":"SKIP","floor":4},{"not_picked":["Finisher","Reflex"],"picked":"Poisoned Stab","floor":5},{"not_picked":["Slice","Concentrate"],"picked":"Footwork","floor":6},{"not_picked":["Quick Slash","Venomology","PiercingWail"],"picked":"SKIP","floor":8},{"not_picked":["Underhanded Strike","Cloak And Dagger","Poisoned Stab"],"picked":"SKIP","floor":12},{"not_picked":["Predator","Tactician","Flying Knee"],"picked":"SKIP","floor":13},{"not_picked":["Fluid Movement","Bane"],"picked":"Replay:Poison Smokescreen","floor":14},{"not_picked":["Phantasmal Killer","ReplayTheSpireMod:Necrosis"],"picked":"Adrenaline","floor":16},{"not_picked":["Prepared","Bane"],"picked":"Cloak And Dagger+1","floor":18},{"not_picked":["Prepared","Underhanded Strike","Fluid Movement"],"picked":"SKIP","floor":19},{"not_picked":["Hidden Blade","ReplayTheSpireMod:Shiv Toss","Riddle With Holes+1"],"picked":"SKIP","floor":22},{"not_picked":["Doppelganger","Dagger Spray","Poisoned Stab"],"picked":"SKIP","floor":24},{"not_picked":["Quick Slash","Prepared"],"picked":"Noxious Fumes+1","floor":28},{"not_picked":["Predator+1","Outmaneuver","Setup"],"picked":"SKIP","floor":31},{"not_picked":["A Thousand Cuts","Replay:Bag of Tricks"],"picked":"Poison Darts","floor":33},{"not_picked":["Backflip","Hidden Blade+1"],"picked":"Footwork","floor":35}],"player_experience":864135,"relics_obtained":[{"floor":6,"key":"War Paint"},{"floor":8,"key":"Tingsha"},{"floor":9,"key":"Replay:Bottled Flurry"},{"floor":24,"key":"Smiling Mask"}],"event_choices":[{"damage_healed":69,"gold_gain":0,"player_choice":"Upgrade","damage_taken":14,"max_hp_gain":0,"max_hp_loss":70,"event_name":"betterThird:BetterShining","floor":2,"gold_loss":0,"cards_upgraded":["Defend_G","Survivor"]},{"cards_removed":["Strike_G"],"damage_healed":0,"gold_gain":0,"player_choice":"Forget","damage_taken":0,"max_hp_gain":0,"max_hp_loss":0,"event_name":"Living Wall","floor":11,"gold_loss":0},{"damage_healed":0,"gold_gain":0,"cards_transformed":["Strike_G"],"player_choice":"Transformed","damage_taken":0,"max_hp_gain":0,"max_hp_loss":0,"event_name":"Transmorgrifier","floor":20,"gold_loss":0,"cards_obtained":["Prepared"]},{"damage_healed":0,"gold_gain":0,"player_choice":"Ignored","damage_taken":0,"max_hp_gain":0,"max_hp_loss":0,"event_name":"Ghosts","floor":27,"gold_loss":0},{"damage_healed":0,"gold_gain":0,"player_choice":"Fight","damage_taken":0,"max_hp_gain":0,"max_hp_loss":0,"event_name":"Mysterious Sphere","floor":36,"gold_loss":0}],"is_beta":false,"boss_relics":[{"not_picked":["Replay:Wanted Poster","Replay:Bronze Core"],"picked":"WristBlade"},{"not_picked":["Replay:Ancient Bell","Ring of the Serpent"],"picked":"SlaversCollar"}],"items_purged_floors":[3,10,21,29],"is_endless":false,"potions_floor_spawned":[4,5,12,16,22,24,31,33],"killed_by":"2 Orb Walkers","ascension_level":3}}