{"host":"ow9msrs9p2ctkx99","time":1607886597,"event":{"mods":["AchievementEnabler","BaseMod","Colored Map","Colored Powertips","Minty Spire (QoL Compilation)","Permanent Neow","Quick Restart","SuperFastMode"],"gold_per_floor":[117,48,66,66,77,77,92,125,150,177,241,241,258,272,272,375,375,386,301,318,393,173,173,184,184,184,194,229,31,31,31],"floor_reached":30,"playtime":1002,"items_purged":["Strike_B"],"score":403,"play_id":"100128bd-f79a-4eb9-a083-87daac9b3b97","local_time":"20201213200957","is_ascension_mode":true,"campfire_choices":[{"data":"Sunder","floor":6.0,"key":"SMITH"},{"floor":12.0,"key":"REST"},{"floor":15.0,"key":"REST"},{"data":"Defragment","floor":23.0,"key":"SMITH"},{"floor":25,"key":"REST"}],"circlet_count":0,"master_deck":["AscendersBane","Strike_B","Strike_B","Strike_B","Defend_B","Defend_B","Defend_B","Defend_B","Zap+1","Dualcast+1","Turbo+1","Sunder+1","Defragment+1","Steam","Steam Power","Tempest","Conserve Battery","Core Surge","Lockon","Ball Lightning+1","Steam","Normality","Compile Driver","BootSequence+1","Coolheaded"],"relics":["Cracked Core","Oddly Smooth Stone","DataDisk","Cursed Key","Mummified Hand","ClockworkSouvenir","Symbiotic Virus","Vajra","Akabeko"],"acts_visited":["Exordium","TheCity"],"potions_floor_usage":[24,28],"damage_taken":[{"damage":0.0,"enemies":"Cultist","floor":1.0,"turns":3.0},{"damage":7.0,"enemies":"Small Slimes","floor":3.0,"turns":2.0},{"damage":7.0,"enemies":"Jaw Worm","floor":5.0,"turns":3.0},{"damage":7.0,"enemies":"Exordium Wildlife","floor":7.0,"turns":3.0},{"damage":14.0,"enemies":"Lagavulin","floor":8.0,"turns":6.0},{"damage":11.0,"enemies":"Gremlin Nob","floor":10.0,"turns":3.0},{"damage":0.0,"enemies":"Exordium Thugs","floor":13.0,"turns":2.0},{"damage":0.0,"enemies":"Blue Slaver","floor":14.0,"turns":2.0},{"damage":34.0,"enemies":"Hexaghost","floor":16.0,"turns":9.0},{"damage":23.0,"enemies":"2 Thieves","floor":18.0,"turns":4.0},{"damage":0.0,"enemies":"Spheric Guardian","floor":20.0,"turns":3.0},{"damage":12,"enemies":"Snake Plant","floor":24,"turns":3},{"damage":4,"enemies":"Snecko","floor":27,"turns":4},{"damage":25,"enemies":"Book of Stabbing","floor":28,"turns":4},{"damage":14,"enemies":"Shelled Parasite and Fungi","floor":30,"turns":4}],"seed_played":"5325257470566427214","potions_obtained":[{"floor":5.0,"key":"AttackPotion"},{"floor":8.0,"key":"DistilledChaos"},{"floor":10.0,"key":"AttackPotion"},{"floor":16.0,"key":"DuplicationPotion"},{"floor":18.0,"key":"Ancient Potion"},{"floor":27,"key":"Swift Potion"},{"floor":28,"key":"Weak Potion"}],"is_trial":false,"path_per_floor":["M","$","M","?","M","R","M","E","T","E","?","R","M","M","R","B",null,"M","?","M","?","$","R","M","R","T","M","E","$","M"],"character_chosen":"DEFECT","items_purchased":["Sunder","ClockworkSouvenir","Akabeko","Coolheaded"],"campfire_rested":3,"item_purchase_floors":[2,22,29,29],"current_hp_per_floor":[68,68,61,46,39,39,32,18,18,7,7,29,29,29,51,17,61,38,38,38,31,31,31,19,41,41,37,12,12,0,0],"gold":31,"neow_bonus":"UPGRADE_CARD","is_daily":false,"chose_seed":false,"campfire_upgraded":2,"win_rate":0.0,"timestamp":1607886597,"path_taken":["M","?","?","?","M","R","M","E","T","E","?","R","M","M","R","BOSS","M","?","M","?","$","R","M","R","T","M","E","$","?"],"items_purchased_type":["Card","Relic","Relic","Card"],"build_version":"2020-11-30","purchased_purges":1,"victory":false,"max_hp_per_floor":[75,75,75,75,75,75,75,75,75,75,75,75,75,75,75,75,75,75,75,75,75,75,75,75,75,75,75,75,75,75,75],"card_choices":[{"not_picked":["Barrage","Undo"],"picked":"Turbo","floor":1.0},{"not_picked":["Loop","Go for the Eyes","Streamline"],"picked":"SKIP","floor":3.0},{"not_picked":["Streamline","Rebound"],"picked":"Defragment","floor":5.0},{"not_picked":["Conserve Battery","Rebound"],"picked":"Steam","floor":7.0},{"not_picked":["Turbo","Barrage"],"picked":"Steam Power","floor":8.0},{"not_picked":["Recycle","Fusion"],"picked":"Tempest","floor":10.0},{"not_picked":["Double Energy","Stack"],"picked":"Conserve Battery","floor":13.0},{"not_picked":["Turbo","Heatsinks","Gash"],"picked":"SKIP","floor":14.0},{"not_picked":["Seek","Creative AI"],"picked":"Core Surge","floor":16.0},{"not_picked":["Steam","Conserve Battery"],"picked":"Lockon","floor":18.0},{"not_picked":["Fusion","Leap"],"picked":"Ball Lightning+1","floor":20.0},{"not_picked":["Rebound","Redo"],"picked":"Steam","floor":24},{"not_picked":["Leap","Loop"],"picked":"Compile Driver","floor":27},{"not_picked":["Sweeping Beam","Chaos"],"picked":"BootSequence+1","floor":28}],"player_experience":1017689,"relics_obtained":[{"floor":8.0,"key":"Oddly Smooth Stone"},{"floor":10.0,"key":"DataDisk"},{"floor":26,"key":"Symbiotic Virus"},{"floor":28,"key":"Vajra"}],"event_choices":[{"damage_healed":0.0,"max_hp_gain":0.0,"max_hp_loss":0.0,"gold_gain":0.0,"event_name":"Shining Light","player_choice":"Entered Light","floor":4.0,"gold_loss":0.0,"damage_taken":15.0,"cards_upgraded":["Zap","Turbo"]},{"damage_healed":0.0,"max_hp_gain":0.0,"max_hp_loss":0.0,"gold_gain":64.0,"event_name":"Golden Wing","player_choice":"Gained Gold","floor":11.0,"gold_loss":0.0,"damage_taken":0.0},{"damage_healed":0.0,"max_hp_gain":0.0,"max_hp_loss":0.0,"gold_gain":0.0,"event_name":"Addict","player_choice":"Obtained Relic","floor":19.0,"gold_loss":85.0,"damage_taken":0.0,"relics_obtained":["Mummified Hand"]},{"damage_healed":0.0,"max_hp_gain":0.0,"max_hp_loss":0.0,"gold_gain":75.0,"event_name":"FaceTrader","player_choice":"Touch","floor":21.0,"gold_loss":0.0,"damage_taken":7.0}],"is_beta":false,"boss_relics":[{"not_picked":["Black Star","Busted Crown"],"picked":"Cursed Key"}],"items_purged_floors":[22],"is_endless":false,"potions_floor_spawned":[5,8,10,16,18,27,28],"killed_by":"Shelled Parasite and Fungi","ascension_level":11}}