{"host":"eketvm4dld8igxnv","time":1607842943,"event":{"mods":["BaseMod","Googly Eyes","Hermit","Minty Spire (QoL Compilation)","StSLib","The Bug Knight"],"gold_per_floor":[111,85,97,97,97,125,125,71,94,94,120,132,147,157,157,252,252,235,254,254,272,282,23,23,54,135,60,70,86,86,104,104,104,104],"floor_reached":33,"playtime":2743,"items_purged":["HollowMod:SoulShaman"],"score":329,"play_id":"586e466e-b844-4cdd-b043-8a0d65957874","local_time":"20201213020223","is_ascension_mode":false,"campfire_choices":[{"data":"HollowMod:FocusHealStart","floor":7,"key":"SMITH"},{"data":"HollowMod:DashSlash","floor":10,"key":"SMITH"},{"floor":15,"key":"REST"},{"floor":24,"key":"REST"},{"floor":32,"key":"REST"}],"circlet_count":0,"master_deck":["HollowMod:QuickDashStart","HollowMod:QuickDashStart","HollowMod:QuickDashStart","HollowMod:QuickDashStart","HollowMod:FocusHealStart+1","HollowMod:PogoStrike","HollowMod:VengefulSpirit","HollowMod:CycloneSlash","HollowMod:SoulSplash","Panacea","HollowMod:DreamGate","HollowMod:MantisMark","HollowMod:DashSlash+1","HollowMod:CornifersMapStart","HollowMod:CloakDash","HollowMod:InfectedCysts","HollowMod:theNailsmith","HollowMod:CornifersMapStart+1","HollowMod:FastStrike","HollowMod:ChannelNail","HollowMod:RecoilStrike","HollowMod:DoubleDash","HollowMod:HowlingWraiths+1","HollowMod:SoulVessel","HollowMod:SoulStrike","Bite","Bite","Bite","Bite","Bite","HollowMod:BaldurShell","HollowMod:DashSlash"],"relics":["HollowMod:VesselMask","NeowsBlessing","FossilizedHelix","Dream Catcher","Thread and Needle","SacredBark","Orichalcum","Regal Pillow","HornCleat"],"acts_visited":["Exordium","TheCity"],"potions_floor_usage":[16,16,16,19,25,25,33],"damage_taken":[{"damage":0,"enemies":"Small Slimes","floor":1,"turns":1},{"damage":0,"enemies":"Jaw Worm","floor":3,"turns":1},{"damage":0,"enemies":"HollowMod:MossKnight","floor":6,"turns":1},{"damage":24,"enemies":"Lagavulin","floor":11,"turns":7},{"damage":0,"enemies":"Cultist","floor":12,"turns":3},{"damage":0,"enemies":"Looter","floor":13,"turns":3},{"damage":0,"enemies":"HollowMod:HuskWarrior","floor":14,"turns":3},{"damage":41,"enemies":"Hexaghost","floor":16,"turns":11},{"damage":13,"enemies":"2 Thieves","floor":18,"turns":4},{"damage":0,"enemies":"3 Byrds","floor":19,"turns":3},{"damage":24,"enemies":"3 Cultists","floor":21,"turns":6},{"damage":16,"enemies":"Sentry and Sphere","floor":22,"turns":6},{"damage":38,"enemies":"Book of Stabbing","floor":25,"turns":7},{"damage":27,"enemies":"Snake Plant","floor":28,"turns":6},{"damage":0,"enemies":"Centurion and Healer","floor":29,"turns":6},{"damage":4,"enemies":"Cultist and Chosen","floor":31,"turns":6},{"damage":69,"enemies":"Automaton","floor":33,"turns":8}],"seed_played":"-7512717750508362622","potions_obtained":[{"floor":3,"key":"Block Potion"},{"floor":13,"key":"SpeedPotion"},{"floor":14,"key":"LiquidMemories"},{"floor":18,"key":"DistilledChaos"},{"floor":21,"key":"GamblersBrew"},{"floor":31,"key":"GamblersBrew"}],"is_trial":false,"path_per_floor":["M","$","M","?","?","E","R","$","T","R","E","M","M","M","R","B",null,"M","M","?","M","M","$","R","E","T","$","M","M","?","M","R","B"],"character_chosen":"THE_BUGKNIGHT","items_purchased":["HollowMod:CycloneSlash","HollowMod:DashSlash","Orichalcum","HollowMod:RecoilStrike","DistilledChaos"],"campfire_rested":3,"item_purchase_floors":[2,8,23,23,23],"current_hp_per_floor":[75,75,75,68,68,68,68,68,68,68,54,60,70,75,75,36,75,68,75,75,57,47,47,69,31,31,31,10,10,10,30,52,0,0],"gold":104,"neow_bonus":"THREE_ENEMY_KILL","is_daily":false,"chose_seed":false,"campfire_upgraded":2,"win_rate":0.0,"timestamp":1607842943,"path_taken":["M","$","M","?","?","E","R","$","T","R","E","M","?","M","R","BOSS","M","M","?","?","?","$","R","E","T","$","M","M","?","M","R","BOSS"],"items_purchased_type":["Card","Card","Relic","Card","Potion"],"build_version":"2020-11-30","purchased_purges":1,"victory":false,"max_hp_per_floor":[75,75,75,75,75,75,75,75,75,75,75,75,75,75,75,75,75,75,75,75,75,75,75,75,75,75,75,75,75,52,52,52,52,52],"card_choices":[{"not_picked":["HollowMod:LifebloodCocoon","HollowMod:AbyssShriek"],"picked":"HollowMod:VengefulSpirit","floor":1},{"not_picked":["HollowMod:LifebloodCocoon","HollowMod:DescendingDark"],"picked":"HollowMod:SoulSplash","floor":3},{"not_picked":["HollowMod:PerfectDash","HollowMod:SoulMaster"],"picked":"HollowMod:MantisMark","floor":6},{"not_picked":["HollowMod:SiblingsSouls","HollowMod:MonarchWings"],"picked":"HollowMod:CornifersMapStart","floor":11},{"not_picked":["HollowMod:TaintedHusks","HollowMod:SharpenedNail"],"picked":"HollowMod:CloakDash","floor":12},{"not_picked":["HollowMod:TaintedHusks","HollowMod:InfectedCysts","HollowMod:NewJinnsSoul"],"picked":"SKIP","floor":13},{"not_picked":["HollowMod:SiblingsShadow","HollowMod:InfectedCysts"],"picked":"HollowMod:BlackTendrils","floor":14},{"not_picked":["HollowMod:SharpenedShadows","HollowMod:NewLittleFool"],"picked":"HollowMod:InfectedCysts","floor":15},{"not_picked":["HollowMod:MidwifesHunger","HollowMod:ElderbugsWisdom"],"picked":"HollowMod:theNailsmith","floor":16},{"not_picked":["HollowMod:MantisMark","HollowMod:FastStrike"],"picked":"HollowMod:SoulShaman","floor":18},{"not_picked":["HollowMod:InfectedAttack+1","HollowMod:LifebloodCocoon"],"picked":"HollowMod:CornifersMapStart+1","floor":19},{"not_picked":["HollowMod:CornifersMapStart+1","HollowMod:WraithStrike"],"picked":"HollowMod:ChannelNail","floor":21},{"not_picked":["HollowMod:FastStrike","HollowMod:CoiledNail","HollowMod:SharpenedNail"],"picked":"SKIP","floor":22},{"not_picked":["HollowMod:ShapeofUnn","HollowMod:VengefulVoid"],"picked":"HollowMod:DoubleDash","floor":24},{"not_picked":["HollowMod:DashSlash","HollowMod:CoiledNail"],"picked":"HollowMod:HowlingWraiths+1","floor":25},{"not_picked":["HollowMod:MidwifesHunger","HollowMod:ChannelNail"],"picked":"HollowMod:SoulVessel","floor":28},{"not_picked":["HollowMod:WraithStrike","HollowMod:SharpenedNail"],"picked":"HollowMod:SoulStrike","floor":29},{"not_picked":["HollowMod:DashSlash","HollowMod:SiblingsSouls"],"picked":"HollowMod:BaldurShell","floor":31},{"not_picked":["HollowMod:InfectedAttack+1","HollowMod:RecoilStrike"],"picked":"HollowMod:DashSlash","floor":32}],"player_experience":257411,"relics_obtained":[{"floor":6,"key":"FossilizedHelix"},{"floor":9,"key":"Dream Catcher"},{"floor":11,"key":"Thread and Needle"},{"floor":25,"key":"Regal Pillow"},{"floor":26,"key":"HornCleat"}],"event_choices":[{"cards_removed":["HollowMod:NailStrikeStart"],"damage_healed":0,"gold_gain":0,"player_choice":"Card Removal","damage_taken":7,"max_hp_gain":0,"max_hp_loss":0,"event_name":"Golden Wing","floor":4,"gold_loss":0},{"damage_healed":0,"gold_gain":0,"player_choice":"2 cards matched","damage_taken":0,"max_hp_gain":0,"max_hp_loss":0,"event_name":"Match and Keep!","floor":5,"gold_loss":0,"cards_obtained":["Panacea","HollowMod:DreamGate"]},{"damage_healed":0,"gold_gain":0,"cards_transformed":["HollowMod:BlackTendrils"],"player_choice":"Transformed","damage_taken":0,"max_hp_gain":0,"max_hp_loss":0,"event_name":"Transmorgrifier","floor":20,"gold_loss":0,"cards_obtained":["HollowMod:FastStrike"]},{"damage_healed":0,"gold_gain":0,"player_choice":"Became a vampire","damage_taken":0,"max_hp_gain":0,"max_hp_loss":23,"event_name":"Vampires","floor":30,"gold_loss":0,"cards_obtained":["Bite","Bite","Bite","Bite","Bite"]}],"is_beta":false,"boss_relics":[{"not_picked":["Runic Dome","Runic Pyramid"],"picked":"SacredBark"}],"items_purged_floors":[27],"is_endless":false,"potions_floor_spawned":[3,13,14,18,21,31],"killed_by":"Automaton","ascension_level":0}}