{"host":"ow9msrs9p2ctkx99","time":1607847405,"event":{"mods":["AchievementEnabler","BaseMod","Colored Map","Colored Powertips","Minty Spire (QoL Compilation)","Permanent Neow","Quick Restart","SuperFastMode"],"gold_per_floor":[109,109,69,79,97,97,110,140,140,65,65,91,91,118,118,223,223,239,53,65,65,81,110,110,126,126,126,145,145,145],"floor_reached":29,"playtime":651,"items_purged":["Strike_B"],"score":380,"play_id":"fd80e5e1-80a3-48b3-b6fc-3fd279248dfb","local_time":"20201213091645","is_ascension_mode":true,"campfire_choices":[{"data":"Dualcast","floor":6,"key":"SMITH"},{"data":"Redo","floor":11,"key":"SMITH"},{"data":"Coolheaded","floor":13,"key":"SMITH"},{"data":"Fission","floor":15,"key":"SMITH"},{"floor":24,"key":"REST"}],"circlet_count":0,"master_deck":["AscendersBane","Strike_B+1","Strike_B+1","Defend_B+1","Defend_B+1","Defend_B+1","Defend_B+1","Zap","Dualcast+1","FTL+1","Conserve Battery","Redo+1","Ball Lightning","Undo","Coolheaded+1","Fission+1","Core Surge","Rebound+1","Glacier","Steam+1","Darkness","Sunder","FTL","Stack+1"],"relics":["Cracked Core","TungstenRod","Orichalcum","Whetstone","Odd Mushroom","StrikeDummy","Nuclear Battery","Membership Card","Bottled Flame"],"acts_visited":["Exordium","TheCity"],"potions_floor_usage":[12,14,16,29,29,29],"damage_taken":[{"damage":7,"enemies":"Small Slimes","floor":1,"turns":3},{"damage":0,"enemies":"Cultist","floor":4,"turns":3},{"damage":0,"enemies":"Jaw Worm","floor":5,"turns":3},{"damage":0,"enemies":"3 Louse","floor":7,"turns":3},{"damage":11,"enemies":"Gremlin Nob","floor":8,"turns":3},{"damage":1,"enemies":"The Mushroom Lair","floor":12,"turns":4},{"damage":6,"enemies":"3 Sentries","floor":14,"turns":5},{"damage":14,"enemies":"Hexaghost","floor":16,"turns":8},{"damage":0,"enemies":"Chosen","floor":18,"turns":3},{"damage":7,"enemies":"3 Byrds","floor":20,"turns":6},{"damage":15,"enemies":"Centurion and Healer","floor":22,"turns":8},{"damage":4,"enemies":"Slavers","floor":23,"turns":8},{"damage":21,"enemies":"Shelled Parasite and Fungi","floor":25,"turns":6},{"damage":6,"enemies":"Sentry and Sphere","floor":28,"turns":4},{"damage":41,"enemies":"Gremlin Leader","floor":29,"turns":7}],"seed_played":"-8026934339816364224","potions_obtained":[{"floor":1,"key":"PowerPotion"},{"floor":3,"key":"Energy Potion"},{"floor":3,"key":"AttackPotion"},{"floor":16,"key":"GamblersBrew"},{"floor":22,"key":"PotionOfCapacity"},{"floor":23,"key":"SteroidPotion"},{"floor":28,"key":"FocusPotion"}],"is_trial":false,"path_per_floor":["M","?","?","M","M","R","M","E","T","$","R","?","R","E","R","B",null,"M","$","M","?","M","E","R","M","T","?","M","E"],"character_chosen":"DEFECT","items_purchased":["Membership Card","Glacier"],"campfire_rested":1,"item_purchase_floors":[19,19],"current_hp_per_floor":[43,43,43,43,43,43,43,32,32,32,32,31,31,25,25,11,59,59,59,52,52,37,33,55,34,34,34,28,0,0],"gold":145,"neow_bonus":"ONE_RARE_RELIC","is_daily":false,"chose_seed":false,"campfire_upgraded":4,"win_rate":0.0,"timestamp":1607847405,"path_taken":["M","?","?","?","M","R","M","E","T","$","R","?","R","E","R","BOSS","M","$","M","?","M","E","R","M","T","?","M","E"],"items_purchased_type":["Relic","Card"],"build_version":"2020-11-30","purchased_purges":1,"victory":false,"max_hp_per_floor":[75,75,75,75,75,75,75,75,75,75,75,75,75,75,75,75,75,75,75,75,75,75,75,75,75,75,75,75,75,75],"card_choices":[{"not_picked":["Sweeping Beam","Ball Lightning"],"picked":"FTL","floor":1},{"not_picked":["Rebound","Hologram"],"picked":"Conserve Battery","floor":4},{"not_picked":["Hologram","Beam Cell"],"picked":"Redo","floor":5},{"not_picked":["Gash","Streamline"],"picked":"Ball Lightning","floor":7},{"not_picked":["Rebound","Double Energy"],"picked":"Undo","floor":8},{"not_picked":["Cold Snap","Storm"],"picked":"Coolheaded","floor":12},{"not_picked":["Conserve Battery","Beam Cell"],"picked":"Fission","floor":14},{"not_picked":["Hyperbeam","Echo Form"],"picked":"Core Surge","floor":16},{"not_picked":["Compile Driver","Fusion"],"picked":"Rebound+1","floor":18},{"not_picked":["Scrape","Conserve Battery+1","Redo"],"picked":"SKIP","floor":20},{"not_picked":["Static Discharge","Core Surge"],"picked":"Steam+1","floor":22},{"not_picked":["Barrage","Sweeping Beam"],"picked":"Darkness","floor":23},{"not_picked":["Steam","Leap"],"picked":"Sunder","floor":25},{"not_picked":["Beam Cell","Leap+1"],"picked":"Stack+1","floor":28}],"player_experience":997736,"relics_obtained":[{"floor":8,"key":"Orichalcum"},{"floor":9,"key":"Whetstone"},{"floor":12,"key":"Odd Mushroom"},{"floor":14,"key":"StrikeDummy"},{"floor":23,"key":"Bottled Flame"}],"event_choices":[{"cards_removed":["Strike_B"],"damage_healed":0,"gold_gain":0,"player_choice":"Forget","damage_taken":0,"max_hp_gain":0,"max_hp_loss":0,"event_name":"Living Wall","floor":2,"gold_loss":0},{"damage_healed":0,"gold_gain":0,"player_choice":"Bought 3 Potions","damage_taken":0,"max_hp_gain":0,"max_hp_loss":0,"event_name":"The Woman in Blue","floor":3,"gold_loss":0},{"damage_healed":0,"gold_gain":0,"player_choice":"Fought Mushrooms","damage_taken":0,"max_hp_gain":0,"max_hp_loss":0,"event_name":"Mushrooms","floor":12,"gold_loss":0},{"damage_healed":0,"gold_gain":0,"player_choice":"Simplicity","damage_taken":0,"max_hp_gain":0,"max_hp_loss":0,"event_name":"Back to Basics","floor":21,"gold_loss":0,"cards_upgraded":["Strike_B","Defend_B","Defend_B","Defend_B","Defend_B"]},{"damage_healed":0,"gold_gain":0,"player_choice":"Read","damage_taken":0,"max_hp_gain":0,"max_hp_loss":0,"event_name":"The Library","floor":27,"gold_loss":0,"cards_obtained":["FTL"]}],"is_beta":false,"boss_relics":[{"not_picked":["Pandora\u0027s Box","Calling Bell"],"picked":"Nuclear Battery"}],"items_purged_floors":[10],"is_endless":false,"potions_floor_spawned":[1,8,16,22,23,28],"killed_by":"Gremlin Leader","ascension_level":10}}