{"host":"fhujvjnj99vjue08","time":1607881839,"event":{"mods":["2.2 Compatiblity","AchievementEnabler","Aspiration","Astrologer","BaseMod","Beaked The Cultist","BetterRewards","CatGirl Mod","Colored Map","Colored Powertips","Conjunction","Conspire","Custom Start","Friendly Minions","GifTheSpireLib","Googly Eyes","Halation","Highlight Path","Hubris","Hyrulean Relics","Infinite Spire","Magitek Elite","Mimic Mod","Minty Spire (QoL Compilation)","Replay The Spire","Reworked Bosses","Shop Mod","StSLib","Strawberry Spire","Stuff the Spire","The Bug Knight","The Factory","The Gatherer","The Jungle","The Servant 0.9.4","TheBandit","TheFirefly","egg","thorton","vexMod"],"gold_per_floor":[112,112,123,140,86,86,86,115,115,128,128,253,253,269,269,366,366,330,330,330],"floor_reached":19,"playtime":631,"items_purged":[],"score":204,"play_id":"316bdf36-c373-4c3f-a5c1-97d89261989b","local_time":"20201213175039","is_ascension_mode":true,"campfire_choices":[{"data":"Blade Dance","floor":6,"key":"SMITH"},{"data":"A Thousand Cuts","floor":13,"key":"SMITH"},{"floor":15,"key":"REST"}],"circlet_count":0,"master_deck":["Survivor","Neutralize","Slice","Dagger Spray","strawberrySpire:SideSwipe","Blade Dance+1","A Thousand Cuts+1","Accuracy","Burst","Calculated Gamble","Bullet Time","Expertise","Bane","ReplayTheSpireMod:Scrap Shanks","Glass Knife","StuffTheSpire:BumpUp","Dodge and Roll","Finisher","ReplayTheSpireMod:Shiv Toss","hubris:NaturalOne"],"relics":["Ring of the Snake","NeowsBlessing","hubris:Icosahedron","vexMod:RetaliationKit","vexMod:InvisibilityCloak","Angel_Ring","Ginger","Pandora\u0027s Box"],"acts_visited":["Exordium","TheCity"],"potions_floor_usage":[8,12,16],"damage_taken":[{"damage":0,"enemies":"Cultist","floor":1,"turns":1},{"damage":0,"enemies":"2 Louse","floor":3,"turns":1},{"damage":0,"enemies":"Small Slimes","floor":4,"turns":1},{"damage":1,"enemies":"3 Sentries","floor":8,"turns":4},{"damage":13,"enemies":"2 Fungi Beasts","floor":10,"turns":3},{"damage":27,"enemies":"Gremlin Nob","floor":12,"turns":4},{"damage":6,"enemies":"3 Louse","floor":14,"turns":2},{"damage":36,"enemies":"The Guardian","floor":16,"turns":10},{"damage":17,"enemies":"2 Thieves","floor":18,"turns":2},{"damage":0,"enemies":"Shell Parasite","floor":19,"turns":1}],"seed_played":"-7020261718171533860","potions_obtained":[{"floor":1,"key":"Explosive Potion"},{"floor":10,"key":"Adrenaline Potion"},{"floor":12,"key":"GamblersBrew"},{"floor":16,"key":"Weak Potion"}],"is_trial":false,"path_per_floor":["M","?","M","M","$","R","?","E","T","M","?","E","R","M","R","B",null,"M","M"],"character_chosen":"THE_SILENT","items_purchased":["Blade Dance"],"campfire_rested":1,"item_purchase_floors":[5],"current_hp_per_floor":[70,70,70,70,70,70,70,69,69,56,56,29,29,23,44,20,70,53,53,53],"gold":330,"neow_bonus":"THREE_ENEMY_KILL","is_daily":false,"chose_seed":false,"campfire_upgraded":2,"win_rate":0.0,"timestamp":1607881839,"path_taken":["M","?","M","M","$","R","?","E","T","M","?","E","R","M","R","BOSS","M","M"],"items_purchased_type":["Card"],"build_version":"2020-11-30","purchased_purges":0,"victory":false,"max_hp_per_floor":[70,70,70,70,70,70,70,70,70,70,70,70,70,70,70,70,70,70,70,70],"card_choices":[{"not_picked":["strawberrySpire:HopSkipAndJump","strawberrySpire:SpinKick"],"picked":"Slice","floor":1},{"not_picked":["strawberrySpire:Pant","hubris:SlightOfHand"],"picked":"Dagger Spray","floor":3},{"not_picked":["Hidden Blade","ReplayTheSpireMod:Tripwire"],"picked":"strawberrySpire:SideSwipe","floor":4},{"not_picked":["Deadly Poison","Caltrops","Sucker Punch"],"picked":"SKIP","floor":8},{"not_picked":["Night Terror","StuffTheSpire:Python","hubris:SlightOfHand"],"picked":"SKIP","floor":10},{"not_picked":["Poisoned Stab","ReplayTheSpireMod:Exploit Weakness"],"picked":"A Thousand Cuts","floor":12},{"not_picked":["Endless Agony","Poisoned Stab"],"picked":"Accuracy","floor":14},{"not_picked":["StuffTheSpire:FinalStruggle","Malaise"],"picked":"Burst","floor":16},{"not_picked":["Predator","Toxin Wave","StuffTheSpire:BumpUp"],"picked":"SKIP","floor":18}],"player_experience":299064,"relics_obtained":[{"floor":8,"key":"vexMod:RetaliationKit"},{"floor":9,"key":"vexMod:InvisibilityCloak"},{"floor":11,"key":"Angel_Ring"},{"floor":12,"key":"Ginger"}],"event_choices":[{"damage_healed":0,"gold_gain":0,"player_choice":"Agree","damage_taken":0,"max_hp_gain":0,"max_hp_loss":0,"event_name":"conspire:LoneGhost","floor":2,"gold_loss":0}],"is_beta":false,"boss_relics":[{"not_picked":["hubris:RunicObelisk","Empty Cage"],"picked":"Pandora\u0027s Box"}],"items_purged_floors":[],"is_endless":false,"potions_floor_spawned":[1,10,12,16],"killed_by":"Shell Parasite","ascension_level":3}}