{"host":"kos1s9q8ffr8fqos","time":1607823548,"event":{"mods":["2.2 Compatiblity","AchievementEnabler","AlwaysNeverKeys","Astrologer","BaseMod","Bestiary","Better Altar","Better Match","Better Note","Better Sensory Stone","Better Skull","Better Third Choice","Better Vampires","Colored Map","Colored Powertips","Curses Come First","Hermit","Infinite Spire","Jorbs\u0027s Wanderer Trilogy","Minty Spire (QoL Compilation)","Quick Restart","Random Character Button","Relic Stats","Shop Mod","StSLib","The Blue Laboratory","The Disciple","The Hierophant"],"gold_per_floor":[20,40,40,54,54,87,87,423,423,67,67,85,118,136,136,235,235,258,272,12,12,12,12],"floor_reached":22,"playtime":882,"items_purged":["Strike_B"],"score":408,"play_id":"2fc7af29-2b37-4f27-a8c8-12ed506e8a38","local_time":"20201212193908","is_ascension_mode":true,"campfire_choices":[{"floor":7.0,"key":"REST"},{"data":"Mayhem","floor":15.0,"key":"SMITH"}],"circlet_count":0,"master_deck":["AscendersBane","Strike_B","Strike_B","Strike_B","Defend_B","Defend_B","Defend_B","Defend_B","Zap","Dualcast","Self Repair","Self Repair","Conserve Battery","Fusion","Biased Cognition","Mayhem+1","Tempest","Loop","Conserve Battery","Electrodynamics","Storm","Force Field","Glacier","Self Repair","Sunder","stsjorbsmod:Procrastination","Pain","infinitespire:Oblivion"],"relics":["Cracked Core","PreservedInsect","Golden Idol","Blood Vial","Old Coin","Letter Opener","DataDisk","The Courier","Sundial","Runic Pyramid"],"acts_visited":["Exordium","TheCity"],"potions_floor_usage":[16,19],"damage_taken":[{"damage":1.0,"enemies":"Cultist","floor":1.0,"turns":3.0},{"damage":12.0,"enemies":"Small Slimes","floor":2.0,"turns":4.0},{"damage":4.0,"enemies":"Jaw Worm","floor":4.0,"turns":4.0},{"damage":18.0,"enemies":"Lagavulin","floor":6.0,"turns":7.0},{"damage":33.0,"enemies":"3 Sentries","floor":8.0,"turns":7.0},{"damage":9.0,"enemies":"Blue Slaver","floor":12.0,"turns":4.0},{"damage":18.0,"enemies":"Lagavulin","floor":13.0,"turns":5.0},{"damage":17.0,"enemies":"Exordium Thugs","floor":14.0,"turns":4.0},{"damage":32,"enemies":"The Guardian","floor":16,"turns":10},{"damage":45,"enemies":"2 Thieves","floor":18,"turns":4},{"damage":33,"enemies":"Shell Parasite","floor":19,"turns":4},{"damage":32,"enemies":"Shelled Parasite and Fungi","floor":22,"turns":4}],"seed_played":"-2076069799638567015","potions_obtained":[{"floor":2.0,"key":"blueLaboratory:RelayPotion"},{"floor":8.0,"key":"blueLaboratory:ConsumingVoid"},{"floor":14.0,"key":"SpeedPotion"}],"is_trial":false,"path_per_floor":["M","M","T","M","?","E","R","E","T","$","T","M","E","M","R","B",null,"M","M","$","?","M"],"character_chosen":"DEFECT","items_purchased":["Mayhem","DataDisk","Glacier","Self Repair","blueLaboratory:BottleOfVodka","Sunder"],"campfire_rested":1,"item_purchase_floors":[10,10,20,20,20,20],"current_hp_per_floor":[77,72,72,82,53,49,74,57,57,57,57,64,62,61,61,45,75,46,29,29,29,0,0],"gold":12,"neow_bonus":"TWENTY_PERCENT_HP_BONUS","is_daily":false,"chose_seed":false,"campfire_upgraded":1,"win_rate":0.0,"timestamp":1607823548,"path_taken":["M","M","?","M","?","E","R","E","T","?","?","M","E","?","R","BOSS","M","M","$","?","M"],"items_purchased_type":["Card","Relic","Card","Card","Potion","Card"],"build_version":"2020-11-30","purchased_purges":1,"victory":false,"max_hp_per_floor":[85,85,85,85,85,85,85,85,85,85,85,85,85,85,85,85,85,85,85,85,85,85,85],"relic_stats":{"Blood Vial":16,"counters":[12,60],"Golden Idol":57,"Sundial":[4],"PreservedInsect":87,"Letter Opener":[35],"obtain_stats":[{"Blood Vial":6,"DataDisk":10,"Golden Idol":5,"Sundial":13,"PreservedInsect":3,"The Courier":11,"Letter Opener":9,"Cracked Core":0,"Old Coin":8,"Runic Pyramid":17},{"Blood Vial":4,"DataDisk":5,"Golden Idol":3,"Sundial":7,"PreservedInsect":2,"The Courier":5,"Letter Opener":5,"Cracked Core":0,"Old Coin":5,"Runic Pyramid":9},{"Blood Vial":18,"DataDisk":25,"Golden Idol":11,"Sundial":34,"PreservedInsect":7,"The Courier":25,"Letter Opener":25,"Cracked Core":0,"Old Coin":25,"Runic Pyramid":48}]},"card_choices":[{"not_picked":["Beam Cell","Sweeping Beam"],"picked":"Self Repair","floor":1.0},{"not_picked":["Scrape","Lockon"],"picked":"Self Repair","floor":2.0},{"not_picked":["Redo","Barrage"],"picked":"Conserve Battery","floor":4.0},{"not_picked":["Go for the Eyes","Ball Lightning"],"picked":"Fusion","floor":6.0},{"not_picked":["Beam Cell","Genetic Algorithm"],"picked":"Biased Cognition","floor":8.0},{"not_picked":["Redo","Sweeping Beam"],"picked":"Tempest","floor":12.0},{"not_picked":["Sweeping Beam","Heatsinks"],"picked":"Loop","floor":13.0},{"not_picked":["Skim","Leap"],"picked":"Conserve Battery","floor":14.0},{"not_picked":["Meteor Strike","Thunder Strike"],"picked":"Electrodynamics","floor":16},{"not_picked":["Coolheaded","Chill"],"picked":"Storm","floor":18},{"not_picked":["Static Discharge+1","Coolheaded"],"picked":"Force Field","floor":19},{"not_picked":["infinitespire:DeathsTouch","infinitespire:NeuralNetwork"],"picked":"infinitespire:Oblivion","floor":21}],"player_experience":1215886,"relics_obtained":[{"floor":3.0,"key":"PreservedInsect"},{"floor":6.0,"key":"Blood Vial"},{"floor":8.0,"key":"Old Coin"},{"floor":9.0,"key":"Letter Opener"},{"floor":11.0,"key":"The Courier"},{"floor":13.0,"key":"Sundial"}],"event_choices":[{"damage_healed":0.0,"max_hp_gain":0.0,"max_hp_loss":0.0,"gold_gain":0.0,"event_name":"Golden Idol","player_choice":"Take Damage","floor":5.0,"gold_loss":0.0,"damage_taken":29.0,"relics_obtained":["Golden Idol"]}],"is_beta":false,"boss_relics":[{"not_picked":["Runic Dome","Black Star"],"picked":"Runic Pyramid"}],"items_purged_floors":[20],"is_endless":false,"potions_floor_spawned":[2,8,14],"killed_by":"Shelled Parasite and Fungi","ascension_level":20}}