{"host":"agga6lej02o7kt08","time":1607886689,"event":{"mods":["Aspiration","BaseMod","Colored Map","Colored Powertips","Downfall","Hubris","Minty Spire (QoL Compilation)","Replay The Spire","StSLib"],"gold_per_floor":[99,99,99,99,99,99,171,346,377,377,377,377,377,377,377,377,377,377,377,377,377,377,677,700,750,750,750,750,750,750,750,750,750,750,750,750,750,750,750,750,750,750,750,750,750,600,600,600,600,600],"floor_reached":51,"playtime":267,"items_purged":[],"score":1386,"play_id":"0fe527bc-a4e5-4c9f-a6d8-ef67b5594c57","local_time":"20201214041129","is_ascension_mode":true,"campfire_choices":[{"floor":1,"key":"REST"},{"floor":10,"key":"REST"},{"floor":18,"key":"REST"},{"floor":20,"key":"REST"},{"floor":27,"key":"REST"},{"floor":35,"key":"REST"}],"circlet_count":0,"master_deck":["hexamod:Strike+1","hexamod:Strike+1","hexamod:Strike+1","hexamod:Strike+1","hexamod:Defend+1","hexamod:Defend+1","hexamod:Defend+1","hexamod:Defend+1","hexamod:Sear","hexamod:Float","Doubt"],"relics":["hexamod:SpiritBrand","Darkstone Periapt","Mirror","Counterbalance","Philosopher\u0027s Stone","Anchor","ReplayTheSpireMod:Lightbulb","hubris:Towel"],"acts_visited":["Exordium","TheCity","TheBeyond"],"potions_floor_usage":[],"damage_taken":[{"damage":0,"enemies":"Cultist","floor":2,"turns":1},{"damage":0,"enemies":"Jaw Worm","floor":4,"turns":1},{"damage":0,"enemies":"2 Louse","floor":5,"turns":1},{"damage":0,"enemies":"3 Louse","floor":6,"turns":1},{"damage":0,"enemies":"Replay:BlueRogue","floor":9,"turns":1},{"damage":0,"enemies":"2 Fungi Beasts","floor":11,"turns":1},{"damage":0,"enemies":"Exordium Thugs","floor":13,"turns":1},{"damage":0,"enemies":"Exordium Wildlife","floor":14,"turns":1},{"damage":0,"enemies":"Lots of Slimes","floor":15,"turns":1},{"damage":0,"enemies":"downfall:Ironclad","floor":16,"turns":1},{"damage":0,"enemies":"Chosen","floor":19,"turns":1},{"damage":0,"enemies":"Book of Stabbing","floor":21,"turns":1},{"damage":0,"enemies":"downfall:FleeingMerchant","floor":23,"turns":1},{"damage":0,"enemies":"Replay:Snechameleon","floor":26,"turns":1},{"damage":0,"enemies":"Spheric Guardian","floor":29,"turns":1},{"damage":0,"enemies":"Chosen and Byrds","floor":30,"turns":1},{"damage":0,"enemies":"Snake Plant","floor":31,"turns":1},{"damage":0,"enemies":"Snecko","floor":32,"turns":1},{"damage":0,"enemies":"downfall:Defect","floor":33,"turns":1},{"damage":0,"enemies":"Giant Head","floor":36,"turns":1},{"damage":0,"enemies":"Orb Walker","floor":38,"turns":1},{"damage":0,"enemies":"3 Darklings","floor":40,"turns":1},{"damage":0,"enemies":"4 Shapes","floor":43,"turns":1},{"damage":0,"enemies":"R_Hoarder","floor":44,"turns":1},{"damage":0,"enemies":"Spire Growth","floor":45,"turns":1},{"damage":0,"enemies":"Sphere and 2 Shapes","floor":47,"turns":1},{"damage":0,"enemies":"Maw","floor":48,"turns":1},{"damage":0,"enemies":"Spire Growth","floor":49,"turns":1},{"damage":0,"enemies":"downfall:Silent","floor":50,"turns":1}],"seed_played":"7277906004913837068","potions_obtained":[],"is_trial":false,"path_per_floor":["R","M","?","M","M","M","T","?","E","R","M","T","M","M","M","B",null,"R","M","R","E","?","$","T","T","E","R","?","M","M","M","M","B",null,"R","E","?","M","?","M","T","?","M","E","M","?","M","M","M","B",null],"character_chosen":"THE_SPIRIT","items_purchased":[],"campfire_rested":6,"item_purchase_floors":[],"current_hp_per_floor":[77,77,77,77,77,77,77,83,83,83,83,83,83,83,83,83,83,83,83,83,83,83,83,83,83,83,83,83,83,83,83,83,83,83,83,83,83,83,83,83,83,86,86,86,86,96,96,96,96,96],"gold":600,"neow_bonus":"TEN_PERCENT_HP_BONUS","is_daily":false,"chose_seed":false,"campfire_upgraded":0,"win_rate":0.0,"timestamp":1607886689,"path_taken":["R","?","?","M","M","M","T","?","E","R","M","?","?","M","M","BOSS","R","M","R","E","?","$","T","?","E","R","?","M","M","M","M","BOSS","R","E","?","M","?","M","T","?","M","E","M","?","M","M","M","BOSS"],"items_purchased_type":[],"build_version":"2020-11-30","purchased_purges":0,"victory":true,"max_hp_per_floor":[77,77,77,77,77,77,77,83,83,83,83,83,83,83,83,83,83,83,83,83,83,83,83,83,83,83,83,83,83,83,83,83,83,83,83,83,83,83,83,83,83,86,86,86,86,96,96,96,96,96],"card_choices":[{"not_picked":["hexamod:GhostLash","hexamod:RainOfEmbers","hexamod:AdvancingGuard"],"picked":"SKIP","floor":2},{"not_picked":["hexamod:BacktrackSmack","hexamod:NightmareStrike","hexamod:GhostShield"],"picked":"SKIP","floor":4},{"not_picked":["hexamod:RecurringNightmare","hexamod:Rewind","hexamod:CatchUp"],"picked":"SKIP","floor":5},{"not_picked":["hexamod:ThermalTransfer","hexamod:ExtraCrispy","hexamod:GhostLash"],"picked":"SKIP","floor":6},{"not_picked":["hexamod:SearingWound","hexamod:EmpoweredFlame","hexamod:Incineration"],"picked":"SKIP","floor":9},{"not_picked":["hexamod:GhostShield","hexamod:BurningTouch","hexamod:ThermalTransfer"],"picked":"SKIP","floor":11},{"not_picked":["hexamod:SwordOfDarkness","hexamod:ShieldOfDarkness","hexamod:ThirdSeal"],"picked":"SKIP","floor":13},{"not_picked":["hexamod:Hexaguard","hexamod:ShieldOfDarkness","hexamod:InspiringFlames"],"picked":"SKIP","floor":14},{"not_picked":["hexamod:GhostOfSpirePast","hexamod:SpectersWail","hexamod:ChargedBarrage"],"picked":"SKIP","floor":15},{"not_picked":["hexamod:CatchUp","hexamod:SpectralSpark","hexamod:RetreatToShadows"],"picked":"SKIP","floor":19},{"not_picked":["hexamod:GhostLash","hexamod:ParanormalForm","hexamod:HeatCrush"],"picked":"SKIP","floor":21},{"not_picked":["hexamod:Firestarter","hexamod:HauntingEcho","hexamod:NecessarySacrifice"],"picked":"SKIP","floor":23},{"not_picked":["hexamod:FirstSeal","hexamod:SpectralSpark","hexamod:Firestarter"],"picked":"SKIP","floor":26},{"not_picked":["hexamod:BacktrackSmack","hexamod:SpectralAdrenaline","hexamod:SpectersWail"],"picked":"SKIP","floor":29},{"not_picked":["hexamod:InspiringFlames","hexamod:AdvancingGuard+1","hexamod:Hexaguard"],"picked":"SKIP","floor":30},{"not_picked":["hexamod:SecondSeal","hexamod:SwordOfDarkness+1","hexamod:SpectralSpark+1"],"picked":"SKIP","floor":31},{"not_picked":["hexamod:ChargedBarrage","hexamod:TimeWarp","hexamod:ThirdSeal"],"picked":"SKIP","floor":32},{"not_picked":["hexamod:RainOfEmbers","hexamod:NightmareGuise+1","hexamod:AdvancingGuard"],"picked":"SKIP","floor":36},{"not_picked":["hexamod:InspiringFlames+1","hexamod:SwordOfDarkness","hexamod:Hexaguard+1"],"picked":"SKIP","floor":38},{"not_picked":["hexamod:BacktrackSmack","hexamod:PhantomFireball","hexamod:GhostOfSpirePast"],"picked":"SKIP","floor":40},{"not_picked":["hexamod:HauntingEcho","hexamod:ThermalTransfer+1","hexamod:HeatMetal"],"picked":"SKIP","floor":43},{"not_picked":["hexamod:GhostOfSpirePast+1","hexamod:TurnItUp","hexamod:Hexaguard"],"picked":"SKIP","floor":44},{"not_picked":["hexamod:Haunt+1","hexamod:GhostLash","hexamod:SoulSteal+1"],"picked":"SKIP","floor":45},{"not_picked":["hexamod:ChargedBarrage","hexamod:DynamicBlow+1","hexamod:SwordOfDarkness+1"],"picked":"SKIP","floor":47},{"not_picked":["hexamod:InspiringFlames","hexamod:SwordOfDarkness","hexamod:BurningTouch+1"],"picked":"SKIP","floor":48},{"not_picked":["hexamod:RetreatToShadows+1","hexamod:GhostOfSpireFuture","hexamod:NightmareStrike"],"picked":"SKIP","floor":49}],"player_experience":723693,"relics_obtained":[{"floor":7,"key":"Darkstone Periapt"},{"floor":9,"key":"Mirror"},{"floor":12,"key":"Counterbalance"},{"floor":24,"key":"Anchor"},{"floor":25,"key":"ReplayTheSpireMod:Lightbulb"}],"event_choices":[{"damage_healed":0,"gold_gain":0,"player_choice":"Fled","damage_taken":0,"max_hp_gain":0,"max_hp_loss":0,"event_name":"Scrap Ooze","floor":3,"gold_loss":0},{"damage_healed":0,"gold_gain":0,"player_choice":"Simplicity","damage_taken":0,"max_hp_gain":0,"max_hp_loss":0,"event_name":"Back to Basics","floor":22,"gold_loss":0,"cards_upgraded":["hexamod:Strike","hexamod:Strike","hexamod:Strike","hexamod:Strike","hexamod:Defend","hexamod:Defend","hexamod:Defend","hexamod:Defend"]}],"is_beta":false,"boss_relics":[{"not_picked":["Calling Bell","Replay:Ancient Bell"],"picked":"Philosopher\u0027s Stone"},{"not_picked":[]}],"items_purged_floors":[],"is_endless":false,"potions_floor_spawned":[11,14,15,16,26,29,32,38,47,48],"ascension_level":2}}