{"host":"v380u9jqfq8325l5","time":1607896006,"event":{"mods":["BaseMod","BetterRewards","Colored Map","Colored Powertips","Halation","Hubris","Infinite Spire","Minty Spire (QoL Compilation)","StSLib","SuperFastMode"],"gold_per_floor":[111,111,124,148,167,167,200,200,223,223,238,255,290,301,301,402,402,422,407,407,407,427,461,124,124,149,76,104,119,150,169,169,169,169],"floor_reached":33,"playtime":1007,"items_purged":["Strike_G"],"score":359,"play_id":"bd394fcd-682e-4c8d-92a7-9b1d892e9e4a","local_time":"20201214004646","is_ascension_mode":true,"campfire_choices":[{"data":"Envenom","floor":6,"key":"SMITH"},{"data":"Neutralize","floor":8,"key":"SMITH"},{"data":"Footwork","floor":10,"key":"SMITH"},{"data":"Cloak And Dagger","floor":15,"key":"SMITH"},{"data":"Cloak And Dagger","floor":25,"key":"SMITH"},{"data":"Cloak And Dagger","floor":32,"key":"SMITH"}],"circlet_count":0,"master_deck":["Strike_G","Strike_G","Strike_G","Strike_G","Defend_G","Defend_G","Defend_G","Defend_G","Defend_G","Survivor","Neutralize+1","Envenom+1","Footwork+1","Poisoned Stab","Die Die Die","Bouncing Flask","Backflip","Cloak And Dagger+1","Cloak And Dagger+1","Adrenaline","PiercingWail+1","Poisoned Stab","Writhe","Dagger Spray","Flechettes","Cloak And Dagger+1","Noxious Fumes"],"relics":["Ring of the Snake","halation:EternalFortune","halation:Toothbrush","Orichalcum","halation:KoshaPiece","SlaversCollar","hubris:SlimyHat","MutagenicStrength","hubris:Metronome","Matryoshka","MealTicket","Centennial Puzzle","Nunchaku","Tiny Chest"],"acts_visited":["Exordium","TheCity"],"potions_floor_usage":[7,16,19,23,23,28,33],"damage_taken":[{"damage":0,"enemies":"Small Slimes","floor":1,"turns":4},{"damage":3,"enemies":"Jaw Worm","floor":3,"turns":6},{"damage":2,"enemies":"Cultist","floor":5,"turns":5},{"damage":15,"enemies":"Gremlin Nob","floor":7,"turns":4},{"damage":0,"enemies":"2 Fungi Beasts","floor":11,"turns":3},{"damage":7,"enemies":"Exordium Wildlife","floor":12,"turns":4},{"damage":17,"enemies":"Lagavulin","floor":13,"turns":6},{"damage":0,"enemies":"Gremlin Gang","floor":14,"turns":3},{"damage":20,"enemies":"Slime Boss","floor":16,"turns":8},{"damage":22,"enemies":"3 Byrds","floor":18,"turns":6},{"damage":0,"enemies":"2 Thieves","floor":19,"turns":4},{"damage":1,"enemies":"Centurion and Healer","floor":22,"turns":8},{"damage":21,"enemies":"Gremlin Leader","floor":23,"turns":6},{"damage":8,"enemies":"Slavers","floor":28,"turns":4},{"damage":14,"enemies":"Snecko","floor":29,"turns":5},{"damage":0,"enemies":"Gremlin Leader","floor":30,"turns":6},{"damage":7,"enemies":"Snake Plant","floor":31,"turns":4},{"damage":22,"enemies":"hubris:MusketHawk","floor":33,"turns":4}],"seed_played":"8030771076789909347","potions_obtained":[{"floor":3,"key":"Fire Potion"},{"floor":5,"key":"Weak Potion"},{"floor":12,"key":"SkillPotion"},{"floor":16,"key":"SkillPotion"},{"floor":18,"key":"EssenceOfSteel"},{"floor":19,"key":"SkillPotion"},{"floor":31,"key":"CunningPotion"}],"is_trial":false,"path_per_floor":["M","?","M","T","M","R","E","R","T","R","M","M","E","M","R","B",null,"M","M","?","?","M","E","$","R","T","$","E","M","E","M","R","B"],"character_chosen":"THE_SILENT","items_purchased":["Matryoshka","Flechettes"],"campfire_rested":0,"item_purchase_floors":[24,27],"current_hp_per_floor":[70,73,70,70,68,68,53,53,53,53,53,49,32,32,32,12,76,54,54,54,54,53,32,35,35,35,50,42,28,28,21,21,0,0],"gold":169,"neow_bonus":"ONE_RANDOM_RARE_CARD","is_daily":false,"chose_seed":false,"campfire_upgraded":6,"win_rate":0.0,"timestamp":1607896006,"path_taken":["M","?","M","?","?","R","E","R","T","R","M","M","E","M","R","BOSS","M","M","?","?","M","E","$","R","T","$","E","M","E","M","R","BOSS"],"items_purchased_type":["Relic","Card"],"build_version":"2020-11-30","purchased_purges":1,"victory":false,"max_hp_per_floor":[70,73,73,73,73,73,73,73,73,73,73,76,76,76,76,76,76,76,76,76,76,76,76,79,79,79,79,79,79,79,79,79,79,79],"card_choices":[{"not_picked":["Prepared","Skewer"],"picked":"Footwork","floor":1},{"not_picked":["Caltrops","All Out Attack","Skewer"],"picked":"SKIP","floor":3},{"not_picked":["Deflect","Underhanded Strike"],"picked":"Poisoned Stab","floor":5},{"not_picked":["Night Terror","Poisoned Stab"],"picked":"Die Die Die","floor":7},{"not_picked":["hubris:SlightOfHand","Acrobatics"],"picked":"Bouncing Flask","floor":11},{"not_picked":["Acrobatics","Underhanded Strike"],"picked":"Backflip","floor":12},{"not_picked":["Heel Hook","Terror"],"picked":"Cloak And Dagger","floor":13},{"not_picked":["Flying Knee","Poisoned Stab"],"picked":"Cloak And Dagger","floor":14},{"not_picked":["Venomology","Storm of Steel"],"picked":"Adrenaline","floor":16},{"not_picked":["Prepared","Reflex"],"picked":"PiercingWail+1","floor":18},{"not_picked":["Tactician+1","Skewer+1"],"picked":"Poisoned Stab","floor":19},{"not_picked":["Dash","Poisoned Stab"],"picked":"Dagger Spray","floor":22},{"not_picked":["hubris:SlightOfHand+1","Dodge and Roll","Leg Sweep"],"picked":"SKIP","floor":23},{"not_picked":["Outmaneuver","Sucker Punch+1"],"picked":"Cloak And Dagger","floor":28},{"not_picked":["Acrobatics","Sucker Punch+1"],"picked":"Noxious Fumes","floor":29},{"not_picked":["Quick Slash","Riddle With Holes","Dash+1"],"picked":"SKIP","floor":30},{"not_picked":["Terror+1","Venomology","Masterful Stab"],"picked":"SKIP","floor":31}],"player_experience":212348,"relics_obtained":[{"floor":7,"key":"halation:Toothbrush"},{"floor":9,"key":"Orichalcum"},{"floor":12,"key":"halation:EternalFortune"},{"floor":13,"key":"halation:KoshaPiece"},{"floor":23,"key":"hubris:Metronome"},{"floor":26,"key":"MealTicket"},{"floor":26,"key":"Centennial Puzzle"},{"floor":28,"key":"Nunchaku"},{"floor":30,"key":"Tiny Chest"}],"event_choices":[{"damage_healed":0,"gold_gain":0,"player_choice":"Opened","damage_taken":0,"relics_obtained":["hubris:SlimyHat"],"max_hp_gain":0,"max_hp_loss":0,"event_name":"The Mausoleum","floor":20,"gold_loss":0,"cards_obtained":["Writhe"]},{"damage_healed":0,"gold_gain":0,"player_choice":"Inject Mutagens","damage_taken":0,"relics_obtained":["MutagenicStrength"],"max_hp_gain":0,"max_hp_loss":0,"event_name":"Drug Dealer","floor":21,"gold_loss":0}],"is_beta":false,"boss_relics":[{"not_picked":["halation:Risk","halation:Prosthetics"],"picked":"SlaversCollar"}],"items_purged_floors":[24],"is_endless":false,"potions_floor_spawned":[3,5,12,16,18,19,31],"killed_by":"hubris:MusketHawk","ascension_level":1}}