{"host":"jm9833yuloeli2yd","time":1607880196,"event":{"mods":["AchievementEnabler","BaseMod","Better Altar","Better Match","Better Note","Better Sensory Stone","Better Skull","Better Vampires","Colored Map","Colored Powertips","DeckTracker","Minty Spire (QoL Compilation)","Permanent Neow","Quick Restart","Replay The Spire","StSLib","SuperFastMode"],"gold_per_floor":[367,367,18,18,18,18,37,373,419,25,25,43,43,56,56,150,150,166,15,15,31,31,31,31,31],"floor_reached":24,"playtime":813,"items_purged":["Parasite","Sickly"],"score":384,"play_id":"c9ae8bb7-a5ff-4744-a5c5-6ac33a4e8b6b","local_time":"20201213122316","is_ascension_mode":true,"campfire_choices":[{"floor":6,"key":"REST"},{"floor":11,"key":"REST"},{"data":"Noxious Fumes","floor":15,"key":"SMITH"},{"data":"Survivor","floor":23,"key":"SMITH"}],"circlet_count":0,"master_deck":["AscendersBane","Strike_G","Strike_G+1","Strike_G","Strike_G+1","Strike_G","Defend_G","Defend_G","Defend_G","Defend_G","Defend_G","Survivor+1","Neutralize","Sucker Punch","Dagger Spray","Noxious Fumes+1","Well Laid Plans","ReplayTheSpireMod:Tripwire","Hidden Blade","Tools of the Trade","Backflip","ReplayTheSpireMod:Tripwire","ReplayTheSpireMod:Scrap Shanks","RitualDagger","Cloak And Dagger"],"relics":["Ring of the Snake","TwistedFunnel","Ring of Peace","Golden Idol","Old Coin","Centennial Puzzle","OrangePellets","CultistMask","SacredBark"],"acts_visited":["Exordium","TheCity"],"potions_floor_usage":[8,21,24],"damage_taken":[{"damage":4,"enemies":"Jaw Worm","floor":1,"turns":6},{"damage":0,"enemies":"Small Slimes","floor":7,"turns":4},{"damage":66,"enemies":"Replay:BlueRogue","floor":8,"turns":13},{"damage":0,"enemies":"Cultist","floor":12,"turns":4},{"damage":1,"enemies":"Looter","floor":14,"turns":4},{"damage":16,"enemies":"The Guardian","floor":16,"turns":13},{"damage":0,"enemies":"3 Byrds","floor":18,"turns":4},{"damage":13,"enemies":"Spheric Guardian","floor":21,"turns":6},{"damage":27,"enemies":"Slavers","floor":24,"turns":3}],"seed_played":"-3516062515914178660","potions_obtained":[{"floor":1,"key":"Weak Potion"},{"floor":14,"key":"BlessingOfTheForge"},{"floor":16,"key":"Adrenaline Potion"}],"is_trial":false,"path_per_floor":["M","?","$","?","?","R","M","E","T","$","R","M","?","M","R_BF","B",null,"M","$","?","M","?","R","E"],"character_chosen":"THE_SILENT","items_purchased":["FairyPotion","TwistedFunnel","OrangePellets","Well Laid Plans","Fire Potion","ReplayTheSpireMod:Tripwire","ReplayTheSpireMod:Scrap Shanks"],"campfire_rested":2,"item_purchase_floors":[3,3,10,10,10,19,19],"current_hp_per_floor":[55,35,35,35,35,52,52,5,5,5,22,22,22,21,21,5,44,44,44,38,25,25,25,0,0],"gold":31,"neow_bonus":"TWO_FIFTY_GOLD","is_daily":false,"chose_seed":false,"campfire_upgraded":2,"win_rate":0.0,"timestamp":1607880196,"path_taken":["M","?","$","?","?","R","M","E","T","$","R","?","?","M","R_BF","BOSS","M","?","?","M","?","R","E"],"items_purchased_type":["Potion","Relic","Relic","Card","Potion","Card","Card"],"build_version":"2020-11-30","purchased_purges":2,"victory":false,"max_hp_per_floor":[66,66,63,63,57,57,57,57,57,57,57,57,57,57,57,57,57,57,57,57,57,57,57,57,57],"card_choices":[{"not_picked":["Blade Dance","Dagger Spray"],"picked":"Sucker Punch","floor":1},{"not_picked":["Deadly Poison","Choke"],"picked":"Dagger Spray","floor":7},{"not_picked":["Backflip","Flying Knee"],"picked":"Noxious Fumes","floor":8},{"not_picked":["Sucker Punch","Distraction"],"picked":"ReplayTheSpireMod:Tripwire","floor":12},{"not_picked":["Predator","PiercingWail"],"picked":"Hidden Blade","floor":14},{"not_picked":["Envenom","Grand Finale"],"picked":"Tools of the Trade","floor":16},{"not_picked":["Poisoned Stab+1","Quick Slash"],"picked":"Backflip","floor":18},{"not_picked":["Dodge and Roll","Endless Agony"],"picked":"Cloak And Dagger","floor":21}],"player_experience":1049342,"relics_obtained":[{"floor":4,"key":"Ring of Peace"},{"floor":8,"key":"Old Coin"},{"floor":9,"key":"Centennial Puzzle"}],"event_choices":[{"damage_healed":0,"gold_gain":0,"player_choice":"Entered Light","damage_taken":20,"max_hp_gain":0,"max_hp_loss":0,"event_name":"Shining Light","floor":2,"gold_loss":0,"cards_upgraded":["Strike_G","Strike_G"]},{"damage_healed":0,"gold_gain":0,"player_choice":"Lose Max HP","damage_taken":0,"relics_obtained":["Golden Idol"],"max_hp_gain":0,"max_hp_loss":6,"event_name":"Golden Idol","floor":5,"gold_loss":0},{"damage_healed":0,"gold_gain":0,"player_choice":"Trade","damage_taken":0,"relics_obtained":["CultistMask"],"max_hp_gain":0,"max_hp_loss":0,"event_name":"FaceTrader","floor":13,"gold_loss":0},{"damage_healed":0,"gold_gain":0,"player_choice":"Joined the Cult","damage_taken":6,"max_hp_gain":0,"max_hp_loss":0,"event_name":"Nest","floor":20,"gold_loss":0,"cards_obtained":["RitualDagger"]}],"is_beta":false,"boss_relics":[{"not_picked":["Ectoplasm","Replay:Ancient Bell"],"picked":"SacredBark"}],"items_purged_floors":[3,10],"is_endless":false,"potions_floor_spawned":[1,14,16],"killed_by":"Slavers","ascension_level":20}}