{"host":"hfxp6ue4pvwo3fit","time":1607840419,"event":{"mods":["AchievementEnabler","BaseMod","Colored Map","Colored Powertips","Highlight Path","Minty Spire (QoL Compilation)","StSLib","SuperFastMode"],"gold_per_floor":[116,66,66,85,105,105,122,151,176,203,203,217,233,245,245,318,318,332,347,357,371,391,391,410,39,91,91,91,91,123,48,48,48,48],"floor_reached":33,"playtime":1001,"items_purged":[],"score":503,"play_id":"f6024729-636f-4d73-a504-798ebbf48fca","local_time":"20201213002019","is_ascension_mode":true,"campfire_choices":[{"data":"Dualcast","floor":6,"key":"SMITH"},{"floor":11,"key":"REST"},{"floor":15,"key":"REST"},{"data":"Fusion","floor":23,"key":"SMITH"},{"floor":27,"key":"REST"},{"data":"Capacitor","floor":28,"key":"SMITH"},{"data":"Glacier","floor":32,"key":"SMITH"}],"circlet_count":0,"master_deck":["AscendersBane","Defend_B+1","Defend_B","Defend_B","Defend_B+1","Zap+1","Dualcast+1","Gash","Ball Lightning","Gash","Glacier+1","Compile Driver","Ball Lightning","Glacier","Cold Snap","Ball Lightning","Electrodynamics","Coolheaded+1","Fusion+1","Gash","Capacitor+1","Bite","Bite","Bite","Bite"],"relics":["Cracked Core","Regal Pillow","DataDisk","Boot","Nuclear Battery","WingedGreaves","War Paint","Omamori"],"acts_visited":["Exordium","TheCity"],"potions_floor_usage":[7,8,16,16],"damage_taken":[{"damage":11,"enemies":"Small Slimes","floor":1,"turns":3},{"damage":3,"enemies":"2 Louse","floor":4,"turns":3},{"damage":0,"enemies":"Cultist","floor":5,"turns":3},{"damage":20,"enemies":"Gremlin Gang","floor":7,"turns":3},{"damage":24,"enemies":"Gremlin Nob","floor":8,"turns":6},{"damage":1,"enemies":"Lagavulin","floor":10,"turns":7},{"damage":25,"enemies":"Lots of Slimes","floor":12,"turns":3},{"damage":0,"enemies":"Looter","floor":13,"turns":3},{"damage":5,"enemies":"Large Slime","floor":14,"turns":5},{"damage":11,"enemies":"Slime Boss","floor":16,"turns":9},{"damage":11,"enemies":"Spheric Guardian","floor":18,"turns":3},{"damage":0,"enemies":"2 Thieves","floor":19,"turns":3},{"damage":12,"enemies":"Chosen and Byrds","floor":20,"turns":3},{"damage":4,"enemies":"Cultist and Chosen","floor":21,"turns":4},{"damage":10,"enemies":"3 Cultists","floor":22,"turns":4},{"damage":22,"enemies":"Shelled Parasite and Fungi","floor":24,"turns":4},{"damage":36,"enemies":"Slavers","floor":30,"turns":6},{"damage":48,"enemies":"Collector","floor":33,"turns":3}],"seed_played":"294390871328423874","potions_obtained":[{"floor":5,"key":"LiquidMemories"},{"floor":7,"key":"Dexterity Potion"},{"floor":10,"key":"FearPotion"},{"floor":13,"key":"ColorlessPotion"},{"floor":18,"key":"EssenceOfDarkness"},{"floor":21,"key":"FairyPotion"}],"is_trial":false,"path_per_floor":["M","?","?","M","M","R","M","E","T","E","R","M","M","M","R","B",null,"M","M","M","M","M","R","M","$","T","R","R","?","E","?","R","B"],"character_chosen":"DEFECT","items_purchased":["Capacitor","WingedGreaves"],"campfire_rested":3,"item_purchase_floors":[25,25],"current_hp_per_floor":[53,53,53,50,50,50,30,6,6,5,41,16,16,11,47,36,62,51,51,39,35,25,25,3,3,3,39,39,39,13,13,13,0,0],"gold":48,"neow_bonus":"UPGRADE_CARD","is_daily":false,"chose_seed":false,"campfire_upgraded":4,"win_rate":0.0,"timestamp":1607840419,"path_taken":["M","?","?","M","M","R","M","E","T","E","R","M","?","M","R","BOSS","M","?","?","M","M","R","?","$","T","R","R","?","E","?","R","BOSS"],"items_purchased_type":["Card","Relic"],"build_version":"2020-11-30","purchased_purges":0,"victory":false,"max_hp_per_floor":[71,71,71,71,71,71,71,71,71,71,71,71,71,71,71,71,71,71,71,71,71,71,71,71,71,71,71,71,49,49,49,49,49,49],"card_choices":[{"not_picked":["BootSequence","Double Energy"],"picked":"Gash","floor":1},{"not_picked":["Rip and Tear","Stack"],"picked":"Ball Lightning","floor":4},{"not_picked":["Steam","BootSequence"],"picked":"Gash","floor":5},{"not_picked":["Undo","Doom and Gloom"],"picked":"Glacier","floor":7},{"not_picked":["Sweeping Beam","Hologram"],"picked":"Compile Driver","floor":8},{"not_picked":["Rebound","Rip and Tear"],"picked":"Ball Lightning","floor":10},{"not_picked":["Stack","Go for the Eyes"],"picked":"Glacier","floor":12},{"not_picked":["Turbo","Blizzard"],"picked":"Cold Snap","floor":13},{"not_picked":["Reboot","Rip and Tear"],"picked":"Ball Lightning","floor":14},{"not_picked":["Rainbow","Multi-Cast"],"picked":"Electrodynamics","floor":16},{"not_picked":["Tempest","Ball Lightning"],"picked":"Coolheaded+1","floor":18},{"not_picked":["Rip and Tear","Reinforced Body"],"picked":"Fusion","floor":19},{"not_picked":["Ball Lightning","Aggregate+1"],"picked":"Gash","floor":20},{"not_picked":["Cold Snap","Stack","Rebound+1"],"picked":"SKIP","floor":21},{"not_picked":["Stack+1","Redo","BootSequence"],"picked":"SKIP","floor":22},{"not_picked":["Undo","Thunder Strike","Turbo"],"picked":"SKIP","floor":24},{"not_picked":["Redo","Aggregate","Hyperbeam"],"picked":"SKIP","floor":30}],"player_experience":371811,"relics_obtained":[{"floor":8,"key":"Regal Pillow"},{"floor":9,"key":"DataDisk"},{"floor":10,"key":"Boot"},{"floor":26,"key":"War Paint"},{"floor":30,"key":"Omamori"}],"event_choices":[{"cards_removed":["Strike_B"],"damage_healed":0,"gold_gain":0,"player_choice":"Card Removal","damage_taken":0,"max_hp_gain":0,"max_hp_loss":0,"event_name":"The Cleric","floor":2,"gold_loss":50},{"cards_removed":["Strike_B"],"damage_healed":0,"gold_gain":0,"player_choice":"Purged","damage_taken":0,"max_hp_gain":0,"max_hp_loss":0,"event_name":"Purifier","floor":3,"gold_loss":0},{"damage_healed":0,"gold_gain":0,"player_choice":"Became a vampire","damage_taken":0,"max_hp_gain":0,"max_hp_loss":22,"event_name":"Vampires","floor":29,"gold_loss":0,"cards_obtained":["Bite","Bite","Bite","Bite","Bite"]},{"cards_removed":["Bite"],"damage_healed":0,"gold_gain":0,"player_choice":"Gave Gold","damage_taken":0,"max_hp_gain":0,"max_hp_loss":0,"event_name":"Beggar","floor":31,"gold_loss":75}],"is_beta":false,"boss_relics":[{"not_picked":["Busted Crown","FrozenCore"],"picked":"Nuclear Battery"}],"items_purged_floors":[],"is_endless":false,"potions_floor_spawned":[5,7,10,13,14,18,21],"killed_by":"Collector","ascension_level":14}}