{"host":"63rwe7p34ct1i0qu","time":1607838323,"event":{"mods":["BaseMod","DeckTracker","Minty Spire (QoL Compilation)","Permanent Neow","Quick Restart","StSLib"],"gold_per_floor":[17,28,28,41,41,53,53,53,53,66,101,112,112,186,186,284,284,304,229,229,259,25,25,25,25,25,52,52,52,52,62,62,158,208,228,240,255,255,255,255,271,271,271],"floor_reached":42,"playtime":2264,"items_purged":[],"score":464,"play_id":"fdf4f7ba-7fe1-4634-9ce9-dda6f0ec850c","local_time":"20201213144523","is_ascension_mode":false,"campfire_choices":[{"data":"Eruption","floor":7,"key":"SMITH"},{"data":"Perseverance","floor":13,"key":"SMITH"},{"floor":15,"key":"REST"},{"data":"Adaptation","floor":23,"key":"SMITH"},{"data":"MentalFortress","floor":25,"key":"SMITH"},{"floor":29,"key":"REST"},{"floor":32,"key":"REST"},{"floor":40,"key":"REST"}],"circlet_count":0,"master_deck":["Strike_P","Strike_P","Defend_P","Defend_P+1","Eruption+1","Vigilance","Perseverance+1","DevaForm","Protect+1","MentalFortress+1","Adaptation+1","Fasting2","EmptyBody","Vault","Tantrum+1","SandsOfTime+1","Madness","Madness"],"relics":["PureWater","Pocketwatch","Singing Bowl","Regal Pillow","Boot","Ginger","Bottled Lightning","Empty Cage","Red Mask","Lee\u0027s Waffle","Bottled Tornado","White Beast Statue","Tiny House"],"acts_visited":["Exordium","TheCity","TheBeyond"],"potions_floor_usage":[16,21,21,27,35,37,41,42],"damage_taken":[{"damage":0,"enemies":"Cultist","floor":1,"turns":2},{"damage":1,"enemies":"Jaw Worm","floor":2,"turns":3},{"damage":0,"enemies":"Small Slimes","floor":4,"turns":3},{"damage":4,"enemies":"Blue Slaver","floor":6,"turns":5},{"damage":9,"enemies":"Large Slime","floor":10,"turns":5},{"damage":18,"enemies":"Lagavulin","floor":11,"turns":6},{"damage":0,"enemies":"Looter","floor":12,"turns":2},{"damage":36,"enemies":"The Guardian","floor":16,"turns":12},{"damage":1,"enemies":"Chosen","floor":18,"turns":8},{"damage":33,"enemies":"Masked Bandits","floor":21,"turns":5},{"damage":46,"enemies":"Slavers","floor":27,"turns":11},{"damage":24,"enemies":"Spheric Guardian","floor":31,"turns":4},{"damage":4,"enemies":"Champ","floor":33,"turns":14},{"damage":4,"enemies":"3 Darklings","floor":35,"turns":6},{"damage":15,"enemies":"3 Shapes","floor":36,"turns":6},{"damage":23,"enemies":"3 Darklings","floor":37,"turns":6},{"damage":15,"enemies":"Transient","floor":41,"turns":6},{"damage":0,"enemies":"Reptomancer","floor":42,"turns":3}],"seed_played":"-5886218081922326509","potions_obtained":[{"floor":2,"key":"BlessingOfTheForge"},{"floor":4,"key":"SneckoOil"},{"floor":10,"key":"StancePotion"},{"floor":18,"key":"BottledMiracle"},{"floor":21,"key":"GamblersBrew"},{"floor":31,"key":"Block Potion"},{"floor":33,"key":"BlessingOfTheForge"},{"floor":34,"key":"Ambrosia"},{"floor":35,"key":"Energy Potion"},{"floor":36,"key":"DistilledChaos"},{"floor":37,"key":"Dexterity Potion"},{"floor":41,"key":"SteroidPotion"}],"is_trial":false,"path_per_floor":["M","M","?","M","$","M","R","?","T","M","E","M","R","T","R","B",null,"M","?","?","?","$","R","$","R","T","E","?","R","?","M","R","B",null,"M","M","M","?","?","R","M","E"],"character_chosen":"WATCHER","items_purchased":["Adaptation","Lee\u0027s Waffle"],"campfire_rested":4,"item_purchase_floors":[22,22],"current_hp_per_floor":[72,71,64,66,66,62,62,62,62,55,39,41,41,41,80,44,80,79,79,79,46,87,87,87,87,87,41,41,82,65,41,83,79,99,95,82,59,46,46,91,78,78,78],"gold":271,"neow_bonus":"ONE_RARE_RELIC","is_daily":false,"chose_seed":false,"campfire_upgraded":4,"win_rate":0.0,"timestamp":1607838323,"path_taken":["M","?","?","M","$","M","R","?","T","?","E","M","R","?","R","BOSS","M","?","?","?","$","R","?","R","T","E","?","R","?","M","R","BOSS","M","M","M","?","?","R","M","E"],"items_purchased_type":["Card","Relic"],"build_version":"2020-11-30","purchased_purges":0,"victory":false,"max_hp_per_floor":[72,72,72,74,74,74,74,74,74,76,78,80,80,80,80,80,80,80,80,80,80,87,87,87,87,87,87,87,87,92,92,92,92,99,99,101,101,101,101,101,103,103,103],"card_choices":[{"not_picked":["CrushJoints","FlyingSleeves","Evaluate"],"picked":"SKIP","floor":1},{"not_picked":["FlyingSleeves","CrushJoints","SashWhip"],"picked":"SKIP","floor":2},{"not_picked":["Consecrate","Alpha","Collect"],"picked":"Singing Bowl","floor":4},{"not_picked":["Protect","PathToVictory"],"picked":"Perseverance","floor":6},{"not_picked":["CarveReality","WreathOfFlame","BowlingBash"],"picked":"Singing Bowl","floor":10},{"not_picked":["JustLucky","Conclude","WaveOfTheHand"],"picked":"Singing Bowl","floor":11},{"not_picked":["SignatureMove","WindmillStrike","Prostrate"],"picked":"Singing Bowl","floor":12},{"not_picked":["LessonLearned","Scrawl"],"picked":"DevaForm","floor":16},{"not_picked":["FlyingSleeves","Collect+1"],"picked":"Protect+1","floor":18},{"not_picked":["Meditate","WheelKick"],"picked":"MentalFortress","floor":21},{"not_picked":["CutThroughFate+1","Evaluate"],"picked":"Fasting2","floor":27},{"not_picked":["CrushJoints+1","CutThroughFate"],"picked":"EmptyBody","floor":31},{"not_picked":["LessonLearned","MasterReality"],"picked":"Vault","floor":33},{"not_picked":["FlyingSleeves","ThirdEye","JustLucky"],"picked":"Singing Bowl","floor":34},{"not_picked":["FlyingSleeves+1","EmptyBody"],"picked":"Tantrum+1","floor":35},{"not_picked":["ReachHeaven+1","Nirvana","Evaluate"],"picked":"Singing Bowl","floor":36},{"not_picked":["WreathOfFlame","WheelKick+1"],"picked":"SandsOfTime+1","floor":37},{"not_picked":["Consecrate+1","Protect","CrushJoints+1"],"picked":"Singing Bowl","floor":41}],"player_experience":1280950,"relics_obtained":[{"floor":9,"key":"Boot"},{"floor":11,"key":"Ginger"},{"floor":14,"key":"Bottled Lightning"},{"floor":21,"key":"Red Mask"},{"floor":26,"key":"Bottled Tornado"},{"floor":27,"key":"White Beast Statue"}],"event_choices":[{"damage_healed":0,"gold_gain":0,"player_choice":"Success","damage_taken":7,"relics_obtained":["Singing Bowl"],"max_hp_gain":0,"max_hp_loss":0,"event_name":"Scrap Ooze","floor":3,"gold_loss":0},{"damage_healed":0,"gold_gain":0,"player_choice":"Gave Potion","damage_taken":0,"relics_obtained":["Regal Pillow"],"max_hp_gain":0,"max_hp_loss":0,"event_name":"WeMeetAgain","floor":8,"gold_loss":0},{"cards_removed":["Defend_P"],"damage_healed":0,"gold_gain":0,"player_choice":"Gave Gold","damage_taken":0,"max_hp_gain":0,"max_hp_loss":0,"event_name":"Beggar","floor":19,"gold_loss":75},{"cards_removed":["Defend_P"],"damage_healed":0,"gold_gain":0,"player_choice":"Elegance","damage_taken":0,"max_hp_gain":0,"max_hp_loss":0,"event_name":"Back to Basics","floor":20,"gold_loss":0},{"damage_healed":0,"gold_gain":0,"player_choice":"Fought Bandits","damage_taken":0,"max_hp_gain":0,"max_hp_loss":0,"event_name":"Masked Bandits","floor":21,"gold_loss":0},{"damage_healed":0,"gold_gain":0,"player_choice":"Ignored","damage_taken":0,"max_hp_gain":0,"max_hp_loss":0,"event_name":"Vampires","floor":28,"gold_loss":0},{"damage_healed":0,"gold_gain":0,"player_choice":"Shed Blood","damage_taken":22,"max_hp_gain":5,"max_hp_loss":0,"event_name":"Forgotten Altar","floor":30,"gold_loss":0},{"damage_healed":0,"gold_gain":0,"player_choice":"Embrace Madness","damage_taken":13,"max_hp_gain":0,"max_hp_loss":0,"event_name":"Winding Halls","floor":38,"gold_loss":0,"cards_obtained":["Madness","Madness"]},{"damage_healed":0,"gold_gain":0,"player_choice":"Ignored","damage_taken":0,"max_hp_gain":0,"max_hp_loss":0,"event_name":"The Moai Head","floor":39,"gold_loss":0}],"is_beta":false,"boss_relics":[{"not_picked":["Calling Bell","Velvet Choker"],"picked":"Empty Cage"},{"not_picked":["Runic Pyramid","HolyWater"],"picked":"Tiny House"}],"items_purged_floors":[],"is_endless":false,"potions_floor_spawned":[2,4,10,18,21,31,33,35,36,37,41],"killed_by":"Reptomancer","ascension_level":0}}