{"host":"8xp52u5o8fcssvzz","time":1607847715,"event":{"mods":["2.2 Compatiblity","AchievementEnabler","Act Like it!","Aspiration","BaseMod","Better Altar","Better Match","Better Note","Better Sensory Stone","Better Skull","Better Third Choice","BetterRewards","Colored Map","Conspire","Downfall","GifTheSpireLib","Googly Eyes","Halation","Hallownest","Highlight Path","Hubris","Infinite Spire","Jorbs\u0027s Wanderer Trilogy","Lobotomy","LobotomyExtend","Marisa????????","Mimic Mod","Minty Spire (QoL Compilation)","Remilia_Scarlet Moed?????·?????3.3.5","Remilia??????","Replay The Spire","Spicy Shops","StSLib","Stuff the Spire","The Administrix","The Alterego","The Blackbeard","The Bladedancer","The Cursed","The Gatherer","The Necromancer","The Runesmith","The Servant 0.9.4","TheFirefly","TheSwordswoman","Unceasing Turn Reminder","everything is the same but u backflip on backflip"],"gold_per_floor":[114,114,125,125,50,50,50,50,50,50,50,65,98,118,118,216,216,236,236,248,258,458,498,498,363,363,363,363],"floor_reached":27,"playtime":1582,"items_purged":["blademaster:OneTrickPony"],"score":231,"play_id":"c8257740-bf62-46c9-9fb2-a357f3ec6ac9","local_time":"20201213002155","is_ascension_mode":false,"campfire_choices":[{"data":"blademaster:RagingBlow","floor":6,"key":"SMITH"},{"data":"blademaster:HighVoltage","floor":8,"key":"SMITH"},{"floor":11,"key":"REST"},{"floor":15,"key":"REST"},{"data":"blademaster:FuryOfTheElements","floor":24,"key":"SMITH"}],"circlet_count":0,"master_deck":["blademaster:Strike","blademaster:Strike","blademaster:Strike","blademaster:Strike","blademaster:Defend","blademaster:Defend","blademaster:Defend","blademaster:RagingBlow+1","blademaster:HighVoltage+1","ShyLook","blademaster:LightningCrash+1","NakedNest","blademaster:CombatPrep","blademaster:ChargingUp","blademaster:Breeze","blademaster:FuryOfTheElements+1","blademaster:DaggerAndCloak","blademaster:Discharge+1","blademaster:CombatPrep+1","Freischutz","blademaster:Breeze+1","GalaxyChild","blademaster:ThunderSlash"],"relics":["blademaster:DancersAmulet","CogitoBucket","LetterFromLob","halation:StarCompass","conspire:Dentures","StrikeDummy","hubris:RunicObelisk","CeramicFish"],"acts_visited":["Exordium","TheCity"],"potions_floor_usage":[13,13,23,27],"damage_taken":[{"damage":1,"enemies":"Jaw Worm","floor":1,"turns":6},{"damage":0,"enemies":"Small Slimes","floor":3,"turns":3},{"damage":0,"enemies":"2 Louse","floor":12,"turns":2},{"damage":17,"enemies":"3 Sentries","floor":13,"turns":8},{"damage":19,"enemies":"Exordium Thugs","floor":14,"turns":5},{"damage":30,"enemies":"Hexaghost","floor":16,"turns":11},{"damage":37,"enemies":"2 Thieves","floor":18,"turns":4},{"damage":0,"enemies":"Spheric Guardian","floor":20,"turns":3},{"damage":0,"enemies":"Snecko","floor":21,"turns":7},{"damage":23,"enemies":"Slavers","floor":23,"turns":3},{"damage":9,"enemies":"Cultist and Chosen","floor":25,"turns":4},{"damage":17,"enemies":"Chosen and Byrds","floor":27,"turns":1}],"seed_played":"5747333682980409001","potions_obtained":[{"floor":3,"key":"LiquidBronze"},{"floor":12,"key":"DistilledChaos"},{"floor":16,"key":"PowerPotion"},{"floor":20,"key":"Weak Potion"},{"floor":25,"key":"Reflective Coating"}],"is_trial":false,"path_per_floor":["M","?","M","?","$","R","?","R","T","M","R","M","E","M","R","B",null,"M","?","M","M","?","E","R","M","T","M"],"character_chosen":"THE_BLADEMASTER","items_purchased":[],"campfire_rested":2,"item_purchase_floors":[],"current_hp_per_floor":[74,74,74,74,74,74,74,74,74,24,46,46,29,10,32,2,75,38,38,38,38,38,15,15,6,6,0,0],"gold":363,"neow_bonus":"","is_daily":false,"chose_seed":false,"campfire_upgraded":3,"win_rate":0.0,"timestamp":1607847715,"path_taken":["M","?","M","?","$","R","?","R","T","?","R","M","E","M","R","BOSS","M","?","M","M","?","E","R","M","T","M"],"items_purchased_type":[],"build_version":"2020-11-30","purchased_purges":1,"victory":false,"max_hp_per_floor":[75,75,75,75,75,75,75,75,75,75,75,75,75,75,75,75,75,75,75,75,75,75,75,75,75,75,75,75],"card_choices":[{"not_picked":["CherryBlossoms","MHz"],"picked":"ShyLook","floor":1},{"not_picked":["blademaster:Flurry","blademaster:AwakeningStrike"],"picked":"blademaster:LightningCrash","floor":1},{"not_picked":["blademaster:IcyWind","blademaster:TraverseCut"],"picked":"blademaster:OneTrickPony","floor":3},{"not_picked":["CherryBlossoms","VoidDream"],"picked":"NakedNest","floor":12},{"not_picked":["blademaster:Quickness","blademaster:SharpBlades"],"picked":"blademaster:CombatPrep","floor":12},{"not_picked":["blademaster:AncestralHealing","blademaster:Breeze"],"picked":"blademaster:ChargingUp","floor":13},{"not_picked":["blademaster:LeechingStrike","blademaster:Momentum"],"picked":"blademaster:Breeze","floor":14},{"not_picked":["blademaster:BladeDance","blademaster:StanceMastery"],"picked":"blademaster:FuryOfTheElements","floor":16},{"not_picked":["blademaster:BrainBloom+1","blademaster:Blockade"],"picked":"blademaster:DaggerAndCloak","floor":18},{"not_picked":["blademaster:Bloodbath","blademaster:CombatPrep"],"picked":"blademaster:Discharge+1","floor":20},{"not_picked":["blademaster:EyeOfTheTornado","blademaster:ParryingStrike"],"picked":"blademaster:CombatPrep+1","floor":21},{"not_picked":["BeautyBeast","BigBadWolf"],"picked":"Freischutz","floor":23},{"not_picked":["blademaster:Flash","blademaster:Hailwind"],"picked":"blademaster:Breeze+1","floor":23},{"not_picked":["LongBird","Porccubus"],"picked":"GalaxyChild","floor":25},{"not_picked":["blademaster:Safeguard","blademaster:Sunder+1"],"picked":"blademaster:ThunderSlash","floor":25}],"player_experience":420799,"relics_obtained":[{"floor":1,"key":"LetterFromLob"},{"floor":9,"key":"conspire:Dentures"},{"floor":13,"key":"StrikeDummy"},{"floor":13,"key":"blademaster:DextrousPerk"},{"floor":23,"key":"CeramicFish"},{"floor":23,"key":"blademaster:ComboEveryTurnPerk"}],"event_choices":[{"damage_healed":0,"gold_gain":0,"player_choice":"Grow","damage_taken":0,"max_hp_gain":0,"max_hp_loss":0,"event_name":"Living Wall","floor":2,"gold_loss":0,"cards_upgraded":["blademaster:LightningCrash"]},{"cards_removed":["blademaster:Defend"],"damage_healed":0,"gold_gain":0,"player_choice":"Purged","damage_taken":0,"max_hp_gain":0,"max_hp_loss":0,"event_name":"Purifier","floor":7,"gold_loss":0},{"cards_removed":["blademaster:Breeze"],"damage_healed":0,"gold_gain":0,"player_choice":"Give","damage_taken":0,"max_hp_gain":0,"max_hp_loss":0,"event_name":"betterNote:BetterNote","floor":19,"gold_loss":0,"cards_obtained":["blackbeard:WeaponMastery"]},{"damage_healed":0,"gold_gain":200,"player_choice":"Gold","damage_taken":0,"max_hp_gain":0,"max_hp_loss":0,"event_name":"Wheel of Change","floor":22,"gold_loss":0}],"is_beta":false,"boss_relics":[{"not_picked":["StuffTheSpire:ModemDavis","hubris:GrandSneckoEye"],"picked":"hubris:RunicObelisk"}],"items_purged_floors":[5],"is_endless":false,"potions_floor_spawned":[3,12,16,20,25],"killed_by":"Chosen and Byrds","ascension_level":0}}