{"host":"r2b8ojg4o4pyvjvq","time":1607874120,"event":{"mods":["BaseMod","Colored Map","Downfall","Highlight Path","Hubris","Minty Spire (QoL Compilation)","Replay The Spire","StSLib","SuperFastMode"],"gold_per_floor":[99,99,130,130,146,181,181,500,500,500,500,500,500,500,500,500,500,500,500,500,500,500,500,500,500,500,500,500,500,500,500,500,500,500,500,500,500,500,500,500,500,500,500,500,500,500,500,500,500,500,500,500,500,500,500],"floor_reached":56,"playtime":2770,"items_purged":["hexamod:Strike","hexamod:Defend","hexamod:Defend","hexamod:Strike","hexamod:Strike","hexamod:Defend"],"score":1853,"play_id":"548a15c8-e099-443d-a523-a9de7819f8be","local_time":"20201213164200","is_ascension_mode":true,"campfire_choices":[{"data":"hexamod:WildfireWeapon","floor":1,"key":"SMITH"},{"data":"hexamod:ThermalTransfer","floor":4,"key":"SMITH"},{"data":"hexamod:HeatCrush","floor":9,"key":"SMITH"},{"floor":22,"key":"RECALL"},{"data":"hexamod:UnlimitedPower","floor":35,"key":"SMITH"},{"data":"hexamod:SearingWound","floor":40,"key":"SMITH"},{"data":"hexamod:PhantomCloak","floor":43,"key":"SMITH"},{"data":"hexamod:GiftsFromTheDead","floor":54,"key":"SMITH"}],"circlet_count":0,"master_deck":["hexamod:Defend","hexamod:Sear","hexamod:WildfireWeapon+1","hexamod:FirstSeal","hexamod:ThermalTransfer+1","hexamod:Hexaguard","hexamod:CrushingStance+1","hexamod:GiftsFromTheDead+1","hexamod:HeatCrush+1","hexamod:FlamesFromBeyond","hexamod:GhostShield","hexamod:RecurringNightmare+1","hexamod:ThirdSeal","hexamod:EtherealExpedition","hexamod:GhostLash","hexamod:EmpoweringStance+1","hexamod:Incineration","hexamod:RetreatToShadows","hexamod:PhantomCloak","hexamod:HexaLevel","hexamod:EtherealExpedition+1","hexamod:PhantomCloak+1","hexamod:PhantomCloak+1","hexamod:SearingWound+1","hexamod:UnlimitedPower+1","hexamod:FirstSeal","hexamod:SoulSteal+1","hexamod:EmpoweringStance","hexamod:ThermalTransfer+1","hexamod:Incineration+1"],"relics":["hexamod:SpiritBrand","Potion Belt","Nunchaku","Gremlin Horn","Cauldron","hubris:BottledRain","Oddly Smooth Stone","hubris:ToyBattleship","Omamori","Frozen Eye","Ectoplasm","hubris:TinFlute","Chameleon Ring","Pet Ghost","Guide Book","Replay:Bandana","Lantern","Replay:Mystery Machine","Necronomicon","hubris:TerracottaHorce","downfall:HeartBlessingRed","downfall:HeartBlessingGreen","hubris:MedicalManual","Mercury Hourglass","HandDrill","Snack Pack","downfall:HeartBlessingBlue","PreservedInsect","Replay:Bottled Flurry","Replay:Rubber Ducky","Membership Card","Shuriken","Sling","Mango","Anchor","Gremlin Food","TheAbacus"],"acts_visited":[],"potions_floor_usage":[27,27,27,33,50],"damage_taken":[{"damage":12,"enemies":"Replay:BlueRogue","floor":3,"turns":7},{"damage":3,"enemies":"Jaw Worm","floor":5,"turns":4},{"damage":23,"enemies":"Lagavulin","floor":6,"turns":7},{"damage":0,"enemies":"downfall:FleeingMerchant","floor":8,"turns":4},{"damage":9,"enemies":"3 Sentries","floor":10,"turns":6},{"damage":4,"enemies":"Small Slimes","floor":12,"turns":3},{"damage":0,"enemies":"downfall:FleeingMerchant","floor":13,"turns":4},{"damage":14,"enemies":"2 Louse","floor":14,"turns":2},{"damage":9,"enemies":"Blue Slaver","floor":15,"turns":4},{"damage":19,"enemies":"downfall:Watcher","floor":16,"turns":6},{"damage":3,"enemies":"Spheric Guardian","floor":19,"turns":5},{"damage":0,"enemies":"downfall:FleeingMerchant","floor":21,"turns":4},{"damage":7,"enemies":"Replay:Snechameleon","floor":23,"turns":3},{"damage":0,"enemies":"Shell Parasite","floor":25,"turns":3},{"damage":24,"enemies":"Snake Plant","floor":26,"turns":4},{"damage":24,"enemies":"Slavers","floor":27,"turns":5},{"damage":13,"enemies":"Shelled Parasite and Fungi","floor":28,"turns":5},{"damage":15,"enemies":"Snecko","floor":30,"turns":4},{"damage":7,"enemies":"Sentry and Sphere","floor":32,"turns":4},{"damage":17,"enemies":"downfall:Ironclad","floor":33,"turns":6},{"damage":17,"enemies":"3 Darklings","floor":37,"turns":3},{"damage":8,"enemies":"downfall:FleeingMerchant","floor":38,"turns":4},{"damage":0,"enemies":"Orb Walker","floor":39,"turns":2},{"damage":6,"enemies":"Giant Head","floor":42,"turns":4},{"damage":21,"enemies":"R_Hoarder","floor":44,"turns":6},{"damage":33,"enemies":"Writhing Mass","floor":45,"turns":5},{"damage":0,"enemies":"Sphere and 2 Shapes","floor":49,"turns":3},{"damage":26,"enemies":"downfall:Silent","floor":50,"turns":4},{"damage":6,"enemies":"downfall:CharBossMerchant","floor":52,"turns":6},{"damage":0,"enemies":"downfall:NeowBoss","floor":55,"turns":13}],"seed_played":"2453438305200371804","potions_obtained":[{"floor":8,"key":"Death Potion"},{"floor":8,"key":"LifebloodPotion"},{"floor":8,"key":"Regen Potion"},{"floor":8,"key":"FairyPotion"},{"floor":8,"key":"Languid Potion"},{"floor":10,"key":"Guardian:BlockOnCardUsePotion"},{"floor":28,"key":"Adrenaline Potion"},{"floor":39,"key":"DuplicationPotion"}],"is_trial":false,"path_per_floor":["R","?","E","R","M","E","T","$","R","E","?","M","$","M","M","B",null,"R_BF","M","?","$","R","E","T","M","M","E","M","?","M","?","M","B",null,"R","?","M","$","M","R","T","E","R","E","M","$","T","?","M","B",null,"E","$","R","B",null],"character_chosen":"THE_SPIRIT","items_purchased":["Cauldron","hubris:BottledRain","hexamod:HeatCrush","hubris:ToyBattleship","Omamori","Frozen Eye","hexamod:ThirdSeal","Chameleon Ring","Pet Ghost","Guide Book","hubris:MedicalManual","Mercury Hourglass","HandDrill","Explosive Potion","Doom Potion","sneckomod:MuddlingPotion","Replay:Bottled Flurry","Replay:Rubber Ducky","Membership Card","Anchor","Gremlin Food","TheAbacus","Adrenaline Potion"],"campfire_rested":0,"item_purchase_floors":[8,8,8,13,13,13,13,21,21,21,38,38,38,38,38,38,46,46,46,53,53,53,53],"current_hp_per_floor":[70,63,58,58,62,46,46,53,53,51,51,47,54,47,45,33,70,70,70,70,70,70,70,70,70,53,60,54,38,30,30,30,20,58,58,50,40,39,46,46,46,54,64,59,42,42,42,42,46,27,67,91,91,91,94],"gold":500,"neow_bonus":"ONE_RANDOM_RARE_CARD","is_daily":false,"chose_seed":false,"campfire_upgraded":7,"win_rate":0.0,"timestamp":1607874120,"path_taken":["R","?","E","R","M","E","T","$","R","E","?","M","$","M","M","BOSS","R_BF","M","?","$","R","E","T","M","M","E","M","?","M","?","M","BOSS","R","?","M","$","M","R","T","E","R","E","M","$","?","?","M","BOSS","E","$","R","BOSS"],"items_purchased_type":["Relic","Relic","Card","Relic","Relic","Relic","Card","Relic","Relic","Relic","Relic","Relic","Relic","Potion","Potion","Potion","Relic","Relic","Relic","Relic","Relic","Relic","Potion"],"build_version":"2020-11-30","purchased_purges":6,"victory":true,"max_hp_per_floor":[70,70,70,70,70,70,70,70,70,70,70,70,70,70,70,70,70,70,70,70,70,70,70,70,70,70,70,70,70,70,70,70,70,70,70,70,70,70,70,70,70,70,80,80,80,80,80,80,80,80,80,94,94,94,94],"card_choices":[{"not_picked":["hexamod:GhostShield","hexamod:NightmareStrike"],"picked":"hexamod:ThermalTransfer","floor":3},{"not_picked":["hexamod:Incineration","hexamod:Again"],"picked":"hexamod:Hexaguard","floor":5},{"not_picked":["hexamod:PowerFromBeyond","hexamod:Firestarter"],"picked":"hexamod:CrushingStance","floor":6},{"not_picked":["hexamod:GhostLash","hexamod:GhostOfSpirePresent"],"picked":"hexamod:GiftsFromTheDead","floor":8},{"not_picked":["hexamod:FastForward","hexamod:HeatMetal"],"picked":"hexamod:FlamesFromBeyond","floor":10},{"not_picked":["hexamod:AdvancingGuard","hexamod:RadiantFlame"],"picked":"hexamod:GhostShield","floor":12},{"not_picked":["hexamod:NightmareGuise","hexamod:Again"],"picked":"hexamod:RecurringNightmare","floor":13},{"not_picked":["hexamod:Incineration","hexamod:GhostOfSpirePresent"],"picked":"hexamod:EtherealExpedition","floor":14},{"not_picked":["hexamod:Firestarter","hexamod:HeatCrush"],"picked":"hexamod:GhostLash","floor":15},{"not_picked":["hexamod:BurningTouch","hexamod:GhostLash","hexamod:ThermalTransfer"],"picked":"SKIP","floor":15},{"not_picked":["hexamod:ApocalypticArmor","hexamod:GhostflameInferno"],"picked":"hexamod:EmpoweringStance","floor":16},{"not_picked":["hexamod:GhostOfSpirePast","hexamod:BacktrackSmack"],"picked":"hexamod:Incineration","floor":19},{"not_picked":["hexamod:EtherealExpedition","hexamod:BacktrackSmack","hexamod:ShieldOfDarkness"],"picked":"SKIP","floor":19},{"not_picked":["hexamod:InspiringFlames+1","hexamod:NecessarySacrifice"],"picked":"hexamod:RetreatToShadows","floor":21},{"not_picked":["hexamod:NightmareStrike","hexamod:InspiringFlames"],"picked":"hexamod:PhantomCloak","floor":21},{"not_picked":["hexamod:ShieldOfDarkness","hexamod:GhostShield"],"picked":"hexamod:HexaLevel","floor":23},{"not_picked":["hexamod:RainOfEmbers","hexamod:FastForward","hexamod:SwordOfDarkness"],"picked":"SKIP","floor":25},{"not_picked":["hexamod:RainOfEmbers","hexamod:ThermalTransfer","hexamod:NightmareStrike"],"picked":"SKIP","floor":25},{"not_picked":["hexamod:FourthSeal","hexamod:Haunt"],"picked":"hexamod:EtherealExpedition+1","floor":26},{"not_picked":["hexamod:DynamicBlow","hexamod:BurningTouch","hexamod:SwordOfDarkness+1"],"picked":"SKIP","floor":26},{"not_picked":["hexamod:SecondSeal","hexamod:Hexaguard+1"],"picked":"hexamod:PhantomCloak","floor":27},{"not_picked":["hexamod:SwordOfDarkness","hexamod:GhostLash","hexamod:HeatCrush"],"picked":"SKIP","floor":27},{"not_picked":["hexamod:RetreatToShadows+1","hexamod:DynamicBlow","hexamod:ThermalTransfer"],"picked":"SKIP","floor":28},{"not_picked":["hexamod:Rewind","hexamod:ThermalTransfer"],"picked":"hexamod:PhantomCloak+1","floor":30},{"not_picked":["hexamod:SwordOfDarkness","hexamod:UnlimitedPower"],"picked":"hexamod:AdvancingGuard","floor":32},{"not_picked":["hexamod:GhostLash+1","hexamod:SkipABeat+1","hexamod:HauntingEcho"],"picked":"SKIP","floor":32},{"not_picked":["hexamod:ApocalypticArmor","hexamod:GiftsFromTheDead"],"picked":"hexamod:SearingWound","floor":33},{"not_picked":["hexamod:TimeWarp","hexamod:WildfireWeapon"],"picked":"hexamod:UnlimitedPower","floor":33},{"not_picked":["hexamod:FastForward+1","hexamod:HeatMetal","hexamod:SpectersWail"],"picked":"SKIP","floor":37},{"not_picked":["hexamod:Incineration","hexamod:SpectralAdrenaline+1"],"picked":"hexamod:FirstSeal","floor":38},{"not_picked":["hexamod:SwordOfDarkness+1","hexamod:RainOfEmbers","hexamod:HeatMetal+1"],"picked":"SKIP","floor":39},{"not_picked":["hexamod:BacktrackSmack","hexamod:SearingWound"],"picked":"hexamod:SoulSteal+1","floor":42},{"not_picked":["hexamod:FirstSeal","hexamod:Firestarter"],"picked":"hexamod:EmpoweringStance","floor":44},{"not_picked":["hexamod:ExtraCrispy","hexamod:Hexaguard","hexamod:NightmareGuise+1"],"picked":"SKIP","floor":44},{"not_picked":["hexamod:NightmareGuise","hexamod:SwordOfDarkness+1","hexamod:SpectralAdrenaline"],"picked":"SKIP","floor":45},{"not_picked":["hexamod:GhostLash+1","hexamod:FirstSeal","hexamod:ExtraCrispy"],"picked":"SKIP","floor":45},{"not_picked":["hexamod:ShieldOfDarkness+1","hexamod:NightmareStrike"],"picked":"hexamod:ThermalTransfer+1","floor":49},{"not_picked":["hexamod:DynamicBlow+1","hexamod:NightmareGuise+1"],"picked":"hexamod:Incineration+1","floor":52},{"not_picked":["hexamod:HeatShield","hexamod:HauntingEcho","hexamod:RainOfEmbers"],"picked":"SKIP","floor":52}],"player_experience":381880,"relics_obtained":[{"floor":3,"key":"Potion Belt"},{"floor":6,"key":"Nunchaku"},{"floor":7,"key":"Gremlin Horn"},{"floor":10,"key":"Oddly Smooth Stone"},{"floor":23,"key":"Replay:Bandana"},{"floor":24,"key":"Lantern"},{"floor":27,"key":"Replay:Mystery Machine"},{"floor":29,"key":"Necronomicon"},{"floor":42,"key":"Snack Pack"},{"floor":44,"key":"PreservedInsect"},{"floor":47,"key":"Shuriken"},{"floor":52,"key":"Sling"},{"floor":52,"key":"Mango"}],"event_choices":[],"is_beta":false,"boss_relics":[{"not_picked":["hubris:BlackHole","Replay:Ancient Bell"],"picked":"Ectoplasm"},{"not_picked":["hubris:HollowSoul","Honey Jar"],"picked":"hubris:TerracottaHorce"}],"items_purged_floors":[8,13,21,38,46,53],"is_endless":false,"potions_floor_spawned":[10,12,14,16,23,25,28,39,44,49],"ascension_level":7}}