{"host":"5gc11emcm5chfr5t","time":1607893932,"event":{"mods":["2.2 Compatiblity","AchievementEnabler","BaseMod","Bestiary","Better Note","Colored Map","Colored Powertips","Downfall","Googly Eyes","Minty Spire (QoL Compilation)","Rare Cards Sparkle","Say the Spire","StSLib"],"gold_per_floor":[112,123,123,197,210,241,264,264,264,264,282,316,38,73,73,193,193,208,208,208,3,3,3,36,61,61,186,186,210,230,251,251,371,371,387,412,67,67,67,80,80,96,96,56,56,81,81,97,97,97,97,97,0,34,34,34],"floor_reached":55,"playtime":2675,"items_purged":[],"score":782,"play_id":"79c62cc3-3a3e-4ac1-9d96-adde765da0b8","local_time":"20201213161212","is_ascension_mode":false,"campfire_choices":[{"floor":8,"key":"REST"},{"data":"sneckomod:DangerNoodle","floor":10,"key":"SMITH"},{"data":"sneckomod:Unknown3Cost","floor":15,"key":"SMITH"},{"floor":23,"key":"RECALL"},{"floor":32,"key":"DIG"},{"floor":41,"key":"DIG"},{"floor":45,"key":"DIG"},{"floor":47,"key":"DIG"},{"floor":49,"key":"DIG"},{"floor":52,"key":"DIG"}],"circlet_count":0,"master_deck":["sneckomod:TailWhip","sneckomod:SnekBite","sneckomod:Unknown","sneckomod:Unknown","sneckomod:DangerNoodle+1","sneckomod:UnknownClassRED","sneckomod:Unknown0Cost","sneckomod:Unknown0Cost","sneckomod:UnknownUncommonAttack","sneckomod:MasterEye","sneckomod:Nope","sneckomod:RainOfDice","sneckomod:RainOfDice","sneckomod:MorePower","sneckomod:UnknownClassGREEN+1","sneckomod:UnknownUncommonPower","Panache","sneckomod:SnakeSap+1","Bite","Bite","Bite+1","Bite+1","Bite","sneckomod:UnknownRareSkill+1","sneckomod:UnknownX","sneckomod:UnknownClassGREEN","sneckomod:UnknownClassPURPLE+1","sneckomod:UnknownExhaust","sneckomod:UnknownClassHEXA_GHOST_PURPLE","sneckomod:UnknownRareSkill","sneckomod:UnknownCommonSkill","sneckomod:Unknown1Cost+1","sneckomod:Unknown2Cost+1","sneckomod:UnknownCommonSkill","sneckomod:IronFang","sneckomod:UnknownRareSkill+1","sneckomod:UnknownRareSkill","sneckomod:UnknownCommonAttack+1","sneckomod:UnknownUncommonAttack+1","sneckomod:Unknown2Cost+1","expansioncontent:StudyTheSpire+1","sneckomod:TrashToTreasure","sneckomod:UnknownUncommonAttack+1","sneckomod:UnlimitedRolls+1","sneckomod:Unknown0Cost+1","sneckomod:CheapStock+1","sneckomod:Unknown1Cost","sneckomod:UnknownColorless+1","sneckomod:UnknownCommonSkill+1"],"relics":["sneckomod:SneckoSoul","Golden Idol","sneckomod:ConfusingCodex","Shuriken","Bottled Flame","InkBottle","Pantograph","Matryoshka","SlaversCollar","Frozen Egg 2","Meat on the Bone","Ornamental Fan","Shovel","White Beast Statue","Darkstone Periapt","Snecko Eye","sneckomod:LoadedDie","Pocketwatch","Bag of Marbles","Juzu Bracelet","Centennial Puzzle","Happy Flower","Blue Candle","Anchor"],"acts_visited":["Exordium","TheCity","TheBeyond","TheEnding"],"potions_floor_usage":[12,16,27,31,42,46,46,46,50,50,54,55,55,55],"damage_taken":[{"damage":1,"enemies":"2 Louse","floor":1,"turns":3},{"damage":6,"enemies":"Jaw Worm","floor":2,"turns":2},{"damage":0,"enemies":"Small Slimes","floor":5,"turns":3},{"damage":30,"enemies":"3 Sentries","floor":6,"turns":7},{"damage":6,"enemies":"Exordium Wildlife","floor":7,"turns":4},{"damage":6,"enemies":"2 Fungi Beasts","floor":11,"turns":2},{"damage":0,"enemies":"Gremlin Nob","floor":12,"turns":2},{"damage":8,"enemies":"Lagavulin","floor":14,"turns":3},{"damage":82,"enemies":"Hexaghost","floor":16,"turns":5},{"damage":29,"enemies":"2 Thieves","floor":18,"turns":5},{"damage":19,"enemies":"Slavers","floor":24,"turns":4},{"damage":0,"enemies":"Spheric Guardian","floor":25,"turns":3},{"damage":21,"enemies":"Colosseum Slavers","floor":27,"turns":3},{"damage":21,"enemies":"Colosseum Nobs","floor":27,"turns":5},{"damage":15,"enemies":"Snake Plant","floor":29,"turns":2},{"damage":22,"enemies":"Centurion and Healer","floor":30,"turns":4},{"damage":19,"enemies":"3 Cultists","floor":31,"turns":5},{"damage":52,"enemies":"Champ","floor":33,"turns":5},{"damage":29,"enemies":"3 Darklings","floor":35,"turns":4},{"damage":51,"enemies":"3 Shapes","floor":36,"turns":5},{"damage":0,"enemies":"Sphere and 2 Shapes","floor":40,"turns":5},{"damage":15,"enemies":"Writhing Mass","floor":42,"turns":5},{"damage":15,"enemies":"Jaw Worm Horde","floor":46,"turns":3},{"damage":0,"enemies":"Sphere and 2 Shapes","floor":48,"turns":4},{"damage":40,"enemies":"Donu and Deca","floor":50,"turns":4},{"damage":59,"enemies":"Shield and Spear","floor":54,"turns":6},{"damage":122,"enemies":"The Heart","floor":55,"turns":5}],"seed_played":"-8476762141164566681","potions_obtained":[{"floor":6,"key":"Swift Potion"},{"floor":7,"key":"GamblersBrew"},{"floor":12,"key":"SpeedPotion"},{"floor":14,"key":"SkillPotion"},{"floor":18,"key":"sneckomod:OffclassReductionPotion"},{"floor":29,"key":"SpeedPotion"},{"floor":30,"key":"ColorlessPotion"},{"floor":31,"key":"Ancient Potion"},{"floor":36,"key":"sneckomod:CheatPotion"},{"floor":40,"key":"Explosive Potion"},{"floor":42,"key":"GamblersBrew"},{"floor":46,"key":"Energy Potion"},{"floor":48,"key":"SkillPotion"},{"floor":54,"key":"Swift Potion"}],"is_trial":false,"path_per_floor":["M","M","?","T","M","E","M","R","T","R","M","E","$","E","R","B",null,"M","?","?","$","?","R","E","M","T","?","?","M","M","M","R","B",null,"M","M","$","?","?","M","R","M","T","?","R","M","R","M","R","B",null,"R","$","E","B"],"character_chosen":"THE_SNECKO","items_purchased":["Pantograph","sneckomod:RainOfDice","Panache","sneckomod:SnakeSap","sneckomod:LoadedDie","expansioncontent:StudyTheSpire+1","sneckomod:Unknown1Cost","LiquidMemories"],"campfire_rested":1,"item_purchase_floors":[13,13,21,21,37,37,53,53],"current_hp_per_floor":[90,85,85,85,86,57,53,79,79,79,73,73,73,66,66,26,88,61,100,100,100,69,69,58,61,61,45,48,48,47,44,44,51,82,56,31,31,58,58,66,66,54,54,54,54,59,59,65,65,50,93,93,94,60,0,0],"gold":34,"neow_bonus":"ONE_RANDOM_RARE_CARD","is_daily":false,"chose_seed":false,"campfire_upgraded":2,"win_rate":0.0,"timestamp":1607893932,"path_taken":["M","M","?","?","M","E","M","R","T","R","?","E","$","E","R","BOSS","M","?","?","$","?","R","E","M","T","?","?","M","M","M","R","BOSS","M","M","$","?","?","M","R","?","T","?","R","M","R","M","R","BOSS","R","$","E","BOSS"],"items_purchased_type":["Relic","Card","Card","Card","Relic","Card","Card","Potion"],"build_version":"2020-11-30","purchased_purges":0,"victory":false,"max_hp_per_floor":[91,92,85,85,86,87,87,87,87,87,87,87,87,88,88,88,88,90,100,100,100,69,69,71,72,72,74,77,78,80,80,80,82,82,83,85,85,91,91,91,91,92,92,92,92,93,93,93,93,93,93,93,94,96,96,96],"card_choices":[{"not_picked":["sneckomod:QuickMove","sneckomod:UnknownCommonSkill"],"picked":"sneckomod:UnknownClassRED","floor":1},{"not_picked":["sneckomod:DefensiveFlair","sneckomod:UnknownBlock"],"picked":"sneckomod:Unknown0Cost","floor":2},{"not_picked":["sneckomod:QuickMove","sneckomod:DefensiveFlair"],"picked":"sneckomod:Unknown0Cost","floor":5},{"not_picked":["sneckomod:IronFang","sneckomod:SnakeSap"],"picked":"sneckomod:UnknownUncommonAttack","floor":6},{"not_picked":["sneckomod:QuickBite","sneckomod:Unknown0Cost"],"picked":"sneckomod:MasterEye","floor":7},{"not_picked":["sneckomod:TrashToTreasure","sneckomod:UnknownCommonAttack"],"picked":"sneckomod:Nope","floor":11},{"not_picked":["sneckomod:UnknownUncommonSkill","sneckomod:IronFang"],"picked":"sneckomod:RainOfDice","floor":12},{"not_picked":["sneckomod:DiceCrush","sneckomod:DiceBlock"],"picked":"sneckomod:Unknown3Cost","floor":14},{"not_picked":["sneckomod:Restock","sneckomod:Mudshield"],"picked":"sneckomod:MorePower","floor":16},{"not_picked":["sneckomod:UnknownEthereal+1","sneckomod:UnknownStrike+1"],"picked":"sneckomod:UnknownClassGREEN+1","floor":18},{"not_picked":["sneckomod:UnknownClassTHE_CHAMP_GRAY","sneckomod:Nope+1"],"picked":"sneckomod:UnknownUncommonPower","floor":18},{"not_picked":["sneckomod:UnknownClassGUARDIAN+1","sneckomod:UnknownX+1"],"picked":"sneckomod:UnknownRareSkill+1","floor":24},{"not_picked":["sneckomod:IronFang","sneckomod:UnknownExhaust"],"picked":"sneckomod:UnknownX","floor":24},{"not_picked":["sneckomod:DiceBlock","sneckomod:Nope+1"],"picked":"sneckomod:UnknownClassGREEN","floor":25},{"not_picked":["sneckomod:UnknownEthereal+1","sneckomod:UnknownVulnerable+1"],"picked":"sneckomod:UnknownClassPURPLE+1","floor":27},{"not_picked":["sneckomod:UnknownClassGUARDIAN+1","sneckomod:UnknownStrike"],"picked":"sneckomod:UnknownExhaust","floor":27},{"not_picked":["sneckomod:Nope+1","sneckomod:UnknownClassTHE_CHAMP_GRAY"],"picked":"sneckomod:Unknown1Cost+1","floor":29},{"not_picked":["sneckomod:UnknownClassGUARDIAN+1","sneckomod:UnknownClassBLUE+1"],"picked":"sneckomod:Unknown2Cost+1","floor":30},{"not_picked":["sneckomod:RainOfDice","sneckomod:WideSting"],"picked":"sneckomod:UnknownCommonSkill","floor":30},{"not_picked":["sneckomod:UnknownStrike","sneckomod:ImprovisedGuard"],"picked":"sneckomod:IronFang","floor":31},{"not_picked":["sneckomod:Unknown1Cost+1","sneckomod:UnknownClassRED+1"],"picked":"sneckomod:UnknownRareSkill+1","floor":33},{"not_picked":["sneckomod:MorePower+1","sneckomod:Restock"],"picked":"sneckomod:UnknownRareSkill","floor":33},{"not_picked":["sneckomod:UnknownVulnerable","sneckomod:Nope"],"picked":"sneckomod:UnknownCommonAttack+1","floor":35},{"not_picked":["sneckomod:UnknownCommonAttack+1","sneckomod:UnknownClassTHE_CHAMP_GRAY+1"],"picked":"sneckomod:UnknownUncommonAttack+1","floor":36},{"not_picked":["sneckomod:WideSting","sneckomod:UnknownExhaust"],"picked":"sneckomod:Unknown2Cost+1","floor":36},{"not_picked":["sneckomod:UnknownX+1","sneckomod:UnknownEthereal+1"],"picked":"sneckomod:TrashToTreasure","floor":40},{"not_picked":["sneckomod:Unknown+1","sneckomod:UnknownClassBLUE+1"],"picked":"sneckomod:UnknownUncommonAttack+1","floor":42},{"not_picked":["sneckomod:UnknownX+1","sneckomod:UnknownCommonSkill+1"],"picked":"sneckomod:UnlimitedRolls+1","floor":42},{"not_picked":["sneckomod:TrashToTreasure+1","sneckomod:UnknownWeak+1"],"picked":"sneckomod:Unknown0Cost+1","floor":46},{"not_picked":["sneckomod:UnknownX","sneckomod:IronFang+1"],"picked":"sneckomod:CheapStock+1","floor":48},{"not_picked":["sneckomod:UnknownUncommonAttack+1","sneckomod:UnknownStrength+1"],"picked":"sneckomod:UnknownColorless+1","floor":54},{"not_picked":["sneckomod:UnknownCommonAttack","sneckomod:DiceBlock+1"],"picked":"sneckomod:UnknownCommonSkill+1","floor":54}],"player_experience":347450,"relics_obtained":[{"floor":4,"key":"sneckomod:ConfusingCodex"},{"floor":6,"key":"Shuriken"},{"floor":9,"key":"Bottled Flame"},{"floor":12,"key":"InkBottle"},{"floor":14,"key":"Matryoshka"},{"floor":24,"key":"Frozen Egg 2"},{"floor":26,"key":"Meat on the Bone"},{"floor":26,"key":"Ornamental Fan"},{"floor":27,"key":"Shovel"},{"floor":27,"key":"White Beast Statue"},{"floor":32,"key":"Darkstone Periapt"},{"floor":41,"key":"Pocketwatch"},{"floor":43,"key":"Bag of Marbles"},{"floor":45,"key":"Juzu Bracelet"},{"floor":47,"key":"Centennial Puzzle"},{"floor":49,"key":"Happy Flower"},{"floor":52,"key":"Blue Candle"},{"floor":54,"key":"Anchor"}],"event_choices":[{"damage_healed":0,"gold_gain":0,"player_choice":"Lose Max HP","damage_taken":0,"relics_obtained":["Golden Idol"],"max_hp_gain":0,"max_hp_loss":7,"event_name":"Golden Idol","floor":3,"gold_loss":0},{"cards_removed":["sneckomod:Unknown3Cost"],"damage_healed":29,"gold_gain":0,"player_choice":"Offered Rare","damage_taken":0,"max_hp_gain":10,"max_hp_loss":0,"event_name":"Bonfire Elementals","floor":19,"gold_loss":0},{"damage_healed":0,"gold_gain":0,"player_choice":"Ignored","damage_taken":0,"max_hp_gain":0,"max_hp_loss":0,"event_name":"betterNote:BetterNote","floor":20,"gold_loss":0,"cards_obtained":["FlyingSleeves"]},{"damage_healed":0,"gold_gain":0,"player_choice":"Became a vampire","damage_taken":0,"max_hp_gain":0,"max_hp_loss":31,"event_name":"Vampires","floor":22,"gold_loss":0,"cards_obtained":["Bite","Bite","Bite","Bite","Bite"]},{"damage_healed":0,"gold_gain":0,"player_choice":"Fight","damage_taken":0,"max_hp_gain":0,"max_hp_loss":0,"event_name":"Colosseum","floor":27,"gold_loss":0},{"damage_healed":0,"gold_gain":0,"player_choice":"Fought Nobs","damage_taken":0,"max_hp_gain":0,"max_hp_loss":0,"event_name":"Colosseum","floor":27,"gold_loss":0},{"damage_healed":21,"gold_gain":0,"player_choice":"Writhe","damage_taken":0,"max_hp_gain":0,"max_hp_loss":0,"event_name":"Winding Halls","floor":38,"gold_loss":0,"cards_obtained":["Writhe"]},{"cards_removed":["Writhe"],"damage_healed":0,"gold_gain":0,"player_choice":"Removed Curses","damage_taken":0,"max_hp_gain":0,"max_hp_loss":0,"event_name":"Fountain of Cleansing","floor":39,"gold_loss":0},{"damage_healed":0,"gold_gain":0,"player_choice":"Upgraded Two","damage_taken":0,"max_hp_gain":0,"max_hp_loss":0,"event_name":"Designer","floor":44,"gold_loss":40,"cards_upgraded":["Bite","sneckomod:SnakeSap"]}],"is_beta":false,"boss_relics":[{"not_picked":["Runic Pyramid","Sozu"],"picked":"SlaversCollar"},{"not_picked":["Fusion Hammer","Empty Cage"],"picked":"Snecko Eye"}],"items_purged_floors":[],"is_endless":false,"potions_floor_spawned":[6,7,12,14,18,25,27,29,30,31,33,35,36,40,42,46,48,54],"killed_by":"The Heart","ascension_level":0}}