{"host":"2n2g1vowfllvjtvi","time":1607840477,"event":{"mods":["AchievementEnabler","BaseMod","Custom Start","GifTheSpireLib","Keyboard Shortcuts","Minty Spire (QoL Compilation)","Quick Restart","Rare Cards Sparkle","StSLib","SuperFastMode"],"gold_per_floor":[116,5,5,5,30,55,55,70,70,82,108,108,121,134,134,229,229,242,252,252,6,26,58,58,68,68,68,68,68,133,108,108,203,203,214,264,314,109,173,173,183,183,230,250,300,300,314,349,349,349],"floor_reached":51,"playtime":1723,"items_purged":["Strike_G","Strike_G","Pain"],"score":1378,"play_id":"8b9aedc8-c2ed-4ed9-a003-20dc29e35ffd","local_time":"20201213152117","is_ascension_mode":true,"campfire_choices":[{"data":"Crippling Poison","floor":7.0,"key":"SMITH"},{"data":"Calculated Gamble","floor":12.0,"key":"SMITH"},{"data":"Finisher","floor":15.0,"key":"SMITH"},{"floor":24.0,"key":"REST"},{"data":"Acrobatics","floor":27.0,"key":"SMITH"},{"data":"Neutralize","floor":32.0,"key":"SMITH"},{"data":"Tactician","floor":40,"key":"SMITH"},{"data":"Reflex","floor":42,"key":"SMITH"},{"data":"Tools of the Trade","floor":46,"key":"SMITH"},{"data":"After Image","floor":49,"key":"SMITH"}],"circlet_count":0,"master_deck":["AscendersBane","Survivor","Neutralize+1","Masterful Stab","Finisher+1","Crippling Poison+1","PiercingWail","Calculated Gamble+1","Acrobatics+1","Eviscerate+1","After Image+1","Underhanded Strike+1","Escape Plan","Tools of the Trade+1","Masterful Stab+1","Endless Agony+1","Prepared","Burst","Prepared","Acrobatics","Reflex+1","Tactician+1","Backflip","Tactician"],"relics":["Ring of the Snake","NeowsBlessing","Mummified Hand","Nunchaku","Meat on the Bone","Molten Egg 2","Vajra","Runic Pyramid","Centennial Puzzle","FossilizedHelix","Matryoshka","SsserpentHead","Pandora\u0027s Box","WarpedTongs","Lantern","Oddly Smooth Stone","Pen Nib"],"acts_visited":["Exordium","TheCity","TheBeyond"],"potions_floor_usage":[50,50],"damage_taken":[{"damage":0.0,"enemies":"Cultist","floor":1.0,"turns":1.0},{"damage":0.0,"enemies":"Lagavulin","floor":6.0,"turns":1.0},{"damage":0.0,"enemies":"Jaw Worm","floor":8.0,"turns":1.0},{"damage":0.0,"enemies":"2 Louse","floor":10.0,"turns":2.0},{"damage":11.0,"enemies":"Gremlin Nob","floor":11.0,"turns":4.0},{"damage":0.0,"enemies":"Looter","floor":13.0,"turns":2.0},{"damage":10.0,"enemies":"Large Slime","floor":14.0,"turns":2.0},{"damage":9.0,"enemies":"Slime Boss","floor":16.0,"turns":8.0},{"damage":5.0,"enemies":"2 Thieves","floor":18.0,"turns":5.0},{"damage":0.0,"enemies":"3 Byrds","floor":19.0,"turns":2.0},{"damage":22.0,"enemies":"Shelled Parasite and Fungi","floor":22.0,"turns":4.0},{"damage":31.0,"enemies":"Slavers","floor":23.0,"turns":5.0},{"damage":0.0,"enemies":"Sentry and Sphere","floor":25.0,"turns":3.0},{"damage":10.0,"enemies":"3 Cultists","floor":30.0,"turns":5.0},{"damage":0.0,"enemies":"Collector","floor":33.0,"turns":6.0},{"damage":0.0,"enemies":"3 Shapes","floor":35.0,"turns":3.0},{"damage":0,"enemies":"Orb Walker","floor":39,"turns":1},{"damage":0,"enemies":"Sphere and 2 Shapes","floor":41,"turns":2},{"damage":0,"enemies":"3 Darklings","floor":44,"turns":2},{"damage":0,"enemies":"Transient","floor":47,"turns":2},{"damage":0,"enemies":"Nemesis","floor":48,"turns":4},{"damage":0,"enemies":"Donu and Deca","floor":50,"turns":3}],"seed_played":"-7779480071744670929","potions_obtained":[{"floor":1.0,"key":"SteroidPotion"},{"floor":11.0,"key":"BlessingOfTheForge"},{"floor":14.0,"key":"Energy Potion"},{"floor":19.0,"key":"Weak Potion"},{"floor":22.0,"key":"LiquidBronze"},{"floor":30.0,"key":"SteroidPotion"},{"floor":47,"key":"Weak Potion"}],"is_trial":false,"path_per_floor":["M","$","?","?","T","E","R","M","T","M","E","R","M","M","R","B",null,"M","M","?","$","M","E","R","M","T","R","?","$","M","?","R","B",null,"M","?","?","$","M","R","M","R","T","M","?","R","M","E","R","B",null],"character_chosen":"THE_SILENT","items_purchased":["Finisher","Centennial Puzzle","Reflex"],"campfire_rested":1,"item_purchase_floors":[2,21,38],"current_hp_per_floor":[63,63,49,46,46,46,46,46,46,46,47,47,47,37,37,40,63,58,58,45,45,35,16,38,38,38,38,38,38,40,40,40,40,66,66,66,66,66,66,66,66,66,66,66,66,66,66,66,66,66],"gold":349,"neow_bonus":"THREE_ENEMY_KILL","is_daily":false,"chose_seed":false,"campfire_upgraded":9,"win_rate":0.0,"timestamp":1607840477,"path_taken":["M","?","?","?","?","E","R","M","T","M","E","R","M","M","R","BOSS","M","M","?","$","M","E","R","M","T","R","?","$","?","?","R","BOSS","M","?","?","$","?","R","M","R","T","M","?","R","M","E","R","BOSS"],"items_purchased_type":["Card","Relic","Card"],"build_version":"2020-11-30","purchased_purges":3,"victory":true,"max_hp_per_floor":[70,70,70,70,70,70,70,70,70,70,70,70,70,70,70,70,70,70,70,75,75,75,75,75,75,75,75,75,75,75,75,75,75,75,75,75,75,75,75,75,75,75,75,75,75,75,75,75,75,75],"card_choices":[{"not_picked":["Expertise","Escape Plan"],"picked":"Masterful Stab","floor":1.0},{"not_picked":["Deflect","Predator"],"picked":"Crippling Poison","floor":6.0},{"not_picked":["Blade Dance","Underhanded Strike"],"picked":"PiercingWail","floor":8.0},{"not_picked":["Backflip","Dodge and Roll"],"picked":"Calculated Gamble","floor":10.0},{"not_picked":["Expertise","Prepared"],"picked":"Acrobatics","floor":11.0},{"not_picked":["Deadly Poison","Dodge and Roll"],"picked":"Eviscerate+1","floor":13.0},{"not_picked":["Choke+1","Flying Knee+1","Outmaneuver"],"picked":"SKIP","floor":14.0},{"not_picked":["Glass Knife+1","Malaise"],"picked":"After Image","floor":16.0},{"not_picked":["Outmaneuver","Flying Knee+1"],"picked":"Underhanded Strike+1","floor":18.0},{"not_picked":["Deflect","Deadly Poison","Blade Dance"],"picked":"SKIP","floor":19.0},{"not_picked":["Underhanded Strike+1","Well Laid Plans"],"picked":"Escape Plan","floor":22.0},{"not_picked":["Accuracy","Bane+1","Blade Dance"],"picked":"SKIP","floor":23.0},{"not_picked":["Blade Dance","Wraith Form v2","Outmaneuver"],"picked":"SKIP","floor":25.0},{"not_picked":["Escape Plan","Accuracy+1","Flying Knee+1"],"picked":"SKIP","floor":30.0},{"not_picked":["Burst","Bullet Time"],"picked":"Tools of the Trade","floor":33.0},{"not_picked":["Sucker Punch+1","Deadly Poison","Flying Knee+1"],"picked":"SKIP","floor":35.0},{"not_picked":["PiercingWail","Slice+1"],"picked":"Tactician","floor":39},{"not_picked":["Catalyst+1","Die Die Die+1","Choke+1"],"picked":"SKIP","floor":41},{"not_picked":["Slice+1","Heel Hook+1"],"picked":"Backflip","floor":44},{"not_picked":["Flying Knee+1","Dagger Spray+1","PiercingWail"],"picked":"SKIP","floor":47},{"not_picked":["Choke+1","Slice+1"],"picked":"Tactician","floor":48}],"player_experience":448056,"relics_obtained":[{"floor":5.0,"key":"Nunchaku"},{"floor":6.0,"key":"Meat on the Bone"},{"floor":9.0,"key":"Molten Egg 2"},{"floor":11.0,"key":"Vajra"},{"floor":23.0,"key":"FossilizedHelix"},{"floor":26.0,"key":"Matryoshka"},{"floor":43,"key":"Lantern"},{"floor":43,"key":"Oddly Smooth Stone"},{"floor":48,"key":"Pen Nib"}],"event_choices":[{"damage_healed":0.0,"max_hp_gain":0.0,"max_hp_loss":0.0,"gold_gain":0.0,"event_name":"Shining Light","player_choice":"Entered Light","floor":3.0,"gold_loss":0.0,"damage_taken":14.0,"cards_upgraded":["Defend_G","Defend_G"]},{"damage_healed":0.0,"max_hp_gain":0.0,"max_hp_loss":0.0,"gold_gain":0.0,"event_name":"Scrap Ooze","player_choice":"Success","floor":4.0,"gold_loss":0.0,"damage_taken":3.0,"relics_obtained":["Mummified Hand"]},{"damage_healed":0.0,"max_hp_gain":5.0,"max_hp_loss":0.0,"gold_gain":0.0,"event_name":"Forgotten Altar","player_choice":"Shed Blood","floor":20.0,"gold_loss":0.0,"damage_taken":18.0},{"damage_healed":0.0,"max_hp_gain":0.0,"max_hp_loss":0.0,"gold_gain":0.0,"event_name":"FaceTrader","player_choice":"Trade","floor":28.0,"gold_loss":0.0,"damage_taken":0.0,"relics_obtained":["SsserpentHead"]},{"cards_removed":["Strike_G"],"damage_healed":0.0,"max_hp_gain":0.0,"max_hp_loss":0.0,"gold_gain":0.0,"event_name":"Beggar","player_choice":"Gave Gold","floor":31.0,"gold_loss":75.0,"damage_taken":0.0},{"damage_healed":0,"gold_gain":0,"player_choice":"Ignored","damage_taken":0,"max_hp_gain":0,"max_hp_loss":0,"event_name":"Mysterious Sphere","floor":36,"gold_loss":0},{"damage_healed":0,"gold_gain":0,"player_choice":"Rummage","damage_taken":0,"relics_obtained":["WarpedTongs"],"max_hp_gain":0,"max_hp_loss":0,"event_name":"Accursed Blacksmith","floor":37,"gold_loss":0,"cards_obtained":["Pain"]},{"cards_removed":["Catalyst"],"damage_healed":0,"gold_gain":0,"player_choice":"Removed Skill","damage_taken":0,"max_hp_gain":0,"max_hp_loss":0,"event_name":"Falling","floor":45,"gold_loss":0}],"is_beta":false,"boss_relics":[{"not_picked":["SlaversCollar","Snecko Eye"],"picked":"Runic Pyramid"},{"not_picked":["Empty Cage","HoveringKite"],"picked":"Pandora\u0027s Box"}],"items_purged_floors":[2,21,38],"is_endless":false,"potions_floor_spawned":[1,11,14,19,22,25,30,47],"ascension_level":12}}