{"host":"5pvsezzv96u4cz40","time":1607884460,"event":{"mods":["Act Like it!","BaseMod","BetterRewards","CapriCore","Colored Map","Colored Powertips","GifTheSpireLib","Hermit","Hubris","Menagerie","Minty Spire (QoL Compilation)","Remilia??????","Replay The Spire","Shop Mod","StSLib","The Blue Laboratory","The Necromancer","The Vixen","??????REMEMod"],"gold_per_floor":[114,189,0,18,18,52,67,67,142,142,155,155,173,187,187,187,187],"floor_reached":16,"playtime":1931,"items_purged":[],"score":102,"play_id":"f7a488bb-a023-4db8-991f-4369f9f0608f","local_time":"20201213193420","is_ascension_mode":false,"campfire_choices":[{"floor":8,"key":"REST"},{"floor":10,"key":"REST"},{"floor":15,"key":"DIG"}],"circlet_count":0,"master_deck":["Burst+1","Strike_G","Strike_G","Strike_G","Strike_G","Strike_G","Defend_G","Defend_G","Defend_G","Defend_G","Defend_G","Survivor","Neutralize","HeartBreak","Quick Slash","Catalyst","Infinite Blades","Catalyst","Bane","Masterful Stab","Endless Agony","Decay","Replay:Poison Smokescreen","Blade Dance"],"relics":["Ring of the Snake","REME_ComplimentaryCards","Juzu Bracelet","Mummified Hand","hubris:DeckOfHolding"],"acts_visited":["Exordium"],"potions_floor_usage":[6,6,16,16,16],"damage_taken":[{"damage":2,"enemies":"Small Slimes","floor":1,"turns":5},{"damage":5,"enemies":"Jaw Worm","floor":4,"turns":5},{"damage":35,"enemies":"3 Sentries","floor":6,"turns":9},{"damage":0,"enemies":"Cultist","floor":7,"turns":3},{"damage":2,"enemies":"Exordium Wildlife","floor":11,"turns":4},{"damage":0,"enemies":"Lots of Slimes","floor":13,"turns":4},{"damage":0,"enemies":"Blue Slaver","floor":14,"turns":4},{"damage":94,"enemies":"Fading Forest","floor":16,"turns":11}],"seed_played":"6054629753441720268","potions_obtained":[{"floor":1,"key":"blueLaboratory:EnvenomedCoating"},{"floor":7,"key":"blueLaboratory:FrostheartPotion"},{"floor":13,"key":"Elixir"},{"floor":14,"key":"Energy Potion"}],"is_trial":false,"path_per_floor":["M","?","$","M","$","E","M","R","T","R","M","?","M","M","R_BF","B"],"character_chosen":"THE_SILENT","items_purchased":["Catalyst","Infinite Blades","Energy Potion"],"campfire_rested":2,"item_purchase_floors":[3,3,3],"current_hp_per_floor":[75,64,64,59,59,24,25,48,48,71,69,69,69,69,69,0,0],"gold":187,"neow_bonus":"TEN_PERCENT_HP_BONUS","is_daily":false,"chose_seed":false,"campfire_upgraded":0,"win_rate":0.0,"timestamp":1607884460,"path_taken":["M","?","$","M","$","E","M","R","T","R","M","?","M","M","R_BF","BOSS"],"items_purchased_type":["Card","Card","Potion"],"build_version":"2020-11-30","purchased_purges":0,"victory":false,"max_hp_per_floor":[77,77,77,77,77,77,77,77,77,77,77,77,77,77,77,77,77],"card_choices":[{"not_picked":["All Out Attack","Sucker Punch"],"picked":"Quick Slash","floor":1},{"not_picked":["Dagger Spray","Flechettes"],"picked":"Catalyst","floor":4},{"not_picked":["ReplayTheSpireMod:The Works","Well Laid Plans"],"picked":"Bane","floor":6},{"not_picked":["Dagger Spray","Quick Slash"],"picked":"Masterful Stab","floor":7},{"not_picked":["Reflex","Atom Bomb"],"picked":"Endless Agony","floor":11},{"not_picked":["Quick Slash","Cloak And Dagger"],"picked":"Replay:Poison Smokescreen","floor":13},{"not_picked":["ReplayTheSpireMod:Scrap Shanks","Underhanded Strike"],"picked":"Blade Dance","floor":14}],"player_experience":96029,"relics_obtained":[{"floor":6,"key":"Juzu Bracelet"},{"floor":9,"key":"Mummified Hand"},{"floor":15,"key":"hubris:DeckOfHolding"}],"event_choices":[{"damage_healed":0,"gold_gain":75,"player_choice":"Gather Gold","damage_taken":11,"max_hp_gain":0,"max_hp_loss":0,"event_name":"World of Goop","floor":2,"gold_loss":0},{"damage_healed":0,"gold_gain":0,"player_choice":"Cursed","damage_taken":0,"max_hp_gain":0,"max_hp_loss":0,"event_name":"Wheel of Change","floor":12,"gold_loss":0,"cards_obtained":["Decay"]}],"is_beta":false,"boss_relics":[],"items_purged_floors":[],"is_endless":false,"potions_floor_spawned":[1,7,13,14],"killed_by":"Fading Forest","ascension_level":0}}