{"host":"ow9msrs9p2ctkx99","time":1607839252,"event":{"mods":["AchievementEnabler","BaseMod","Colored Map","Colored Powertips","Minty Spire (QoL Compilation)","Permanent Neow","Quick Restart","SuperFastMode"],"gold_per_floor":[109,34,34,209,159,159,186,209,290,290,36,55,69,21,21,119,119,131,156,183,282,300,300,334,13,13,32,61,61,93,24,24,24,24],"floor_reached":33,"playtime":511,"items_purged":["Strike_B","Doubt","Strike_B"],"score":446,"play_id":"9001cd8d-8590-44f9-b57f-dc4b9f0beeec","local_time":"20201213070052","is_ascension_mode":true,"campfire_choices":[{"floor":6.0,"key":"DIG"},{"floor":10.0,"key":"DIG"},{"floor":15.0,"key":"DIG"},{"floor":23.0,"key":"DIG"},{"data":"Defragment","floor":32,"key":"SMITH"}],"circlet_count":0,"master_deck":["AscendersBane","Strike_B","Strike_B","Defend_B","Defend_B","Defend_B","Defend_B","Zap","Dualcast","Cold Snap","Ball Lightning","Darkness","Turbo","Electrodynamics","Beam Cell+1","Redo+1","Glacier","Steam","Acrobatics+1","Concentrate+1","Defragment+1"],"relics":["Cracked Core","Tiny Chest","Shovel","Blood Vial","Singing Bowl","Pen Nib","Pantograph","Question Card","OrangePellets","Kunai","Nuclear Battery","Centennial Puzzle","Regal Pillow","Anchor","PrismaticShard","Gremlin Horn","Ancient Tea Set","StrikeDummy","Potion Belt"],"acts_visited":["Exordium","TheCity"],"potions_floor_usage":[27,30,33],"damage_taken":[{"damage":5.0,"enemies":"Small Slimes","floor":1.0,"turns":2.0},{"damage":29.0,"enemies":"Gremlin Nob","floor":7.0,"turns":5.0},{"damage":8.0,"enemies":"2 Louse","floor":12.0,"turns":2.0},{"damage":0.0,"enemies":"Cultist","floor":13.0,"turns":2.0},{"damage":21.0,"enemies":"The Guardian","floor":16.0,"turns":11.0},{"damage":17.0,"enemies":"Spheric Guardian","floor":18.0,"turns":4.0},{"damage":11.0,"enemies":"3 Byrds","floor":22.0,"turns":2.0},{"damage":19.0,"enemies":"Gremlin Leader","floor":24.0,"turns":5.0},{"damage":4,"enemies":"Centurion and Healer","floor":27,"turns":6},{"damage":8,"enemies":"Slavers","floor":28,"turns":4},{"damage":8,"enemies":"Gremlin Leader","floor":30,"turns":6},{"damage":42,"enemies":"Collector","floor":33,"turns":6}],"seed_played":"-5834162681063568011","potions_obtained":[{"floor":7.0,"key":"Weak Potion"},{"floor":16.0,"key":"Ancient Potion"},{"floor":18.0,"key":"SneckoOil"},{"floor":22.0,"key":"GamblersBrew"},{"floor":24.0,"key":"AttackPotion"},{"floor":30,"key":"Fire Potion"}],"is_trial":false,"path_per_floor":["M","$","?","?","?","R","E","T","T","R","$","M","M","$","R","B",null,"M","T","T","?","M","R","E","$","T","M","E","T","E","$","R","B"],"character_chosen":"DEFECT","items_purchased":["OrangePellets","Turbo","Steam","PrismaticShard","Defragment"],"campfire_rested":0,"item_purchase_floors":[11,14,25,25,31],"current_hp_per_floor":[63,63,63,63,63,63,38,38,38,38,38,32,34,34,34,40,68,53,53,53,53,44,44,27,27,27,25,21,21,15,15,15,0,0],"gold":24,"neow_bonus":"RANDOM_COMMON_RELIC","is_daily":false,"chose_seed":false,"campfire_upgraded":1,"win_rate":0.0,"timestamp":1607839252,"path_taken":["M","$","?","?","?","R","E","?","T","R","$","?","M","?","R","BOSS","M","?","?","?","M","R","E","?","T","?","E","?","E","?","R","BOSS"],"items_purchased_type":["Relic","Card","Card","Relic","Card"],"build_version":"2020-11-30","purchased_purges":3,"victory":false,"max_hp_per_floor":[75,75,75,75,75,75,77,77,77,77,77,77,77,77,77,77,77,77,77,77,77,77,77,77,77,77,77,79,79,79,79,79,79,79],"card_choices":[{"not_picked":["Stack","Recycle"],"picked":"Cold Snap","floor":1.0},{"not_picked":["Steam Power","Gash","Beam Cell"],"picked":"Singing Bowl","floor":7.0},{"not_picked":["Darkness","Creative AI","Turbo"],"picked":"Ball Lightning","floor":12.0},{"not_picked":["Fusion","Go for the Eyes","Conserve Battery"],"picked":"Darkness","floor":13.0},{"not_picked":["Machine Learning","Fission","Echo Form"],"picked":"Electrodynamics","floor":16.0},{"not_picked":["Auto Shields+1","Leap+1","Go for the Eyes+1"],"picked":"Beam Cell+1","floor":18.0},{"not_picked":["Coolheaded","Heatsinks","Streamline"],"picked":"Redo+1","floor":22.0},{"not_picked":["Cold Snap+1","Heatsinks","Seek"],"picked":"Glacier","floor":24.0},{"not_picked":["Poisoned Stab","Combust","Evolve"],"picked":"Acrobatics+1","floor":27},{"not_picked":["FearNoEvil","ThirdEye","Sucker Punch","Flex"],"picked":"Singing Bowl","floor":28},{"not_picked":["Perseverance","SignatureMove","Nirvana"],"picked":"Concentrate+1","floor":30}],"player_experience":991956,"relics_obtained":[{"floor":6.0,"key":"Blood Vial"},{"floor":7.0,"key":"Singing Bowl"},{"floor":8.0,"key":"Pen Nib"},{"floor":9.0,"key":"Pantograph"},{"floor":10.0,"key":"Question Card"},{"floor":15.0,"key":"Kunai"},{"floor":20.0,"key":"Centennial Puzzle"},{"floor":23.0,"key":"Regal Pillow"},{"floor":24.0,"key":"Anchor"},{"floor":26.0,"key":"Gremlin Horn"},{"floor":28,"key":"Ancient Tea Set"},{"floor":29,"key":"StrikeDummy"},{"floor":30,"key":"Potion Belt"}],"event_choices":[{"damage_healed":0.0,"max_hp_gain":0.0,"max_hp_loss":0.0,"gold_gain":0.0,"event_name":"Big Fish","player_choice":"Box","floor":3.0,"gold_loss":0.0,"damage_taken":0.0,"relics_obtained":["Shovel"],"cards_obtained":["Regret"]},{"damage_healed":0.0,"max_hp_gain":0.0,"max_hp_loss":0.0,"gold_gain":175.0,"event_name":"Liars Game","player_choice":"AGREE","floor":4.0,"gold_loss":0.0,"damage_taken":0.0,"cards_obtained":["Doubt"]},{"cards_removed":["Regret"],"damage_healed":0.0,"max_hp_gain":0.0,"max_hp_loss":0.0,"gold_gain":0.0,"event_name":"The Cleric","player_choice":"Card Removal","floor":5.0,"gold_loss":50.0,"damage_taken":0.0},{"damage_healed":0.0,"max_hp_gain":0.0,"max_hp_loss":0.0,"gold_gain":99.0,"event_name":"Nest","player_choice":"Stole From Cult","floor":21.0,"gold_loss":0.0,"damage_taken":0.0}],"is_beta":false,"boss_relics":[{"not_picked":["SlaversCollar","Coffee Dripper"],"picked":"Nuclear Battery"}],"items_purged_floors":[2,11,25],"is_endless":false,"potions_floor_spawned":[7,16,18,22,24,30],"killed_by":"Collector","ascension_level":10}}