{"host":"f5n4tidiz2n5sooh","time":1607834687,"event":{"mods":["BaseMod","Colored Map","Minty Spire (QoL Compilation)","Relic Stats","StSLib"],"gold_per_floor":[113,127,47,47,65,91,91,91,91,124,124,199,199,199],"floor_reached":13,"playtime":426,"items_purged":[],"score":182,"play_id":"878a8fb4-2a74-477a-8834-98b667d2e19b","local_time":"20201212224447","is_ascension_mode":true,"campfire_choices":[{"floor":8,"key":"REST"},{"floor":11,"key":"REST"}],"circlet_count":0,"master_deck":["AscendersBane","Strike_G+1","Strike_G","Strike_G","Strike_G","Strike_G","Defend_G","Defend_G","Defend_G","Defend_G","Defend_G","Survivor","Neutralize","Blade Dance","Dagger Throw","Well Laid Plans+1","Bouncing Flask","Adrenaline","Parasite","Storm of Steel"],"relics":["Cursed Key","Anchor","Bottled Tornado","Darkstone Periapt"],"acts_visited":["Exordium"],"potions_floor_usage":[6],"damage_taken":[{"damage":1,"enemies":"Cultist","floor":1,"turns":5},{"damage":2,"enemies":"Jaw Worm","floor":2,"turns":4},{"damage":0,"enemies":"2 Louse","floor":5,"turns":3},{"damage":21,"enemies":"3 Sentries","floor":6,"turns":8},{"damage":16,"enemies":"Lagavulin","floor":10,"turns":6},{"damage":30,"enemies":"Gremlin Nob","floor":13,"turns":3}],"seed_played":"8976700327753292900","potions_obtained":[{"floor":5,"key":"Explosive Potion"}],"is_trial":false,"path_per_floor":["M","M","$","?","M","E","?","R","T","E","R","?","E"],"character_chosen":"THE_SILENT","items_purchased":["Well Laid Plans"],"campfire_rested":2,"item_purchase_floors":[3],"current_hp_per_floor":[58,56,56,56,56,35,15,34,34,18,37,26,0,0],"gold":199,"neow_bonus":"BOSS_RELIC","is_daily":false,"chose_seed":false,"campfire_upgraded":0,"win_rate":0.0,"timestamp":1607834687,"path_taken":["M","M","$","?","M","E","?","R","T","E","R","?","E"],"items_purchased_type":["Card"],"build_version":"2020-11-30","purchased_purges":0,"victory":false,"max_hp_per_floor":[66,66,66,66,66,66,66,66,66,66,66,66,66,66],"relic_stats":{"Darkstone Periapt":0,"counters":[6,29],"Cursed Key":1,"obtain_stats":[{"Darkstone Periapt":10,"Anchor":6,"Bottled Tornado":9,"Cursed Key":0,"Ring of the Snake":0},{"Darkstone Periapt":5,"Anchor":4,"Bottled Tornado":4,"Cursed Key":0,"Ring of the Snake":0},{"Darkstone Periapt":26,"Anchor":20,"Bottled Tornado":20,"Cursed Key":0,"Ring of the Snake":0}]},"card_choices":[{"not_picked":["PiercingWail","Quick Slash"],"picked":"Blade Dance","floor":1},{"not_picked":["Outmaneuver","Caltrops"],"picked":"Dagger Throw","floor":2},{"not_picked":["Escape Plan","Cloak And Dagger"],"picked":"Bouncing Flask","floor":5},{"not_picked":["Doppelganger","Bouncing Flask"],"picked":"Adrenaline","floor":6},{"not_picked":["Distraction","Backstab"],"picked":"Storm of Steel","floor":10}],"player_experience":1875543,"relics_obtained":[{"floor":6,"key":"Anchor"},{"floor":9,"key":"Bottled Tornado"},{"floor":10,"key":"Darkstone Periapt"}],"event_choices":[{"damage_healed":0,"gold_gain":0,"player_choice":"Leave","damage_taken":0,"max_hp_gain":0,"max_hp_loss":0,"event_name":"The Cleric","floor":4,"gold_loss":0},{"damage_healed":0,"gold_gain":0,"player_choice":"Entered Light","damage_taken":20,"max_hp_gain":0,"max_hp_loss":0,"event_name":"Shining Light","floor":7,"gold_loss":0,"cards_upgraded":["Strike_G","Well Laid Plans"]},{"damage_healed":0,"gold_gain":75,"player_choice":"Gather Gold","damage_taken":11,"max_hp_gain":0,"max_hp_loss":0,"event_name":"World of Goop","floor":12,"gold_loss":0}],"is_beta":false,"boss_relics":[],"items_purged_floors":[],"is_endless":false,"potions_floor_spawned":[5],"killed_by":"Gremlin Nob","ascension_level":20}}