{"host":"y89x8uui45kcjy42","time":1607849833,"event":{"mods":["2.2 Compatiblity","BaseMod","Colored Map","Colored Powertips","Friendly Minions","Highlight Path","Keyboard Shortcuts","Minty Spire (QoL Compilation)","StSLib","SuperFastMode","The Bug Knight","Waifu the Spire"],"gold_per_floor":[110,185,58,83,99,128,128,128,128,163,207,207,201,201,201,292,292,307,307,43,43,93,131,175,52,79,120,120,245,195,231,231,325,325,349,202,67,128,220,256,290,328,351,394,394,394,727,757,757,757,757,757,603,628,628],"floor_reached":56,"playtime":2042,"items_purged":["HollowMod:NailStrikeStart","HollowMod:QuickDashStart","HollowMod:NailStrikeStart","HollowMod:NailStrikeStart","HollowMod:QuickDashStart","HollowMod:NailStrikeStart","HollowMod:QuickDashStart+1","HollowMod:CycloneSlash+1"],"score":2853,"play_id":"52d6f09e-ea4d-412b-9451-8f823daa0423","local_time":"20201213175713","is_ascension_mode":true,"campfire_choices":[{"data":"HollowMod:PogoStrike","floor":7,"key":"SMITH"},{"data":"HollowMod:FocusHealStart","floor":15,"key":"SMITH"},{"floor":28,"key":"RECALL"},{"data":"HollowMod:QuickDashStart","floor":32,"key":"SMITH"}],"circlet_count":0,"master_deck":["HollowMod:FocusHealStart+1","HollowMod:PogoStrike+1","HollowMod:ShadowDash+1","HollowMod:SoulMaster+1","HollowMod:CloakDash+1","HollowMod:SharpenedShadows+1","HollowMod:DescendingDark+1","HollowMod:PerfectDash+1","HollowMod:Weaversong+1","HollowMod:BlackTendrils+1","HollowMod:WraithStrike+1","HollowMod:PerfectDash+1","HollowMod:VengefulVoid+1","HollowMod:CloakDash+1","HollowMod:DescendingDark+1","HollowMod:SoulMaster+1","HollowMod:HuntersJournal+1","HollowMod:PerfectDash+1","HollowMod:DescendingDark+1","HollowMod:CloakDash+1","HollowMod:PerfectDash+1","HollowMod:PerfectDash+1","HollowMod:ShadowDash+1"],"relics":["Membership Card","Coffee Dripper","Black Blood","Ring of the Serpent","Toxic Egg 2","Molten Egg 2","Frozen Egg 2","Smiling Mask","Nloth\u0027s Gift","Blood Vial","Potion Belt","Juzu Bracelet","Magic Flower","Question Card","Boot","Bird Faced Urn","HandDrill","HollowMod:VoidIdolRelic","Cursed Key","Mercury Hourglass","PreservedInsect","Anchor","White Beast Statue","Orrery","Strawberry","Vajra","Turnip","HollowMod:LumaflyLanternRelic","Dream Catcher","SlaversCollar","Sling","HollowMod:JonisBlessing","StoneCalendar","Oddly Smooth Stone","DollysMirror","Ancient Tea Set","Kunai","Nunchaku","HollowMod:KingsBrand","Omamori","Art of War","WingedGreaves","Pen Nib","HollowMod:PaleOreRelic","Lee\u0027s Waffle","Mummified Hand"],"acts_visited":["Exordium","TheCity","TheBeyond","TheEnding"],"potions_floor_usage":[6,6,10,16,16,21,27,55,55,55],"damage_taken":[{"damage":0,"enemies":"Jaw Worm","floor":1,"turns":3},{"damage":7,"enemies":"Small Slimes","floor":5,"turns":3},{"damage":18,"enemies":"Gremlin Nob","floor":6,"turns":3},{"damage":20,"enemies":"3 Sentries","floor":10,"turns":5},{"damage":21,"enemies":"Gremlin Nob","floor":11,"turns":3},{"damage":34,"enemies":"The Guardian","floor":16,"turns":7},{"damage":0,"enemies":"Spheric Guardian","floor":18,"turns":3},{"damage":21,"enemies":"HollowMod:Nosk","floor":23,"turns":3},{"damage":22,"enemies":"Book of Stabbing","floor":24,"turns":3},{"damage":0,"enemies":"Slavers","floor":27,"turns":2},{"damage":12,"enemies":"Colosseum Slavers","floor":29,"turns":2},{"damage":0,"enemies":"Colosseum Nobs","floor":29,"turns":2},{"damage":0,"enemies":"Gremlin Leader","floor":31,"turns":3},{"damage":20,"enemies":"Collector","floor":33,"turns":4},{"damage":20,"enemies":"Orb Walker","floor":35,"turns":3},{"damage":0,"enemies":"2 Orb Walkers","floor":38,"turns":3},{"damage":0,"enemies":"HollowMod:StalkingDevout","floor":40,"turns":3},{"damage":0,"enemies":"Reptomancer","floor":41,"turns":2},{"damage":0,"enemies":"Giant Head","floor":42,"turns":3},{"damage":0,"enemies":"Reptomancer","floor":44,"turns":3},{"damage":0,"enemies":"Giant Head","floor":48,"turns":3},{"damage":0,"enemies":"Awakened One","floor":50,"turns":6},{"damage":0,"enemies":"Shield and Spear","floor":54,"turns":3},{"damage":0,"enemies":"The Heart","floor":55,"turns":6}],"seed_played":"-9184117777050894208","potions_obtained":[{"floor":5,"key":"SkillPotion"},{"floor":10,"key":"SteroidPotion"},{"floor":11,"key":"BlessingOfTheForge"},{"floor":21,"key":"Dexterity Potion"},{"floor":21,"key":"Explosive Potion"},{"floor":27,"key":"FairyPotion"},{"floor":35,"key":"Dexterity Potion"}],"is_trial":false,"path_per_floor":["M","?","$","$","M","E","R","?","T","E","E","T","$","?","R","B",null,"M","?","$","?","?","E","E","$","T","E","R","?","$","E","R","B",null,"M","$","$","?","$","E","E","E","T","E","?","?","?","E","R","B",null,"R","$","E","B",null],"character_chosen":"THE_BUGKNIGHT","items_purchased":["HollowMod:SoulMaster+1","Blood Vial","Potion Belt","HollowMod:CloakDash+1","PowerPotion","Block Potion","Bird Faced Urn","Regen Potion","HandDrill","PreservedInsect","HollowMod:WraithStrike+1","Fruit Juice","Regen Potion","Block Potion","Orrery","Sling","Dexterity Potion","HollowMod:JonisBlessing","HollowMod:PerfectDash+1","HollowMod:HuntersJournal+1","Oddly Smooth Stone","DollysMirror","HollowMod:PaleOreRelic","Lee\u0027s Waffle"],"campfire_rested":0,"item_purchase_floors":[3,4,4,4,4,4,13,13,13,20,20,20,20,20,25,36,36,37,37,37,39,39,53,53],"current_hp_per_floor":[75,64,64,64,75,69,69,43,43,49,49,49,49,42,42,67,73,75,75,75,80,80,80,80,80,87,87,87,87,87,87,87,87,87,87,87,87,87,87,87,87,87,87,87,83,83,83,83,83,83,83,83,90,90,90],"gold":628,"neow_bonus":"THREE_CARDS","is_daily":false,"chose_seed":false,"campfire_upgraded":3,"win_rate":0.0,"timestamp":1607849833,"path_taken":["M","?","$","$","M","E","R","?","T","E","E","?","$","?","R","BOSS","M","?","$","?","?","E","E","$","T","E","R","?","$","E","R","BOSS","M","$","$","?","$","E","E","E","T","E","?","?","?","E","R","BOSS","R","$","E","BOSS"],"items_purchased_type":["Card","Relic","Relic","Card","Potion","Potion","Relic","Potion","Relic","Relic","Card","Potion","Potion","Potion","Relic","Relic","Potion","Relic","Card","Card","Relic","Relic","Relic","Relic"],"build_version":"2020-11-30","purchased_purges":8,"victory":true,"max_hp_per_floor":[75,75,75,75,75,75,75,75,75,75,75,75,75,75,75,75,75,75,75,75,80,80,80,80,80,87,87,87,87,87,87,87,87,87,87,87,87,87,87,87,87,87,87,87,83,83,83,83,83,83,83,83,90,90,90],"card_choices":[{"not_picked":["HollowMod:SharpenedShadows","HollowMod:ChannelNail"],"picked":"HollowMod:ShadowDash","floor":0},{"not_picked":["HollowMod:InfectedCysts+1","HollowMod:DashSlash+1"],"picked":"HollowMod:CycloneSlash+1","floor":1},{"not_picked":["HollowMod:GoodIntentions+1","HollowMod:DoubleDash+1"],"picked":"HollowMod:SharpenedShadows+1","floor":5},{"not_picked":["HollowMod:SharpenedNail+1","HollowMod:QuirrelsAssistance+1","HollowMod:SoulEater+1"],"picked":"SKIP","floor":6},{"not_picked":["HollowMod:MonomonsArchive+1","HollowMod:MothsMistake+1"],"picked":"HollowMod:DescendingDark+1","floor":10},{"not_picked":["HollowMod:MothsMistake+1","HollowMod:MawleksShell+1","HollowMod:NewJinnsSoul+1"],"picked":"HollowMod:PerfectDash+1","floor":11},{"not_picked":["HollowMod:ZotesMagnificence+1","HollowMod:ElderbugsWisdom+1","HollowMod:HerrahsAnger+1"],"picked":"HollowMod:Weaversong+1","floor":16},{"not_picked":["HollowMod:ShadowDash+1","HollowMod:SiblingsSouls+1","HollowMod:HeavyBlow+1"],"picked":"HollowMod:BlackTendrils+1","floor":18},{"not_picked":["HollowMod:PaleKingsBlessing+1","HollowMod:ElderbugsWisdom+1","HollowMod:InfectedAttack+1","HollowMod:MonarchWings+1"],"picked":"SKIP","floor":23},{"not_picked":["HollowMod:DesolateDive+1","HollowMod:SiblingsSouls+1","HollowMod:FastStrike+1","HollowMod:RadiancesLament+1"],"picked":"SKIP","floor":24},{"not_picked":["HollowMod:HowlingWraiths+1","HollowMod:MantisMark+1","HollowMod:GoodIntentions+1"],"picked":"HollowMod:PerfectDash+1","floor":25},{"not_picked":["HollowMod:LuriensSpire+1","HollowMod:PureVessel+1","HollowMod:TaintedHusks+1"],"picked":"HollowMod:VengefulVoid+1","floor":25},{"not_picked":["HollowMod:SiblingsSouls+1","HollowMod:ShadowDash+1","HollowMod:NewInfectedGuardian+1"],"picked":"HollowMod:CloakDash+1","floor":25},{"not_picked":["HollowMod:ZotesMagnificence+1","HollowMod:BrokenVessel+1","HollowMod:HuntersJournal+1"],"picked":"HollowMod:DescendingDark+1","floor":25},{"not_picked":["HollowMod:SoulVessel+1","HollowMod:LifebloodCocoon+1","HollowMod:ElderbugsWisdom+1"],"picked":"HollowMod:SoulMaster+1","floor":27},{"not_picked":["HollowMod:InfectedCysts+1","HollowMod:DashSlash+1","HollowMod:SharpenedNail+1","HollowMod:SoulShaman+1"],"picked":"SKIP","floor":31},{"not_picked":["HollowMod:ShadowDash+1","HollowMod:HeavyBlow+1","HollowMod:SoulStrike+1"],"picked":"HollowMod:HuntersJournal+1","floor":35},{"not_picked":["HollowMod:FallenFury+1","HollowMod:PureNailStrike+1","HollowMod:CloakDash+1","HollowMod:HerrahsAnger+1"],"picked":"SKIP","floor":40},{"not_picked":["HollowMod:FallenFury+1","HollowMod:PureNailStrike+1","HollowMod:HerrahsAnger+1"],"picked":"HollowMod:CloakDash+1","floor":40},{"not_picked":["HollowMod:HeavyBlow+1","HollowMod:AwokenDreamNail+1","HollowMod:SoulSplash+1"],"picked":"HollowMod:PerfectDash+1","floor":41},{"not_picked":["HollowMod:BaldurShell+1","HollowMod:MonarchWings+1","HollowMod:HowlingWraiths+1","HollowMod:NewLittleFool+1"],"picked":"SKIP","floor":42},{"not_picked":["HollowMod:MantisMark+1","HollowMod:CoiledNail+1","HollowMod:LuriensSpire+1","HollowMod:HowlingWraiths+1"],"picked":"SKIP","floor":44},{"not_picked":["HollowMod:GrimmsGift+1","HollowMod:DungDefenderAura+1","HollowMod:InfectedCysts+1"],"picked":"HollowMod:PerfectDash+1","floor":48},{"not_picked":["HollowMod:MothsMistake+1","HollowMod:SoulEater+1","HollowMod:GoodIntentions+1"],"picked":"HollowMod:ShadowDash+1","floor":54}],"player_experience":523666,"relics_obtained":[{"floor":6,"key":"Juzu Bracelet"},{"floor":10,"key":"Question Card"},{"floor":11,"key":"Boot"},{"floor":12,"key":"Frozen Egg 2"},{"floor":23,"key":"Anchor"},{"floor":24,"key":"White Beast Statue"},{"floor":26,"key":"Strawberry"},{"floor":27,"key":"Vajra"},{"floor":29,"key":"Turnip"},{"floor":29,"key":"HollowMod:LumaflyLanternRelic"},{"floor":31,"key":"Dream Catcher"},{"floor":38,"key":"StoneCalendar"},{"floor":40,"key":"Ancient Tea Set"},{"floor":41,"key":"Kunai"},{"floor":42,"key":"Nunchaku"},{"floor":43,"key":"HollowMod:KingsBrand"},{"floor":44,"key":"Art of War"},{"floor":48,"key":"Pen Nib"},{"floor":54,"key":"Mummified Hand"}],"event_choices":[{"damage_healed":0,"gold_gain":75,"player_choice":"Gather Gold","damage_taken":11,"max_hp_gain":0,"max_hp_loss":0,"event_name":"World of Goop","floor":2,"gold_loss":0},{"damage_healed":0,"gold_gain":0,"player_choice":"Take Damage","damage_taken":26,"relics_obtained":["Golden Idol"],"max_hp_gain":0,"max_hp_loss":0,"event_name":"Golden Idol","floor":8,"gold_loss":0},{"cards_removed":["HollowMod:QuickDashStart"],"damage_healed":0,"gold_gain":0,"player_choice":"Card Removal","damage_taken":7,"max_hp_gain":0,"max_hp_loss":0,"event_name":"Golden Wing","floor":14,"gold_loss":0},{"damage_healed":0,"gold_gain":0,"player_choice":"Gave Potion","damage_taken":0,"relics_obtained":["Mercury Hourglass"],"max_hp_gain":0,"max_hp_loss":0,"event_name":"WeMeetAgain","floor":19,"gold_loss":0},{"damage_healed":0,"gold_gain":0,"player_choice":"Got Potions","damage_taken":0,"max_hp_gain":0,"max_hp_loss":0,"event_name":"Lab","floor":21,"gold_loss":0},{"damage_healed":0,"gold_gain":50,"player_choice":"Stole From Cult","damage_taken":0,"max_hp_gain":0,"max_hp_loss":0,"event_name":"Nest","floor":22,"gold_loss":0},{"damage_healed":0,"gold_gain":0,"player_choice":"Fight","damage_taken":0,"max_hp_gain":0,"max_hp_loss":0,"event_name":"Colosseum","floor":29,"gold_loss":0},{"damage_healed":0,"gold_gain":0,"player_choice":"Fought Nobs","damage_taken":0,"max_hp_gain":0,"max_hp_loss":0,"event_name":"Colosseum","floor":29,"gold_loss":0},{"damage_healed":0,"gold_gain":0,"player_choice":"Fight","damage_taken":0,"max_hp_gain":0,"max_hp_loss":0,"event_name":"Mysterious Sphere","floor":38,"gold_loss":0},{"damage_healed":0,"gold_gain":0,"player_choice":"Max HP","damage_taken":0,"max_hp_gain":0,"max_hp_loss":4,"event_name":"Winding Halls","floor":45,"gold_loss":0},{"cards_removed":["HollowMod:HuntersJournal"],"damage_healed":0,"gold_gain":0,"player_choice":"Removed Skill","damage_taken":0,"max_hp_gain":0,"max_hp_loss":0,"event_name":"Falling","floor":46,"gold_loss":0},{"damage_healed":0,"gold_gain":333,"player_choice":"Gave Idol","damage_taken":0,"max_hp_gain":0,"max_hp_loss":0,"event_name":"The Moai Head","floor":47,"relics_lost":["Golden Idol"],"gold_loss":0}],"is_beta":false,"boss_relics":[{"not_picked":["Fusion Hammer","Pandora\u0027s Box"],"picked":"Cursed Key"},{"not_picked":["Tiny House","Velvet Choker"],"picked":"SlaversCollar"}],"items_purged_floors":[3,4,13,20,25,30,36,39],"is_endless":false,"potions_floor_spawned":[5,10,11,27,29,29,31,33,35,38,40,41,42,44,48,54],"ascension_level":15}}