{"host":"kh6fvhxn285ncg0o","time":1607851958,"event":{"mods":["Act Like it!","BaseMod","Colored Map","Friendly Minions","Keyboard Shortcuts","Minty Spire (QoL Compilation)","Quick Restart","Relic Stats","StSLib","SuperFastMode"],"gold_per_floor":[134,191,191,221,49,118,118,172,172,172,222,258,258,327,327,402,402,422,433,433,433,433,517,25,52,121,121,21,35,35,91,91,191,191,259,303,372,372,383,433,433,485,510,510,564,71,71,91,91,91,91,91,91,41,68,68,68],"floor_reached":56,"playtime":2028,"items_purged":["Bite","Bash","Bite","Immolate+1"],"score":2497,"play_id":"4811b9c5-f6a7-4fa3-9a32-7d612a143bb3","local_time":"20201213183238","is_ascension_mode":true,"campfire_choices":[{"floor":10.0,"key":"REST"},{"data":"HandOfGreed","floor":13.0,"key":"SMITH"},{"data":"Immolate","floor":15.0,"key":"SMITH"},{"data":"Power Through","floor":27.0,"key":"SMITH"},{"data":"Armaments","floor":30.0,"key":"SMITH"},{"data":"Feel No Pain","floor":32.0,"key":"SMITH"},{"floor":41.0,"key":"RECALL"},{"data":"Entrench","floor":49.0,"key":"SMITH"},{"data":"Barricade","floor":53.0,"key":"SMITH"}],"circlet_count":0,"master_deck":["AscendersBane","Defend_R","Defend_R","Defend_R","Defend_R","Flame Barrier","Corruption","Headbutt","Second Wind","Shrug It Off","Entrench+1","Armaments+1","Power Through+1","Barricade+1","Feel No Pain+1","Bite","Bite+1","Bite+1","Body Slam","Seeing Red","Pommel Strike+1","Dark Shackles","Flash of Steel","Offering+1","Finesse+1","Burning Pact+1","Battle Trance+1"],"relics":["Burning Blood","Orrery","PreservedInsect","StoneCalendar","InkBottle","Smiling Mask","Runic Pyramid","Whetstone","Meat on the Bone","Pen Nib","Sundial","Mercury Hourglass","Nunchaku","Sozu","Ancient Tea Set","Toxic Egg 2","Dream Catcher","Anchor","Champion Belt"],"acts_visited":["Exordium","TheCity","TheBeyond","TheEnding"],"potions_floor_usage":[56],"damage_taken":[{"damage":7.0,"enemies":"Cultist","floor":1.0,"turns":4.0},{"damage":11.0,"enemies":"2 Louse","floor":2.0,"turns":4.0},{"damage":9.0,"enemies":"Jaw Worm","floor":4.0,"turns":4.0},{"damage":54.0,"enemies":"3 Sentries","floor":6.0,"turns":15.0},{"damage":8.0,"enemies":"Gremlin Nob","floor":8.0,"turns":3.0},{"damage":0.0,"enemies":"Lagavulin","floor":11.0,"turns":7.0},{"damage":2.0,"enemies":"Exordium Wildlife","floor":12.0,"turns":7.0},{"damage":8.0,"enemies":"Large Slime","floor":14.0,"turns":5.0},{"damage":9.0,"enemies":"Slime Boss","floor":16.0,"turns":7.0},{"damage":36.0,"enemies":"Shell Parasite","floor":18.0,"turns":7.0},{"damage":0.0,"enemies":"Chosen","floor":19.0,"turns":7.0},{"damage":47.0,"enemies":"Slavers","floor":23.0,"turns":6.0},{"damage":20.0,"enemies":"Book of Stabbing","floor":25.0,"turns":7.0},{"damage":0.0,"enemies":"3 Cultists","floor":29.0,"turns":3.0},{"damage":3.0,"enemies":"Gremlin Leader","floor":31.0,"turns":6.0},{"damage":0.0,"enemies":"Automaton","floor":33.0,"turns":13.0},{"damage":3.0,"enemies":"3 Shapes","floor":35.0,"turns":6.0},{"damage":16.0,"enemies":"Orb Walker","floor":36.0,"turns":5.0},{"damage":4.0,"enemies":"Jaw Worm Horde","floor":37.0,"turns":6.0},{"damage":33.0,"enemies":"Transient","floor":39.0,"turns":6.0},{"damage":0.0,"enemies":"Nemesis","floor":40.0,"turns":5.0},{"damage":0.0,"enemies":"Giant Head","floor":42.0,"turns":7.0},{"damage":0.0,"enemies":"Reptomancer","floor":45.0,"turns":6.0},{"damage":6.0,"enemies":"3 Darklings","floor":48.0,"turns":6.0},{"damage":0.0,"enemies":"Time Eater","floor":50.0,"turns":6.0},{"damage":23.0,"enemies":"Awakened One","floor":51.0,"turns":7.0},{"damage":33.0,"enemies":"Shield and Spear","floor":55.0,"turns":6.0},{"damage":53,"enemies":"The Heart","floor":56,"turns":5}],"seed_played":"2220829903858503539","potions_obtained":[{"floor":2.0,"key":"Ancient Potion"},{"floor":4.0,"key":"CultistPotion"},{"floor":8.0,"key":"SpeedPotion"},{"floor":14.0,"key":"BloodPotion"},{"floor":18.0,"key":"Dexterity Potion"},{"floor":29.0,"key":"CultistPotion"}],"is_trial":false,"path_per_floor":["M","M","?","M","$","E","?","E","T","R","E","M","R","M","R","B",null,"M","M","?","?","?","E","$","E","T","R","$","M","R","E","R","B",null,"M","M","M","?","M","E","R","E","T","?","E","$","?","M","R","B","B",null,"R","$","E","B"],"character_chosen":"IRONCLAD","items_purchased":["Orrery","Meat on the Bone","Pen Nib","Body Slam","Finesse+1","Anchor","Burning Pact+1","Battle Trance+1"],"campfire_rested":1,"item_purchase_floors":[5,24,24,28,46,46,46,46],"current_hp_per_floor":[67,62,62,59,59,11,11,9,9,29,35,39,39,37,37,34,60,43,49,47,47,47,14,14,27,27,27,27,33,33,43,43,47,47,47,45,47,37,32,47,47,47,47,47,47,47,47,47,47,47,47,47,47,47,47,0,0],"gold":68,"neow_bonus":"RANDOM_COLORLESS_2","is_daily":false,"chose_seed":false,"campfire_upgraded":7,"win_rate":0.0,"timestamp":1607851958,"path_taken":["M","M","?","?","$","E","?","E","T","R","E","M","R","M","R","BOSS","M","M","?","?","?","E","$","E","T","R","$","M","R","E","R","BOSS","M","M","M","?","M","E","R","E","T","?","E","$","?","M","R","BOSS","BOSS","R","$","E","BOSS"],"items_purchased_type":["Relic","Relic","Relic","Card","Card","Relic","Card","Card"],"build_version":"2020-11-30","purchased_purges":4,"victory":false,"max_hp_per_floor":[68,68,68,68,68,68,68,68,68,68,68,68,68,68,68,68,68,68,68,47,47,47,47,47,47,47,47,47,47,47,47,47,47,47,47,47,47,47,47,47,47,47,47,47,47,47,47,47,47,47,47,47,47,47,47,47,47],"relic_stats":{"counters":[28,176],"StoneCalendar":[213],"PreservedInsect":504,"Pen Nib":[17],"Whetstone":["Bite","Bite"],"Smiling Mask":250,"Burning Blood":118,"Mercury Hourglass":[381],"Sozu":2,"Nunchaku":[15],"Dream Catcher":0,"Sundial":[28],"Champion Belt":[0],"obtain_stats":[{"StoneCalendar":8,"PreservedInsect":6,"Pen Nib":24,"Whetstone":23,"Smiling Mask":11,"Ancient Tea Set":40,"Burning Blood":0,"Mercury Hourglass":26,"Sozu":34,"Nunchaku":31,"Dream Catcher":45,"Anchor":46,"Sundial":25,"Orrery":5,"Champion Belt":55,"Toxic Egg 2":42,"InkBottle":9,"Runic Pyramid":17,"Meat on the Bone":24},{"StoneCalendar":5,"PreservedInsect":4,"Pen Nib":12,"Whetstone":12,"Smiling Mask":6,"Ancient Tea Set":21,"Burning Blood":0,"Mercury Hourglass":13,"Sozu":16,"Nunchaku":15,"Dream Catcher":23,"Anchor":23,"Sundial":13,"Orrery":3,"Champion Belt":27,"Toxic Egg 2":22,"InkBottle":5,"Runic Pyramid":9,"Meat on the Bone":12},{"StoneCalendar":30,"PreservedInsect":27,"Pen Nib":76,"Whetstone":76,"Smiling Mask":37,"Ancient Tea Set":133,"Burning Blood":0,"Mercury Hourglass":83,"Sozu":105,"Nunchaku":92,"Dream Catcher":146,"Anchor":146,"Sundial":83,"Orrery":12,"Champion Belt":171,"Toxic Egg 2":140,"InkBottle":30,"Runic Pyramid":56,"Meat on the Bone":76}],"InkBottle":[48],"Meat on the Bone":12},"card_choices":[{"not_picked":["Panache","Thinking Ahead"],"picked":"HandOfGreed","floor":0.0},{"not_picked":["Armaments","Sentinel"],"picked":"Flame Barrier","floor":1.0},{"not_picked":["Iron Wave","Clothesline","Pummel"],"picked":"SKIP","floor":2.0},{"not_picked":["Sentinel","Bloodletting","Clothesline"],"picked":"SKIP","floor":4.0},{"not_picked":["Sword Boomerang","Whirlwind"],"picked":"Second Wind","floor":5.0},{"not_picked":["Headbutt","Dropkick"],"picked":"Shrug It Off","floor":5.0},{"not_picked":["Pommel Strike","Twin Strike"],"picked":"Entrench","floor":5.0},{"not_picked":["Wild Strike","Body Slam"],"picked":"Armaments","floor":5.0},{"not_picked":["Second Wind","Thunderclap","Pommel Strike"],"picked":"SKIP","floor":6.0},{"not_picked":["Shrug It Off","Wild Strike"],"picked":"Power Through","floor":8.0},{"not_picked":["Iron Wave","Dropkick"],"picked":"Immolate","floor":11.0},{"not_picked":["Wild Strike","Clothesline","Sword Boomerang"],"picked":"SKIP","floor":12.0},{"not_picked":["Wild Strike","Perfected Strike","Headbutt"],"picked":"SKIP","floor":14.0},{"not_picked":["Brutality","Limit Break"],"picked":"Barricade","floor":16.0},{"not_picked":["Rage","Headbutt+1"],"picked":"Feel No Pain","floor":18.0},{"not_picked":["True Grit","Armaments","Havoc+1"],"picked":"SKIP","floor":19.0},{"not_picked":["Flex","Twin Strike","Pommel Strike"],"picked":"SKIP","floor":23.0},{"not_picked":["Hemokinesis","Exhume","Dropkick"],"picked":"SKIP","floor":25.0},{"not_picked":["Metallicize","Warcry"],"picked":"Seeing Red","floor":29.0},{"not_picked":["Searing Blow","Headbutt","Flex"],"picked":"SKIP","floor":31.0},{"not_picked":["Iron Wave","Havoc","Rupture"],"picked":"SKIP","floor":35.0},{"not_picked":["Warcry","Havoc","Whirlwind+1"],"picked":"SKIP","floor":36.0},{"not_picked":["Headbutt","Flex"],"picked":"Pommel Strike+1","floor":37.0},{"not_picked":["Forethought","Swift Strike"],"picked":"Dark Shackles","floor":38.0},{"not_picked":["Finesse","PanicButton"],"picked":"Flash of Steel","floor":38.0},{"not_picked":["Warcry","True Grit","Cleave"],"picked":"SKIP","floor":39.0},{"not_picked":["Anger","Intimidate","Inflame"],"picked":"SKIP","floor":40.0},{"not_picked":["Perfected Strike","Power Through+1","Anger"],"picked":"SKIP","floor":42.0},{"not_picked":["Rupture+1","Clash"],"picked":"Offering+1","floor":45.0},{"not_picked":["Sword Boomerang","Entrench+1","True Grit+1"],"picked":"SKIP","floor":48.0},{"not_picked":["Body Slam","Power Through+1","Clothesline+1"],"picked":"SKIP","floor":55.0}],"player_experience":3145277,"relics_obtained":[{"floor":6.0,"key":"PreservedInsect"},{"floor":8.0,"key":"StoneCalendar"},{"floor":9.0,"key":"InkBottle"},{"floor":11.0,"key":"Smiling Mask"},{"floor":23.0,"key":"Whetstone"},{"floor":25.0,"key":"Sundial"},{"floor":26.0,"key":"Mercury Hourglass"},{"floor":31.0,"key":"Nunchaku"},{"floor":40.0,"key":"Ancient Tea Set"},{"floor":42.0,"key":"Toxic Egg 2"},{"floor":45.0,"key":"Dream Catcher"},{"floor":55.0,"key":"Champion Belt"}],"event_choices":[{"damage_healed":0.0,"max_hp_gain":0.0,"max_hp_loss":0.0,"gold_gain":0.0,"event_name":"Match and Keep!","player_choice":"2 cards matched","floor":3.0,"gold_loss":0.0,"damage_taken":0.0,"cards_obtained":["Corruption","Headbutt"]},{"damage_healed":0.0,"max_hp_gain":0.0,"max_hp_loss":0.0,"gold_gain":0.0,"event_name":"Scrap Ooze","player_choice":"Fled","floor":7.0,"gold_loss":0.0,"damage_taken":0.0},{"damage_healed":0.0,"max_hp_gain":0.0,"max_hp_loss":21.0,"gold_gain":0.0,"event_name":"Vampires","player_choice":"Became a vampire","floor":20.0,"gold_loss":0.0,"damage_taken":0.0,"cards_obtained":["Bite","Bite","Bite","Bite","Bite"]},{"damage_healed":0.0,"max_hp_gain":0.0,"max_hp_loss":0.0,"gold_gain":0.0,"event_name":"The Mausoleum","player_choice":"Ignored","floor":21.0,"gold_loss":0.0,"damage_taken":0.0},{"damage_healed":0.0,"max_hp_gain":0.0,"max_hp_loss":0.0,"gold_gain":0.0,"event_name":"Ghosts","player_choice":"Ignored","floor":22.0,"gold_loss":0.0,"damage_taken":0.0},{"damage_healed":0.0,"max_hp_gain":0.0,"max_hp_loss":0.0,"gold_gain":0.0,"event_name":"SensoryStone","player_choice":"Memory 3","floor":38.0,"gold_loss":0.0,"damage_taken":10.0},{"damage_healed":0.0,"max_hp_gain":0.0,"max_hp_loss":0.0,"gold_gain":0.0,"event_name":"Tomb of Lord Red Mask","player_choice":"Ignored","floor":44.0,"gold_loss":0.0,"damage_taken":0.0},{"cards_removed":["HandOfGreed"],"damage_healed":0.0,"max_hp_gain":0.0,"max_hp_loss":0.0,"gold_gain":0.0,"event_name":"Falling","player_choice":"Removed Attack","floor":47.0,"gold_loss":0.0,"damage_taken":0.0}],"is_beta":false,"boss_relics":[{"not_picked":["SlaversCollar","Coffee Dripper"],"picked":"Runic Pyramid"},{"not_picked":["Philosopher\u0027s Stone","Pandora\u0027s Box"],"picked":"Sozu"}],"items_purged_floors":[24,28,46,54],"is_endless":false,"potions_floor_spawned":[2,4,8,14,18,29,39,40],"killed_by":"The Heart","ascension_level":20}}