{"host":"jksa5rawk3m4gilz","time":1607877261,"event":{"mods":["BaseMod","Colored Map","Highlight Path","Minty Spire (QoL Compilation)","Quick Restart"],"gold_per_floor":[18,37,52,52,52,52,79,79,79,79,79,79,79,79],"floor_reached":13,"playtime":297,"items_purged":[],"score":126,"play_id":"38c3a827-374d-440c-a854-903567213133","local_time":"20201213173421","is_ascension_mode":true,"campfire_choices":[{"data":"FollowUp","floor":6,"key":"SMITH"},{"floor":8,"key":"REST"},{"floor":12,"key":"REST"}],"circlet_count":0,"master_deck":["AscendersBane","Strike_P","Strike_P","Strike_P","Defend_P","Defend_P","Defend_P","Eruption+1","Vigilance","FollowUp+1","ClearTheMind","MasterReality","LessonLearned"],"relics":["PureWater","Thread and Needle","Calipers"],"acts_visited":["Exordium"],"potions_floor_usage":[],"damage_taken":[{"damage":3,"enemies":"2 Louse","floor":1,"turns":5},{"damage":2,"enemies":"Small Slimes","floor":2,"turns":4},{"damage":0,"enemies":"Cultist","floor":3,"turns":2},{"damage":37,"enemies":"3 Sentries","floor":7,"turns":6},{"damage":71,"enemies":"Gremlin Nob","floor":13,"turns":4}],"seed_played":"240221551341040849","potions_obtained":[],"is_trial":false,"path_per_floor":["M","M","M","?","?","R","E","R","T","$","?","R","E"],"character_chosen":"WATCHER","items_purchased":[],"campfire_rested":2,"item_purchase_floors":[],"current_hp_per_floor":[62,60,60,60,60,60,23,44,44,44,44,65,0,0],"gold":79,"neow_bonus":"REMOVE_TWO","is_daily":false,"chose_seed":false,"campfire_upgraded":1,"win_rate":0.0,"timestamp":1607877261,"path_taken":["M","M","M","?","?","R","E","R","T","$","?","R","E"],"items_purchased_type":[],"build_version":"2020-11-30","purchased_purges":0,"victory":false,"max_hp_per_floor":[72,72,72,72,72,72,72,72,72,72,72,72,72,72],"card_choices":[{"not_picked":["JustLucky","ThirdEye"],"picked":"FollowUp","floor":1},{"not_picked":["CarveReality","Protect","ThirdEye"],"picked":"SKIP","floor":2},{"not_picked":["LikeWater","ThirdEye"],"picked":"ClearTheMind","floor":3},{"not_picked":["EmptyFist","EmptyBody"],"picked":"MasterReality","floor":7}],"player_experience":2029981,"relics_obtained":[{"floor":7,"key":"Thread and Needle"},{"floor":9,"key":"Calipers"}],"event_choices":[{"damage_healed":0,"gold_gain":0,"player_choice":"Ignored","damage_taken":0,"max_hp_gain":0,"max_hp_loss":0,"event_name":"Liars Game","floor":4,"gold_loss":0},{"damage_healed":0,"gold_gain":0,"player_choice":"Grow","damage_taken":0,"max_hp_gain":0,"max_hp_loss":0,"event_name":"Living Wall","floor":5,"gold_loss":0,"cards_upgraded":["Eruption"]},{"damage_healed":0,"gold_gain":0,"player_choice":"1 cards matched","damage_taken":0,"max_hp_gain":0,"max_hp_loss":0,"event_name":"Match and Keep!","floor":11,"gold_loss":0,"cards_obtained":["LessonLearned"]}],"is_beta":false,"boss_relics":[],"items_purged_floors":[],"is_endless":false,"potions_floor_spawned":[],"killed_by":"Gremlin Nob","ascension_level":11}}