{"host":"mkv3lj8gfkr85ioo","time":1607832859,"event":{"mods":["AchievementEnabler","BaseMod","Colored Map","Minty Spire (QoL Compilation)","SuperFastMode"],"gold_per_floor":[112,162,87,67,81,108,108,127,207,207,207,207,242,252,252,326,326,340,151,201,216,131,131,131],"floor_reached":23,"playtime":482,"items_purged":["Strike_R","Demon Form"],"score":422,"play_id":"1fd1170a-6107-4619-9a2b-6961378e5d74","local_time":"20201213131419","is_ascension_mode":true,"campfire_choices":[{"data":"Bash","floor":7.0,"key":"SMITH"},{"data":"Flame Barrier","floor":10.0,"key":"SMITH"},{"data":"Wild Strike","floor":12.0,"key":"SMITH"},{"data":"Fire Breathing","floor":15.0,"key":"SMITH"}],"circlet_count":0,"master_deck":["AscendersBane","Strike_R","Strike_R","Defend_R","Defend_R","Bash+1","Flame Barrier+1","Wild Strike+1","Fire Breathing+1","Shrug It Off","Barricade","Flame Barrier+1","Perfected Strike+1","Cleave+1","Power Through","Shrug It Off"],"relics":["Burning Blood","NeowsBlessing","Oddly Smooth Stone","Question Card","Bag of Preparation","Astrolabe","Ancient Tea Set"],"acts_visited":["Exordium","TheCity"],"potions_floor_usage":[23],"damage_taken":[{"damage":0.0,"enemies":"Jaw Worm","floor":1.0,"turns":1.0},{"damage":0.0,"enemies":"Cultist","floor":5.0,"turns":1.0},{"damage":0.0,"enemies":"3 Sentries","floor":6.0,"turns":2.0},{"damage":3.0,"enemies":"Small Slimes","floor":8.0,"turns":5.0},{"damage":6.0,"enemies":"Lagavulin","floor":13.0,"turns":7.0},{"damage":20.0,"enemies":"Exordium Thugs","floor":14.0,"turns":5.0},{"damage":30.0,"enemies":"The Guardian","floor":16.0,"turns":9.0},{"damage":4.0,"enemies":"Chosen","floor":18.0,"turns":4.0},{"damage":24.0,"enemies":"3 Byrds","floor":21.0,"turns":3.0},{"damage":50,"enemies":"Book of Stabbing","floor":23,"turns":5}],"seed_played":"-4735443041236491296","potions_obtained":[{"floor":1.0,"key":"Swift Potion"},{"floor":4.0,"key":"HeartOfIron"},{"floor":14.0,"key":"Strength Potion"},{"floor":16.0,"key":"Energy Potion"},{"floor":18.0,"key":"Regen Potion"},{"floor":21.0,"key":"AttackPotion"}],"is_trial":false,"path_per_floor":["M","?","$","?","M","E","R","M","T","R","?","R","E","M","R","B",null,"M","$","?","M","?","E"],"character_chosen":"IRONCLAD","items_purchased":["Power Through"],"campfire_rested":0,"item_purchase_floors":[19],"current_hp_per_floor":[74,67,67,67,73,75,75,75,75,75,75,75,75,61,61,37,66,68,68,68,55,55,5,5],"gold":131,"neow_bonus":"THREE_ENEMY_KILL","is_daily":false,"chose_seed":false,"campfire_upgraded":4,"win_rate":0.0,"timestamp":1607832859,"path_taken":["M","?","?","?","?","E","R","M","T","R","?","R","E","M","R","BOSS","M","$","?","M","?","E"],"items_purchased_type":["Card"],"build_version":"2020-11-30","purchased_purges":2,"victory":false,"max_hp_per_floor":[75,75,75,75,75,75,75,75,75,75,75,75,75,75,75,75,75,75,75,75,75,75,75,75],"card_choices":[{"not_picked":["Spot Weakness","Cleave","Twin Strike"],"picked":"SKIP","floor":1.0},{"not_picked":["Inflame","Twin Strike","Dark Embrace"],"picked":"SKIP","floor":5.0},{"not_picked":["Flex","Body Slam"],"picked":"Flame Barrier","floor":6.0},{"not_picked":["Headbutt","Combust"],"picked":"Wild Strike","floor":8.0},{"not_picked":["Havoc","Clash","Warcry"],"picked":"Fire Breathing","floor":13.0},{"not_picked":["Warcry","Burning Pact","Ghostly Armor"],"picked":"Shrug It Off","floor":14.0},{"not_picked":["Immolate","Juggernaut","Berserk"],"picked":"Barricade","floor":16.0},{"not_picked":["Clash","Thunderclap","Flex","Ghostly Armor+1"],"picked":"SKIP","floor":18.0},{"not_picked":["Anger","Dual Wield","Disarm"],"picked":"Shrug It Off","floor":21.0}],"player_experience":138372,"relics_obtained":[{"floor":6.0,"key":"Oddly Smooth Stone"},{"floor":9.0,"key":"Question Card"},{"floor":13.0,"key":"Bag of Preparation"}],"event_choices":[{"damage_healed":0.0,"max_hp_gain":0.0,"max_hp_loss":0.0,"gold_gain":50.0,"event_name":"FaceTrader","player_choice":"Touch","floor":2.0,"gold_loss":0.0,"damage_taken":7.0},{"damage_healed":0.0,"max_hp_gain":0.0,"max_hp_loss":0.0,"gold_gain":0.0,"event_name":"The Woman in Blue","player_choice":"Bought 1 Potion","floor":4.0,"gold_loss":0.0,"damage_taken":0.0},{"damage_healed":0.0,"max_hp_gain":0.0,"max_hp_loss":0.0,"gold_gain":0.0,"cards_transformed":["Strike_R"],"event_name":"Transmorgrifier","player_choice":"Transformed","floor":11.0,"gold_loss":0.0,"damage_taken":0.0,"cards_obtained":["Demon Form"]},{"damage_healed":0.0,"max_hp_gain":0.0,"max_hp_loss":0.0,"gold_gain":50.0,"event_name":"Nest","player_choice":"Stole From Cult","floor":20.0,"gold_loss":0.0,"damage_taken":0.0},{"damage_healed":0.0,"max_hp_gain":0.0,"max_hp_loss":0.0,"gold_gain":0.0,"event_name":"Addict","player_choice":"Obtained Relic","floor":22.0,"gold_loss":85.0,"damage_taken":0.0,"relics_obtained":["Ancient Tea Set"]}],"is_beta":false,"boss_relics":[{"not_picked":["SlaversCollar","Empty Cage"],"picked":"Astrolabe"}],"items_purged_floors":[3,19],"is_endless":false,"potions_floor_spawned":[1,14,16,18,21],"killed_by":"Book of Stabbing","ascension_level":18}}