{"host":"qiiukau3lypbs18g","time":1607857800,"event":{"mods":["Abigail Mod","BaseMod","CapriCore","Friendly Minions","HololiveMod","KOR Keyword Fix","Minty Spire (QoL Compilation)","Replay The Spire","Shop Mod","StSLib","WarShipGirlsR/??á´Ò³R mod"],"gold_per_floor":[114,114,74,74,74,93,113,142,142,155,234,234,253,263,36,55,55,153,153,168,168,180,197,217,217,232,232,232,251,6,6,34,34,34,129,129,148,162,262,137,137,168,168,182,182,182,196,196,196,20,20,20],"floor_reached":53,"playtime":2034,"items_purged":["rmod:strick","rmod:chargemoney","Hallucinations","rmod:strick"],"score":1132,"play_id":"244a700a-ea39-432e-a0c2-ce1415aa6775","local_time":"20201213201000","is_ascension_mode":true,"campfire_choices":[{"data":"rmod:ammunitionsupply","floor":9,"key":"SMITH"},{"data":"rmod:aluminumsupply","floor":12,"key":"SMITH"},{"data":"rmod:wasp","floor":17,"key":"SMITH"},{"data":"rmod:fuelsupply","floor":25,"key":"SMITH"},{"data":"rmod:maingunfire","floor":27,"key":"SMITH"},{"floor":31,"key":"REST"},{"data":"Pot Of Greed","floor":34,"key":"SMITH"},{"data":"Pot Of Greed","floor":43,"key":"SMITH"},{"data":"Pot Of Greed","floor":46,"key":"SMITH"},{"data":"rmod:fuelsupply","floor":48,"key":"SMITH"},{"floor":51,"key":"REST"}],"circlet_count":0,"master_deck":["rmod:strick","rmod:defend","rmod:defend","rmod:defend","rmod:basicallowance+1","rmod:maingunfire+1","rmod:aluminumsupply+1","rmod:overbreakdown","rmod:firesupport","rmod:ammunitionsupply+1","rmod:acesubmarine","rmod:intelligenceanalysis","rmod:maintain","rmod:unsinkable","rmod:wasp+1","rmod:supriseattacks","rmod:aggressivemary+1","rmod:garrisonisland+1","rmod:tearstotiara","rmod:fuelsupply+1","rmod:chargemoney+1","rmod:mineteam+1","rmod:aviationdawn","Pot Of Greed+1","Pot Of Greed+1","Pot Of Greed+1","rmod:timeschanged","rmod:fuelsupply+1","rmod:fuelsupply","rmod:openingtorpedo+1","rmod:diaomin","rmod:aviationdawn"],"relics":["Torii","Divine Protection","Replay:Baseball","Astrolabe","Garlic","Pet Ghost","Juzu Bracelet","Grinning Jar","rmod:mogul","Ancient Tea Set","Pear"],"acts_visited":["Exordium","TheCity","TheBeyond"],"potions_floor_usage":[14,20,35,35,38,52,52],"damage_taken":[{"damage":0,"enemies":"Jaw Worm","floor":1,"turns":4},{"damage":1,"enemies":"Small Slimes","floor":6,"turns":3},{"damage":0,"enemies":"2 Louse","floor":7,"turns":2},{"damage":7,"enemies":"Lagavulin","floor":8,"turns":7},{"damage":0,"enemies":"Looter","floor":10,"turns":2},{"damage":0,"enemies":"Large Slime","floor":13,"turns":3},{"damage":0,"enemies":"Gremlin Gang","floor":14,"turns":3},{"damage":1,"enemies":"3 Louse","floor":16,"turns":3},{"damage":19,"enemies":"Slime Boss","floor":18,"turns":5},{"damage":1,"enemies":"3 Byrds","floor":20,"turns":4},{"damage":8,"enemies":"Shell Parasite","floor":22,"turns":4},{"damage":24,"enemies":"Shelled Parasite and Fungi","floor":23,"turns":5},{"damage":0,"enemies":"Snake Plant","floor":24,"turns":2},{"damage":8,"enemies":"Sentry and Sphere","floor":26,"turns":5},{"damage":0,"enemies":"Chosen and Byrds","floor":29,"turns":4},{"damage":0,"enemies":"Replay:Snechameleon","floor":32,"turns":3},{"damage":0,"enemies":"Champ","floor":35,"turns":6},{"damage":8,"enemies":"3 Darklings","floor":37,"turns":4},{"damage":0,"enemies":"Orb Walker","floor":38,"turns":3},{"damage":0,"enemies":"Giant Head","floor":42,"turns":5},{"damage":26,"enemies":"Sphere and 2 Shapes","floor":44,"turns":5},{"damage":0,"enemies":"Jaw Worm Horde","floor":47,"turns":2},{"damage":24,"enemies":"Awakened One","floor":52,"turns":8}],"seed_played":"-494735754200259498","potions_obtained":[{"floor":8,"key":"Explosive Potion"},{"floor":10,"key":"SpeedPotion"},{"floor":16,"key":"GamblersBrew"},{"floor":18,"key":"Swift Potion"},{"floor":22,"key":"Venom Potion"},{"floor":24,"key":"Energy Potion"},{"floor":29,"key":"Energy Potion"},{"floor":37,"key":"Energy Potion"},{"floor":38,"key":"AttackPotion"}],"is_trial":false,"path_per_floor":["M","?","?","PTL","PTL","M","M","E","R","M","T","R","M","M","$","M","R","B",null,"M","?","M","M","M","R","M","R","T","M","$","R","E","?","R","B",null,"M","M","?","$","?","E","R","M","T","R","M","R","$","$","R","B",null],"character_chosen":"PRAEFECT","items_purchased":["Replay:Baseball","Pet Ghost","rmod:aviationdawn"],"campfire_rested":2,"item_purchase_floors":[15,30,50],"current_hp_per_floor":[75,75,75,75,75,74,74,67,67,67,67,67,67,67,67,66,66,47,75,74,74,66,42,42,42,34,34,34,34,34,56,56,56,56,56,75,67,67,67,67,67,67,67,41,51,51,51,51,51,51,76,52],"gold":20,"neow_bonus":"THREE_CARDS","is_daily":false,"chose_seed":false,"campfire_upgraded":9,"win_rate":0.0,"timestamp":1607857800,"path_taken":["M","?","?","PTL","PTL","M","M","E","R","M","T","R","M","M","$","M","R","BOSS","M","?","?","M","M","R","M","R","T","M","$","R","E","?","R","BOSS","M","M","?","?","?","E","R","M","T","R","M","R","?","$","R","BOSS"],"items_purchased_type":["Relic","Relic","Card"],"build_version":"2020-11-30","purchased_purges":4,"victory":true,"max_hp_per_floor":[75,75,75,75,75,75,75,75,75,75,75,75,75,75,75,75,75,75,75,75,75,75,75,75,75,75,75,75,75,75,75,75,75,75,75,75,75,75,75,75,75,75,75,75,85,85,85,85,85,85,85,85],"card_choices":[{"not_picked":["rmod:fletcherpendant","rmod:unsinkable"],"picked":"rmod:aviationdawn","floor":0.0},{"not_picked":["rmod:tearstotiara","rmod:wife"],"picked":"rmod:aluminumsupply","floor":1},{"not_picked":[],"picked":"rmod:overbreakdown","floor":3},{"not_picked":[],"picked":"rmod:firesupport","floor":3},{"not_picked":[],"picked":"rmod:ammunitionsupply","floor":3},{"not_picked":[],"picked":"rmod:acesubmarine","floor":3},{"not_picked":["rmod:combined","rmod:highspeedshooting"],"picked":"rmod:intelligenceanalysis","floor":6},{"not_picked":["rmod:unsinkable","rmod:steelsupply","rmod:highspeedshooting"],"picked":"SKIP","floor":7},{"not_picked":["rmod:overbreakdown","rmod:acesubmarine"],"picked":"rmod:maintain","floor":8},{"not_picked":["rmod:victimresponsibility","rmod:circuitoustactics"],"picked":"rmod:unsinkable","floor":10},{"not_picked":["rmod:openingtorpedo","rmod:robin"],"picked":"rmod:lonelyqueen","floor":13},{"not_picked":["rmod:circuitoustactics","rmod:highspeedshooting"],"picked":"rmod:wasp","floor":14},{"not_picked":["rmod:supportescort","rmod:gendarmerie","rmod:sl"],"picked":"SKIP","floor":16},{"not_picked":["rmod:windflower","rmod:highspeedmaneuver"],"picked":"rmod:supriseattacks","floor":18},{"not_picked":["rmod:maintain","rmod:highspeedshooting+1"],"picked":"rmod:chargemoney","floor":20},{"not_picked":["rmod:firesupport","rmod:ammunitionsupply"],"picked":"rmod:tearstotiara","floor":22},{"not_picked":["rmod:chargemoney","rmod:steelsupply"],"picked":"rmod:fuelsupply","floor":23},{"not_picked":["rmod:capitalist+1","rmod:highspeedshooting"],"picked":"rmod:chargemoney+1","floor":24},{"not_picked":["rmod:fuelsupply","rmod:aluminumsupply"],"picked":"rmod:mineteam+1","floor":26},{"not_picked":["rmod:overbreakdown","rmod:tearstotiara","rmod:guardianhero"],"picked":"SKIP","floor":29},{"not_picked":["rmod:luckystar","rmod:slowdown"],"picked":"rmod:aviationdawn","floor":32},{"not_picked":["rmod:auspiciousomen","rmod:highspeedmaneuver"],"picked":"rmod:timeschanged","floor":35},{"not_picked":["rmod:wolves+1","rmod:generalist"],"picked":"rmod:fuelsupply","floor":37},{"not_picked":["rmod:combined","rmod:intelligenceanalysis"],"picked":"rmod:fuelsupply","floor":38},{"not_picked":["rmod:guardianhero","rmod:capitalist"],"picked":"rmod:openingtorpedo+1","floor":42},{"not_picked":["rmod:selfconfidence","rmod:smokecover","rmod:supportescort+1"],"picked":"SKIP","floor":44},{"not_picked":["rmod:gendarmerie","rmod:wasp"],"picked":"rmod:diaomin","floor":47}],"player_experience":172268,"relics_obtained":[{"floor":8,"key":"Torii"},{"floor":11,"key":"Divine Protection"},{"floor":28,"key":"Garlic"},{"floor":32,"key":"Juzu Bracelet"},{"floor":42,"key":"Ancient Tea Set"},{"floor":45,"key":"Pear"}],"event_choices":[{"cards_removed":["rmod:timeschanged"],"damage_healed":0,"gold_gain":0,"player_choice":"Purged","damage_taken":0,"max_hp_gain":0,"max_hp_loss":0,"event_name":"Purifier","floor":21,"gold_loss":0},{"damage_healed":0,"gold_gain":100,"player_choice":"Pray","damage_taken":0,"max_hp_gain":0,"max_hp_loss":0,"event_name":"Golden Shrine","floor":39,"gold_loss":0}],"is_beta":false,"boss_relics":[{"not_picked":["Ring of Chaos","Runic Dome"],"picked":"Astrolabe"},{"not_picked":["Kintsugi","Replay:Bronze Core"],"picked":"rmod:mogul"}],"items_purged_floors":[15,30,40,50],"is_endless":false,"potions_floor_spawned":[8,10,16,18,22,24,29,37,38],"ascension_level":2}}