{"host":"mkv3lj8gfkr85ioo","time":1607899524,"event":{"mods":["AchievementEnabler","BaseMod","Colored Map","Minty Spire (QoL Compilation)","SuperFastMode"],"gold_per_floor":[112,187,187,55,80,114,138,157,157,316,316,316,340,5,5,103,103,126,126,176,195,115,115,134,157,157,157,157,175,186,134,134,209,218,232,248,82,107,107,139,139,63,63,74,86,99,140,164,164,164],"floor_reached":51,"playtime":2409,"items_purged":["Strike_R","Doubt"],"score":1430,"play_id":"6017b144-0772-40b8-9a9e-0530c652b218","local_time":"20201214074524","is_ascension_mode":true,"campfire_choices":[{"data":"Body Slam","floor":12.0,"key":"SMITH"},{"data":"Carnage","floor":15.0,"key":"SMITH"},{"data":"Evolve","floor":23.0,"key":"SMITH"},{"data":"Fire Breathing","floor":32.0,"key":"SMITH"},{"data":"Flame Barrier","floor":49.0,"key":"SMITH"}],"circlet_count":0,"master_deck":["AscendersBane","Strike_R","Strike_R","Defend_R","Defend_R","Defend_R","Defend_R","Bash","Carnage+1","Shrug It Off","Shrug It Off","Body Slam+1","Power Through","Offering","Impervious","Evolve+1","Fire Breathing+1","CurseOfTheBell","Flame Barrier+1","Power Through+1","Warcry+1"],"relics":["Black Blood","NeowsBlessing","Bloody Idol","Bag of Preparation","CeramicFish","Letter Opener","Eternal Feather","TungstenRod","Calling Bell","Orichalcum","Gremlin Horn","FossilizedHelix","TheAbacus","Potion Belt","Bottled Tornado","Meat on the Bone","Vajra"],"acts_visited":["Exordium","TheCity","TheBeyond"],"potions_floor_usage":[50],"damage_taken":[{"damage":0.0,"enemies":"Jaw Worm","floor":1.0,"turns":1.0},{"damage":0.0,"enemies":"Small Slimes","floor":5.0,"turns":1.0},{"damage":0.0,"enemies":"Lagavulin","floor":6.0,"turns":1.0},{"damage":0.0,"enemies":"2 Louse","floor":7.0,"turns":2.0},{"damage":11.0,"enemies":"Looter","floor":8.0,"turns":3.0},{"damage":8.0,"enemies":"Blue Slaver","floor":13.0,"turns":3.0},{"damage":38.0,"enemies":"The Guardian","floor":16.0,"turns":14.0},{"damage":25.0,"enemies":"Chosen","floor":18.0,"turns":5.0},{"damage":6.0,"enemies":"2 Thieves","floor":21.0,"turns":4.0},{"damage":11.0,"enemies":"Cultist and Chosen","floor":24.0,"turns":6.0},{"damage":13.0,"enemies":"Chosen and Byrds","floor":25.0,"turns":9.0},{"damage":6.0,"enemies":"Snecko","floor":30.0,"turns":5.0},{"damage":41.0,"enemies":"Automaton","floor":33.0,"turns":9.0},{"damage":15.0,"enemies":"3 Darklings","floor":35.0,"turns":5.0},{"damage":5.0,"enemies":"Orb Walker","floor":36.0,"turns":2.0},{"damage":15.0,"enemies":"Reptomancer","floor":40.0,"turns":5.0},{"damage":65.0,"enemies":"Jaw Worm Horde","floor":44.0,"turns":6.0},{"damage":21.0,"enemies":"Transient","floor":45.0,"turns":6.0},{"damage":38.0,"enemies":"Spire Growth","floor":46.0,"turns":7.0},{"damage":33.0,"enemies":"Nemesis","floor":47.0,"turns":9.0},{"damage":26.0,"enemies":"Maw","floor":48.0,"turns":9.0},{"damage":105,"enemies":"Awakened One","floor":50,"turns":17}],"seed_played":"1243784263994117510","potions_obtained":[{"floor":5.0,"key":"Fire Potion"},{"floor":6.0,"key":"SmokeBomb"},{"floor":13.0,"key":"Block Potion"},{"floor":16.0,"key":"Block Potion"},{"floor":21.0,"key":"Block Potion"},{"floor":33.0,"key":"Strength Potion"},{"floor":35.0,"key":"BlessingOfTheForge"},{"floor":44.0,"key":"SpeedPotion"}],"is_trial":false,"path_per_floor":["M","?","?","$","M","E","M","M","T","?","?","R","M","$","R","B",null,"M","?","?","M","$","R","M","M","T","?","?","?","M","?","R","B",null,"M","M","$","T","?","E","$","$","T","M","M","M","E","M","R","B",null],"character_chosen":"IRONCLAD","items_purchased":["Shrug It Off","Power Through","Offering","Evolve","TheAbacus","Flame Barrier"],"campfire_rested":0,"item_purchase_floors":[4,14,14,22,37,42],"current_hp_per_floor":[74,63,37,37,43,49,55,50,50,50,50,50,48,48,48,16,60,47,47,47,53,53,53,54,53,53,53,53,63,74,74,75,51,70,72,75,75,75,75,75,75,75,75,39,47,38,39,47,59,33],"gold":164,"neow_bonus":"THREE_ENEMY_KILL","is_daily":false,"chose_seed":false,"campfire_upgraded":5,"win_rate":0.0,"timestamp":1607899524,"path_taken":["M","?","?","$","M","E","M","M","T","?","?","R","M","$","R","BOSS","M","?","?","M","$","R","M","?","T","?","?","?","M","?","R","BOSS","M","M","$","?","?","E","?","$","T","M","M","?","E","M","R","BOSS"],"items_purchased_type":["Card","Card","Card","Card","Relic","Card"],"build_version":"2020-11-30","purchased_purges":2,"victory":true,"max_hp_per_floor":[75,75,75,75,75,75,75,75,75,75,75,75,75,75,75,75,75,75,75,75,75,75,75,75,75,75,75,75,75,75,75,75,75,75,75,75,75,75,75,75,75,75,75,75,75,75,75,75,75,75],"card_choices":[{"not_picked":["Sword Boomerang","Perfected Strike"],"picked":"Carnage","floor":1.0},{"not_picked":["Feel No Pain","Clash"],"picked":"Shrug It Off","floor":5.0},{"not_picked":["Clash","Carnage","Havoc"],"picked":"SKIP","floor":6.0},{"not_picked":["Rupture","Heavy Blade"],"picked":"Body Slam","floor":7.0},{"not_picked":["Wild Strike","Fire Breathing","Combust"],"picked":"SKIP","floor":8.0},{"not_picked":["Iron Wave","Rampage","Warcry"],"picked":"SKIP","floor":13.0},{"not_picked":["Limit Break","Immolate"],"picked":"Impervious","floor":16.0},{"not_picked":["Iron Wave","Fire Breathing","Headbutt"],"picked":"SKIP","floor":18.0},{"not_picked":["Seeing Red","Cleave+1","Wild Strike"],"picked":"SKIP","floor":21.0},{"not_picked":["Power Through","True Grit","Blood for Blood"],"picked":"SKIP","floor":24.0},{"not_picked":["Iron Wave","Heavy Blade","Uppercut+1"],"picked":"SKIP","floor":25.0},{"not_picked":["Perfected Strike","Havoc+1","Dual Wield"],"picked":"SKIP","floor":30.0},{"not_picked":["Rage","Twin Strike","Evolve"],"picked":"SKIP","floor":35.0},{"not_picked":["Body Slam","Inflame","Seeing Red"],"picked":"SKIP","floor":36.0},{"not_picked":["Intimidate","Havoc","Clash"],"picked":"SKIP","floor":40.0},{"not_picked":["Intimidate","Havoc","Clash"],"picked":"SKIP","floor":40.0},{"not_picked":["Hemokinesis","Perfected Strike","Armaments+1"],"picked":"SKIP","floor":44.0},{"not_picked":["Armaments","Pummel","Sentinel"],"picked":"SKIP","floor":45.0},{"not_picked":["Pummel+1","Twin Strike+1","Evolve"],"picked":"SKIP","floor":46.0},{"not_picked":["Anger","Juggernaut"],"picked":"Power Through+1","floor":47.0},{"not_picked":["Iron Wave","Headbutt"],"picked":"Warcry+1","floor":48.0}],"player_experience":144904,"relics_obtained":[{"floor":6.0,"key":"Bag of Preparation"},{"floor":9.0,"key":"CeramicFish"},{"floor":26.0,"key":"Eternal Feather"},{"floor":34.0,"key":"Orichalcum"},{"floor":34.0,"key":"Gremlin Horn"},{"floor":34.0,"key":"FossilizedHelix"},{"floor":38.0,"key":"Potion Belt"},{"floor":40.0,"key":"Bottled Tornado"},{"floor":43.0,"key":"Meat on the Bone"},{"floor":47.0,"key":"Vajra"}],"event_choices":[{"damage_healed":0.0,"max_hp_gain":0.0,"max_hp_loss":0.0,"gold_gain":75.0,"event_name":"World of Goop","player_choice":"Gather Gold","floor":2.0,"gold_loss":0.0,"damage_taken":11.0},{"damage_healed":0.0,"max_hp_gain":0.0,"max_hp_loss":0.0,"gold_gain":0.0,"event_name":"Golden Idol","player_choice":"Take Damage","floor":3.0,"gold_loss":0.0,"damage_taken":26.0,"relics_obtained":["Golden Idol"]},{"damage_healed":0.0,"max_hp_gain":0.0,"max_hp_loss":0.0,"gold_gain":150.0,"event_name":"Liars Game","player_choice":"AGREE","floor":10.0,"gold_loss":0.0,"damage_taken":0.0,"cards_obtained":["Doubt"]},{"damage_healed":0.0,"max_hp_gain":0.0,"max_hp_loss":0.0,"gold_gain":0.0,"event_name":"Dead Adventurer","player_choice":"Searched \u00272\u0027 times","floor":11.0,"gold_loss":0.0,"damage_taken":0.0,"relics_obtained":["Letter Opener"]},{"damage_healed":0.0,"max_hp_gain":0.0,"max_hp_loss":0.0,"gold_gain":0.0,"event_name":"Cursed Tome","player_choice":"Ignored","floor":19.0,"gold_loss":0.0,"damage_taken":0.0},{"damage_healed":0.0,"max_hp_gain":0.0,"max_hp_loss":0.0,"gold_gain":50.0,"event_name":"Golden Shrine","player_choice":"Pray","floor":20.0,"gold_loss":0.0,"damage_taken":0.0},{"damage_healed":0.0,"max_hp_gain":0.0,"max_hp_loss":0.0,"gold_gain":0.0,"event_name":"Vampires","player_choice":"Ignored","floor":27.0,"gold_loss":0.0,"damage_taken":0.0},{"damage_healed":0.0,"max_hp_gain":0.0,"max_hp_loss":0.0,"gold_gain":0.0,"event_name":"Forgotten Altar","player_choice":"Gave Idol","floor":28.0,"relics_lost":["Golden Idol"],"gold_loss":0.0,"damage_taken":0.0,"relics_obtained":["Bloody Idol"]},{"damage_healed":0.0,"max_hp_gain":0.0,"max_hp_loss":0.0,"gold_gain":0.0,"cards_transformed":["Strike_R","Strike_R"],"event_name":"Drug Dealer","player_choice":"Became Test Subject","floor":29.0,"gold_loss":0.0,"damage_taken":0.0,"cards_obtained":["Fire Breathing","Havoc"]},{"damage_healed":0.0,"max_hp_gain":0.0,"max_hp_loss":0.0,"gold_gain":0.0,"event_name":"WeMeetAgain","player_choice":"Paid Gold","floor":31.0,"gold_loss":52.0,"damage_taken":0.0,"relics_obtained":["TungstenRod"]},{"cards_removed":["Havoc"],"damage_healed":0.0,"max_hp_gain":0.0,"max_hp_loss":0.0,"gold_gain":0.0,"event_name":"Falling","player_choice":"Removed Skill","floor":39.0,"gold_loss":0.0,"damage_taken":0.0}],"is_beta":false,"boss_relics":[{"not_picked":["Runic Cube","Philosopher\u0027s Stone"],"picked":"Black Blood"},{"not_picked":["Black Star","Snecko Eye"],"picked":"Calling Bell"}],"items_purged_floors":[4,14],"is_endless":false,"potions_floor_spawned":[5,6,13,16,21,24,33,35,36,44],"ascension_level":19}}