{"host":"u1xrbbph5uz7nws5","time":1607881095,"event":{"mods":["2.2 Compatiblity","AchievementEnabler","Ascension Reborn","Aspiration","BaseMod","Bestiary","Better Skull","Better Third Choice","Colored Powertips","Conspire","Custom Start","Defuse TimeMaze Blight","Downfall","Energized Spire","Halation","Hubris","Infinite Spire","Minty Spire (QoL Compilation)","Quick Restart","Rare Cards Sparkle","RatMod","Remove Card Discount Mod","Replay The Spire","SacredBarkPlus","Shop Mod","StSLib","Strawberry Spire","SuperFastMode","The Accelerator","The Alterego","The Factory","The IronCluck","The Servant 0.9.4","Trackpad","Uncapped","vexMod"],"gold_per_floor":[115,134,134,134,150,180,180,201,227,227,203,220,237,265,265,400,400,415,415,415,415,432,466,478,523,603,615,654,699,711,750,750],"floor_reached":31,"playtime":3643,"items_purged":["Writhe"],"score":487,"play_id":"9b384b82-734e-40a1-991c-54753bc6c1fb","local_time":"20201213173815","daily_mods":["Heirloom"],"is_ascension_mode":false,"campfire_choices":[{"floor":10.0,"key":"REST"},{"data":"TheWorld","floor":15.0,"key":"SMITH"}],"circlet_count":0,"master_deck":["infinitespire:Collect","infinitespire:FutureSight","TheWorld+1","SilverBlades","FlawlessForm","KidneyShot","Exchange","Defend_S","Defend_S","Defend_S","Defend_S","Strike_S","Strike_S","Strike_S","Strike_S","Strike_S","Potential","Ricochet","Wish+1","Sabotage+1","BottledTime","Rearm","Revamp","BestPractice","MoonPhase","SpecialFormula","Dilation+1","Misdirection","Foresight+1","Luminosity+1","infinitespire:Execution"],"relics":["Uniform","conspire:Boomerang","hubris:64BitClover","infinitespire:DarkRift","Black Star","conspire:InfiniteJournal","Golden Egg","Quantum Egg","Lantern","Membership Card","trackpad:PocketGalaxy","halation:IllGainedPizza","Du-Vu Doll","strawberrySpire:BonfireDress","Strange Spoon","hubris:EvacipatedBox","hubris:FruitBowl","Dream Catcher","Art of War","Vajra","Oddly Smooth Stone","vexMod:DeviousBotling","infinitespire:Midas Blood","alterego_mod:FleetingLove","MawBank","Juzu Bracelet","Ring of Chaos","strawberrySpire:TinySteamboat","strawberrySpire:ElefentMask","halation:LettersToHer"],"acts_visited":["Exordium","TheCity"],"potions_floor_usage":[22,31,31],"damage_taken":[{"damage":1.0,"enemies":"Jaw Worm","floor":1.0,"turns":3.0},{"damage":0.0,"enemies":"2 Louse","floor":2.0,"turns":3.0},{"damage":0.0,"enemies":"Cultist","floor":5.0,"turns":2.0},{"damage":0.0,"enemies":"3 Sentries","floor":6.0,"turns":6.0},{"damage":0.0,"enemies":"2 Fungi Beasts","floor":8.0,"turns":3.0},{"damage":0.0,"enemies":"Large Slime","floor":12.0,"turns":3.0},{"damage":0.0,"enemies":"Looter","floor":13.0,"turns":2.0},{"damage":2.0,"enemies":"strawberrySpire:EnergyPylons","floor":14.0,"turns":3.0},{"damage":0.0,"enemies":"Hexaghost","floor":16.0,"turns":6.0},{"damage":0.0,"enemies":"Spheric Guardian","floor":18.0,"turns":3.0},{"damage":0,"enemies":"conspire:FuzzyDice","floor":21,"turns":3},{"damage":21,"enemies":"Shelled Parasite and Fungi","floor":22,"turns":3},{"damage":0,"enemies":"conspire:SneckoGhost","floor":23,"turns":4},{"damage":0,"enemies":"Nightmare","floor":25,"turns":3},{"damage":0,"enemies":"Chosen and Byrds","floor":28,"turns":4},{"damage":28,"enemies":"Snake Plant","floor":29,"turns":5},{"damage":53,"enemies":"strawberrySpire:AncientClocktower","floor":31,"turns":6}],"seed_played":"-8484214129823704493","potions_obtained":[{"floor":2.0,"key":"Explosive Potion"},{"floor":12.0,"key":"Dexterity Potion"},{"floor":14.0,"key":"CultistPotion"},{"floor":23,"key":"BlessingOfTheForge"}],"is_trial":true,"path_per_floor":["M","M","?","?","M","E","$","M","T","R","$","M","M","E","R","B",null,"M","?","?","M","M","E","AVR","NM","T","R","M","M","?","E"],"character_chosen":"THE_SERVANT","items_purchased":["Strange Spoon","hubris:EvacipatedBox","hubris:FruitBowl","SkillPotion"],"campfire_rested":1,"item_purchase_floors":[7,7,7,11],"current_hp_per_floor":[64,64,50,50,50,50,2,2,2,21,21,21,21,19,19,24,65,65,65,65,65,44,49,49,54,54,54,59,39,39,0,0],"gold":750,"neow_bonus":"","is_daily":false,"chose_seed":false,"campfire_upgraded":1,"win_rate":0.0,"timestamp":1607881095,"path_taken":["M","M","?","?","M","E","?","M","T","R","$","M","M","E","R","BOSS","M","?","?","M","M","E","AVR","NM","T","R","M","M","?","E"],"items_purchased_type":["Relic","Relic","Relic","Potion"],"build_version":"2020-11-30","purchased_purges":1,"victory":false,"max_hp_per_floor":[65,65,65,65,65,65,65,65,65,65,65,65,65,65,65,65,65,65,65,65,65,65,65,65,65,65,65,65,65,65,65,65],"card_choices":[{"not_picked":["Alleviate","Snipe"],"picked":"Potential","floor":1.0},{"not_picked":["ShatteredReality","DoubleEdge"],"picked":"Ricochet","floor":2.0},{"not_picked":["FastForward","Duplication"],"picked":"BottledTime","floor":5.0},{"not_picked":["Gouge","Hightail"],"picked":"Rearm","floor":6.0},{"not_picked":["FastForward","Unruled"],"picked":"Revamp","floor":8.0},{"not_picked":["Hightail","Starlight"],"picked":"BestPractice","floor":10.0},{"not_picked":["Alleviate","Read","Snipe"],"picked":"SKIP","floor":12.0},{"not_picked":["Reset","BottledTime"],"picked":"MoonPhase","floor":13.0},{"not_picked":["ReturningBlade","Rearm"],"picked":"SpecialFormula","floor":14.0},{"not_picked":["FloweringNight","SoulSculpture"],"picked":"Dilation","floor":16.0},{"not_picked":["Alleviate","Desolation","Ricochet"],"picked":"SKIP","floor":18.0},{"not_picked":["FastForward+1","Shuttle"],"picked":"Misdirection","floor":21},{"not_picked":["WasteNot+1","Defy+1"],"picked":"Foresight+1","floor":22},{"not_picked":["GearUp","Revamp"],"picked":"Luminosity+1","floor":23},{"not_picked":["Revamp","Rewind","Initiator"],"picked":"SKIP","floor":25},{"not_picked":["Spin","TimeWarp","Rearm"],"picked":"SKIP","floor":28},{"not_picked":["Sabotage","FloweringNight","Spin"],"picked":"SKIP","floor":29}],"player_experience":50037,"relics_obtained":[{"floor":6.0,"key":"Du-Vu Doll"},{"floor":6.0,"key":"strawberrySpire:BonfireDress"},{"floor":9.0,"key":"Dream Catcher"},{"floor":14.0,"key":"Art of War"},{"floor":14.0,"key":"Vajra"},{"floor":16.0,"key":"Oddly Smooth Stone"},{"floor":23,"key":"MawBank"},{"floor":23,"key":"Juzu Bracelet"},{"floor":25,"key":"strawberrySpire:ElefentMask"},{"floor":25,"key":"halation:LettersToHer"},{"floor":26,"key":"halation:LettersToHer"}],"event_choices":[{"damage_healed":0.0,"max_hp_gain":0.0,"max_hp_loss":0.0,"gold_gain":0.0,"event_name":"Secret Garden","player_choice":"Choice 1","floor":20.0,"gold_loss":0.0,"damage_taken":0.0,"relics_obtained":["alterego_mod:FleetingLove"]}],"is_beta":false,"boss_relics":[{"not_picked":["Calling Bell","halation:Prosthetics","aspiration:PoetsPen_weak"],"picked":"vexMod:DeviousBotling"}],"items_purged_floors":[24],"is_endless":true,"potions_floor_spawned":[2,12,13,14,18,23,28],"killed_by":"strawberrySpire:AncientClocktower","ascension_level":0}}