{"host":"i41n6wh529970c2c","time":1607832487,"event":{"mods":["Act Like it!","BaseMod","BetterRewards","Friendly Minions","Gold Saver","Hermit","Minty Spire (QoL Compilation)","Replay The Spire","Shop Mod","StSLib"],"gold_per_floor":[329,329,329,344,244,277,277,303,384,402,433,446,461,40,40,137,137,151,161,161,11,24,54,65,91,91,118,118,137,137,163,163,260,260,276,126,142,142,192,222,222,222,240,256,256,256,272,272,299,334,334,344],"floor_reached":53,"playtime":4209,"items_purged":["Strike_P","Defend_P","Defend_P","Amnesia"],"score":1138,"play_id":"08cf1a1a-e264-4f44-8ec3-3059bc6ef283","local_time":"20201212230807","is_ascension_mode":true,"campfire_choices":[{"data":"Eruption","floor":7,"key":"SMITH"},{"data":"Strike_P","floor":15,"key":"PURGE"},{"data":"Replay:AllIn","floor":30,"key":"SMITH"},{"data":"Meditate","floor":32,"key":"SMITH"},{"data":"Prostrate","floor":46,"key":"SMITH"},{"data":"JustLucky","floor":48,"key":"SMITH"},{"data":"Consecrate","floor":51,"key":"SMITH"}],"circlet_count":0,"master_deck":["Strike_P","Eruption+1","Vigilance+1","BattleHymn+1","Replay:AtTheReady+1","Adaptation+1","MentalFortress+1","EmptyFist","Devotion+1","ClearTheMind+1","Meditate+1","EmptyBody","MasterReality+1","Halt","Consecrate+1","Prostrate+1","Replay:AllIn+1","Replay:Cycle+1","JustLucky+1","RitualDagger","Perseverance+1","LikeWater+1","DevaForm+1","AbeCurse","Devotion+1","LikeWater+1","CarveReality+1","Prostrate+1"],"relics":["PureWater","Frozen Egg 2","Snack Pack","Torii","ReplayTheSpireMod:CursedCoin","Lantern","Replay:Ringing Soul","Ornamental Fan","Juzu Bracelet","HandDrill","Anchor","Replay:Drink Me","Replay:Mystery Machine","Nunchaku","Eternal Feather","Toxic Egg 2","Omamori","Garlic","Blue Doll","Replay:Ancient Bell","War Paint","Golden Egg","Counterbalance","Divine Protection","Centennial Puzzle","BranchBurnRelic","ReplayTheSpireMod:TigerMarble","Replay:Bandana"],"acts_visited":["Exordium","TheCity","TheBeyond"],"potions_floor_usage":[11,16,22,22,24,25,27,31,39,44,52],"damage_taken":[{"damage":0,"enemies":"2 Louse","floor":1,"turns":2},{"damage":1,"enemies":"Small Slimes","floor":4,"turns":4},{"damage":16,"enemies":"Gremlin Nob","floor":6,"turns":4},{"damage":0,"enemies":"Lagavulin","floor":8,"turns":4},{"damage":0,"enemies":"Cultist","floor":10,"turns":2},{"damage":2,"enemies":"3 Sentries","floor":11,"turns":7},{"damage":0,"enemies":"Exordium Wildlife","floor":12,"turns":3},{"damage":1,"enemies":"Blue Slaver","floor":13,"turns":3},{"damage":9,"enemies":"Hexaghost","floor":16,"turns":8},{"damage":0,"enemies":"2 Thieves","floor":18,"turns":3},{"damage":0,"enemies":"Chosen","floor":19,"turns":3},{"damage":0,"enemies":"3 Cultists","floor":22,"turns":4},{"damage":0,"enemies":"Replay:Snechameleon","floor":23,"turns":3},{"damage":0,"enemies":"Shelled Parasite and Fungi","floor":24,"turns":3},{"damage":0,"enemies":"Book of Stabbing","floor":25,"turns":2},{"damage":6,"enemies":"Replay:Snechameleon","floor":27,"turns":4},{"damage":0,"enemies":"Cultist and Chosen","floor":29,"turns":4},{"damage":1,"enemies":"Slavers","floor":31,"turns":5},{"damage":0,"enemies":"Collector","floor":33,"turns":4},{"damage":0,"enemies":"3 Shapes","floor":35,"turns":4},{"damage":1,"enemies":"Orb Walker","floor":37,"turns":4},{"damage":1,"enemies":"Mind Bloom Boss Battle","floor":39,"turns":4},{"damage":0,"enemies":"Giant Head","floor":40,"turns":4},{"damage":0,"enemies":"4 Shapes","floor":43,"turns":4},{"damage":0,"enemies":"Maw","floor":44,"turns":3},{"damage":0,"enemies":"Writhing Mass","floor":47,"turns":4},{"damage":0,"enemies":"Nemesis","floor":50,"turns":6},{"damage":8,"enemies":"Donu and Deca","floor":52,"turns":7}],"seed_played":"856536272719954551","potions_obtained":[{"floor":6,"key":"Block Potion"},{"floor":8,"key":"Energy Potion"},{"floor":12,"key":"Swift Potion"},{"floor":13,"key":"Block Potion"},{"floor":19,"key":"Block Potion"},{"floor":22,"key":"FearPotion"},{"floor":23,"key":"BottledMiracle"},{"floor":29,"key":"Ancient Potion"},{"floor":33,"key":"BlessingOfTheForge"},{"floor":37,"key":"Dexterity Potion"},{"floor":39,"key":"FearPotion"},{"floor":40,"key":"EssenceOfSteel"}],"is_trial":false,"path_per_floor":["M","?","?","M","$","E","R","E","T","M","E","M","M","$","R","B",null,"M","M","?","$","M","E","M","E","T","E","?","M","R","E","R","B",null,"M","$","M","$","?","E","PTL","PTL","M","M","T","R","M","R","T","E","R","B",null],"character_chosen":"WATCHER","items_purchased":["Frozen Egg 2","Snack Pack","BattleHymn+1","ReplayTheSpireMod:CursedCoin","Replay:AtTheReady+1","HandDrill","Anchor","Nunchaku"],"campfire_rested":0,"item_purchase_floors":[0,0,0,0,0,14,14,21],"current_hp_per_floor":[40,33,33,34,34,20,20,27,27,32,35,40,44,44,44,46,68,71,74,77,77,80,83,86,86,86,85,82,89,95,98,98,101,104,107,107,110,110,110,113,113,113,113,116,116,116,116,116,116,116,116,115],"gold":344,"neow_bonus":"","is_daily":false,"chose_seed":false,"campfire_upgraded":6,"win_rate":0.0,"timestamp":1607832487,"path_taken":["M","?","?","?","$","E","R","E","T","M","E","M","M","$","R","BOSS","M","M","?","$","M","E","M","E","T","E","?","M","R","E","R","BOSS","M","$","M","$","?","E","PTL","PTL","M","M","T","R","M","R","?","E","R","BOSS"],"items_purchased_type":["Relic","Relic","Card","Relic","Card","Relic","Relic","Relic"],"build_version":"2020-11-30","purchased_purges":4,"victory":true,"max_hp_per_floor":[72,72,72,72,72,72,72,75,75,78,81,84,87,87,87,90,68,71,74,77,77,80,83,86,86,86,89,92,95,95,98,98,101,104,107,107,110,110,110,113,113,113,113,116,116,116,116,116,116,116,116,116],"card_choices":[{"not_picked":["CutThroughFate","Protect","Replay:Cycle"],"picked":"SKIP","floor":1},{"not_picked":["SashWhip","FollowUp"],"picked":"Adaptation+1","floor":4},{"not_picked":["Perseverance","EmptyFist"],"picked":"MentalFortress+1","floor":6},{"not_picked":["Replay:ManipulateFuture","Worship"],"picked":"EmptyFist","floor":8},{"not_picked":["Evaluate","Prostrate"],"picked":"Devotion+1","floor":10},{"not_picked":["FlurryOfBlows","PathToVictory"],"picked":"ClearTheMind","floor":11},{"not_picked":["Prostrate","InnerPeace"],"picked":"Meditate","floor":12},{"not_picked":["EmptyFist","Swivel"],"picked":"EmptyBody","floor":13},{"not_picked":["Ragnarok","Devotion+1"],"picked":"MasterReality+1","floor":16},{"not_picked":["ThirdEye","Weave"],"picked":"Halt","floor":18},{"not_picked":["Replay:AtTheReady","Protect"],"picked":"Consecrate","floor":19},{"not_picked":["Replay:AtTheReady","Replay:ManipulateFuture"],"picked":"Prostrate","floor":22},{"not_picked":["EmptyFist","WindmillStrike"],"picked":"Replay:AllIn","floor":23},{"not_picked":["InnerPeace","Prostrate"],"picked":"Replay:Cycle+1","floor":24},{"not_picked":["Swivel+1","EmptyFist","Conclude"],"picked":"SKIP","floor":25},{"not_picked":["Wireheading+1","SashWhip"],"picked":"JustLucky","floor":27},{"not_picked":["Crescendo+1","Replay:AtTheReady+1"],"picked":"Perseverance+1","floor":29},{"not_picked":["WreathOfFlame+1","TalkToTheHand"],"picked":"LikeWater+1","floor":31},{"not_picked":["DeusExMachina+1","LessonLearned"],"picked":"DevaForm+1","floor":33},{"not_picked":["Writhe","Sickly"],"picked":"Spreading Infection","floor":34},{"not_picked":["ReplayTheSpireMod:Restless Dread","hermit:ImpendingDoom"],"picked":"ReplayTheSpireMod:Doomed","floor":34},{"not_picked":["ReplayTheSpireMod:Doomed","Voices"],"picked":"AbeCurse","floor":34},{"not_picked":["Replay:Anticipation+1","InnerPeace+1"],"picked":"Devotion+1","floor":35},{"not_picked":["WindmillStrike","Wireheading+1"],"picked":"LikeWater+1","floor":37},{"not_picked":["Pray+1","Indignation+1"],"picked":"CarveReality+1","floor":40},{"not_picked":["Replay:AtTheReady+1","Replay:BluntJabs+1","ForeignInfluence+1"],"picked":"SKIP","floor":43},{"not_picked":["Crescendo+1","Sanctity+1"],"picked":"Prostrate+1","floor":44},{"not_picked":["CarveReality","Halt+1","Conclude"],"picked":"SKIP","floor":47},{"not_picked":["Adaptation+1","WaveOfTheHand+1","Consecrate"],"picked":"SKIP","floor":50}],"player_experience":747453,"relics_obtained":[{"floor":6,"key":"Lantern"},{"floor":8,"key":"Replay:Ringing Soul"},{"floor":9,"key":"Ornamental Fan"},{"floor":11,"key":"Juzu Bracelet"},{"floor":23,"key":"Eternal Feather"},{"floor":25,"key":"Toxic Egg 2"},{"floor":26,"key":"Omamori"},{"floor":27,"key":"Garlic"},{"floor":31,"key":"Blue Doll"},{"floor":39,"key":"Dead Branch"},{"floor":40,"key":"Divine Protection"},{"floor":45,"key":"Centennial Puzzle"},{"floor":49,"key":"ReplayTheSpireMod:TigerMarble"},{"floor":50,"key":"Replay:Bandana"}],"event_choices":[{"cards_removed":["Strike_P"],"damage_healed":0,"gold_gain":0,"player_choice":"Card Removal","damage_taken":7,"max_hp_gain":0,"max_hp_loss":0,"event_name":"Golden Wing","floor":2,"gold_loss":0},{"damage_healed":0,"gold_gain":0,"player_choice":"0 cards matched","damage_taken":0,"max_hp_gain":0,"max_hp_loss":0,"event_name":"Match and Keep!","floor":3,"gold_loss":0,"cards_obtained":[]},{"damage_healed":0,"gold_gain":0,"player_choice":"Joined the Cult","damage_taken":6,"max_hp_gain":0,"max_hp_loss":0,"event_name":"Nest","floor":28,"gold_loss":0,"cards_obtained":["RitualDagger"]},{"damage_healed":0,"gold_gain":0,"player_choice":"Fight","damage_taken":0,"max_hp_gain":0,"max_hp_loss":0,"event_name":"MindBloom","floor":39,"gold_loss":0}],"is_beta":false,"boss_relics":[{"not_picked":["Cursed Key","Calling Bell"],"picked":"Replay:Drink Me"},{"not_picked":["Abe\u0027s Treasure","Black Star"],"picked":"Replay:Ancient Bell"},{"not_picked":["Pen Nib","MawBank"],"picked":"War Paint"},{"not_picked":["InkBottle","Singing Bowl"],"picked":"Golden Egg"},{"not_picked":["Du-Vu Doll","Thread and Needle"],"picked":"Counterbalance"}],"items_purged_floors":[0,5,14,36],"is_endless":false,"potions_floor_spawned":[6,8,12,13,19,22,23,29,33,37,39,40],"ascension_level":1}}