{"host":"9tzam4717zt8ei1o","time":1607873066,"event":{"mods":["BaseMod","Colored Map","Keyboard Shortcuts","Minty Spire (QoL Compilation)","Quick Restart","StSLib","SuperFastMode"],"gold_per_floor":[118,129,32,32,51,51,126,161,184,184,211,211,211,211,211,290,290,306,4,4,4,103,103,122,122,122,156,166,178,205,66,66,140,140,154,29,29,52,64,93,93,108,135,149,183,38,38,51,51,51],"floor_reached":51,"playtime":1202,"items_purged":["Strike_G","Strike_G","Defend_G"],"score":1286,"play_id":"13a8dcd7-ad31-4e08-8e61-44c1affa4a5c","local_time":"20201214002426","is_ascension_mode":true,"campfire_choices":[{"data":"Venomology","floor":6.0,"key":"SMITH"},{"floor":10.0,"key":"REST"},{"data":"Bouncing Flask","floor":13.0,"key":"SMITH"},{"data":"Neutralize","floor":15.0,"key":"SMITH"},{"data":"Crippling Poison","floor":23.0,"key":"SMITH"},{"data":"Catalyst","floor":32,"key":"SMITH"},{"data":"Acrobatics","floor":41,"key":"SMITH"},{"floor":49,"key":"REST"}],"circlet_count":0,"master_deck":["AscendersBane","Defend_G","Defend_G","Defend_G","Survivor","Neutralize+1","Venomology+1","Backstab","Deflect","Dagger Spray","Crippling Poison+1","Adrenaline","Bouncing Flask+1","Backflip","Adrenaline","Adrenaline","Venomology","Acrobatics+1","Backflip","Footwork+1","Catalyst+1","Burst+1","Calculated Gamble"],"relics":["Ring of the Snake","Tiny Chest","Dream Catcher","Juzu Bracelet","The Specimen","SlaversCollar","DollysMirror","Gambling Chip","Mercury Hourglass","Ginger","Darkstone Periapt","Empty Cage","Bag of Preparation","Tingsha","Art of War","Bronze Scales","TwistedFunnel"],"acts_visited":["Exordium","TheCity","TheBeyond"],"potions_floor_usage":[27,27,27,28,29,29,30,33,33,35,39,39,40,42,48,48,48,48,50],"damage_taken":[{"damage":7.0,"enemies":"2 Louse","floor":1.0,"turns":3.0},{"damage":2.0,"enemies":"Jaw Worm","floor":2.0,"turns":7.0},{"damage":6.0,"enemies":"Small Slimes","floor":5.0,"turns":4.0},{"damage":17.0,"enemies":"Gremlin Nob","floor":8.0,"turns":4.0},{"damage":28.0,"enemies":"Lagavulin","floor":11.0,"turns":9.0},{"damage":19.0,"enemies":"Hexaghost","floor":16.0,"turns":9.0},{"damage":0.0,"enemies":"Chosen","floor":18.0,"turns":4.0},{"damage":0.0,"enemies":"3 Byrds","floor":24.0,"turns":2.0},{"damage":12,"enemies":"Gremlin Leader","floor":27,"turns":5},{"damage":8,"enemies":"Cultist and Chosen","floor":28,"turns":4},{"damage":18,"enemies":"Shelled Parasite and Fungi","floor":29,"turns":4},{"damage":18,"enemies":"Slavers","floor":30,"turns":4},{"damage":24,"enemies":"Automaton","floor":33,"turns":10},{"damage":0,"enemies":"Orb Walker","floor":35,"turns":4},{"damage":9,"enemies":"3 Darklings","floor":39,"turns":4},{"damage":0,"enemies":"Nemesis","floor":40,"turns":1},{"damage":0,"enemies":"Jaw Worm Horde","floor":42,"turns":3},{"damage":0,"enemies":"4 Shapes","floor":44,"turns":3},{"damage":23,"enemies":"Reptomancer","floor":45,"turns":4},{"damage":9,"enemies":"Sphere and 2 Shapes","floor":48,"turns":3},{"damage":15,"enemies":"Time Eater","floor":50,"turns":2}],"seed_played":"-4462095260999137970","potions_obtained":[{"floor":2.0,"key":"DuplicationPotion"},{"floor":11.0,"key":"SteroidPotion"},{"floor":16.0,"key":"Swift Potion"},{"floor":18.0,"key":"BlessingOfTheForge"},{"floor":39,"key":"FearPotion"},{"floor":48,"key":"GamblersBrew"}],"is_trial":false,"path_per_floor":["M","M","$","?","M","R","?","E","T","R","E","T","R","?","R","B",null,"M","$","?","T","?","R","M","?","T","E","M","M","E","$","R","B",null,"M","$","?","T","M","E","R","M","T","M","E","$","?","M","R","B",null],"character_chosen":"THE_SILENT","items_purchased":["Dagger Spray","Crippling Poison","Adrenaline","DollysMirror","Catalyst","TwistedFunnel"],"campfire_rested":2,"item_purchase_floors":[3,3,19,19,31,46],"current_hp_per_floor":[56,54,54,47,41,41,30,13,13,34,6,6,6,70,70,51,65,65,65,65,65,65,65,65,65,65,53,45,27,9,9,9,13,56,56,56,56,56,47,47,47,47,47,47,24,24,24,24,45,30],"gold":51,"neow_bonus":"TRANSFORM_CARD","is_daily":false,"chose_seed":false,"campfire_upgraded":6,"win_rate":0.0,"timestamp":1607873066,"path_taken":["M","M","$","?","M","R","?","E","T","R","E","?","R","?","R","BOSS","M","$","?","?","?","R","M","?","T","E","M","M","E","$","R","BOSS","M","$","?","?","M","E","R","M","T","M","E","$","?","M","R","BOSS"],"items_purchased_type":["Card","Card","Card","Relic","Card","Relic"],"build_version":"2020-11-30","purchased_purges":3,"victory":true,"max_hp_per_floor":[70,70,70,70,70,70,70,70,70,70,70,70,70,70,70,70,70,70,70,70,70,70,70,70,70,70,70,70,70,70,70,70,70,70,70,70,70,70,70,70,70,70,70,70,70,70,70,70,70,70],"card_choices":[{"not_picked":["Predator","Leg Sweep"],"picked":"Backstab","floor":1.0},{"not_picked":["Prepared","Slice"],"picked":"Deflect","floor":2.0},{"not_picked":["Bane","Poisoned Stab"],"picked":"Adrenaline","floor":5.0},{"not_picked":["Deflect","Caltrops","Sucker Punch"],"picked":"SKIP","floor":8.0},{"not_picked":["Heel Hook","Slice"],"picked":"Terror","floor":10.0},{"not_picked":["Terror","Slice"],"picked":"Bouncing Flask","floor":11.0},{"not_picked":["Dagger Spray","Setup"],"picked":"Backflip","floor":18.0},{"not_picked":["All Out Attack","Blade Dance","Prepared"],"picked":"SKIP","floor":24.0},{"not_picked":["All Out Attack","Blade Dance","Prepared"],"picked":"SKIP","floor":24.0},{"not_picked":["Poisoned Stab","Quick Slash"],"picked":"Acrobatics","floor":27},{"not_picked":["Crippling Poison","Deadly Poison"],"picked":"Backflip","floor":28},{"not_picked":["All Out Attack","Dodge and Roll","Underhanded Strike"],"picked":"SKIP","floor":29},{"not_picked":["Endless Agony","Expertise"],"picked":"Footwork+1","floor":30},{"not_picked":["Tools of the Trade","Unload"],"picked":"Burst","floor":33},{"not_picked":["Dodge and Roll","Quick Slash","Poisoned Stab+1"],"picked":"SKIP","floor":35},{"not_picked":["Outmaneuver","Skewer","Caltrops"],"picked":"SKIP","floor":39},{"not_picked":["Prepared","Slice","Riddle With Holes+1"],"picked":"SKIP","floor":40},{"not_picked":["Slice","Dagger Throw","Bane"],"picked":"SKIP","floor":42},{"not_picked":["Dagger Throw","Sucker Punch","Expertise"],"picked":"SKIP","floor":44},{"not_picked":["Cloak And Dagger","Die Die Die","Dagger Spray+1"],"picked":"SKIP","floor":45},{"not_picked":["Sucker Punch","Underhanded Strike","Bane+1"],"picked":"SKIP","floor":48},{"not_picked":["Acrobatics","PiercingWail"],"picked":"Calculated Gamble","floor":49}],"player_experience":72395,"relics_obtained":[{"floor":8.0,"key":"Tiny Chest"},{"floor":9.0,"key":"Dream Catcher"},{"floor":11.0,"key":"Juzu Bracelet"},{"floor":12.0,"key":"The Specimen"},{"floor":21.0,"key":"Gambling Chip"},{"floor":26,"key":"Mercury Hourglass"},{"floor":27,"key":"Ginger"},{"floor":30,"key":"Darkstone Periapt"},{"floor":38,"key":"Bag of Preparation"},{"floor":40,"key":"Tingsha"},{"floor":43,"key":"Art of War"},{"floor":45,"key":"Bronze Scales"}],"event_choices":[{"cards_removed":["Strike_G"],"damage_healed":0.0,"max_hp_gain":0.0,"max_hp_loss":0.0,"gold_gain":0.0,"event_name":"Golden Wing","player_choice":"Card Removal","floor":4.0,"gold_loss":0.0,"damage_taken":7.0},{"damage_healed":0.0,"max_hp_gain":0.0,"max_hp_loss":0.0,"gold_gain":75.0,"event_name":"World of Goop","player_choice":"Gather Gold","floor":7.0,"gold_loss":0.0,"damage_taken":11.0},{"cards_removed":["Terror"],"damage_healed":64.0,"max_hp_gain":0.0,"max_hp_loss":0.0,"gold_gain":0.0,"event_name":"Bonfire Elementals","player_choice":"Offered Uncommon","floor":14.0,"gold_loss":0.0,"damage_taken":0.0},{"damage_healed":0.0,"max_hp_gain":0.0,"max_hp_loss":0.0,"gold_gain":0.0,"event_name":"The Mausoleum","player_choice":"Ignored","floor":20.0,"gold_loss":0.0,"damage_taken":0.0},{"damage_healed":0.0,"max_hp_gain":0.0,"max_hp_loss":0.0,"gold_gain":99.0,"event_name":"Nest","player_choice":"Stole From Cult","floor":22.0,"gold_loss":0.0,"damage_taken":0.0},{"damage_healed":0,"gold_gain":0,"player_choice":"2 cards matched","damage_taken":0,"max_hp_gain":0,"max_hp_loss":0,"event_name":"Match and Keep!","floor":25,"gold_loss":0,"cards_obtained":["Well Laid Plans","Venomology"]},{"damage_healed":0,"gold_gain":0,"player_choice":"Forge","damage_taken":0,"max_hp_gain":0,"max_hp_loss":0,"event_name":"Accursed Blacksmith","floor":37,"gold_loss":0,"cards_upgraded":["Burst"]},{"cards_removed":["Well Laid Plans"],"damage_healed":0,"gold_gain":0,"player_choice":"Removed Power","damage_taken":0,"max_hp_gain":0,"max_hp_loss":0,"event_name":"Falling","floor":47,"gold_loss":0}],"is_beta":false,"boss_relics":[{"not_picked":["Runic Pyramid","Tiny House"],"picked":"SlaversCollar"},{"not_picked":["Snecko Eye","Calling Bell"],"picked":"Empty Cage"}],"items_purged_floors":[19,31,36],"is_endless":false,"potions_floor_spawned":[2,11,16,18,29,39,48],"ascension_level":13}}