{"host":"e8rlfedn69rz2s07","time":1607885587,"event":{"mods":["BaseMod","Challenge The Spire","Hubris","Infinite Spire","Minty Spire (QoL Compilation)","Permanent Neow","Relic Stats","Replay The Spire","Shop Mod","StSLib"],"gold_per_floor":[31,31,86,161,189,189,189,189,243,274,332,332,332,67,137,149,149],"floor_reached":16,"playtime":662,"items_purged":["Strike_R"],"score":350,"play_id":"efd45c72-b874-438b-942a-cab554994d78","local_time":"20201213205307","daily_mods":["challengethespire:Platinum Difficulty","challengethespire:Elite Rush","Uncertain Future"],"is_ascension_mode":true,"campfire_choices":[{"data":"Bash","floor":2,"key":"SMITH"},{"data":"Spot Weakness","floor":7,"key":"SMITH"},{"data":"Immolate","floor":8,"key":"SMITH"},{"floor":13,"key":"REST"}],"circlet_count":0,"master_deck":["AscendersBane","Bash+1","HandOfGreed+1","Demonic Infusion+1","Spot Weakness+1","True Grit","Immolate+1","Rage","Flame Barrier","Sword Boomerang","ReplayTheSpireMod:Strike From Hell","Heavy Blade","Berserk","Hemogenesis","Heavy Blade","Offering","Pommel Strike","ReplayTheSpireMod:Muscle Training","ReplayTheSpireMod:Stacked","Ghostly Armor"],"relics":["Burning Blood","Black Star","Sling","PreservedInsect","Guide Book","infinitespire:PuzzleCube","MealTicket","Ornamental Fan","infinitespire:Satchel","Replay:Wax Seal","Art of War","Painkiller Herb","The Courier","Akabeko","Self Forming Clay","Eternal Feather","hubris:SphereOfDissonance","Regal Pillow","Pandora\u0027s Box","Chemical X","MawBank","infinitespire:WardingShard"],"acts_visited":["Exordium"],"potions_floor_usage":[9,15,15,16],"damage_taken":[{"damage":13,"enemies":"Lagavulin","floor":3,"turns":5},{"damage":10,"enemies":"3 Sentries","floor":4,"turns":6},{"damage":13,"enemies":"Gremlin Nob","floor":5,"turns":3},{"damage":3,"enemies":"Slavers","floor":9,"turns":3},{"damage":28,"enemies":"Book of Stabbing","floor":10,"turns":3},{"damage":0,"enemies":"Gremlin Leader","floor":11,"turns":3},{"damage":57,"enemies":"Reptomancer","floor":15,"turns":4},{"damage":54,"enemies":"Nemesis","floor":16,"turns":4}],"seed_played":"5858833514454313835","potions_obtained":[{"floor":4,"key":"Fire Potion"},{"floor":10,"key":"Weak Potion"},{"floor":15,"key":"Weak Potion"}],"is_trial":true,"path_per_floor":["$","R","E","E","E","T","T","T","E","E","E","T","T","T","E","E"],"character_chosen":"IRONCLAD","items_purchased":["HandOfGreed","Demonic Infusion","Guide Book","DistilledChaos","Strength Potion","Chemical X","ReplayTheSpireMod:Muscle Training","ReplayTheSpireMod:Stacked"],"campfire_rested":1,"item_purchase_floors":[1,1,1,1,1,14,14,14],"current_hp_per_floor":[68,68,61,57,50,50,50,50,53,31,37,37,75,75,25,0,0],"gold":149,"neow_bonus":"","is_daily":false,"chose_seed":false,"campfire_upgraded":3,"win_rate":0.0,"timestamp":1607885587,"path_taken":["$","R","E","E","E","T","T","T","E","E","E","T","T","T","E","E"],"items_purchased_type":["Card","Card","Relic","Potion","Potion","Relic","Card","Card"],"build_version":"2020-11-30","purchased_purges":1,"victory":false,"max_hp_per_floor":[75,75,75,75,75,75,75,75,75,75,75,75,75,75,75,75,75],"relic_stats":{"Regal Pillow":7,"counters":[8,31],"Self Forming Clay":[21],"Eternal Feather":9,"PreservedInsect":336,"MawBank":12,"Burning Blood":42,"Ornamental Fan":[20],"MealTicket":0,"Pandora\u0027s Box":["Sword Boomerang","ReplayTheSpireMod:Strike From Hell","Heavy Blade","Berserk","Hemogenesis","Heavy Blade","Offering","Pommel Strike"],"Black Star":7,"Art of War":[3],"Chemical X":[1],"obtain_stats":[{"Regal Pillow":11,"Self Forming Clay":10,"Guide Book":1,"hubris:SphereOfDissonance":11,"Painkiller Herb":6,"Eternal Feather":10,"PreservedInsect":0,"The Courier":9,"Sling":0,"MawBank":15,"Burning Blood":0,"Akabeko":9,"infinitespire:WardingShard":15,"Ornamental Fan":4,"infinitespire:Satchel":4,"MealTicket":3,"Pandora\u0027s Box":12,"Black Star":0,"Art of War":5,"Chemical X":14,"Replay:Wax Seal":5,"infinitespire:PuzzleCube":3},{"Regal Pillow":6,"Self Forming Clay":5,"Guide Book":0,"hubris:SphereOfDissonance":6,"Painkiller Herb":3,"Eternal Feather":5,"PreservedInsect":0,"The Courier":4,"Sling":0,"MawBank":7,"Burning Blood":0,"Akabeko":4,"infinitespire:WardingShard":7,"Ornamental Fan":2,"infinitespire:Satchel":2,"MealTicket":1,"Pandora\u0027s Box":6,"Black Star":0,"Art of War":3,"Chemical X":6,"Replay:Wax Seal":3,"infinitespire:PuzzleCube":1},{"Regal Pillow":23,"Self Forming Clay":20,"Guide Book":0,"hubris:SphereOfDissonance":23,"Painkiller Herb":14,"Eternal Feather":20,"PreservedInsect":0,"The Courier":17,"Sling":0,"MawBank":27,"Burning Blood":0,"Akabeko":17,"infinitespire:WardingShard":27,"Ornamental Fan":11,"infinitespire:Satchel":11,"MealTicket":5,"Pandora\u0027s Box":23,"Black Star":0,"Art of War":14,"Chemical X":23,"Replay:Wax Seal":14,"infinitespire:PuzzleCube":5}]},"card_choices":[],"player_experience":703912,"relics_obtained":[{"floor":3,"key":"infinitespire:PuzzleCube"},{"floor":3,"key":"MealTicket"},{"floor":4,"key":"Ornamental Fan"},{"floor":4,"key":"infinitespire:Satchel"},{"floor":5,"key":"Replay:Wax Seal"},{"floor":5,"key":"Art of War"},{"floor":9,"key":"The Courier"},{"floor":9,"key":"Akabeko"},{"floor":10,"key":"Self Forming Clay"},{"floor":10,"key":"Eternal Feather"},{"floor":11,"key":"hubris:SphereOfDissonance"},{"floor":11,"key":"Regal Pillow"},{"floor":15,"key":"MawBank"},{"floor":15,"key":"infinitespire:WardingShard"}],"event_choices":[],"is_beta":false,"boss_relics":[{"not_picked":["Runic Pyramid","Replay:Drink Me"],"picked":"Painkiller Herb"},{"not_picked":["infinitespire:Burning Sword","hubris:BlackHole"],"picked":"Pandora\u0027s Box"}],"items_purged_floors":[1],"is_endless":false,"potions_floor_spawned":[4,10,15],"killed_by":"Nemesis","ascension_level":20}}