{"host":"wc8dlsuapnihxz7u","time":1607819274,"event":{"mods":["2.2 Compatiblity","A Magickal Journey","AchievementEnabler","Act Like it!","AlwaysNeverKeys","Ascension Reborn","Aspiration","BaseMod","Better Altar","BetterRewards","Challenge The Spire","Conspire","Downfall","Energized Spire","GifTheSpireLib","Halation","Hubris","Infinite Spire","Koishi","Minty Spire (QoL Compilation)","Permanent Neow","Quick Restart","Replay The Spire","Shop Mod","Spikes Relics","StSLib","Stuff the Spire","SuperFastMode","The Administrix","The Construct","The Exalted","vexMod"],"gold_per_floor":[112,112,112,127,127,127,139,157,157,157,167,193,207,242,242,347,347,360,360,360,234,296,296,310,338,410,429,429,445,461,488,488,590,590,601,601,618,658,708,708,738,499,525,525,543,543,555,573,573,573,573,573,523,548,548],"floor_reached":56,"playtime":1913,"items_purged":["construct:Defend_Gold","construct:Defend_Gold"],"score":1752,"play_id":"393c2c81-2c73-4648-b40c-4e1d39f8c6ba","local_time":"20201212192754","is_ascension_mode":false,"campfire_choices":[{"data":"construct:LaserCore","floor":6,"key":"SMITH"},{"data":"construct:BatteryCore","floor":28,"key":"SMITH"},{"data":"construct:FlameCore","floor":40,"key":"SMITH"},{"data":"construct:Autoturret","floor":44,"key":"SMITH"},{"data":"construct:Autoturret","floor":46,"key":"SMITH"},{"data":"construct:Autoturret","floor":49,"key":"SMITH"},{"data":"construct:ScopeCore","floor":52,"key":"SMITH"}],"circlet_count":0,"master_deck":["construct:Strike_Gold","construct:Strike_Gold","construct:Strike_Gold","construct:Strike_Gold","construct:Strike_Gold","construct:Defend_Gold","construct:AttackMode+1","construct:DefenseMode+1","construct:Isolate","construct:Reserves+1","construct:Tumble","construct:Tumble","construct:Autoturret+1","construct:Failsafe","construct:FlameCore+1","construct:ScopeCore","construct:Autoturret+1","construct:Autoturret+1","construct:LaserCore+1","construct:ScopeCore+1","construct:Autoturret+1","construct:BatteryCore+1","Delirium"],"relics":["construct:Cogwheel","Membership Card","Bird Faced Urn","Bromod:ArcaneAegis","vexMod:PaidLearning","ReplayTheSpireMod:Lightbulb","Strawberry","Replay:Towering Pillar of Hats","Quantum Egg","Rawhide","Bag of Marbles","infinitespire:CheckeredPen","Anchor","Lee\u0027s Waffle","Orichalcum","halation:Sosunser","Blue Doll","construct:MasterCore","TungstenRod","TheAbacus","HornCleat","LugNut","aspiration:ArtOfWarUpgrade","Blood Vial","hubris:ScarierMask","hubris:Towel","Ring of Peace","ReplayTheSpireMod:Ring of Exchange","Gremlin Horn","aspiration:Lifesprig","hubris:CuriousFeather","StuffTheSpire:ForceGauntlet","RetroEgg","conspire:SpecialSausage","Bromod:ArcaneFury","Bromod:ArcaneUltimatum","WizardHat","Juzu Bracelet","Bromod:ArcaneDeflection","PreservedInsect","Bottled Flame"],"acts_visited":["Exordium","TheCity","TheBeyond","TheEnding"],"potions_floor_usage":[55,55],"damage_taken":[{"damage":0,"enemies":"2 Louse","floor":1,"turns":3},{"damage":0,"enemies":"Small Slimes","floor":4,"turns":3},{"damage":0,"enemies":"conspire:RoseBush","floor":7,"turns":1},{"damage":0,"enemies":"Large Slime","floor":8,"turns":4},{"damage":0,"enemies":"3 Louse","floor":11,"turns":2},{"damage":0,"enemies":"Replay:BlueRogue","floor":12,"turns":3},{"damage":0,"enemies":"conspire:2 RoseBushes","floor":13,"turns":3},{"damage":0,"enemies":"Gremlin Nob","floor":14,"turns":3},{"damage":9,"enemies":"The Guardian","floor":16,"turns":4},{"damage":0,"enemies":"2 Thieves","floor":18,"turns":3},{"damage":0,"enemies":"conspire:FuzzyDice","floor":24,"turns":3},{"damage":0,"enemies":"Replay:Snechameleon","floor":25,"turns":3},{"damage":0,"enemies":"Snake Plant","floor":27,"turns":2},{"damage":0,"enemies":"conspire:HollyBat","floor":29,"turns":4},{"damage":0,"enemies":"Cultist and Chosen","floor":30,"turns":3},{"damage":0,"enemies":"Gremlin Leader","floor":31,"turns":3},{"damage":4,"enemies":"Champ","floor":33,"turns":4},{"damage":0,"enemies":"3 Shapes","floor":35,"turns":3},{"damage":0,"enemies":"Orb Walker","floor":37,"turns":2},{"damage":5,"enemies":"conspire:MimicChest","floor":38,"turns":4},{"damage":3,"enemies":"Mind Bloom Boss Battle","floor":39,"turns":5},{"damage":0,"enemies":"R_Hoarder","floor":41,"turns":3},{"damage":0,"enemies":"Maw","floor":45,"turns":4},{"damage":0,"enemies":"Sphere and 2 Shapes","floor":47,"turns":2},{"damage":0,"enemies":"Jaw Worm Horde","floor":48,"turns":2},{"damage":3,"enemies":"Donu and Deca","floor":50,"turns":3},{"damage":0,"enemies":"Shield and Spear","floor":54,"turns":2},{"damage":0,"enemies":"The Heart","floor":55,"turns":5}],"seed_played":"8313074588045604868","potions_obtained":[{"floor":1,"key":"Guardian:BlockOnCardUsePotion"},{"floor":12,"key":"Explosive Potion"},{"floor":13,"key":"Energy Potion"},{"floor":22,"key":"champ:CounterPotion"}],"is_trial":false,"path_per_floor":["M","?","?","M","?","R","M","M","T","?","M","E","M","E","R","B",null,"M","?","?","$","?","R","M","E","T","M","R","M","M","E","R","B",null,"M","?","M","?","?","R","E","$","T","R","M","R","M","M","R","B",null,"R","$","E","B",null],"character_chosen":"THE_CONSTRUCT_MOD","items_purchased":["Membership Card","Bird Faced Urn","vexMod:PaidLearning","construct:Isolate","ReplayTheSpireMod:Lightbulb","Strawberry","construct:Reserves","Quantum Egg","construct:Tumble","construct:Autoturret","construct:Failsafe","Rawhide","construct:FlameCore","Bag of Marbles","construct:ScopeCore","infinitespire:CheckeredPen","construct:Autoturret","Anchor","construct:Autoturret","construct:LaserCore","Lee\u0027s Waffle","Orichalcum","construct:ScopeCore","halation:Sosunser","Blue Doll","construct:MasterCore","TungstenRod","TheAbacus","HornCleat","construct:Autoturret+1","Gremlin Horn","Juzu Bracelet","Bromod:ArcaneDeflection"],"campfire_rested":0,"item_purchase_floors":[0,0,0,0,0,0,0,0,0,0,0,0,0,0,0,0,0,0,0,0,0,0,0,0,0,0,0,0,0,0,21,42,42],"current_hp_per_floor":[99,99,99,99,95,95,97,99,99,99,99,99,99,99,99,90,99,99,99,99,99,61,61,69,79,79,89,89,99,99,99,99,95,99,99,99,99,94,98,98,99,99,99,99,99,99,99,99,99,98,99,99,99,99,99],"gold":548,"neow_bonus":"","is_daily":false,"chose_seed":false,"campfire_upgraded":7,"win_rate":0.0,"timestamp":1607819274,"path_taken":["M","?","?","M","?","R","M","M","T","?","M","E","M","E","R","BOSS","M","?","?","?","?","R","M","E","T","M","R","M","M","E","R","BOSS","M","?","?","?","?","R","E","$","T","R","M","R","M","M","R","BOSS","R","$","E","BOSS"],"items_purchased_type":["Relic","Relic","Relic","Card","Relic","Relic","Card","Relic","Card","Card","Card","Relic","Card","Relic","Card","Relic","Card","Relic","Card","Card","Relic","Relic","Card","Relic","Relic","Relic","Relic","Relic","Relic","Card","Relic","Relic","Relic"],"build_version":"2020-11-30","purchased_purges":2,"victory":true,"max_hp_per_floor":[99,99,99,99,99,99,99,99,99,99,99,99,99,99,99,99,99,99,99,99,99,99,99,99,99,99,99,99,99,99,99,99,99,99,99,99,99,99,99,99,99,99,99,99,99,99,99,99,99,99,99,99,99,99,99],"card_choices":[{"not_picked":["construct:SyphonStrike","construct:Versatility","construct:Backfire"],"picked":"SKIP","floor":1},{"not_picked":["construct:ShiftStrike","construct:Antimatter","construct:PointDefense"],"picked":"SKIP","floor":4},{"not_picked":["construct:VentSteam","construct:Multistage","construct:ShiftStrike"],"picked":"SKIP","floor":7},{"not_picked":["construct:VentSteam","construct:SaveState","construct:Backfire"],"picked":"SKIP","floor":8},{"not_picked":["construct:ChargeShot","construct:Missile","construct:PowerUp"],"picked":"SKIP","floor":11},{"not_picked":["construct:ChargeShot","construct:Missile","construct:PowerUp"],"picked":"SKIP","floor":11},{"not_picked":["construct:QuickAttack","construct:Synchronize","construct:Accumulate"],"picked":"SKIP","floor":12},{"not_picked":["construct:Autoturret","construct:Anticipate"],"picked":"construct:BatteryCore","floor":13},{"not_picked":["construct:FocusedBeam","construct:Analyze","construct:Autoturret"],"picked":"SKIP","floor":14},{"not_picked":["construct:Analyze","construct:SweepLaser","construct:ScrapCannon"],"picked":"SKIP","floor":18},{"not_picked":["construct:OmegaCannon+1","construct:Overcharge+1","construct:ScopeCore"],"picked":"SKIP","floor":24},{"not_picked":["construct:PanicFire","construct:ClusterMines","construct:Forcefield"],"picked":"SKIP","floor":25},{"not_picked":["construct:Backfire","construct:QuickAttack","construct:ElectricArmor"],"picked":"SKIP","floor":27},{"not_picked":["construct:Accumulate+1","construct:ModeShift","construct:HeavyBolt"],"picked":"SKIP","floor":29},{"not_picked":["construct:ScrapCannon+1","construct:SyphonStrike","construct:Forcefield"],"picked":"SKIP","floor":30},{"not_picked":["construct:ShiftStrike+1","construct:Backfire","construct:SweepLaser"],"picked":"SKIP","floor":31},{"not_picked":["construct:Backup","construct:ShiftStrike","construct:Autoturret+1"],"picked":"SKIP","floor":35},{"not_picked":["construct:Analyze","construct:VentSteam+1","construct:ScopeCore"],"picked":"SKIP","floor":37},{"not_picked":["construct:FocusedBeam","construct:ModeShift+1","construct:Analyze"],"picked":"SKIP","floor":41},{"not_picked":["construct:FierceBash+1","construct:Enhance","construct:Versatility"],"picked":"SKIP","floor":45},{"not_picked":["construct:HastyRepair","construct:ShiftStrike","construct:Versatility+1"],"picked":"SKIP","floor":47},{"not_picked":["construct:Anticipate","construct:Zapper","construct:Forcefield"],"picked":"SKIP","floor":48},{"not_picked":["construct:QuickAttack","construct:Forcefield+1","construct:HeavyBolt+1"],"picked":"SKIP","floor":54}],"player_experience":162837,"relics_obtained":[{"floor":9,"key":"LugNut"},{"floor":12,"key":"Art of War"},{"floor":14,"key":"Blood Vial"},{"floor":20,"key":"Ring of Peace"},{"floor":20,"key":"ReplayTheSpireMod:Ring of Exchange"},{"floor":22,"key":"aspiration:Lifesprig"},{"floor":25,"key":"hubris:CuriousFeather"},{"floor":26,"key":"StuffTheSpire:ForceGauntlet"},{"floor":31,"key":"RetroEgg"},{"floor":38,"key":"Bromod:ArcaneFury"},{"floor":39,"key":"Bromod:ArcaneUltimatum"},{"floor":41,"key":"WizardHat"},{"floor":43,"key":"PreservedInsect"},{"floor":54,"key":"Bottled Flame"}],"event_choices":[{"damage_healed":0,"gold_gain":0,"player_choice":"Leave","damage_taken":0,"max_hp_gain":0,"max_hp_loss":0,"event_name":"The Cleric","floor":2,"gold_loss":0},{"damage_healed":0,"gold_gain":0,"player_choice":"Leave","damage_taken":0,"max_hp_gain":0,"max_hp_loss":0,"event_name":"conspire:Investor","floor":3,"gold_loss":0},{"cards_removed":["construct:Defend_Gold"],"damage_healed":0,"gold_gain":0,"player_choice":"Card Removal","damage_taken":7,"max_hp_gain":0,"max_hp_loss":0,"event_name":"Golden Wing","floor":5,"gold_loss":0},{"damage_healed":0,"gold_gain":0,"player_choice":"Ignored","damage_taken":0,"max_hp_gain":0,"max_hp_loss":0,"event_name":"Golden Idol","floor":10,"gold_loss":0},{"cards_removed":["construct:Defend_Gold"],"damage_healed":0,"gold_gain":0,"player_choice":"Purged","damage_taken":0,"max_hp_gain":0,"max_hp_loss":0,"event_name":"Purifier","floor":36,"gold_loss":0},{"damage_healed":0,"gold_gain":0,"player_choice":"Fight","damage_taken":0,"max_hp_gain":0,"max_hp_loss":0,"event_name":"MindBloom","floor":39,"gold_loss":0}],"is_beta":false,"boss_relics":[{"not_picked":["hubris:CrackedHourglass","energizedSpire:RedRose"],"picked":"hubris:ScarierMask"},{"not_picked":["aspiration:RunicSpoon","halation:Yufonium"],"picked":"conspire:SpecialSausage"}],"items_purged_floors":[42,53],"is_endless":false,"potions_floor_spawned":[1,12,13,14,24,27,29,41,45,48,54],"ascension_level":0}}