{"host":"ds3v42j7tpaaz1mg","time":1607898733,"event":{"mods":["AchievementEnabler","Aspiration","BaseMod","Bestiary","Better Altar","Better Note","Better Sensory Stone","BetterRewards","Block Reminder","Colored Powertips","Conspire","Downfall","Energized Spire","Halation","Hermit","Highlight Path","Hubris","Infinite Spire","Jorbs\u0027s Wanderer Trilogy","Minty Spire (QoL Compilation)","Relic Stats","Replay The Spire","StSLib","The Elementalist","The Servant 0.9.4","vexMod"],"gold_per_floor":[116,131,131,168,118,118,312,312,312,333,333],"floor_reached":10,"playtime":286,"items_purged":[],"score":76,"play_id":"c50833ab-440d-497b-8c44-7edc6431afe1","local_time":"20201213173213","is_ascension_mode":true,"campfire_choices":[{"floor":6,"key":"REST"},{"data":"ReplayTheSpireMod:Dual Polarity","floor":8,"key":"SMITH"}],"circlet_count":0,"master_deck":["Strike_B","Strike_B","Strike_B","Strike_B","Defend_B","Defend_B","Defend_B","Defend_B","Zap","Dualcast","Doom and Gloom","Panic Button","Injury","Leap","conspire:SpireCoStock","ReplayTheSpireMod:Splinters","ReplayTheSpireMod:Dual Polarity+1"],"relics":["Cracked Core","InkBottle","Frozen Egg 2","Potion Belt","halation:IllGainedPizza"],"acts_visited":["Exordium"],"potions_floor_usage":[4,10],"damage_taken":[{"damage":5,"enemies":"Cultist","floor":1,"turns":4},{"damage":2,"enemies":"Jaw Worm","floor":2,"turns":3},{"damage":29,"enemies":"conspire:MimicChest","floor":4,"turns":5},{"damage":55,"enemies":"Lagavulin","floor":10,"turns":7}],"seed_played":"5453572278547437215","potions_obtained":[{"floor":1,"key":"PowerPotion"},{"floor":4,"key":"Fire Potion"}],"is_trial":false,"path_per_floor":["M","M","?","?","?","R","?","R","T","E"],"character_chosen":"DEFECT","items_purchased":["Doom and Gloom"],"campfire_rested":1,"item_purchase_floors":[0],"current_hp_per_floor":[63,61,61,32,32,54,54,54,54,0,0],"gold":333,"neow_bonus":"","is_daily":false,"chose_seed":false,"campfire_upgraded":1,"win_rate":0.0,"timestamp":1607898733,"path_taken":["M","M","?","?","?","R","?","R","T","E"],"items_purchased_type":["Card"],"build_version":"2020-11-30","purchased_purges":0,"victory":false,"max_hp_per_floor":[75,75,75,75,75,75,75,75,75,75,75],"relic_stats":{"counters":[15,71],"obtain_stats":[{"Potion Belt":4,"Replay:Grab Bag":19,"SacredBark":19,"halation:IllGainedPizza":9,"Frozen Egg 2":3,"Cursed Key":19,"Burning Blood":0,"hubris:Icosahedron":3,"Garlic":9,"Bag of Marbles":11,"energizedSpire:HugeHouse":19,"halation:AfternoonTea":12,"Kintsugi":19,"infinitespire:Eraser":22,"InkBottle":0},{"Potion Belt":14,"Replay:Grab Bag":9,"SacredBark":9,"halation:IllGainedPizza":14,"Frozen Egg 2":13,"Cursed Key":9,"Burning Blood":0,"hubris:Icosahedron":2,"Garlic":4,"Bag of Marbles":5,"energizedSpire:HugeHouse":9,"halation:AfternoonTea":6,"Kintsugi":9,"infinitespire:Eraser":10,"InkBottle":11},{"Potion Belt":64,"Replay:Grab Bag":34,"SacredBark":34,"halation:IllGainedPizza":64,"Frozen Egg 2":59,"Cursed Key":34,"Burning Blood":0,"hubris:Icosahedron":5,"Garlic":10,"Bag of Marbles":14,"energizedSpire:HugeHouse":34,"halation:AfternoonTea":21,"Kintsugi":34,"infinitespire:Eraser":43,"InkBottle":52}],"InkBottle":[5]},"card_choices":[{"not_picked":["Turbo","Hello World","Beam Cell"],"picked":"SKIP","floor":1},{"not_picked":["Go for the Eyes","Ball Lightning"],"picked":"Panic Button","floor":2},{"not_picked":["ReplayTheSpireMod:Dual Polarity","Ball Lightning"],"picked":"Leap","floor":4},{"not_picked":["Cold Snap","Chaos"],"picked":"ReplayTheSpireMod:Dual Polarity","floor":7}],"player_experience":537886,"relics_obtained":[{"floor":4,"key":"Potion Belt"},{"floor":9,"key":"halation:IllGainedPizza"}],"event_choices":[{"damage_healed":0,"gold_gain":0,"player_choice":"Invest 1","damage_taken":0,"max_hp_gain":0,"max_hp_loss":0,"event_name":"conspire:Investor","floor":5,"gold_loss":0}],"is_beta":false,"boss_relics":[],"items_purged_floors":[],"is_endless":false,"potions_floor_spawned":[1,4],"killed_by":"Lagavulin","ascension_level":8}}