{"host":"exexdi9os29xec1d","time":1607849989,"event":{"mods":["Act Like it!","BaseMod","Colored Map","Conspire","Downfall","Gensokyo","Hero for Fun","Hubris","Infinite Spire","Marisa（F雨　魔理沙）","Minty Spire (QoL Compilation)","READ ME - Guardian Mod","Remilia（蕾米莉亚）","Replay The Spire","Shop Mod","StSLib","The Animator","The Bug Knight","The Cursed","The Disciple","The Hierophant","The Necromancer","The Servant 0.9.4","Youmu（魂魄妖梦）","[地精首领爬塔]The Maniac"],"gold_per_floor":[110,110,110,58,76,76,211,211,237,256,275,275,275],"floor_reached":12,"playtime":615,"items_purged":[],"score":78,"play_id":"c9ae0017-289b-47ad-9e73-0e88f24c299e","local_time":"20201213165949","is_ascension_mode":false,"campfire_choices":[{"data":"HollowMod:PogoStrike","floor":6,"key":"SMITH"},{"data":"HollowMod:QuickDashStart","floor":8,"key":"SMITH"}],"circlet_count":0,"master_deck":["HollowMod:NailStrikeStart","HollowMod:NailStrikeStart","HollowMod:NailStrikeStart","HollowMod:NailStrikeStart","HollowMod:QuickDashStart","HollowMod:QuickDashStart","HollowMod:QuickDashStart","HollowMod:QuickDashStart+1","HollowMod:FocusHealStart","HollowMod:PogoStrike+1","HollowMod:BlackTendrils+1","HollowMod:LifebloodCore","HollowMod:SiblingsShadow","HollowMod:WraithStrike","hubris:NaturalOne","HollowMod:CloakDash"],"relics":["HollowMod:VesselMask","Replay:Baseball","hubris:Icosahedron","HollowMod:LifeEnderRelic","Replay:Wax Seal","Bag of Preparation"],"acts_visited":[],"potions_floor_usage":[12,12],"damage_taken":[{"damage":1,"enemies":"Cultist","floor":1,"turns":3},{"damage":1,"enemies":"Jaw Worm","floor":5,"turns":3},{"damage":19,"enemies":"3 Sentries","floor":7,"turns":8},{"damage":0,"enemies":"2 Louse","floor":10,"turns":2},{"damage":17,"enemies":"Large Slime","floor":11,"turns":7},{"damage":58,"enemies":"Nightmare","floor":12,"turns":9}],"seed_played":"-4729748411280860196","potions_obtained":[{"floor":7,"key":"ColorlessPotion"},{"floor":10,"key":"Block Potion"}],"is_trial":false,"path_per_floor":["M","?","?","$","M","R","E","R","T","M","M","NM"],"character_chosen":"THE_BUGKNIGHT","items_purchased":["HollowMod:BlackTendrils+1"],"campfire_rested":0,"item_purchase_floors":[4],"current_hp_per_floor":[74,74,74,74,75,75,59,59,59,59,48,0,0],"gold":275,"neow_bonus":"RANDOM_COMMON_RELIC","is_daily":false,"chose_seed":false,"campfire_upgraded":2,"win_rate":0.0,"timestamp":1607849989,"path_taken":["M","?","?","$","M","R","E","R","T","?","M","NM"],"items_purchased_type":["Card"],"build_version":"2020-11-30","purchased_purges":0,"victory":false,"max_hp_per_floor":[75,75,75,75,75,75,75,75,75,75,75,75,75],"card_choices":[{"not_picked":["HollowMod:ShadowDash","HollowMod:InfectedCysts"],"picked":"HollowMod:SoulStrike","floor":1},{"not_picked":["HollowMod:TaintedHusks","HollowMod:SoulEater"],"picked":"HollowMod:LifebloodCore","floor":5},{"not_picked":["HollowMod:CoiledNail","HollowMod:Hiveblood"],"picked":"HollowMod:SiblingsShadow","floor":7},{"not_picked":["HollowMod:VengefulVoid","HollowMod:BlackTendrils"],"picked":"HollowMod:WraithStrike","floor":10},{"not_picked":["HollowMod:DreamGate","HollowMod:GreatSlash"],"picked":"HollowMod:CloakDash","floor":11}],"player_experience":17565,"relics_obtained":[{"floor":7,"key":"Replay:Wax Seal"},{"floor":9,"key":"Bag of Preparation"}],"event_choices":[{"cards_removed":["HollowMod:SoulStrike"],"damage_healed":0,"gold_gain":0,"player_choice":"Gave Card","damage_taken":0,"relics_obtained":["HollowMod:LifeEnderRelic"],"max_hp_gain":0,"max_hp_loss":0,"event_name":"WeMeetAgain","floor":3,"gold_loss":0}],"is_beta":false,"boss_relics":[],"items_purged_floors":[],"is_endless":false,"potions_floor_spawned":[7,10],"killed_by":"Nightmare","ascension_level":0}}