{"host":"tpbmol9dayg75a5s","time":1607833361,"event":{"mods":["2.2 Compatiblity","BaseMod","Bestiary","Block Reminder","Colored Powertips","Downfall","Minty Spire (QoL Compilation)","Relic Stats","StSLib"],"gold_per_floor":[99,99,249,282,6,34,34,34,53,85,104,16,32,32,50,150,450,300,300,300,300,300,6,79,104,104,139,159,173,191,23,36,134,134,134,152,166,166,196,196,196,200,214,139,156,28,28,28,41,41,41,70,23,23,23],"floor_reached":56,"playtime":6314,"items_purged":["Regret","champ:Defend","champ:Defend","champ:Strike","Writhe"],"score":1631,"play_id":"50096022-0542-4ec3-8172-38a37538a48a","local_time":"20201213012241","is_ascension_mode":false,"campfire_choices":[{"floor":1,"key":"RECALL"},{"data":"champ:HoldFirm","floor":8,"key":"SMITH"},{"data":"champ:PerfectForm","floor":18,"key":"SMITH"},{"data":"champ:FaceSlap","floor":20,"key":"SMITH"},{"data":"champ:Shatter","floor":22,"key":"SMITH"},{"data":"champ:IronFortress","floor":35,"key":"SMITH"},{"data":"champ:CheapShot","floor":38,"key":"SMITH"},{"data":"champ:IgnorePain","floor":40,"key":"SMITH"},{"data":"champ:HeavySlash","floor":44,"key":"SMITH"},{"data":"champ:TornadoPunch","floor":54,"key":"SMITH"}],"circlet_count":0,"master_deck":["champ:Strike","champ:Defend","champ:Defend","champ:Execute","champ:Taunt","Slimebound:Icky","champ:BerserkersShout","champ:HoldFirm+1","champ:Shatter+1","champ:RecklessLeap","champ:DefensiveShout","champ:BringItOn","champ:ArenaPreparation","champ:TornadoPunch+1","champ:StanceDance","champ:FaceSlap+1","champ:FanOfKnives","champ:PerfectForm+1","CurseOfTheBell","champ:HeavySlash+1","champ:EndlessRage","champ:Lariat","champ:DeathBlow","champ:Backstep","champ:PreciseThrust+1","Secret Technique","champ:CheapShot+1","champ:BerserkerStyle","champ:DeathBlow+1","champ:IgnorePain+1","champ:ShieldWall+1","champ:PerfectForm+1","champ:Backstep+1","champ:RecklessLeap","champ:EndlessRage","champ:LastStand","Mind Blast"],"relics":["champ:ChampionCrown","downfall:HeartsMalice","Meat on the Bone","sneckomod:BlankCard","Bag of Preparation","Strawberry","Bronze Scales","Calling Bell","hexamod:BolsterEngine","InkBottle","Old Coin","downfall:HeartBlessingRed","downfall:HeartBlessingGreen","Membership Card","Gremlin Horn","TungstenRod","PreservedInsect","Cursed Key","Art of War","champ:DefensiveTrainingManual","Toy Ornithopter","DollysMirror","downfall:HeartBlessingBlue","Medical Kit","Happy Flower"],"acts_visited":["Exordium","TheCity","TheBeyond","TheEnding"],"potions_floor_usage":[10,10],"damage_taken":[{"damage":0,"enemies":"Gremlin Nob","floor":4,"turns":1},{"damage":0,"enemies":"downfall:FleeingMerchant","floor":5,"turns":1},{"damage":0,"enemies":"3 Sentries","floor":6,"turns":1},{"damage":18,"enemies":"2 Louse","floor":9,"turns":2},{"damage":38,"enemies":"Gremlin Nob","floor":10,"turns":4},{"damage":0,"enemies":"Jaw Worm","floor":11,"turns":3},{"damage":26,"enemies":"downfall:FleeingMerchant","floor":12,"turns":4},{"damage":25,"enemies":"Cultist","floor":13,"turns":2},{"damage":15,"enemies":"3 Louse","floor":15,"turns":2},{"damage":49,"enemies":"downfall:Watcher","floor":16,"turns":6},{"damage":29,"enemies":"downfall:FleeingMerchant","floor":23,"turns":4},{"damage":17,"enemies":"Gremlin Leader","floor":25,"turns":4},{"damage":40,"enemies":"Book of Stabbing","floor":27,"turns":5},{"damage":31,"enemies":"Spheric Guardian","floor":28,"turns":3},{"damage":21,"enemies":"Shell Parasite","floor":29,"turns":4},{"damage":32,"enemies":"Cultist and Chosen","floor":30,"turns":4},{"damage":31,"enemies":"downfall:FleeingMerchant","floor":31,"turns":4},{"damage":41,"enemies":"Sentry and Sphere","floor":32,"turns":4},{"damage":53,"enemies":"downfall:Silent","floor":33,"turns":8},{"damage":33,"enemies":"Orb Walker","floor":36,"turns":3},{"damage":39,"enemies":"3 Darklings","floor":37,"turns":5},{"damage":55,"enemies":"Reptomancer","floor":39,"turns":3},{"damage":10,"enemies":"downfall:FleeingMerchant","floor":42,"turns":3},{"damage":53,"enemies":"Maw","floor":43,"turns":5},{"damage":27,"enemies":"Sphere and 2 Shapes","floor":45,"turns":4},{"damage":15,"enemies":"3 Darklings","floor":49,"turns":5},{"damage":82,"enemies":"downfall:Defect","floor":50,"turns":9},{"damage":95,"enemies":"downfall:CharBossMerchant","floor":52,"turns":7},{"damage":331,"enemies":"downfall:NeowBoss","floor":55,"turns":25}],"seed_played":"3494332452675917924","potions_obtained":[{"floor":6,"key":"LiquidMemories"},{"floor":10,"key":"EntropicBrew"},{"floor":32,"key":"hexamod:EctoCoolerPotion"},{"floor":39,"key":"champ:UltimateStancePotion"}],"is_trial":false,"path_per_floor":["R","?","?","E","$","E","T","R","M","E","M","$","M","?","M","B",null,"R","?","R","?","R","$","T","E","?","E","M","M","M","$","M","B",null,"R","M","M","R","E","R","T","$","M","R","M","$","?","?","M","B",null,"E","$","R","B",null],"character_chosen":"THE_CHAMP","items_purchased":["champ:HoldFirm","champ:Shatter","champ:TornadoPunch","champ:StanceDance","Membership Card","champ:HeavySlash","Secret Technique","champ:DefensiveTrainingManual","Toy Ornithopter","DollysMirror","LiquidMemories","champ:RecklessLeap","Mind Blast"],"campfire_rested":0,"item_purchase_floors":[5,5,12,12,23,23,31,42,42,42,42,46,53],"current_hp_per_floor":[90,90,90,90,90,90,97,97,97,79,79,79,78,78,78,64,97,97,78,78,78,78,90,90,87,87,93,102,97,97,95,102,95,102,102,98,99,99,98,98,98,102,102,112,112,112,112,112,112,112,112,112,112,112,112],"gold":23,"neow_bonus":"THREE_ENEMY_KILL","is_daily":false,"chose_seed":false,"campfire_upgraded":9,"win_rate":0.0,"timestamp":1607833361,"path_taken":["R","?","?","E","$","E","T","R","M","E","M","$","M","?","M","BOSS","R","?","R","?","R","?","T","E","?","E","M","M","M","$","M","BOSS","R","M","M","R","E","R","T","?","M","R","M","$","?","?","M","BOSS","E","$","R","BOSS"],"items_purchased_type":["Card","Card","Card","Card","Relic","Card","Card","Relic","Relic","Relic","Potion","Card","Card"],"build_version":"2020-11-30","purchased_purges":5,"victory":true,"max_hp_per_floor":[90,90,90,90,90,90,97,97,97,97,97,97,97,97,97,97,97,97,102,102,102,102,102,102,102,102,102,102,102,102,102,102,102,102,102,102,102,102,102,102,102,102,102,112,112,112,112,112,112,112,112,112,112,112,112],"relic_stats":{"Gremlin Horn":[16,16],"Happy Flower":[8],"counters":[29,135],"PreservedInsect":157,"Bag of Preparation":[52],"Cursed Key":1,"Medical Kit":[1],"Bronze Scales":[307],"Art of War":[9],"obtain_stats":[{"Gremlin Horn":24,"sneckomod:BlankCard":4,"champ:ChampionCrown":0,"downfall:HeartBlessingGreen":18,"Bag of Preparation":6,"Cursed Key":34,"Old Coin":17,"champ:DefensiveTrainingManual":42,"DollysMirror":42,"downfall:HeartBlessingBlue":44,"Strawberry":7,"InkBottle":17,"downfall:HeartBlessingRed":18,"Happy Flower":52,"downfall:HeartsMalice":0,"PreservedInsect":27,"Medical Kit":52,"Calling Bell":17,"Bronze Scales":10,"Art of War":39,"Membership Card":23,"hexamod:BolsterEngine":17,"TungstenRod":25,"Toy Ornithopter":42,"Meat on the Bone":2},{"Gremlin Horn":11,"sneckomod:BlankCard":1,"champ:ChampionCrown":0,"downfall:HeartBlessingGreen":10,"Bag of Preparation":3,"Cursed Key":19,"Old Coin":10,"champ:DefensiveTrainingManual":23,"DollysMirror":23,"downfall:HeartBlessingBlue":24,"Strawberry":3,"InkBottle":10,"downfall:HeartBlessingRed":10,"Happy Flower":28,"downfall:HeartsMalice":0,"PreservedInsect":13,"Medical Kit":28,"Calling Bell":10,"Bronze Scales":5,"Art of War":22,"Membership Card":11,"hexamod:BolsterEngine":10,"TungstenRod":12,"Toy Ornithopter":23,"Meat on the Bone":0},{"Gremlin Horn":30,"sneckomod:BlankCard":1,"champ:ChampionCrown":0,"downfall:HeartBlessingGreen":26,"Bag of Preparation":3,"Cursed Key":66,"Old Coin":26,"champ:DefensiveTrainingManual":80,"DollysMirror":80,"downfall:HeartBlessingBlue":85,"Strawberry":3,"InkBottle":26,"downfall:HeartBlessingRed":26,"Happy Flower":110,"downfall:HeartsMalice":0,"PreservedInsect":39,"Medical Kit":110,"Calling Bell":26,"Bronze Scales":9,"Art of War":77,"Membership Card":30,"hexamod:BolsterEngine":26,"TungstenRod":34,"Toy Ornithopter":80,"Meat on the Bone":0}],"InkBottle":[36],"TungstenRod":196,"Toy Ornithopter":0,"Meat on the Bone":36},"card_choices":[{"not_picked":["champ:StanceDance","champ:CrookedStrike"],"picked":"champ:IronFortress","floor":4},{"not_picked":["champ:FaceSlap","champ:FlashCut"],"picked":"champ:BerserkersShout","floor":5},{"not_picked":["champ:DancingMaster","champ:DeathBlow"],"picked":"champ:RecklessLeap","floor":6},{"not_picked":["champ:BerserkersShout","champ:SkillfulDodge"],"picked":"champ:DefensiveShout","floor":9},{"not_picked":["champ:BladeFlurry","champ:StanceDance"],"picked":"champ:BringItOn","floor":10},{"not_picked":["champ:FanOfKnives","champ:RecklessLeap","champ:CrookedStrike"],"picked":"SKIP","floor":11},{"not_picked":["champ:BladeFlurry","champ:BerserkersShout"],"picked":"champ:ArenaPreparation","floor":12},{"not_picked":["champ:Backstep","champ:Circumvent"],"picked":"champ:FaceSlap","floor":13},{"not_picked":["champ:GutPunch","champ:FanOfKnives","champ:FlashCut"],"picked":"SKIP","floor":15},{"not_picked":["champ:StrikeOfGenius","champ:SwordThrow"],"picked":"champ:PerfectForm","floor":16},{"not_picked":["champ:Haymaker","champ:StanceDance","champ:RecklessLeap"],"picked":"SKIP","floor":23},{"not_picked":["champ:AdrenalArmor","champ:PerfectedStrike"],"picked":"champ:EndlessRage","floor":25},{"not_picked":["champ:SwordThrow","champ:TornadoPunch","champ:CrookedStrike"],"picked":"SKIP","floor":27},{"not_picked":["champ:Backstep","champ:EnGarde"],"picked":"champ:Lariat","floor":28},{"not_picked":["champ:IronFortress","champ:DefensiveShout+1"],"picked":"champ:DeathBlow","floor":29},{"not_picked":["champ:AdrenalArmor+1","champ:StanceDance"],"picked":"champ:Backstep","floor":30},{"not_picked":["champ:BringItOn","champ:FlashCut"],"picked":"champ:PreciseThrust+1","floor":31},{"not_picked":["champ:Shatter","champ:AdrenalArmor","champ:FlashCut+1"],"picked":"SKIP","floor":32},{"not_picked":["champ:LastStand","champ:IgnorePain"],"picked":"champ:CheapShot","floor":33},{"not_picked":["champ:FanOfKnives+1","champ:PreciseThrust+1"],"picked":"champ:BerserkerStyle","floor":36},{"not_picked":["champ:FaceSlap","champ:Riposte"],"picked":"champ:DeathBlow+1","floor":37},{"not_picked":["champ:SwordThrow","champ:DeathBlow"],"picked":"champ:IgnorePain","floor":39},{"not_picked":["champ:FanOfKnives","champ:Backstep"],"picked":"champ:ShieldWall+1","floor":42},{"not_picked":["champ:FocusedDefense","champ:EnGarde"],"picked":"champ:Backstep+1","floor":43},{"not_picked":["champ:FlashCut","champ:EnGarde","champ:GladiatorsShout"],"picked":"SKIP","floor":45},{"not_picked":["champ:FanOfKnives","champ:Encircle+1"],"picked":"champ:EndlessRage","floor":49},{"not_picked":["champ:FocusedBerserking+1","champ:DefensiveShout+1"],"picked":"champ:LastStand","floor":52}],"player_experience":912644,"relics_obtained":[{"floor":4,"key":"sneckomod:BlankCard"},{"floor":6,"key":"Bag of Preparation"},{"floor":7,"key":"Strawberry"},{"floor":10,"key":"Bronze Scales"},{"floor":17,"key":"hexamod:BolsterEngine"},{"floor":17,"key":"InkBottle"},{"floor":17,"key":"Old Coin"},{"floor":24,"key":"Gremlin Horn"},{"floor":25,"key":"TungstenRod"},{"floor":27,"key":"PreservedInsect"},{"floor":39,"key":"Art of War"},{"floor":52,"key":"Medical Kit"},{"floor":52,"key":"Happy Flower"}],"event_choices":[{"damage_healed":0,"gold_gain":0,"player_choice":"Box","damage_taken":0,"relics_obtained":["Meat on the Bone"],"max_hp_gain":0,"max_hp_loss":0,"event_name":"Big Fish","floor":2,"gold_loss":0,"cards_obtained":["Regret"]},{"damage_healed":0,"gold_gain":0,"cards_transformed":["champ:Strike"],"player_choice":"Transformed","damage_taken":0,"max_hp_gain":0,"max_hp_loss":0,"event_name":"Transmorgrifier","floor":14,"gold_loss":0,"cards_obtained":["champ:FanOfKnives"]},{"damage_healed":0,"gold_gain":0,"player_choice":"Ignored","damage_taken":0,"max_hp_gain":0,"max_hp_loss":0,"event_name":"Vampires","floor":21,"gold_loss":0},{"cards_removed":["champ:Strike"],"damage_healed":0,"gold_gain":0,"player_choice":"Offered Basic","damage_taken":0,"max_hp_gain":0,"max_hp_loss":0,"event_name":"Bonfire Elementals","floor":26,"gold_loss":0},{"cards_removed":["champ:IronFortress"],"damage_healed":0,"gold_gain":0,"player_choice":"Removed Power","damage_taken":0,"max_hp_gain":0,"max_hp_loss":0,"event_name":"Falling","floor":48,"gold_loss":0}],"is_beta":false,"boss_relics":[{"not_picked":["SacredBark","Fusion Hammer"],"picked":"Calling Bell"},{"not_picked":["Empty Cage","Pandora\u0027s Box"],"picked":"Cursed Key"}],"items_purged_floors":[5,23,31,42,46],"is_endless":false,"potions_floor_spawned":[6,10,11,27,28,32,39,43,45],"ascension_level":0}}