{"host":"51oymzdi1vqwwubu","time":1607899476,"event":{"mods":["Alarm Clock","BaseMod","Become a monster ???","Better Altar","Better Match","Better Note","Better Sensory Stone","Better Skull","Better Vampires","Block Reminder","Colored Map","Colored Powertips","Curses Come First","DeckTracker","Defective Defect","Downfall","FTL Soundtrack","Gremlin Mod","Highlight Path","Key Reminder","Keyboard Shortcuts","Minty Spire (QoL Compilation)","Quick Restart","Rare Cards Sparkle","Relic Stats","ShortenTheSpire","StSLib","SuperFastMode","Waifu the Spire"],"gold_per_floor":[110,125,135,150,150,184,198,198,198,213,388,406,418,343,343,445,445,463,476,487,503,176,211,211,236,236,236,5,30,42,52,52,156,156,171,224,238,238,250,250,279,279,279,279,296,63,63,63],"floor_reached":47,"playtime":3812,"items_purged":["Doubt","Strike_G","Strike_G"],"score":621,"play_id":"153ada2d-aec8-4e81-bb27-6ca8bd9db78a","local_time":"20201214014436","is_ascension_mode":false,"campfire_choices":[{"data":"Leg Sweep","floor":8,"key":"SMITH"},{"floor":15,"key":"RECALL"},{"data":"Blade Dance","floor":24,"key":"SMITH"},{"floor":32,"key":"REST"},{"floor":40,"key":"REST"},{"floor":44,"key":"REST"}],"circlet_count":0,"master_deck":["Strike_G","Strike_G","Defend_G","Defend_G","Defend_G","Defend_G","Survivor","Neutralize","Heel Hook","Blade Dance+1","Dodge and Roll","Infinite Blades","Leg Sweep+1","Accuracy","Dagger Throw","Dagger Throw+1","Blade Dance","Storm of Steel","PiercingWail","Accuracy+1","Accuracy","Pummel+1","Acrobatics","champ:FaceSlap","Gremlin:Mockery","hexamod:ExtraCrispy+1","Hyperbeam","hexamod:ChargedBarrage+1","Guardian:RollAttack+1","Gremlin:FollowThrough+1","Storm of Steel","Deep Breath","Swivel+1","expansioncontent:CaCaw"],"relics":["Ring of the Snake","Anchor","Mercury Hourglass","WristBlade","PrismaticShard","Blood Vial","Calipers","Akabeko","Membership Card","Orichalcum","Whetstone","Empty Cage","The Specimen","Regal Pillow","Paper Crane"],"acts_visited":["Exordium","TheCity","TheBeyond"],"potions_floor_usage":[13,16,16,25,30,33,39,47],"damage_taken":[{"damage":3,"enemies":"Jaw Worm","floor":1,"turns":7},{"damage":0,"enemies":"2 Louse","floor":2,"turns":3},{"damage":0,"enemies":"Cultist","floor":3,"turns":4},{"damage":7,"enemies":"Blue Slaver","floor":4,"turns":5},{"damage":18,"enemies":"Gremlin Nob","floor":6,"turns":5},{"damage":2,"enemies":"3 Louse","floor":7,"turns":3},{"damage":4,"enemies":"2 Fungi Beasts","floor":10,"turns":3},{"damage":0,"enemies":"Large Slime","floor":12,"turns":7},{"damage":0,"enemies":"Lots of Slimes","floor":13,"turns":1},{"damage":0,"enemies":"Slime Boss","floor":16,"turns":5},{"damage":0,"enemies":"Spheric Guardian","floor":18,"turns":2},{"damage":0,"enemies":"Chosen","floor":19,"turns":3},{"damage":3,"enemies":"Snecko","floor":20,"turns":3},{"damage":12,"enemies":"Snake Plant","floor":21,"turns":4},{"damage":0,"enemies":"Gremlin Leader","floor":23,"turns":5},{"damage":24,"enemies":"Slavers","floor":25,"turns":5},{"damage":0,"enemies":"Gremlin Leader","floor":29,"turns":4},{"damage":1,"enemies":"Shelled Parasite and Fungi","floor":30,"turns":4},{"damage":1,"enemies":"Snecko","floor":31,"turns":4},{"damage":63,"enemies":"Collector","floor":33,"turns":8},{"damage":0,"enemies":"Orb Walker","floor":35,"turns":1},{"damage":15,"enemies":"2 Orb Walkers","floor":36,"turns":4},{"damage":5,"enemies":"3 Darklings","floor":37,"turns":3},{"damage":35,"enemies":"Sphere and 2 Shapes","floor":39,"turns":6},{"damage":44,"enemies":"Nemesis","floor":41,"turns":7},{"damage":29,"enemies":"Transient","floor":45,"turns":5},{"damage":31,"enemies":"Maw","floor":47,"turns":6}],"seed_played":"1928859981023446775","potions_obtained":[{"floor":1,"key":"Explosive Potion"},{"floor":2,"key":"champ:CounterPotion"},{"floor":3,"key":"BlessingOfTheForge"},{"floor":13,"key":"ColorlessPotion"},{"floor":16,"key":"Poison Potion"},{"floor":18,"key":"SteroidPotion"},{"floor":23,"key":"Energy Potion"},{"floor":29,"key":"Explosive Potion"},{"floor":33,"key":"SteroidPotion"},{"floor":37,"key":"CultistPotion"},{"floor":45,"key":"Explosive Potion"}],"is_trial":false,"path_per_floor":["M","M","M","M","?","E","M","R","T","M","?","M","M","$","R","B",null,"M","M","M","M","$","E","R","E","T","?","$","E","M","M","R","B",null,"M","?","M","?","M","R","E","?","T","R","M","$","M"],"character_chosen":"THE_SILENT","items_purchased":["PrismaticShard","Accuracy","Membership Card","Orichalcum","Acrobatics","Paper Crane","expansioncontent:CaCaw"],"campfire_rested":3,"item_purchase_floors":[22,22,28,28,28,46,46],"current_hp_per_floor":[74,74,74,67,72,54,52,52,52,48,48,48,48,48,48,48,82,82,82,79,67,67,67,67,45,45,45,45,47,48,49,73,12,82,82,67,64,64,31,55,13,13,13,52,25,25,0,0],"gold":63,"neow_bonus":"TEN_PERCENT_HP_BONUS","is_daily":false,"chose_seed":false,"campfire_upgraded":2,"win_rate":0.0,"timestamp":1607899476,"path_taken":["M","M","M","M","?","E","M","R","T","M","?","M","M","$","R","BOSS","M","M","M","M","$","E","R","E","T","?","$","E","M","M","R","BOSS","M","?","M","?","M","R","E","?","T","R","M","$","M"],"items_purchased_type":["Relic","Card","Relic","Relic","Card","Relic","Card"],"build_version":"2020-11-30","purchased_purges":3,"victory":false,"max_hp_per_floor":[77,77,77,77,82,82,82,82,82,82,82,82,82,82,82,82,82,82,82,82,82,82,82,82,82,82,82,82,82,82,82,82,82,82,82,82,82,82,82,82,82,82,82,82,82,82,82,82],"relic_stats":{"Blood Vial":20,"Regal Pillow":15,"counters":[27,116],"Whetstone":["Pummel","Dagger Throw"],"Orichalcum":[78],"obtain_stats":[{"Regal Pillow":41,"Calipers":25,"The Specimen":36,"Whetstone":29,"Orichalcum":28,"Paper Crane":46,"PrismaticShard":22,"Empty Cage":34,"Akabeko":26,"Mercury Hourglass":9,"keyreminder:keyreminder":15,"Blood Vial":23,"Anchor":6,"WristBlade":17,"Membership Card":28,"Ring of the Snake":0},{"Regal Pillow":25,"Calipers":16,"The Specimen":22,"Whetstone":17,"Orichalcum":16,"Paper Crane":26,"PrismaticShard":14,"Empty Cage":20,"Akabeko":16,"Mercury Hourglass":6,"keyreminder:keyreminder":9,"Blood Vial":15,"Anchor":5,"WristBlade":10,"Membership Card":16,"Ring of the Snake":0},{"Regal Pillow":105,"Calipers":64,"The Specimen":89,"Whetstone":68,"Orichalcum":64,"Paper Crane":110,"PrismaticShard":54,"Empty Cage":84,"Akabeko":64,"Mercury Hourglass":27,"keyreminder:keyreminder":37,"Blood Vial":59,"Anchor":24,"WristBlade":42,"Membership Card":64,"Ring of the Snake":0}],"Ring of the Snake":[54],"Mercury Hourglass":[368]},"card_choices":[{"not_picked":["Predator","Sucker Punch"],"picked":"Heel Hook","floor":1},{"not_picked":["Terror","Dodge and Roll"],"picked":"Blade Dance","floor":2},{"not_picked":["Quick Slash","Dagger Throw"],"picked":"Dodge and Roll","floor":3},{"not_picked":["Prepared","Deflect"],"picked":"Infinite Blades","floor":4},{"not_picked":["Catalyst","Caltrops"],"picked":"Leg Sweep","floor":6},{"not_picked":["A Thousand Cuts","Dagger Spray"],"picked":"Accuracy","floor":7},{"not_picked":["Underhanded Strike","Catalyst"],"picked":"Dagger Throw","floor":10},{"not_picked":["Poisoned Stab","Tactician"],"picked":"Dagger Throw","floor":12},{"not_picked":["Bane","Night Terror"],"picked":"Blade Dance","floor":13},{"not_picked":["Venomology","Bullet Time"],"picked":"Storm of Steel","floor":16},{"not_picked":["Underhanded Strike","Poisoned Stab","Dagger Throw"],"picked":"SKIP","floor":18},{"not_picked":["Riddle With Holes","Flechettes"],"picked":"PiercingWail","floor":19},{"not_picked":["Dodge and Roll","Deflect"],"picked":"Accuracy+1","floor":20},{"not_picked":["Poisoned Stab","Slice","Eviscerate+1"],"picked":"SKIP","floor":21},{"not_picked":["Burning Pact+1","Lockon"],"picked":"Guardian:Gem_Orange","floor":23},{"not_picked":["Force Field","sneckomod:DiceCrush"],"picked":"Pummel","floor":25},{"not_picked":["hexamod:Rewind","ClearTheMind"],"picked":"champ:FaceSlap","floor":29},{"not_picked":["Dramatic Entrance","Combust"],"picked":"Gremlin:Mockery","floor":30},{"not_picked":["Good Instincts","Redo"],"picked":"hexamod:ExtraCrispy+1","floor":31},{"not_picked":["Blasphemy","Metamorphosis"],"picked":"Hyperbeam","floor":33},{"not_picked":["Shrug It Off","Cleave"],"picked":"hexamod:ChargedBarrage+1","floor":35},{"not_picked":["Evaluate","hexamod:FirstSeal"],"picked":"Guardian:RollAttack+1","floor":36},{"not_picked":["hexamod:FourthSeal","Slimebound:SlimeBrawl+1"],"picked":"Gremlin:FollowThrough+1","floor":37},{"not_picked":["Acrobatics","Barrage+1"],"picked":"Fasting2","floor":39},{"not_picked":["Gremlin:PourSalt","Omniscience"],"picked":"Deep Breath","floor":41},{"not_picked":["hexamod:DynamicBlow","Heavy Blade+1"],"picked":"Swivel+1","floor":45}],"player_experience":125407,"relics_obtained":[{"floor":6,"key":"Anchor"},{"floor":9,"key":"Mercury Hourglass"},{"floor":23,"key":"Blood Vial"},{"floor":25,"key":"Calipers"},{"floor":26,"key":"Akabeko"},{"floor":29,"key":"Whetstone"},{"floor":36,"key":"The Specimen"},{"floor":41,"key":"Regal Pillow"}],"event_choices":[{"damage_healed":0,"gold_gain":0,"player_choice":"Donut","damage_taken":0,"max_hp_gain":5,"max_hp_loss":0,"event_name":"Big Fish","floor":5,"gold_loss":0},{"damage_healed":0,"gold_gain":175,"player_choice":"AGREE","damage_taken":0,"max_hp_gain":0,"max_hp_loss":0,"event_name":"Liars Game","floor":11,"gold_loss":0,"cards_obtained":["Doubt"]},{"cards_removed":["Storm of Steel"],"damage_healed":0,"gold_gain":0,"player_choice":"Give","damage_taken":0,"max_hp_gain":0,"max_hp_loss":0,"event_name":"betterNote:BetterNote","floor":27,"gold_loss":0,"cards_obtained":["None"]},{"damage_healed":0,"gold_gain":0,"player_choice":"Fight","damage_taken":0,"max_hp_gain":0,"max_hp_loss":0,"event_name":"Mysterious Sphere","floor":36,"gold_loss":0},{"damage_healed":0,"gold_gain":3,"player_choice":"4","damage_taken":0,"max_hp_gain":0,"max_hp_loss":0,"event_name":"betterStone:BetterStone","floor":38,"gold_loss":0,"cards_obtained":["Storm of Steel"]},{"cards_removed":["Fasting2"],"damage_healed":0,"gold_gain":0,"player_choice":"Removed Power","damage_taken":0,"max_hp_gain":0,"max_hp_loss":0,"event_name":"Falling","floor":42,"gold_loss":0}],"is_beta":false,"boss_relics":[{"not_picked":["Ring of the Serpent","Astrolabe"],"picked":"WristBlade"},{"not_picked":["Runic Dome","Snecko Eye"],"picked":"Empty Cage"}],"items_purged_floors":[14,22,46],"is_endless":false,"potions_floor_spawned":[1,2,3,13,16,18,19,23,29,33,37,45],"killed_by":"Maw","ascension_level":0}}