{"host":"4qkvkh7pd9qr2mca","time":1607876080,"event":{"mods":["AchievementEnabler","BaseMod","Colored Map","Colored Powertips","Highlight Path","Minty Spire (QoL Compilation)","Permanent Neow","Quick Restart","StSLib","SuperFastMode"],"gold_per_floor":[119,119,119,62,62,62,97,155,155,189,189,189,205,224,224,301,301,313,313,13,23,40,40,40,65,140,8,24,24,58,85,97,180,192,220,246,258,9,25,60,60,95,121,121,148,167,0,10,10,10,10],"floor_reached":52,"playtime":2734,"items_purged":["Strike_G","Decay"],"score":2047,"play_id":"f5d7fe59-70d5-4612-8015-b1d307ce5c72","local_time":"20201213171440","is_ascension_mode":true,"campfire_choices":[{"data":"Bane","floor":6,"key":"SMITH"},{"floor":12,"key":"REST"},{"data":"Well Laid Plans","floor":15,"key":"SMITH"},{"data":"Burst","floor":23,"key":"SMITH"},{"data":"1","floor":29,"key":"LIFT"},{"data":"2","floor":32,"key":"LIFT"},{"data":"3","floor":41,"key":"LIFT"},{"data":"After Image","floor":44,"key":"SMITH"},{"data":"Burst","floor":49,"key":"SMITH"}],"circlet_count":0,"master_deck":["AscendersBane","Strike_G","Strike_G","Strike_G","Strike_G","Defend_G","Defend_G","Defend_G","Defend_G","Defend_G","Survivor","Neutralize+1","Poisoned Stab","Bane+1","Burst+1","Well Laid Plans+1","Blade Dance","Backflip","PiercingWail","Burst+1","Deflect","Terror","Blade Dance+1","Writhe","After Image+1","Blur","Malaise","Die Die Die","Calculated Gamble","Escape Plan+1","Calculated Gamble+1","Noxious Fumes","A Thousand Cuts","Prepared+1"],"relics":["Ring of the Snake","The Specimen","Shuriken","Pantograph","Eternal Feather","Pear","Meat on the Bone","Coffee Dripper","Enchiridion","Membership Card","Akabeko","Matryoshka","Regal Pillow","Kunai","The Courier","Girya","MawBank","SlaversCollar","HandDrill","Bag of Preparation","Bottled Lightning","Ancient Tea Set","MealTicket","Bottled Flame","Toxic Egg 2","Red Mask"],"acts_visited":["Exordium","TheCity","TheBeyond"],"potions_floor_usage":[8,10,18,31,33,35,40,50],"damage_taken":[{"damage":7,"enemies":"2 Louse","floor":1,"turns":3},{"damage":26,"enemies":"3 Sentries","floor":7,"turns":11},{"damage":26,"enemies":"Lagavulin Event","floor":8,"turns":5},{"damage":17,"enemies":"Lagavulin","floor":10,"turns":9},{"damage":4,"enemies":"Jaw Worm","floor":13,"turns":2},{"damage":0,"enemies":"Small Slimes","floor":14,"turns":2},{"damage":10,"enemies":"Slime Boss","floor":16,"turns":7},{"damage":10,"enemies":"2 Thieves","floor":18,"turns":5},{"damage":7,"enemies":"Chosen","floor":21,"turns":6},{"damage":4,"enemies":"Snecko","floor":22,"turns":4},{"damage":0,"enemies":"Gremlin Leader","floor":25,"turns":5},{"damage":9,"enemies":"Sentry and Sphere","floor":28,"turns":4},{"damage":18,"enemies":"Book of Stabbing","floor":30,"turns":4},{"damage":0,"enemies":"Snake Plant","floor":31,"turns":6},{"damage":7,"enemies":"Automaton","floor":33,"turns":7},{"damage":6,"enemies":"3 Darklings","floor":35,"turns":7},{"damage":1,"enemies":"3 Shapes","floor":36,"turns":6},{"damage":14,"enemies":"Spire Growth","floor":39,"turns":4},{"damage":17,"enemies":"Reptomancer","floor":40,"turns":4},{"damage":0,"enemies":"Giant Head","floor":42,"turns":7},{"damage":1,"enemies":"Nemesis","floor":45,"turns":5},{"damage":0,"enemies":"Jaw Worm Horde","floor":46,"turns":4},{"damage":3,"enemies":"Writhing Mass","floor":48,"turns":8},{"damage":69,"enemies":"Time Eater","floor":50,"turns":11},{"damage":34,"enemies":"Awakened One","floor":51,"turns":16}],"seed_played":"-5120683365938064826","potions_obtained":[{"floor":7,"key":"CultistPotion"},{"floor":8,"key":"SpeedPotion"},{"floor":13,"key":"PowerPotion"},{"floor":14,"key":"Energy Potion"},{"floor":18,"key":"Swift Potion"},{"floor":31,"key":"PowerPotion"},{"floor":35,"key":"Strength Potion"},{"floor":42,"key":"Explosive Potion"},{"floor":46,"key":"LiquidBronze"}],"is_trial":false,"path_per_floor":["M","?","?","$","?","R","E","?","T","E","?","R","M","M","R","B",null,"M","?","$","M","M","R","?","E","T","$","M","R","E","M","R","B",null,"M","M","?","$","M","E","R","E","T","R","E","M","?","M","R","B","B",null],"character_chosen":"THE_SILENT","items_purchased":["Bane","Membership Card","Akabeko","Terror","Girya","HandDrill","Bag of Preparation","Die Die Die","Calculated Gamble"],"campfire_rested":1,"item_purchase_floors":[4,20,20,20,27,38,38,38,38],"current_hp_per_floor":[52,41,60,60,60,60,34,8,18,1,1,31,39,39,51,60,68,58,37,37,42,38,50,50,50,50,50,41,56,38,38,53,63,68,62,61,61,61,47,42,60,60,60,70,69,69,69,66,70,13,16],"gold":10,"neow_bonus":"ONE_RARE_RELIC","is_daily":false,"chose_seed":false,"campfire_upgraded":5,"win_rate":0.0,"timestamp":1607876080,"path_taken":["M","?","?","$","?","R","E","?","T","E","?","R","M","M","R","BOSS","M","?","$","M","M","R","?","E","T","$","M","R","E","M","R","BOSS","M","M","?","$","?","E","R","E","T","R","E","M","?","M","R","BOSS","BOSS"],"items_purchased_type":["Card","Relic","Relic","Card","Relic","Relic","Relic","Card","Card"],"build_version":"2020-11-30","purchased_purges":2,"victory":true,"max_hp_per_floor":[60,60,60,60,60,60,60,60,70,70,70,70,70,70,70,70,70,70,70,70,70,70,70,70,70,70,70,70,70,70,70,70,70,70,70,70,70,70,70,70,70,70,70,70,70,70,70,70,70,70,70],"card_choices":[{"not_picked":["Cloak And Dagger","Acrobatics"],"picked":"Poisoned Stab","floor":1},{"not_picked":["Backstab","Quick Slash"],"picked":"Burst","floor":7},{"not_picked":["Calculated Gamble","Catalyst"],"picked":"Well Laid Plans","floor":8},{"not_picked":["Backflip","Escape Plan"],"picked":"Blade Dance","floor":10},{"not_picked":["Distraction","Slice"],"picked":"Backflip","floor":13},{"not_picked":["Deflect","Prepared"],"picked":"PiercingWail","floor":14},{"not_picked":["Grand Finale","Die Die Die"],"picked":"Burst","floor":16},{"not_picked":["Poisoned Stab","Quick Slash"],"picked":"Deflect","floor":18},{"not_picked":["PiercingWail","Prepared","Slice"],"picked":"SKIP","floor":21},{"not_picked":["Outmaneuver","Flying Knee"],"picked":"Blade Dance+1","floor":22},{"not_picked":["Backflip","Sucker Punch"],"picked":"After Image","floor":25},{"not_picked":["Slice","Sucker Punch","Infinite Blades"],"picked":"SKIP","floor":28},{"not_picked":["Outmaneuver","Calculated Gamble"],"picked":"Blur","floor":30},{"not_picked":["Blade Dance","Cloak And Dagger","Slice"],"picked":"SKIP","floor":31},{"not_picked":["Glass Knife","Storm of Steel"],"picked":"Malaise","floor":33},{"not_picked":["Heel Hook+1","Bane+1","Concentrate"],"picked":"SKIP","floor":35},{"not_picked":["Slice","All Out Attack","Deadly Poison"],"picked":"SKIP","floor":36},{"not_picked":["Dash","Heel Hook"],"picked":"Escape Plan+1","floor":39},{"not_picked":["Well Laid Plans","Slice"],"picked":"Calculated Gamble+1","floor":40},{"not_picked":["Dagger Throw+1","Outmaneuver","Underhanded Strike"],"picked":"SKIP","floor":42},{"not_picked":["Underhanded Strike+1","Slice+1"],"picked":"Noxious Fumes","floor":45},{"not_picked":["Calculated Gamble+1","Outmaneuver+1"],"picked":"A Thousand Cuts","floor":46},{"not_picked":["Catalyst+1","Masterful Stab"],"picked":"Prepared+1","floor":48}],"player_experience":307752,"relics_obtained":[{"floor":7,"key":"Pantograph"},{"floor":8,"key":"Eternal Feather"},{"floor":9,"key":"Pear"},{"floor":10,"key":"Meat on the Bone"},{"floor":19,"key":"Enchiridion"},{"floor":25,"key":"Regal Pillow"},{"floor":26,"key":"Kunai"},{"floor":26,"key":"The Courier"},{"floor":30,"key":"MawBank"},{"floor":40,"key":"Bottled Lightning"},{"floor":42,"key":"Ancient Tea Set"},{"floor":43,"key":"MealTicket"},{"floor":43,"key":"Bottled Flame"},{"floor":45,"key":"Toxic Egg 2"}],"event_choices":[{"damage_healed":0,"gold_gain":0,"player_choice":"Success","damage_taken":11,"relics_obtained":["Shuriken"],"max_hp_gain":0,"max_hp_loss":0,"event_name":"Scrap Ooze","floor":2,"gold_loss":0},{"damage_healed":20,"gold_gain":0,"player_choice":"Banana","damage_taken":0,"max_hp_gain":0,"max_hp_loss":0,"event_name":"Big Fish","floor":3,"gold_loss":0},{"damage_healed":0,"gold_gain":0,"player_choice":"Grow","damage_taken":0,"max_hp_gain":0,"max_hp_loss":0,"event_name":"Living Wall","floor":5,"gold_loss":0,"cards_upgraded":["Neutralize"]},{"damage_healed":0,"gold_gain":0,"player_choice":"Searched \u00272\u0027 times","damage_taken":0,"max_hp_gain":0,"max_hp_loss":0,"event_name":"Dead Adventurer","floor":8,"gold_loss":0},{"damage_healed":0,"gold_gain":0,"player_choice":"Ignored","damage_taken":0,"max_hp_gain":0,"max_hp_loss":0,"event_name":"Shining Light","floor":11,"gold_loss":0},{"damage_healed":0,"gold_gain":0,"player_choice":"Obtained Book","damage_taken":21,"max_hp_gain":0,"max_hp_loss":0,"event_name":"Cursed Tome","floor":19,"gold_loss":0},{"damage_healed":0,"gold_gain":0,"player_choice":"Opened","damage_taken":0,"relics_obtained":["Matryoshka"],"max_hp_gain":0,"max_hp_loss":0,"event_name":"The Mausoleum","floor":24,"gold_loss":0,"cards_obtained":["Writhe"]},{"damage_healed":0,"gold_gain":0,"player_choice":"Cursed","damage_taken":0,"max_hp_gain":0,"max_hp_loss":0,"event_name":"Wheel of Change","floor":37,"gold_loss":0,"cards_obtained":["Decay"]},{"damage_healed":0,"gold_gain":0,"player_choice":"Paid","damage_taken":0,"relics_obtained":["Red Mask"],"max_hp_gain":0,"max_hp_loss":0,"event_name":"Tomb of Lord Red Mask","floor":47,"gold_loss":167}],"is_beta":false,"boss_relics":[{"not_picked":["Fusion Hammer","Empty Cage"],"picked":"Coffee Dripper"},{"not_picked":["Philosopher\u0027s Stone","SacredBark"],"picked":"SlaversCollar"}],"items_purged_floors":[20,38],"is_endless":false,"potions_floor_spawned":[7,8,13,14,16,18,22,30,31,35,42,46,48],"ascension_level":20}}