{"host":"qn9jmys3bzrfa36a","time":1607882348,"event":{"mods":["Act Like it!","BaseMod","Decade(王小明)","Downfall","Gensokyo","HololiveMod","Minty Spire (QoL Compilation)","MostiFishMod","Robot Space Explorer","StSLib","The Cursed","【遗物卡牌】REMEMod"],"gold_per_floor":[99,132,132,109,109,34,34,19,33,33,52,152,166,180,199,304,304,229,244,278,278,288,288,288,308,308,343,343,427,455,591,607,744,744,669,696,713,713,728,728,752,752,775,814,814,1052,1052,1070,1088,1184,1184,1290,1098,1098,1179],"floor_reached":56,"playtime":4847,"items_purged":[],"score":1599,"play_id":"86fbff90-5b15-4c58-940f-834068cd0316","local_time":"20201214015908","is_ascension_mode":false,"campfire_choices":[{"floor":1,"key":"RECALL"},{"data":"Guardian:GuardianWhirl","floor":6,"key":"SMITH"},{"data":"Guardian:Clone","floor":10,"key":"SMITH"},{"data":"Guardian:DonusPower","floor":18,"key":"SMITH"},{"floor":35,"key":"REST"},{"floor":38,"key":"REST"},{"data":"Guardian:Suspension","floor":40,"key":"SMITH"},{"floor":42,"key":"REST"},{"data":"expansioncontent:Hexaburn","floor":54,"key":"SMITH"}],"circlet_count":0,"master_deck":["Guardian:Strike_Guardian+1","Guardian:Strike_Guardian+1","Guardian:Strike_Guardian+1","Guardian:Strike_Guardian+1","Guardian:Defend_Guardian+1","Guardian:Defend_Guardian+1","Guardian:Defend_Guardian+1","Guardian:Defend_Guardian+1","Guardian:CurlUp+1","Guardian:TwinSlam+1","Guardian:GuardianWhirl+1","Guardian:FloatingOrbs+1","Guardian:Planning+1","Guardian:Clone+1","Guardian:TemporalStrike+1","Guardian:DonusPower+1","Guardian:ShieldCharger+1","Guardian:ConstructionForm+1","Guardian:VentSteam+1","Guardian:TimeSifter+1","Guardian:PrismaticBeam+1","Guardian:WalkerClaw+1","Guardian:Preprogram+1","Guardian:StasisStrike+1","Guardian:GuardianWhirl+1","Guardian:BronzeOrb+1","Guardian:PrimingBeam+1","Guardian:RevengeProtocol+1","Guardian:PiercingHide+1","Guardian:Suspension+1","Guardian:Emergency+1","Guardian:StasisStrike+1","Guardian:PiercingHide+1","Guardian:SpikerProtocol+1","Guardian:DecasProtection+1","Guardian:SpikerProtocol+1","expansioncontent:Hexaburn+1","Guardian:FastForward+1","Guardian:CrystalBeam+1","Guardian:Harden+1","Guardian:RevengeProtocol+1"],"relics":["Guardian:ModeShifter","REME_ComplimentaryCards","DaveBox","DSteel32","downfall:HeartsMalice","Frozen Egg 2","downfall:HeartBlessingRed","ImportantClient","OneHitWonderSystem","downfall:HeartBlessingBlue","Guardian:PickAxe","Pantograph","REME_ArchaeologicalTools","CombinedTypeHook","Darkstone Periapt","GuanYuAspect","downfall:HeartBlessingGreen","Whetstone","War Paint","Happy Flower","REME_CardOfGreed","Toy Ornithopter","Orrery"],"acts_visited":["Exordium","TheCity","TheBeyond","TheEnding"],"potions_floor_usage":[],"damage_taken":[{"damage":0,"enemies":"Gremlin Nob","floor":2,"turns":1},{"damage":0,"enemies":"Cultist","floor":3,"turns":1},{"damage":0,"enemies":"downfall:FleeingMerchant","floor":4,"turns":1},{"damage":10,"enemies":"Small Slimes","floor":5,"turns":4},{"damage":4,"enemies":"downfall:FleeingMerchant","floor":8,"turns":4},{"damage":5,"enemies":"Jaw Worm","floor":9,"turns":3},{"damage":3,"enemies":"3 Louse","floor":11,"turns":3},{"damage":2,"enemies":"Exordium Thugs","floor":13,"turns":3},{"damage":9,"enemies":"Gremlin Gang","floor":14,"turns":3},{"damage":0,"enemies":"2 Fungi Beasts","floor":15,"turns":1},{"damage":36,"enemies":"downfall:Watcher","floor":16,"turns":9},{"damage":0,"enemies":"Spheric Guardian","floor":19,"turns":4},{"damage":0,"enemies":"Slavers","floor":20,"turns":8},{"damage":0,"enemies":"Shell Parasite","floor":22,"turns":4},{"damage":0,"enemies":"Cultist and Chosen","floor":25,"turns":6},{"damage":0,"enemies":"Book of Stabbing","floor":27,"turns":5},{"damage":0,"enemies":"Snake Plant","floor":29,"turns":5},{"damage":0,"enemies":"Sentry and Sphere","floor":30,"turns":3},{"damage":0,"enemies":"downfall:Defect","floor":31,"turns":4},{"damage":0,"enemies":"Centurion and Healer","floor":32,"turns":2},{"damage":0,"enemies":"downfall:Ironclad","floor":33,"turns":4},{"damage":0,"enemies":"Reptomancer","floor":36,"turns":3},{"damage":0,"enemies":"3 Shapes","floor":37,"turns":2},{"damage":0,"enemies":"3 Darklings","floor":39,"turns":2},{"damage":0,"enemies":"Spire Growth","floor":43,"turns":3},{"damage":0,"enemies":"Giant Head","floor":44,"turns":4},{"damage":0,"enemies":"downfall:FleeingMerchant","floor":46,"turns":4},{"damage":0,"enemies":"Transient","floor":48,"turns":5},{"damage":0,"enemies":"Maw","floor":49,"turns":4},{"damage":0,"enemies":"downfall:Silent","floor":50,"turns":10},{"damage":0,"enemies":"downfall:CharBossMerchant","floor":52,"turns":10},{"damage":0,"enemies":"downfall:NeowBoss","floor":55,"turns":13}],"seed_played":"-3339976202402400330","potions_obtained":[{"floor":2,"key":"Block Potion"},{"floor":5,"key":"AttackPotion"},{"floor":11,"key":"champ:CounterPotion"}],"is_trial":false,"path_per_floor":["R","E","M","$","M","R","T","$","M","R","M","?","M","M","M","B",null,"R","M","E","R","M","R","T","M","R","E","?","M","M","?","M","B",null,"R","E","M","R","M","R","T","R","M","E","?","$","?","M","M","B",null,"E","$","R","B",null],"character_chosen":"GUARDIAN","items_purchased":["Guardian:Planning","Guardian:SpikerProtocol+1","expansioncontent:Hexaburn","Orrery"],"campfire_rested":3,"item_purchase_floors":[4,46,53,53],"current_hp_per_floor":[80,80,80,80,70,70,70,66,61,61,58,58,56,47,47,11,1,11,1,1,1,1,1,1,1,1,1,1,1,1,1,1,1,1,1,1,1,1,1,1,1,1,1,1,1,1,1,1,1,1,1,1,1,1,1],"gold":1179,"neow_bonus":"THREE_ENEMY_KILL","is_daily":false,"chose_seed":false,"campfire_upgraded":5,"win_rate":0.0,"timestamp":1607882348,"path_taken":["R","E","M","?","M","R","T","$","M","R","M","?","M","M","M","BOSS","R","M","E","R","M","R","T","M","R","E","?","M","M","?","M","BOSS","R","E","M","R","M","R","T","R","M","E","?","?","?","?","M","BOSS","E","$","R","BOSS"],"items_purchased_type":["Card","Card","Card","Relic"],"build_version":"2020-11-30","purchased_purges":0,"victory":true,"max_hp_per_floor":[80,80,80,80,80,80,80,80,80,80,80,80,80,80,80,80,1,11,1,1,1,1,1,1,1,1,1,1,1,1,1,1,1,1,1,1,1,1,1,1,1,1,1,1,1,1,1,1,1,1,1,1,1,1,1],"card_choices":[{"not_picked":["Guardian:PrimingBeam","Guardian:WalkerClaw"],"picked":"Guardian:GuardianWhirl","floor":2},{"not_picked":["Guardian:Incinerate","Guardian:Suspension"],"picked":"Guardian:FloatingOrbs+1","floor":3},{"not_picked":["Guardian:ConstructionForm+1","Guardian:FloatingOrbs+1"],"picked":"Guardian:Gem_Lightblue","floor":4},{"not_picked":["Guardian:TemporalStrike","Guardian:ChargeCore"],"picked":"Guardian:Gem_Synthetic","floor":5},{"not_picked":["Guardian:TemporalShield","Guardian:CrystalBeam"],"picked":"Guardian:Gem_Red","floor":8},{"not_picked":["Guardian:TemporalShield","Guardian:Gem_Red"],"picked":"Guardian:Clone","floor":9},{"not_picked":["Guardian:Reroute","Guardian:WalkerClaw"],"picked":"Guardian:TemporalStrike","floor":11},{"not_picked":["Guardian:Gem_Crimson","Guardian:PolyBeam"],"picked":"Guardian:Gem_Blue","floor":13},{"not_picked":["Guardian:Gem_Cyan","Guardian:Gem_Fragmented"],"picked":"Guardian:DonusPower","floor":14},{"not_picked":["Guardian:Gem_Red","Guardian:RollAttack"],"picked":"Guardian:ShieldCharger","floor":15},{"not_picked":["Guardian:StasisField","Guardian:ExploitGems"],"picked":"Guardian:ConstructionForm+1","floor":16},{"not_picked":["Guardian:TemporalShield+1","Guardian:Gem_Green"],"picked":"Guardian:VentSteam+1","floor":19},{"not_picked":["Guardian:Recover+1","Guardian:Gem_Cyan"],"picked":"Guardian:TimeSifter+1","floor":20},{"not_picked":["Guardian:Gem_Green","Guardian:Incinerate"],"picked":"Guardian:PrismaticBeam","floor":22},{"not_picked":["Guardian:Planning","Guardian:Gem_Fragmented"],"picked":"Guardian:WalkerClaw","floor":25},{"not_picked":["Guardian:RollAttack+1","Guardian:Incinerate"],"picked":"Guardian:Preprogram","floor":27},{"not_picked":["Guardian:TemporalShield","Guardian:SentryBeam"],"picked":"Guardian:StasisStrike","floor":29},{"not_picked":["Guardian:Gem_Fragmented","Guardian:ShieldSpikes"],"picked":"Guardian:GuardianWhirl+1","floor":30},{"not_picked":["Guardian:Gem_Fragmented","Guardian:Clone"],"picked":"Guardian:BronzeOrb+1","floor":31},{"not_picked":["Guardian:Planning+1","Guardian:Gem_Cyan"],"picked":"Guardian:PrimingBeam","floor":32},{"not_picked":["Guardian:StasisField","Guardian:ExploitGems"],"picked":"Guardian:RevengeProtocol+1","floor":33},{"not_picked":["Guardian:GuardianWhirl+1","Guardian:Preprogram+1"],"picked":"Guardian:Gem_Blue","floor":36},{"not_picked":["Guardian:TemporalStrike","Guardian:SentryBeam"],"picked":"Guardian:PiercingHide+1","floor":37},{"not_picked":["Guardian:Gem_Green","Guardian:PrismaticBarrier"],"picked":"Guardian:Suspension","floor":39},{"not_picked":["Guardian:Repulse+1","Guardian:ShieldCharger+1"],"picked":"Guardian:Gem_Red","floor":43},{"not_picked":["Guardian:Incinerate+1","Guardian:Gem_Cyan"],"picked":"Guardian:Emergency","floor":44},{"not_picked":["Guardian:Suspension+1","Guardian:Incinerate"],"picked":"Guardian:PiercingHide+1","floor":46},{"not_picked":["Guardian:CrystalBeam","Guardian:FloatingOrbs+1"],"picked":"Guardian:DecasProtection","floor":48},{"not_picked":["Guardian:PiercingHide+1","Guardian:Suspension"],"picked":"Guardian:SpikerProtocol+1","floor":49},{"not_picked":["Guardian:Gem_Red","Guardian:BaubleBeam","Guardian:Emergency+1"],"picked":"SKIP","floor":52},{"not_picked":["Guardian:Gem_Green","Guardian:FloatingOrbs+1"],"picked":"Guardian:Gem_Blue","floor":53},{"not_picked":["Guardian:Planning","Guardian:ShieldCharger+1"],"picked":"Guardian:FastForward","floor":53},{"not_picked":["Guardian:MultiBeam","Guardian:DonusPower"],"picked":"Guardian:CrystalBeam+1","floor":53},{"not_picked":["Guardian:Repulse+1","Guardian:Gem_Crimson"],"picked":"Guardian:Harden+1","floor":53},{"not_picked":["Guardian:Reroute","Guardian:GuardianWhirl"],"picked":"Guardian:RevengeProtocol+1","floor":53}],"player_experience":68772,"relics_obtained":[{"floor":2,"key":"Frozen Egg 2"},{"floor":16,"key":"ImportantClient"},{"floor":20,"key":"Guardian:PickAxe"},{"floor":24,"key":"Pantograph"},{"floor":27,"key":"REME_ArchaeologicalTools"},{"floor":31,"key":"CombinedTypeHook"},{"floor":31,"key":"Darkstone Periapt"},{"floor":36,"key":"Whetstone"},{"floor":41,"key":"War Paint"},{"floor":44,"key":"Happy Flower"},{"floor":52,"key":"REME_CardOfGreed"},{"floor":52,"key":"Toy Ornithopter"}],"event_choices":[{"damage_healed":0,"gold_gain":0,"player_choice":"Copied","damage_taken":0,"max_hp_gain":0,"max_hp_loss":0,"event_name":"Duplicator","floor":45,"gold_loss":0,"cards_obtained":["Guardian:StasisStrike"]},{"damage_healed":0,"gold_gain":0,"player_choice":"Got Potions","damage_taken":0,"max_hp_gain":0,"max_hp_loss":0,"event_name":"Lab","floor":47,"gold_loss":0}],"is_beta":false,"boss_relics":[{"not_picked":["Hololive_ChaosS","ChiXiaoBlade"],"picked":"OneHitWonderSystem"},{"not_picked":["SynthV:MejaisSoulstealer","Runic Dome"],"picked":"GuanYuAspect"}],"items_purged_floors":[],"is_endless":false,"potions_floor_spawned":[2,5,11,19,20,22,25,33,37,39,44,48,52],"ascension_level":0}}