{"host":"cz3p2o9n3b1gdmkz","time":1607840805,"event":{"mods":["AchievementEnabler","BaseMod","CapriCore","GungeonMod","Hermit","Lobotomy","Minty Spire (QoL Compilation)","Replay The Spire","Shop Mod","StSLib","SuperFastMode","The Cursed","The Dragon Tamer","The Gatherer","The Jungle","The Poker Player"],"gold_per_floor":[110,285,352,368,225,225,225,225,250,275,275,304,340,340,340,456,456,482,482,185,185,209,209,209,240,267,314,314,314,314,341,341,462,462,489,521,554,554,587,630,104,104,182,228,228,273,273,308,308,332,332,332,332,9,58,79],"floor_reached":57,"playtime":3270,"items_purged":["Doubt"],"score":1434,"play_id":"6d7b599b-5491-42d2-8fa2-aa8dba7bed75","local_time":"20201213152645","is_ascension_mode":true,"campfire_choices":[{"data":"hermit:Adapt","floor":6.0,"key":"SMITH"},{"data":"hermit:Quickdraw","floor":8.0,"key":"SMITH"},{"data":"hermit:Snapshot","floor":15.0,"key":"SMITH"},{"floor":23.0,"key":"RECALL"},{"floor":30.0,"key":"REST"},{"floor":42.0,"key":"REST"},{"data":"ReplayUltimateDefense","floor":49.0,"key":"SMITH"},{"data":"hermit:Brawl","floor":53.0,"key":"SMITH"}],"circlet_count":0,"master_deck":["hermit:Strike_Hermit","hermit:Strike_Hermit","hermit:Strike_Hermit","hermit:Strike_Hermit","hermit:Defend_Hermit","hermit:Defend_Hermit","hermit:Defend_Hermit","hermit:Defend_Hermit","hermit:Snapshot+1","hermit:Covet","hermit:Adapt+1","hermit:Quickdraw+1","hermit:Dissolve","hermit:RoundhouseKick","hermit:SprayPray","hermit:Adapt+1","hermit:Scavenge","hermit:Brawl+1","hermit:FinalCanter","hermit:Manifest+1","ReplayUltimateDefense+1","Flash of Steel","hermit:Manifest+1","hermit:SprayPray+1","Chrysalis","hermit:Quickdraw","hermit:Quickdraw+1"],"relics":["hermit:Momento","Vajra","DemoMod:LamentConfigurum","Onion Ring","Replay:Bandana","DemoMod:Metronome","Replay:Rubber Ducky","ChewingGum","Sling","Ancient Tea Set","Iron Hammer","Blue Candle","Dream Catcher","Replay:Wax Seal","Ring of Searing","ReplayTheSpireMod:Ring of Challenge","Ring of Chaos","Oddly Smooth Stone","Counterbalance","hermit:PetGhost","HornCleat","Happy Flower","DemoMod:DecoyRelic"],"acts_visited":["Exordium","TheCity","TheBeyond","TheEnding"],"potions_floor_usage":[55,56,56],"damage_taken":[{"damage":3.0,"enemies":"2 Louse","floor":1.0,"turns":3.0},{"damage":2.0,"enemies":"Jaw Worm","floor":4.0,"turns":4.0},{"damage":5.0,"enemies":"3 Sentries","floor":10.0,"turns":9.0},{"damage":0.0,"enemies":"Small Slimes","floor":12.0,"turns":2.0},{"damage":11.0,"enemies":"Gremlin Nob","floor":13.0,"turns":5.0},{"damage":44.0,"enemies":"Slime Boss","floor":16.0,"turns":12.0},{"damage":0.0,"enemies":"3 Byrds","floor":18.0,"turns":6.0},{"damage":0.0,"enemies":"Chosen","floor":22.0,"turns":5.0},{"damage":0.0,"enemies":"Snecko","floor":25.0,"turns":5.0},{"damage":16.0,"enemies":"Slavers","floor":27.0,"turns":5.0},{"damage":10.0,"enemies":"Snake Plant","floor":31.0,"turns":4.0},{"damage":3.0,"enemies":"Automaton","floor":33.0,"turns":8.0},{"damage":22.0,"enemies":"3 Shapes","floor":35.0,"turns":3.0},{"damage":3.0,"enemies":"Orb Walker","floor":36.0,"turns":5.0},{"damage":2.0,"enemies":"Maw","floor":37.0,"turns":12.0},{"damage":1.0,"enemies":"Sphere and 2 Shapes","floor":39.0,"turns":5.0},{"damage":10.0,"enemies":"Nemesis","floor":40.0,"turns":7.0},{"damage":0.0,"enemies":"R_Hoarder","floor":44.0,"turns":6.0},{"damage":0.0,"enemies":"3 Darklings","floor":46.0,"turns":5.0},{"damage":1.0,"enemies":"Writhing Mass","floor":48.0,"turns":8.0},{"damage":0.0,"enemies":"Donu and Deca","floor":50.0,"turns":12.0},{"damage":30,"enemies":"Shield and Spear","floor":55,"turns":10},{"damage":10,"enemies":"The Heart","floor":56,"turns":15}],"seed_played":"-1965242862775056177","potions_obtained":[{"floor":4.0,"key":"DemoMod:BlankPotion"},{"floor":16.0,"key":"Block Potion"},{"floor":27.0,"key":"Strength Potion"},{"floor":33.0,"key":"BlessingOfTheForge"},{"floor":35.0,"key":"FearPotion"},{"floor":39.0,"key":"Ancient Potion"},{"floor":40.0,"key":"ColorlessPotion"},{"floor":48.0,"key":"hermit:Tonic"}],"is_trial":false,"path_per_floor":["M","?","?","M","$","R","T","R","T","E","T","M","E","?","R","B",null,"M","?","$","?","M","R","T","M","T","E","?","?","R","M","R","B",null,"M","M","M","?","M","E","$","R","T","E","?","M","$","M","R","B",null,null,"R","$","E","B",null],"character_chosen":"HERMIT","items_purchased":["Vajra","Sling","Ancient Tea Set","Counterbalance","hermit:PetGhost","Chrysalis","Block Potion","Adrenaline Potion","hermit:Quickdraw"],"campfire_rested":2,"item_purchase_floors":[5,20,20,41,41,54,54,54,54],"current_hp_per_floor":[72,72,72,70,70,70,70,70,70,65,65,65,54,54,54,10,75,75,75,75,75,75,75,75,75,75,59,59,45,69,59,59,56,80,58,55,53,43,42,32,32,56,56,56,56,56,56,55,55,55,55,80,80,80,50,40],"gold":79,"neow_bonus":"ONE_RANDOM_RARE_CARD","is_daily":false,"chose_seed":false,"campfire_upgraded":5,"win_rate":0.0,"timestamp":1607840805,"path_taken":["M","?","?","M","$","R","?","R","T","E","?","M","E","?","R","BOSS","M","?","?","?","M","R","?","M","T","E","?","?","R","M","R","BOSS","M","M","?","?","M","E","$","R","T","E","?","M","$","M","R","BOSS","R","$","E","BOSS"],"items_purchased_type":["Relic","Relic","Relic","Relic","Relic","Card","Potion","Potion","Card"],"build_version":"2020-11-30","purchased_purges":1,"victory":true,"max_hp_per_floor":[75,75,75,75,75,75,75,75,75,75,75,75,75,75,75,75,75,75,75,75,75,75,75,75,75,75,75,75,80,80,80,80,80,80,80,80,80,80,80,80,80,80,80,80,80,80,80,80,80,80,80,80,80,80,80,80],"card_choices":[{"not_picked":["hermit:Misfire","hermit:Headshot","hermit:Ricochet"],"picked":"SKIP","floor":1.0},{"not_picked":["hermit:TakeAim","hermit:Headshot"],"picked":"hermit:Quickdraw","floor":4.0},{"not_picked":["hermit:TakeAim","hermit:Headshot"],"picked":"hermit:Dissolve","floor":10.0},{"not_picked":["hermit:Vantage","hermit:Horror","hermit:NoHoldsBarred"],"picked":"SKIP","floor":12.0},{"not_picked":["hermit:Coalescence","hermit:Snipe","hermit:ItchyTrigger"],"picked":"SKIP","floor":13.0},{"not_picked":["hermit:EternalForm","hermit:Gambit"],"picked":"hermit:RoundhouseKick","floor":16.0},{"not_picked":["hermit:Manifest+1","hermit:Showdown"],"picked":"hermit:SprayPray","floor":18.0},{"not_picked":["hermit:ItchyTrigger+1","hermit:Combo","hermit:BodyArmor+1"],"picked":"SKIP","floor":22.0},{"not_picked":["hermit:Manifest","hermit:HoleUp+1","hermit:TakeAim+1"],"picked":"SKIP","floor":25.0},{"not_picked":["hermit:Showdown","hermit:LuckOfTheDraw","hermit:Quickdraw"],"picked":"SKIP","floor":27.0},{"not_picked":["hermit:WideOpen","hermit:GhostlyPresence"],"picked":"hermit:Scavenge","floor":30.0},{"not_picked":["hermit:Gestalt","hermit:BodyArmor+1","hermit:TakeCover+1"],"picked":"SKIP","floor":31.0},{"not_picked":["hermit:Magnum","hermit:Purgatory"],"picked":"hermit:FinalCanter","floor":33.0},{"not_picked":["hermit:Snipe","hermit:Horror"],"picked":"hermit:Manifest+1","floor":35.0},{"not_picked":["hermit:Coalescence","hermit:LowProfile","hermit:LoneWolf"],"picked":"SKIP","floor":36.0},{"not_picked":["hermit:Dissolve","hermit:Dive","hermit:Shortfuse+1"],"picked":"SKIP","floor":37.0},{"not_picked":["Bandage Up","DemoMod:Spice"],"picked":"ReplayUltimateDefense","floor":38.0},{"not_picked":["Forethought","DemoMod:Spice"],"picked":"Flash of Steel","floor":38.0},{"not_picked":["hermit:Roulette","hermit:LoneWolf","hermit:CalledShot"],"picked":"SKIP","floor":39.0},{"not_picked":["hermit:CalledShot+1","hermit:LoneWolf+1"],"picked":"hermit:Manifest+1","floor":40.0},{"not_picked":["hermit:EternalForm","hermit:Ricochet","hermit:BodyArmor"],"picked":"SKIP","floor":44.0},{"not_picked":["hermit:HighNoon","hermit:Vantage+1"],"picked":"hermit:SprayPray+1","floor":46.0},{"not_picked":["hermit:ItchyTrigger","hermit:LowProfile+1","hermit:Scavenge"],"picked":"SKIP","floor":48.0},{"not_picked":["hermit:Grudge+1","hermit:HeroicBravado"],"picked":"hermit:Quickdraw+1","floor":55}],"player_experience":875776,"relics_obtained":[{"floor":9.0,"key":"DemoMod:LamentConfigurum"},{"floor":10.0,"key":"Onion Ring"},{"floor":11.0,"key":"Replay:Bandana"},{"floor":13.0,"key":"DemoMod:Metronome"},{"floor":24.0,"key":"Blue Candle"},{"floor":26.0,"key":"Dream Catcher"},{"floor":27.0,"key":"Replay:Wax Seal"},{"floor":28.0,"key":"Ring of Searing"},{"floor":28.0,"key":"ReplayTheSpireMod:Ring of Challenge"},{"floor":40.0,"key":"Oddly Smooth Stone"},{"floor":43.0,"key":"HornCleat"},{"floor":44.0,"key":"Happy Flower"},{"floor":55,"key":"DemoMod:DecoyRelic"}],"event_choices":[{"damage_healed":0.0,"max_hp_gain":0.0,"max_hp_loss":0.0,"gold_gain":175.0,"event_name":"Liars Game","player_choice":"AGREE","floor":2.0,"gold_loss":0.0,"damage_taken":0.0,"cards_obtained":["Doubt"]},{"damage_healed":0.0,"max_hp_gain":0.0,"max_hp_loss":0.0,"gold_gain":67.0,"event_name":"Golden Wing","player_choice":"Gained Gold","floor":3.0,"gold_loss":0.0,"damage_taken":0.0},{"damage_healed":0.0,"max_hp_gain":0.0,"max_hp_loss":0.0,"gold_gain":0.0,"event_name":"Big Fish","player_choice":"Box","floor":14.0,"gold_loss":0.0,"damage_taken":0.0,"relics_obtained":["Replay:Rubber Ducky"],"cards_obtained":["Regret"]},{"damage_healed":0.0,"max_hp_gain":0.0,"max_hp_loss":0.0,"gold_gain":0.0,"event_name":"Duplicator","player_choice":"Copied","floor":19.0,"gold_loss":0.0,"damage_taken":0.0,"cards_obtained":["hermit:Adapt"]},{"damage_healed":0.0,"max_hp_gain":0.0,"max_hp_loss":0.0,"gold_gain":0.0,"event_name":"Addict","player_choice":"Stole Relic","floor":21.0,"gold_loss":0.0,"damage_taken":0.0,"relics_obtained":["Iron Hammer"],"cards_obtained":["Shame"]},{"damage_healed":0.0,"max_hp_gain":5.0,"max_hp_loss":0.0,"gold_gain":0.0,"event_name":"Forgotten Altar","player_choice":"Shed Blood","floor":29.0,"gold_loss":0.0,"damage_taken":19.0},{"damage_healed":0.0,"max_hp_gain":0.0,"max_hp_loss":0.0,"gold_gain":0.0,"event_name":"The Library","player_choice":"Read","floor":32.0,"gold_loss":0.0,"damage_taken":0.0,"cards_obtained":["hermit:Brawl"]},{"damage_healed":0.0,"max_hp_gain":0.0,"max_hp_loss":0.0,"gold_gain":0.0,"event_name":"SensoryStone","player_choice":"Memory 3","floor":38.0,"gold_loss":0.0,"damage_taken":10.0},{"cards_removed":["Delirium","Shame","Regret"],"damage_healed":0.0,"max_hp_gain":0.0,"max_hp_loss":0.0,"gold_gain":0.0,"event_name":"Fountain of Cleansing","player_choice":"Removed Curses","floor":45.0,"gold_loss":0.0,"damage_taken":0.0}],"is_beta":false,"boss_relics":[{"not_picked":["Tiny House","Fusion Hammer"],"picked":"ChewingGum"},{"not_picked":["Empty Cage","Sozu"],"picked":"Ring of Chaos"}],"items_purged_floors":[41],"is_endless":false,"potions_floor_spawned":[4,16,27,33,35,39,40,48],"ascension_level":3}}