{"host":"sst22apzgpn07t8v","time":1607821714,"event":{"mods":["Act Like it!","BaseMod","Hallownest","HololiveMod","Lobotomy","LobotomyExtend","Minty Spire (QoL Compilation)","Replay The Spire","Shop Mod","StSLib","The Bug Knight"],"gold_per_floor":[115,115,115,131,141,141,141,154,154,154,154,254,273,290,290,391,391,375,290,290,302,302,302,302,302,375,375,385,346,256,276,276,374,374,385,403,442,488,488,508,522,522,549,386,386,386,386,55,55,55,55],"floor_reached":50,"playtime":3261,"items_purged":[],"score":653,"play_id":"99892f02-cf2e-48ca-b8c8-7803a8e59b29","local_time":"20201213090834","is_ascension_mode":false,"campfire_choices":[{"data":"Burst","floor":6.0,"key":"SMITH"},{"data":"Dagger Throw","floor":11.0,"key":"SMITH"},{"data":"Poisoned Stab","floor":15.0,"key":"SMITH"},{"data":"Night Terror","floor":23.0,"key":"SMITH"},{"data":"RitualDagger","floor":27.0,"key":"SMITH"},{"data":"Wraith Form v2","floor":42,"key":"SMITH"},{"data":"Tools of the Trade","floor":45,"key":"SMITH"},{"data":"Apotheosis","floor":49,"key":"SMITH"}],"circlet_count":0,"master_deck":["Strike_G+1","Strike_G","Strike_G+1","Strike_G","Defend_G","Defend_G+1","Defend_G","Defend_G","Defend_G","Survivor","Neutralize","Blade Dance+1","Burst+1","Dagger Throw+1","Deflect","Poisoned Stab+1","AbeCurse","Prepared+1","Poisoned Stab","RitualDagger+1","Blade Dance+1","Underhanded Strike+1","Bane+1","Wraith Form v2+1","Underhanded Strike+1","Underhanded Strike+1","Tools of the Trade+1","Tactician+1","Madness","Madness","Draining Mist+1","Sucker Punch+1","Glass Knife+1","Mind Blast+1","Apotheosis+1","ReplayTheSpireMod:Brewmster","Slice+1"],"relics":["Coffee Dripper","Ornamental Fan","Replay:Towering Pillar of Hats","Abe\u0027s Treasure","Ninja Scroll","ReplayTheSpireMod:Ring of Collecting","ReplayTheSpireMod:Ring of Exchange","Molten Egg 2","Hololive_Finger","Basket Of Snakes","StoneCalendar","Happy Flower","Snake Skull","HandDrill"],"acts_visited":["Exordium","TheCity","TheBeyond"],"potions_floor_usage":[50,50,50],"damage_taken":[{"damage":0.0,"enemies":"Small Slimes","floor":1.0,"turns":4.0},{"damage":0.0,"enemies":"Jaw Worm","floor":4.0,"turns":4.0},{"damage":0.0,"enemies":"Cultist","floor":5.0,"turns":3.0},{"damage":1.0,"enemies":"Red Slaver","floor":8.0,"turns":4.0},{"damage":0.0,"enemies":"Lots of Slimes","floor":13.0,"turns":4.0},{"damage":0.0,"enemies":"2 Fungi Beasts","floor":14.0,"turns":3.0},{"damage":37.0,"enemies":"Fading Forest","floor":16.0,"turns":11.0},{"damage":6.0,"enemies":"2 Thieves","floor":18.0,"turns":4.0},{"damage":0.0,"enemies":"3 Byrds","floor":21.0,"turns":4.0},{"damage":0.0,"enemies":"3 Cultists","floor":28.0,"turns":5.0},{"damage":0.0,"enemies":"Snecko","floor":31.0,"turns":3.0},{"damage":45.0,"enemies":"Pondfish","floor":33.0,"turns":12.0},{"damage":16.0,"enemies":"3 Darklings","floor":35.0,"turns":5.0},{"damage":0,"enemies":"Orb Walker","floor":36,"turns":3},{"damage":7,"enemies":"2 Orb Walkers","floor":38,"turns":4},{"damage":0,"enemies":"Transient","floor":40,"turns":5},{"damage":16,"enemies":"Spire Growth","floor":41,"turns":4},{"damage":21,"enemies":"Replay:Hell Engine","floor":50,"turns":7}],"seed_played":"7542911139513479659","potions_obtained":[{"floor":13.0,"key":"Languid Potion"},{"floor":14.0,"key":"PowerPotion"},{"floor":16.0,"key":"SkillPotion"},{"floor":21.0,"key":"BlessingOfTheForge"},{"floor":35,"key":"Weak Potion"}],"is_trial":false,"path_per_floor":["M","?","?","M","M","R","$","M","T","T","R","?","M","M","R","B",null,"M","?","?","M","?","R","?","?","T","R","M","$","?","M","R","B",null,"M","M","?","?","?","M","M","R","T","$","R","?","?","$","R","B"],"character_chosen":"THE_SILENT","items_purchased":["Underhanded Strike+1","Glass Knife+1","Slice+1","Snake Skull","HandDrill"],"campfire_rested":0,"item_purchase_floors":[29,44,48,48,48],"current_hp_per_floor":[70,56,56,56,56,56,56,55,55,55,55,55,55,55,55,38,70,64,64,70,70,70,70,70,64,64,64,64,64,64,64,80,35,80,64,64,64,57,47,47,31,31,31,31,31,31,21,21,21,0,0],"gold":55,"neow_bonus":"BOSS_RELIC","is_daily":false,"chose_seed":false,"campfire_upgraded":8,"win_rate":0.0,"timestamp":1607821714,"path_taken":["M","?","?","?","M","R","?","?","T","?","R","?","?","?","R","BOSS","M","?","?","M","?","R","?","?","T","R","?","$","?","M","R","BOSS","M","M","?","?","?","M","M","R","T","$","R","?","?","$","R","BOSS"],"items_purchased_type":["Card","Card","Card","Relic","Relic"],"build_version":"2020-11-30","purchased_purges":0,"victory":false,"max_hp_per_floor":[70,70,70,70,70,70,70,70,70,70,70,70,70,70,70,70,70,70,70,70,70,70,70,70,70,70,70,70,70,70,70,80,80,80,80,80,80,80,80,80,80,80,80,80,80,80,80,80,80,80,80],"card_choices":[{"not_picked":["Dagger Spray","Flying Knee"],"picked":"Blade Dance","floor":1.0},{"not_picked":["Acrobatics","Dagger Throw","Eviscerate"],"picked":"SKIP","floor":4.0},{"not_picked":["Well Laid Plans","Poisoned Stab"],"picked":"Burst","floor":5.0},{"not_picked":["Underhanded Strike","Finisher"],"picked":"Dagger Throw","floor":8.0},{"not_picked":["ReplayTheSpireMod:Exploit Weakness","Acrobatics"],"picked":"Deflect","floor":13.0},{"not_picked":["Flying Knee","Well Laid Plans"],"picked":"Poisoned Stab","floor":14.0},{"not_picked":["Corpse Explosion","Venomology"],"picked":"Night Terror","floor":16.0},{"not_picked":["Bane","Underhanded Strike"],"picked":"Prepared+1","floor":18.0},{"not_picked":["ReplayTheSpireMod:The Works+1","Outmaneuver"],"picked":"Poisoned Stab","floor":21.0},{"not_picked":["ReplayTheSpireMod:Scrap Shanks","Backstab+1"],"picked":"Blade Dance+1","floor":28.0},{"not_picked":["Catalyst+1","Dodge and Roll"],"picked":"Bane+1","floor":31.0},{"not_picked":["Glass Knife+1","Poison Darts"],"picked":"Wraith Form v2","floor":33.0},{"not_picked":["Backflip+1","Eviscerate+1"],"picked":"Underhanded Strike+1","floor":35},{"not_picked":["Flying Knee+1","Riddle With Holes+1"],"picked":"Underhanded Strike+1","floor":36},{"not_picked":["Dodge and Roll","Deadly Poison"],"picked":"Tools of the Trade","floor":37},{"not_picked":["Bane+1","Dagger Throw+1"],"picked":"Tactician+1","floor":38},{"not_picked":["Dagger Spray+1","Poisoned Stab+1"],"picked":"Draining Mist+1","floor":40},{"not_picked":["Acrobatics+1","Blade Dance+1"],"picked":"Sucker Punch+1","floor":41},{"not_picked":["Specialist","Violence"],"picked":"Mind Blast+1","floor":47},{"not_picked":["PanicButton","Blind"],"picked":"Apotheosis","floor":47},{"not_picked":["Bandage Up","Enlightenment"],"picked":"ReplayTheSpireMod:Brewmster","floor":47}],"player_experience":133052,"relics_obtained":[{"floor":9.0,"key":"Ornamental Fan"},{"floor":10.0,"key":"Replay:Towering Pillar of Hats"},{"floor":22.0,"key":"ReplayTheSpireMod:Ring of Collecting"},{"floor":26.0,"key":"ReplayTheSpireMod:Ring of Exchange"},{"floor":26.0,"key":"Molten Egg 2"},{"floor":37,"key":"Basket Of Snakes"},{"floor":38,"key":"StoneCalendar"},{"floor":43,"key":"Happy Flower"}],"event_choices":[{"damage_healed":0.0,"max_hp_gain":0.0,"max_hp_loss":0.0,"gold_gain":0.0,"event_name":"Shining Light","player_choice":"Entered Light","floor":2.0,"gold_loss":0.0,"damage_taken":14.0,"cards_upgraded":["Defend_G","Strike_G"]},{"damage_healed":0.0,"max_hp_gain":0.0,"max_hp_loss":0.0,"gold_gain":0.0,"event_name":"Upgrade Shrine","player_choice":"Upgraded","floor":3.0,"gold_loss":0.0,"damage_taken":0.0,"cards_upgraded":["Blade Dance"]},{"damage_healed":0.0,"max_hp_gain":0.0,"max_hp_loss":0.0,"gold_gain":100.0,"event_name":"Golden Shrine","player_choice":"Pray","floor":12.0,"gold_loss":0.0,"damage_taken":0.0},{"damage_healed":0.0,"max_hp_gain":0.0,"max_hp_loss":0.0,"gold_gain":0.0,"event_name":"Addict","player_choice":"Obtained Relic","floor":19.0,"gold_loss":85.0,"damage_taken":0.0,"relics_obtained":["Ninja Scroll"]},{"damage_healed":0.0,"max_hp_gain":0.0,"max_hp_loss":0.0,"gold_gain":0.0,"event_name":"Vampires","player_choice":"Ignored","floor":24.0,"gold_loss":0.0,"damage_taken":0.0},{"damage_healed":0.0,"max_hp_gain":0.0,"max_hp_loss":0.0,"gold_gain":0.0,"event_name":"Nest","player_choice":"Joined the Cult","floor":25.0,"gold_loss":0.0,"damage_taken":6.0,"cards_obtained":["RitualDagger"]},{"cards_removed":["Strike_G"],"damage_healed":0.0,"max_hp_gain":0.0,"max_hp_loss":0.0,"gold_gain":0.0,"event_name":"Designer","player_choice":"Upgrade and Remove","floor":30.0,"gold_loss":90.0,"damage_taken":0.0,"cards_upgraded":["Strike_G"]},{"cards_removed":["Night Terror"],"damage_healed":6.0,"max_hp_gain":10.0,"max_hp_loss":0.0,"gold_gain":0.0,"event_name":"Bonfire Elementals","player_choice":"Offered Rare","floor":32.0,"gold_loss":0.0,"damage_taken":0.0},{"damage_healed":0,"gold_gain":0,"player_choice":"Fight","damage_taken":0,"max_hp_gain":0,"max_hp_loss":0,"event_name":"Mysterious Sphere","floor":38,"gold_loss":0},{"damage_healed":0,"gold_gain":0,"player_choice":"Embrace Madness","damage_taken":10,"max_hp_gain":0,"max_hp_loss":0,"event_name":"Winding Halls","floor":39,"gold_loss":0,"cards_obtained":["Madness","Madness"]},{"damage_healed":0,"gold_gain":0,"player_choice":"Ignored","damage_taken":0,"max_hp_gain":0,"max_hp_loss":0,"event_name":"Tomb of Lord Red Mask","floor":46,"gold_loss":0},{"damage_healed":0,"gold_gain":0,"player_choice":"Memory 3","damage_taken":10,"max_hp_gain":0,"max_hp_loss":0,"event_name":"SensoryStone","floor":47,"gold_loss":0}],"is_beta":false,"boss_relics":[{"not_picked":["ReplayTheSpireMod:DimensionalGlitch","Snecko Scales"],"picked":"Abe\u0027s Treasure"},{"not_picked":["SlaversCollar","Honey Jar"],"picked":"Hololive_Finger"}],"items_purged_floors":[],"is_endless":false,"potions_floor_spawned":[13,14,16,21,28,31,35],"killed_by":"Replay:Hell Engine","ascension_level":0}}