{"host":"d8hh7rr4yzitjeuj","time":1607841773,"event":{"mods":["2.2 Compatiblity","AchievementEnabler","BaseMod","CapriCore","Colored Map","Colored Powertips","Highlight Path","Keyboard Shortcuts","Minty Spire (QoL Compilation)","Permanent Neow","Quick Restart","StSLib","SuperFastMode"],"gold_per_floor":[109,126,145,160,174,206,206,206,206,218,256,281,81,101,101,174,174,174,174,174,174,174,174,174,174,174],"floor_reached":25,"playtime":758,"items_purged":[],"score":470,"play_id":"bd52aabe-d6d3-4387-a784-41224fff4751","local_time":"20201213154253","is_ascension_mode":true,"campfire_choices":[{"data":"Hello World","floor":8.0,"key":"SMITH"},{"data":"Hologram","floor":10.0,"key":"SMITH"},{"floor":15.0,"key":"REST"},{"data":"Sunder","floor":23,"key":"SMITH"}],"circlet_count":0,"master_deck":["AscendersBane","Strike_B","Strike_B","Strike_B","Strike_B","Defend_B","Defend_B","Defend_B","Defend_B","Zap","Dualcast","CurseOfTheBell","Hello World+1","Streamline","Sweeping Beam","Hologram+1","Go for the Eyes","Reinforced Body","Sweeping Beam","Gash","Sunder+1","Meteor Strike","Leap","Double Energy+1","Writhe","Undo"],"relics":["Calling Bell","Anchor","Matryoshka","Pocketwatch","Thread and Needle","MawBank","Bottled Flame","Happy Flower","Regal Pillow","Ectoplasm","Potion Belt","Bronze Scales"],"acts_visited":["Exordium","TheCity"],"potions_floor_usage":[24],"damage_taken":[{"damage":1.0,"enemies":"Small Slimes","floor":1.0,"turns":4.0},{"damage":2.0,"enemies":"Jaw Worm","floor":2.0,"turns":4.0},{"damage":11.0,"enemies":"Cultist","floor":3.0,"turns":4.0},{"damage":0.0,"enemies":"Looter","floor":4.0,"turns":4.0},{"damage":0.0,"enemies":"Red Slaver","floor":5.0,"turns":4.0},{"damage":21.0,"enemies":"Lagavulin","floor":6.0,"turns":8.0},{"damage":19.0,"enemies":"Gremlin Nob","floor":11.0,"turns":4.0},{"damage":5.0,"enemies":"Lots of Slimes","floor":12.0,"turns":3.0},{"damage":0.0,"enemies":"Blue Slaver","floor":14.0,"turns":3.0},{"damage":6.0,"enemies":"Slime Boss","floor":16.0,"turns":8.0},{"damage":0.0,"enemies":"Chosen","floor":18.0,"turns":5.0},{"damage":7,"enemies":"Spheric Guardian","floor":19,"turns":4},{"damage":14,"enemies":"Centurion and Healer","floor":20,"turns":8},{"damage":34,"enemies":"Book of Stabbing","floor":24,"turns":4},{"damage":7,"enemies":"Shelled Parasite and Fungi","floor":25,"turns":1}],"seed_played":"4167919365770180873","potions_obtained":[{"floor":1.0,"key":"SteroidPotion"},{"floor":2.0,"key":"EntropicBrew"},{"floor":6.0,"key":"SteroidPotion"},{"floor":12.0,"key":"ColorlessPotion"},{"floor":14.0,"key":"SmokeBomb"},{"floor":18.0,"key":"Strength Potion"}],"is_trial":false,"path_per_floor":["M","M","M","M","M","E","?","R","T","R","E","M","$","M","R","B",null,"M","M","M","?","?","R","E","M"],"character_chosen":"DEFECT","items_purchased":["Gash","Regal Pillow"],"campfire_rested":1,"item_purchase_floors":[13,13],"current_hp_per_floor":[63,61,50,50,50,29,29,29,29,29,10,5,5,5,41,35,62,62,55,41,41,41,41,7,0,0],"gold":174,"neow_bonus":"BOSS_RELIC","is_daily":false,"chose_seed":false,"campfire_upgraded":3,"win_rate":0.0,"timestamp":1607841773,"path_taken":["M","M","M","M","M","E","?","R","T","R","E","M","$","M","R","BOSS","M","M","M","?","?","R","E","?"],"items_purchased_type":["Card","Relic"],"build_version":"2020-11-30","purchased_purges":0,"victory":false,"max_hp_per_floor":[71,71,71,71,71,71,71,71,71,71,71,71,71,71,71,71,71,71,71,71,71,71,71,71,71,71],"card_choices":[{"not_picked":["Conserve Battery","Go for the Eyes"],"picked":"Hello World","floor":1.0},{"not_picked":["Conserve Battery","Fusion"],"picked":"Streamline","floor":2.0},{"not_picked":["Rebound","Reinforced Body"],"picked":"Sweeping Beam","floor":3.0},{"not_picked":["Ball Lightning","Aggregate"],"picked":"Hologram","floor":4.0},{"not_picked":["Loop","Auto Shields"],"picked":"Go for the Eyes","floor":5.0},{"not_picked":["Storm","Chill"],"picked":"Reinforced Body","floor":6.0},{"not_picked":["Steam","Storm"],"picked":"Sweeping Beam","floor":11.0},{"not_picked":["Tempest","Consume","Doom and Gloom"],"picked":"SKIP","floor":12.0},{"not_picked":["Compile Driver","Double Energy"],"picked":"Sunder","floor":14.0},{"not_picked":["Rainbow","Multi-Cast"],"picked":"Meteor Strike","floor":16.0},{"not_picked":["Compile Driver","Hologram"],"picked":"Leap","floor":18.0},{"not_picked":["Redo","Conserve Battery","Go for the Eyes"],"picked":"SKIP","floor":19},{"not_picked":["Storm","Rebound"],"picked":"Double Energy","floor":20},{"not_picked":["Biased Cognition","Beam Cell"],"picked":"Undo","floor":24}],"player_experience":1333535,"relics_obtained":[{"floor":0.0,"key":"Anchor"},{"floor":0.0,"key":"Matryoshka"},{"floor":0.0,"key":"Pocketwatch"},{"floor":6.0,"key":"Thread and Needle"},{"floor":9.0,"key":"MawBank"},{"floor":9.0,"key":"Bottled Flame"},{"floor":11.0,"key":"Happy Flower"},{"floor":24,"key":"Bronze Scales"}],"event_choices":[{"damage_healed":0.0,"max_hp_gain":0.0,"max_hp_loss":0.0,"gold_gain":0.0,"event_name":"Scrap Ooze","player_choice":"Fled","floor":7.0,"gold_loss":0.0,"damage_taken":0.0},{"damage_healed":0,"gold_gain":0,"player_choice":"Opened","damage_taken":0,"relics_obtained":["Potion Belt"],"max_hp_gain":0,"max_hp_loss":0,"event_name":"The Mausoleum","floor":21,"gold_loss":0,"cards_obtained":["Writhe"]},{"damage_healed":0,"gold_gain":0,"player_choice":"Forge","damage_taken":0,"max_hp_gain":0,"max_hp_loss":0,"event_name":"Accursed Blacksmith","floor":22,"gold_loss":0,"cards_upgraded":["Double Energy"]}],"is_beta":false,"boss_relics":[{"not_picked":["Empty Cage","Velvet Choker"],"picked":"Ectoplasm"}],"items_purged_floors":[],"is_endless":false,"potions_floor_spawned":[1,2,6,12,14,18,20],"killed_by":"Shelled Parasite and Fungi","ascension_level":20}}