{"host":"qw1m3zcvi888b4j7","time":1607895860,"event":{"mods":["AchievementEnabler","BaseMod","Block Reminder","Colored Map","Colored Powertips","Consume Value Calculator","DeckTracker","Highlight Path","Minty Spire (QoL Compilation)","Quick Restart","Rare Cards Sparkle","Relic Sorter","Relic Stats"],"gold_per_floor":[115,115,125,144,157,182,182,210,210,210,510,543,543,554,554,658,658,669,683,683,683],"floor_reached":20,"playtime":1031,"items_purged":[],"score":256,"play_id":"0c4bc3f6-fafa-4596-b622-9ca2a0ac63e6","local_time":"20201213224420","is_ascension_mode":true,"campfire_choices":[{"floor":7,"key":"RECALL"},{"data":"Hello World","floor":10,"key":"SMITH"},{"data":"Dualcast","floor":15,"key":"SMITH"}],"circlet_count":0,"master_deck":["Strike_B+1","Strike_B","Strike_B+1","Strike_B","Defend_B","Defend_B","Defend_B","Defend_B","Zap+1","Dualcast+1","Aggregate","Self Repair","BootSequence","Scrape","Hello World+1","Buffer","Regret","Heatsinks","Genetic Algorithm","Echo Form","Redo","Compile Driver"],"relics":["Cracked Core","NeowsBlessing","Ancient Tea Set","Meat on the Bone","Old Coin","Toy Ornithopter","Whetstone","Black Star"],"acts_visited":["Exordium","TheCity"],"potions_floor_usage":[5,6,16,19],"damage_taken":[{"damage":0,"enemies":"Cultist","floor":1,"turns":1},{"damage":0,"enemies":"2 Louse","floor":3,"turns":1},{"damage":0,"enemies":"Jaw Worm","floor":4,"turns":1},{"damage":12,"enemies":"Exordium Thugs","floor":5,"turns":4},{"damage":20,"enemies":"3 Sentries","floor":6,"turns":7},{"damage":28,"enemies":"Gremlin Nob","floor":8,"turns":4},{"damage":16,"enemies":"Lagavulin","floor":12,"turns":7},{"damage":10,"enemies":"Looter","floor":14,"turns":3},{"damage":6,"enemies":"Slime Boss","floor":16,"turns":11},{"damage":23,"enemies":"Spheric Guardian","floor":18,"turns":6},{"damage":44,"enemies":"2 Thieves","floor":19,"turns":5},{"damage":47,"enemies":"Cultist and Chosen","floor":20,"turns":4}],"seed_played":"-3912966373958726649","potions_obtained":[{"floor":1,"key":"DistilledChaos"},{"floor":5,"key":"AttackPotion"},{"floor":12,"key":"EssenceOfDarkness"},{"floor":14,"key":"CultistPotion"},{"floor":19,"key":"Explosive Potion"}],"is_trial":false,"path_per_floor":["M","?","M","M","M","E","R","E","T","R","?","E","T","M","R","B",null,"M","M","M"],"character_chosen":"DEFECT","items_purchased":[],"campfire_rested":0,"item_purchase_floors":[],"current_hp_per_floor":[75,75,75,75,70,57,57,36,36,36,36,39,39,48,48,54,75,59,39,0,0],"gold":683,"neow_bonus":"THREE_ENEMY_KILL","is_daily":false,"chose_seed":false,"campfire_upgraded":2,"win_rate":0.0,"timestamp":1607895860,"path_taken":["M","?","M","M","?","E","R","E","T","R","?","E","?","M","R","BOSS","M","M","M"],"items_purchased_type":[],"build_version":"2020-11-30","purchased_purges":0,"victory":false,"max_hp_per_floor":[75,75,75,75,75,75,75,75,75,75,75,75,75,75,75,75,75,75,75,75,75],"relic_stats":{"counters":[12,54],"Black Star":0,"Whetstone":["Strike_B","Strike_B"],"obtain_stats":[{"NeowsBlessing":0,"Black Star":17,"Whetstone":13,"Cracked Core":0,"Ancient Tea Set":6,"Toy Ornithopter":12,"Meat on the Bone":8,"Old Coin":11},{"NeowsBlessing":0,"Black Star":9,"Whetstone":7,"Cracked Core":0,"Ancient Tea Set":5,"Toy Ornithopter":7,"Meat on the Bone":6,"Old Coin":6},{"NeowsBlessing":0,"Black Star":39,"Whetstone":25,"Cracked Core":0,"Ancient Tea Set":14,"Toy Ornithopter":25,"Meat on the Bone":18,"Old Coin":18}],"Toy Ornithopter":10,"Meat on the Bone":36},"card_choices":[{"not_picked":["Coolheaded","Rip and Tear"],"picked":"Aggregate","floor":1},{"not_picked":["Sunder","Coolheaded"],"picked":"Self Repair","floor":3},{"not_picked":["Barrage","Steam"],"picked":"BootSequence","floor":4},{"not_picked":["Skim","Consume"],"picked":"Scrape","floor":5},{"not_picked":["Steam","Cold Snap"],"picked":"Hello World","floor":6},{"not_picked":["Static Discharge","Compile Driver"],"picked":"Buffer","floor":8},{"not_picked":["Fusion","Barrage"],"picked":"Heatsinks","floor":12},{"not_picked":["Redo","White Noise"],"picked":"Genetic Algorithm","floor":14},{"not_picked":["Electrodynamics","Fission"],"picked":"Echo Form","floor":16},{"not_picked":["Hello World","Rebound+1"],"picked":"Redo","floor":18},{"not_picked":["Self Repair+1","Streamline"],"picked":"Compile Driver","floor":19}],"player_experience":48595,"relics_obtained":[{"floor":6,"key":"Ancient Tea Set"},{"floor":8,"key":"Meat on the Bone"},{"floor":12,"key":"Toy Ornithopter"},{"floor":13,"key":"Whetstone"}],"event_choices":[{"damage_healed":0,"gold_gain":0,"player_choice":"Upgraded","damage_taken":0,"max_hp_gain":0,"max_hp_loss":0,"event_name":"Upgrade Shrine","floor":2,"gold_loss":0,"cards_upgraded":["Zap"]},{"damage_healed":0,"gold_gain":0,"player_choice":"Box","damage_taken":0,"relics_obtained":["Old Coin"],"max_hp_gain":0,"max_hp_loss":0,"event_name":"Big Fish","floor":11,"gold_loss":0,"cards_obtained":["Regret"]}],"is_beta":false,"boss_relics":[{"not_picked":["Astrolabe","Sozu"],"picked":"Black Star"}],"items_purged_floors":[],"is_endless":false,"potions_floor_spawned":[1,5,12,14,19],"killed_by":"Cultist and Chosen","ascension_level":1}}