{"host":"3j2m8n0ywf988fwb","time":1607852800,"event":{"mods":["BaseMod","Colored Map","Colored Powertips","Downfall","Highlight Path","Minty Spire (QoL Compilation)","StSLib"],"gold_per_floor":[99,112,112,112,212,229,297,308,321,350,155,155,166,316,336,336,336],"floor_reached":16,"playtime":935,"items_purged":[],"score":127,"play_id":"fb06cfba-5106-44c7-958f-784b5a0d7bf6","local_time":"20201213034640","is_ascension_mode":false,"campfire_choices":[{"data":"champ:Taunt","floor":1,"key":"SMITH"},{"data":"champ:FocusedGladiator","floor":4,"key":"SMITH"}],"circlet_count":0,"master_deck":["champ:Strike","champ:Strike","champ:Strike","champ:Strike","champ:Defend","champ:Defend","champ:Defend","champ:Defend","champ:Execute","champ:Taunt+1","champ:FocusedGladiator+1","champ:Shatter","champ:FanOfKnives","champ:GladiatorsShout","champ:GladiatorStyle","champ:Haymaker","champ:FanOfKnives","Slimebound:Icky","champ:DefensiveShout"],"relics":["champ:ChampionCrown","Eternal Feather","Lantern","Sling"],"acts_visited":["Exordium"],"potions_floor_usage":[],"damage_taken":[{"damage":8,"enemies":"Cultist","floor":2,"turns":6},{"damage":10,"enemies":"Small Slimes","floor":6,"turns":3},{"damage":6,"enemies":"Jaw Worm","floor":8,"turns":5},{"damage":27,"enemies":"Blue Slaver","floor":9,"turns":5},{"damage":58,"enemies":"Gremlin Nob","floor":10,"turns":5},{"damage":8,"enemies":"downfall:FleeingMerchant","floor":11,"turns":4},{"damage":43,"enemies":"Gremlin Gang","floor":13,"turns":4},{"damage":4,"enemies":"3 Louse","floor":15,"turns":3},{"damage":6,"enemies":"downfall:Watcher","floor":16,"turns":3}],"seed_played":"5071678548979675263","potions_obtained":[{"floor":9,"key":"Ancient Potion"},{"floor":13,"key":"CultistPotion"}],"is_trial":false,"path_per_floor":["R","M","?","R","?","M","T","M","M","E","$","T","M","?","M","B"],"character_chosen":"THE_CHAMP","items_purchased":["Sling","champ:Haymaker"],"campfire_rested":0,"item_purchase_floors":[11,11],"current_hp_per_floor":[99,99,109,109,109,104,104,104,88,44,44,44,7,7,6,0,0],"gold":336,"neow_bonus":"TEN_PERCENT_HP_BONUS","is_daily":false,"chose_seed":false,"campfire_upgraded":2,"win_rate":0.0,"timestamp":1607852800,"path_taken":["R","M","?","R","?","M","T","M","M","E","?","?","?","?","M","BOSS"],"items_purchased_type":["Relic","Card"],"build_version":"2020-11-30","purchased_purges":0,"victory":false,"max_hp_per_floor":[99,99,109,109,109,109,109,109,109,109,109,109,109,109,109,109,109],"card_choices":[{"not_picked":["champ:BladeFlurry","champ:FaceSlap"],"picked":"champ:FocusedGladiator","floor":2},{"not_picked":["champ:DeathBlow","champ:CrookedStrike"],"picked":"champ:Shatter","floor":6},{"not_picked":["champ:RapidStrikes","champ:GutPunch","champ:BerserkersShout"],"picked":"SKIP","floor":8},{"not_picked":["champ:StanceDance","champ:BringItOn"],"picked":"champ:FanOfKnives","floor":9},{"not_picked":["champ:DefensiveShout","champ:PerfectedStrike"],"picked":"champ:GladiatorsShout","floor":10},{"not_picked":["champ:ShieldThrow","champ:Circumvent"],"picked":"champ:GladiatorStyle","floor":11},{"not_picked":["champ:PerfectedStrike","champ:EnragedBash"],"picked":"champ:FanOfKnives","floor":13},{"not_picked":["champ:Haymaker","champ:AdrenalArmor"],"picked":"champ:DefensiveShout","floor":15}],"player_experience":915750,"relics_obtained":[{"floor":7,"key":"Eternal Feather"},{"floor":10,"key":"Lantern"}],"event_choices":[],"is_beta":false,"boss_relics":[],"items_purged_floors":[],"is_endless":false,"potions_floor_spawned":[9,13],"killed_by":"downfall:Watcher","ascension_level":0}}