{"host":"6qo42zgaknezulyg","time":1607839845,"event":{"mods":["2.2 Compatiblity","BaseMod","Keyboard Shortcuts","Minty Spire (QoL Compilation)","Permanent Neow","Quick Restart","StSLib","SuperFastMode","The Cursed"],"gold_per_floor":[119,119,136,154,164,190,190,219,242,242,261,261,290,306,306,401,401,412,427,427,442,221,221,251,251,251,285,298,298,129,144,144,241,241,258,275,275,286,60,60,90,90,90,110,128,128,128,165,165,165],"floor_reached":51,"playtime":2570,"items_purged":["TheCursedMod:SurpriseAttack","TheCursedMod:Strike_TheCursed+1"],"score":1184,"play_id":"404b64d6-cc02-4092-8e9c-847ae1b91d6d","local_time":"20201213151045","is_ascension_mode":true,"campfire_choices":[{"floor":10.0,"key":"REST"},{"data":"TheCursedMod:DarkBarrier","floor":12.0,"key":"SMITH"},{"floor":15.0,"key":"REST"},{"floor":23.0,"key":"REST"},{"data":"TheCursedMod:CursedRelics","floor":25.0,"key":"SMITH"},{"data":"TheCursedMod:SpitefulPlan","floor":32.0,"key":"SMITH"},{"data":"TheCursedMod:VoidForm","floor":40.0,"key":"SMITH"},{"data":"TheCursedMod:ManaCirculation","floor":42.0,"key":"SMITH"},{"data":"TheCursedMod:DarkBarrier","floor":49,"key":"SMITH"}],"circlet_count":0,"master_deck":["TheCursedMod:Defend_TheCursed","TheCursedMod:Defend_TheCursed","TheCursedMod:Defend_TheCursed","TheCursedMod:Defend_TheCursed","TheCursedMod:CursedWand","TheCursedMod:CleanUpWorkshop","TheCursedMod:Dregs","TheCursedMod:CursedRelics+1","TheCursedMod:OutForBlood","TheCursedMod:FuryStrike","TheCursedMod:DarkBarrier+1","TheCursedMod:ReleasedStrength","TheCursedMod:BlessingInDisguise","TheCursedMod:SurpriseAttack","TheCursedMod:CursedBoomerang","TheCursedMod:AshesToAshes","TheCursedMod:NeowsMight","TheCursedMod:CursedAmulet+1","TheCursedMod:CursedArmor","TheCursedMod:CursedBlade","TheCursedMod:SpitefulStrike+1","TheCursedMod:Obscuration+1","TheCursedMod:ReleasedStrength+1","TheCursedMod:NeowsMight","TheCursedMod:SpitefulStrike+1","TheCursedMod:CursedArmor","TheCursedMod:SpitefulStrike+1","TheCursedMod:SpitefulPlan+1","TheCursedMod:ShockAndAwe","TheCursedMod:VoidForm+1","TheCursedMod:CircleOfAbyss","TheCursedMod:ManaCirculation+1","TheCursedMod:WearCloak+1","TheCursedMod:DarkBarrier+1"],"relics":["TheCursedMod:BlackMagic101","Strawberry","Akabeko","Whetstone","Oddly Smooth Stone","Snecko Eye","Orrery","Omamori","Meat on the Bone","Eternal Feather","Darkstone Periapt","Coffee Dripper","Membership Card","Pear","MealTicket","CeramicFish"],"acts_visited":["Exordium","TheCity","TheBeyond"],"potions_floor_usage":[50,50,50],"damage_taken":[{"damage":8.0,"enemies":"Jaw Worm","floor":1.0,"turns":8.0},{"damage":3.0,"enemies":"Cultist","floor":3.0,"turns":4.0},{"damage":0.0,"enemies":"Small Slimes","floor":4.0,"turns":2.0},{"damage":2.0,"enemies":"2 Fungi Beasts","floor":5.0,"turns":3.0},{"damage":25.0,"enemies":"Lagavulin","floor":6.0,"turns":7.0},{"damage":34.0,"enemies":"3 Sentries","floor":8.0,"turns":11.0},{"damage":0.0,"enemies":"Gremlin Gang","floor":11.0,"turns":3.0},{"damage":18.0,"enemies":"Gremlin Nob","floor":13.0,"turns":4.0},{"damage":6.0,"enemies":"Exordium Wildlife","floor":14.0,"turns":4.0},{"damage":24.0,"enemies":"Slime Boss","floor":16.0,"turns":9.0},{"damage":6.0,"enemies":"Chosen","floor":18.0,"turns":3.0},{"damage":17.0,"enemies":"3 Byrds","floor":19.0,"turns":3.0},{"damage":5.0,"enemies":"Cultist and Chosen","floor":21.0,"turns":6.0},{"damage":4.0,"enemies":"Gremlin Leader","floor":24.0,"turns":3.0},{"damage":4.0,"enemies":"Book of Stabbing","floor":27.0,"turns":4.0},{"damage":0.0,"enemies":"Shelled Parasite and Fungi","floor":28.0,"turns":2.0},{"damage":0.0,"enemies":"Snake Plant","floor":31.0,"turns":2.0},{"damage":37.0,"enemies":"Champ","floor":33.0,"turns":7.0},{"damage":2.0,"enemies":"Orb Walker","floor":35.0,"turns":2.0},{"damage":7.0,"enemies":"3 Darklings","floor":36.0,"turns":5.0},{"damage":0.0,"enemies":"Sphere and 2 Shapes","floor":38.0,"turns":1.0},{"damage":55.0,"enemies":"Giant Head","floor":41.0,"turns":8.0},{"damage":0.0,"enemies":"Maw","floor":44.0,"turns":4.0},{"damage":0.0,"enemies":"3 Darklings","floor":45.0,"turns":4.0},{"damage":0,"enemies":"Nemesis","floor":48,"turns":5},{"damage":63,"enemies":"Donu and Deca","floor":50,"turns":7}],"seed_played":"-8896755849394095699","potions_obtained":[{"floor":5.0,"key":"LiquidBronze"},{"floor":6.0,"key":"Energy Potion"},{"floor":11.0,"key":"EssenceOfSteel"},{"floor":14.0,"key":"CultistPotion"},{"floor":21.0,"key":"FearPotion"},{"floor":27.0,"key":"Weak Potion"},{"floor":28.0,"key":"Fire Potion"},{"floor":31.0,"key":"Regen Potion"},{"floor":41.0,"key":"Block Potion"}],"is_trial":false,"path_per_floor":["M","?","M","M","M","E","?","E","T","R","M","R","E","M","R","B",null,"M","M","?","M","$","R","E","R","T","E","M","?","$","M","R","B",null,"M","M","?","M","$","R","E","R","T","M","M","?","?","E","R","B",null],"character_chosen":"THE_CURSED","items_purchased":["Orrery","TheCursedMod:SpitefulPlan","Membership Card","TheCursedMod:ManaCirculation"],"campfire_rested":3,"item_purchase_floors":[22,30,39,39],"current_hp_per_floor":[60,60,57,57,55,37,37,3,3,27,27,27,9,3,27,3,62,56,39,39,34,34,58,54,54,54,50,50,50,50,50,68,43,72,70,63,63,63,63,81,48,66,66,66,66,66,66,66,84,48],"gold":165,"neow_bonus":"ONE_RANDOM_RARE_CARD","is_daily":false,"chose_seed":false,"campfire_upgraded":6,"win_rate":0.0,"timestamp":1607839845,"path_taken":["M","?","?","M","M","E","?","E","T","R","M","R","E","?","R","BOSS","M","M","?","M","$","R","E","R","T","E","M","?","$","M","R","BOSS","M","?","?","M","$","R","E","R","T","M","?","?","?","E","R","BOSS"],"items_purchased_type":["Relic","Card","Relic","Card"],"build_version":"2020-11-30","purchased_purges":2,"victory":true,"max_hp_per_floor":[75,75,75,75,75,82,82,82,82,82,82,82,82,82,82,82,82,82,82,82,82,82,82,82,82,82,82,82,82,82,82,82,82,82,82,82,82,82,82,82,92,92,92,92,92,92,92,92,92,92],"card_choices":[{"not_picked":["TheCursedMod:SmokeScreen","TheCursedMod:VitalStrike"],"picked":"TheCursedMod:SurpriseAttack","floor":1.0},{"not_picked":["TheCursedMod:CursedAmulet","TheCursedMod:CircleOfFocus"],"picked":"TheCursedMod:FuryStrike","floor":3.0},{"not_picked":["TheCursedMod:VitalStrike","TheCursedMod:CursedAmulet"],"picked":"TheCursedMod:DarkBarrier","floor":4.0},{"not_picked":["TheCursedMod:CursedSpellbook","TheCursedMod:CircleOfFocus"],"picked":"TheCursedMod:ReleasedStrength","floor":5.0},{"not_picked":["TheCursedMod:SoulCrush","TheCursedMod:Stretching"],"picked":"TheCursedMod:BlessingInDisguise","floor":6.0},{"not_picked":["TheCursedMod:CursedBlade","TheCursedMod:SpitefulStrike"],"picked":"TheCursedMod:SurpriseAttack","floor":8.0},{"not_picked":["TheCursedMod:TacticalStrike","TheCursedMod:SmokeScreen"],"picked":"TheCursedMod:SurpriseAttack","floor":11.0},{"not_picked":["TheCursedMod:Wield","TheCursedMod:SpitefulStrike"],"picked":"TheCursedMod:CursedBoomerang","floor":13.0},{"not_picked":["TheCursedMod:CursedBoomerang","TheCursedMod:TacticalStrike"],"picked":"TheCursedMod:AshesToAshes","floor":14.0},{"not_picked":["TheCursedMod:OutForBlood","TheCursedMod:ManaCirculation"],"picked":"TheCursedMod:NeowsMight","floor":16.0},{"not_picked":["TheCursedMod:FleshFromBone","TheCursedMod:PrepareRite"],"picked":"TheCursedMod:CursedAmulet+1","floor":18.0},{"not_picked":["TheCursedMod:FleshFromBone","TheCursedMod:SaltUponWound"],"picked":"TheCursedMod:CursedArmor","floor":19.0},{"not_picked":["TheCursedMod:CursedBlade","TheCursedMod:SpitefulPlan"],"picked":"TheCursedMod:SpitefulStrike+1","floor":21.0},{"not_picked":["TheCursedMod:Wield+1","TheCursedMod:Stretching+1"],"picked":"TheCursedMod:Obscuration+1","floor":22.0},{"not_picked":["TheCursedMod:RapidMovement","TheCursedMod:AntiAging"],"picked":"TheCursedMod:ReleasedStrength+1","floor":22.0},{"not_picked":["TheCursedMod:RapidMovement+1","TheCursedMod:SpitefulStrike"],"picked":"TheCursedMod:NeowsMight","floor":22.0},{"not_picked":["TheCursedMod:CursedBlade","TheCursedMod:CircleOfFlame+1"],"picked":"TheCursedMod:SpitefulStrike+1","floor":22.0},{"not_picked":["TheCursedMod:TacticalStrike","TheCursedMod:Torture","TheCursedMod:CursedBoomerang"],"picked":"SKIP","floor":24.0},{"not_picked":["TheCursedMod:Torture","TheCursedMod:SmokeScreen"],"picked":"TheCursedMod:CursedArmor","floor":27.0},{"not_picked":["TheCursedMod:Torture","TheCursedMod:CircleOfFlame"],"picked":"TheCursedMod:SpitefulStrike+1","floor":28.0},{"not_picked":["TheCursedMod:TacticalStrike+1","TheCursedMod:FleshFromBone"],"picked":"TheCursedMod:ShockAndAwe","floor":31.0},{"not_picked":["TheCursedMod:DemonSword","TheCursedMod:DemonicPact"],"picked":"TheCursedMod:VoidForm","floor":33.0},{"not_picked":["TheCursedMod:CursedMace","TheCursedMod:TroublousMinions","TheCursedMod:RavingStaff"],"picked":"SKIP","floor":35.0},{"not_picked":["TheCursedMod:VitalStrike","TheCursedMod:TacticalStrike+1","TheCursedMod:CursedAmulet"],"picked":"SKIP","floor":36.0},{"not_picked":["TheCursedMod:Stigma","TheCursedMod:CursedShiv","TheCursedMod:Grudge+1"],"picked":"SKIP","floor":38.0},{"not_picked":["TheCursedMod:HellsGateOpen","TheCursedMod:SaltUponWound","TheCursedMod:PrepareRite"],"picked":"SKIP","floor":41.0},{"not_picked":["TheCursedMod:LuckyCharm","TheCursedMod:CursedBlade+1"],"picked":"TheCursedMod:WearCloak+1","floor":44.0},{"not_picked":["TheCursedMod:FleshFromBone","TheCursedMod:CursedAmulet+1","TheCursedMod:Obscuration"],"picked":"SKIP","floor":45.0},{"not_picked":["TheCursedMod:ManaBullet+1","TheCursedMod:CursedBlade"],"picked":"TheCursedMod:DarkBarrier","floor":48}],"player_experience":752915,"relics_obtained":[{"floor":6.0,"key":"Strawberry"},{"floor":8.0,"key":"Akabeko"},{"floor":9.0,"key":"Whetstone"},{"floor":13.0,"key":"Oddly Smooth Stone"},{"floor":24.0,"key":"Omamori"},{"floor":26.0,"key":"Meat on the Bone"},{"floor":27.0,"key":"Eternal Feather"},{"floor":41.0,"key":"Pear"},{"floor":43.0,"key":"MealTicket"},{"floor":48,"key":"CeramicFish"}],"event_choices":[{"damage_healed":0.0,"max_hp_gain":0.0,"max_hp_loss":0.0,"gold_gain":0.0,"event_name":"Match and Keep!","player_choice":"1 cards matched","floor":2.0,"gold_loss":0.0,"damage_taken":0.0,"cards_obtained":["TheCursedMod:OutForBlood"]},{"damage_healed":0.0,"max_hp_gain":0.0,"max_hp_loss":0.0,"gold_gain":0.0,"event_name":"Match and Keep!","player_choice":"1 cards matched","floor":2.0,"gold_loss":0.0,"damage_taken":0.0,"cards_obtained":["TheCursedMod:OutForBlood"]},{"cards_removed":["TheCursedMod:Strike_TheCursed"],"damage_healed":0.0,"max_hp_gain":0.0,"max_hp_loss":0.0,"gold_gain":0.0,"event_name":"Bonfire Elementals","player_choice":"Offered Basic","floor":7.0,"gold_loss":0.0,"damage_taken":0.0},{"damage_healed":0.0,"max_hp_gain":0.0,"max_hp_loss":0.0,"gold_gain":0.0,"cards_transformed":["TheCursedMod:Strike_TheCursed","TheCursedMod:SurpriseAttack"],"event_name":"Drug Dealer","player_choice":"Became Test Subject","floor":20.0,"gold_loss":0.0,"damage_taken":0.0,"cards_obtained":["TheCursedMod:CursedBlade","TheCursedMod:FuryStrike"]},{"cards_removed":["TheCursedMod:FuryStrike"],"damage_healed":0.0,"max_hp_gain":0.0,"max_hp_loss":0.0,"gold_gain":0.0,"event_name":"WeMeetAgain","player_choice":"Gave Card","floor":29.0,"gold_loss":0.0,"damage_taken":0.0,"relics_obtained":["Darkstone Periapt"]},{"damage_healed":0.0,"max_hp_gain":0.0,"max_hp_loss":0.0,"gold_gain":0.0,"event_name":"Match and Keep!","player_choice":"1 cards matched","floor":37.0,"gold_loss":0.0,"damage_taken":0.0,"cards_obtained":["TheCursedMod:CircleOfAbyss"]},{"damage_healed":0.0,"max_hp_gain":0.0,"max_hp_loss":0.0,"gold_gain":0.0,"event_name":"Mysterious Sphere","player_choice":"Ignored","floor":46.0,"gold_loss":0.0,"damage_taken":0.0},{"cards_removed":["TheCursedMod:Strike_TheCursed"],"damage_healed":0.0,"max_hp_gain":0.0,"max_hp_loss":0.0,"gold_gain":0.0,"event_name":"Wheel of Change","player_choice":"Card Removal","floor":47.0,"gold_loss":0.0,"damage_taken":0.0}],"is_beta":false,"boss_relics":[{"not_picked":["Philosopher\u0027s Stone","Calling Bell"],"picked":"Snecko Eye"},{"not_picked":["Astrolabe","TheCursedMod:BlackMagicAdvanced"],"picked":"Coffee Dripper"}],"items_purged_floors":[22,30],"is_endless":false,"potions_floor_spawned":[5,6,11,14,21,27,28,31,36,41,44],"ascension_level":8}}