{"host":"uceopoba4zvqsgiy","time":1607900245,"event":{"mods":["Act Like it!","BaseMod","Better Skull","Better Third Choice","Elementarium","GifTheSpireLib","Hermit","Humility","Infinite Spire","Jorbs\u0027s Wanderer Trilogy","Marked Mod","Minty Spire (QoL Compilation)","Potionbrewer","Replay The Spire","Robot Space Explorer","Shade Mod","Spicy Shops","StSLib","Stuff the Spire","The Blue Laboratory","The Cursed","The Dragon Tamer","The Hierophant","The Judge","The Jungle","Wandering Minibosses"],"gold_per_floor":[112,132,80,90,147,147,147],"floor_reached":6,"playtime":5312,"items_purged":[],"score":38,"play_id":"a413f757-f30f-4bc2-9e08-368613680f4b","local_time":"20201214092725","is_ascension_mode":true,"campfire_choices":[],"circlet_count":0,"master_deck":["Strike_R","Strike_R","Strike_R","Strike_R","Strike_R","Defend_R","Defend_R","Defend_R","Defend_R","Bash","Metallicize","StuffTheSpire:Resist","infinitespire:OneForAll"],"relics":["Burning Blood","NeowsBlessing","Centennial Puzzle","Sundial"],"acts_visited":["Exordium"],"potions_floor_usage":[6,6],"damage_taken":[{"damage":0,"enemies":"Small Slimes","floor":1,"turns":1},{"damage":0,"enemies":"Cultist","floor":2,"turns":1},{"damage":0,"enemies":"2 Louse","floor":4,"turns":1},{"damage":49,"enemies":"Gremlin Nob","floor":6,"turns":4}],"seed_played":"2317325796996916518","potions_obtained":[{"floor":1,"key":"Toxic Potion"},{"floor":4,"key":"blueLaboratory:CorrosionFlask"},{"floor":5,"key":"blueLaboratory:BottleOfVodka"}],"is_trial":false,"path_per_floor":["M","M","?","M","?","E"],"character_chosen":"IRONCLAD","items_purchased":[],"campfire_rested":0,"item_purchase_floors":[],"current_hp_per_floor":[80,80,80,80,48,0,0],"gold":147,"neow_bonus":"THREE_ENEMY_KILL","is_daily":false,"chose_seed":false,"campfire_upgraded":0,"win_rate":0.0,"timestamp":1607900245,"path_taken":["M","M","?","?","?","E"],"items_purchased_type":[],"build_version":"2020-11-30","purchased_purges":0,"victory":false,"max_hp_per_floor":[80,80,80,80,80,80,80],"card_choices":[{"not_picked":["Rage","Clothesline"],"picked":"Metallicize","floor":1},{"not_picked":["Massacre","StuffTheSpire:Incineration"],"picked":"StuffTheSpire:Resist","floor":2},{"not_picked":["Massacre","Blood for Blood","ReplayTheSpireMod:Strike From Hell"],"picked":"SKIP","floor":4},{"not_picked":["True Grit","StuffTheSpire:BloodClot"],"picked":"infinitespire:OneForAll","floor":5}],"player_experience":1516576,"relics_obtained":[{"floor":5,"key":"Sundial"}],"event_choices":[{"damage_healed":0,"gold_gain":0,"player_choice":"Paid Gold","damage_taken":0,"relics_obtained":["Centennial Puzzle"],"max_hp_gain":0,"max_hp_loss":0,"event_name":"WeMeetAgain","floor":3,"gold_loss":52}],"is_beta":false,"boss_relics":[],"items_purged_floors":[],"is_endless":false,"potions_floor_spawned":[1,4],"killed_by":"Gremlin Nob","ascension_level":1}}