{"host":"ow9msrs9p2ctkx99","time":1607842816,"event":{"mods":["AchievementEnabler","BaseMod","Colored Map","Colored Powertips","Minty Spire (QoL Compilation)","Permanent Neow","Quick Restart","SuperFastMode"],"gold_per_floor":[115,115,115,135,151,151,167,167,235,185,38,57,57,85,85,189,189,199,199,199,123,123,123,148,148,148,148,160,174,134,55,55,150,200,213,145,161,187,141,166,166,183,183,183,183],"floor_reached":44,"playtime":675,"items_purged":["Defend_B"],"score":678,"play_id":"78ef0527-d09f-4b54-855b-6abf4023abeb","local_time":"20201213080016","is_ascension_mode":true,"campfire_choices":[{"data":"Dualcast","floor":6,"key":"SMITH"},{"data":"Melter","floor":8,"key":"SMITH"},{"floor":13,"key":"REST"},{"data":"Zap","floor":15,"key":"SMITH"},{"floor":23,"key":"RECALL"},{"floor":25,"key":"REST"},{"floor":27,"key":"REST"},{"floor":32,"key":"REST"},{"floor":41,"key":"REST"}],"circlet_count":0,"master_deck":["AscendersBane","Defend_B+1","Defend_B","Defend_B","Zap+1","Dualcast+1","Melter+1","Compile Driver","Ball Lightning","Conserve Battery","Go for the Eyes+1","Turbo","FTL+1","Beam Cell+1","All For One+1","Sunder+1","Biased Cognition","Sunder+1","Skim","Steam+1","FTL+1","White Noise","Defragment","Machine Learning","Stack+1","Skim+1","Capacitor","Redo+1","Hologram","Rebound+1","Coolheaded+1"],"relics":["Cracked Core","NeowsBlessing","Tiny Chest","Molten Egg 2","Juzu Bracelet","Fusion Hammer","Bottled Flame","Blue Candle","Tiny House","Omamori","HornCleat","StoneCalendar"],"acts_visited":["Exordium","TheCity","TheBeyond","TheBeyond"],"potions_floor_usage":[12,16,16,16,24,33,33,33,33,37,42,44,44],"damage_taken":[{"damage":0,"enemies":"Jaw Worm","floor":1,"turns":1},{"damage":0,"enemies":"2 Louse","floor":4,"turns":1},{"damage":0,"enemies":"Small Slimes","floor":5,"turns":1},{"damage":17,"enemies":"2 Fungi Beasts","floor":7,"turns":3},{"damage":5,"enemies":"Gremlin Gang","floor":12,"turns":4},{"damage":8,"enemies":"Lagavulin","floor":14,"turns":5},{"damage":4,"enemies":"Hexaghost","floor":16,"turns":7},{"damage":7,"enemies":"3 Byrds","floor":18,"turns":3},{"damage":33,"enemies":"Slavers","floor":24,"turns":3},{"damage":0,"enemies":"Chosen","floor":28,"turns":2},{"damage":3,"enemies":"3 Cultists","floor":29,"turns":4},{"damage":48,"enemies":"Champ","floor":33,"turns":7},{"damage":30,"enemies":"3 Darklings","floor":35,"turns":3},{"damage":11,"enemies":"Orb Walker","floor":37,"turns":3},{"damage":26,"enemies":"Reptomancer","floor":40,"turns":5},{"damage":32,"enemies":"Sphere and 2 Shapes","floor":42,"turns":5},{"damage":9,"enemies":"Spire Growth","floor":44,"turns":1}],"seed_played":"-7785067927047749817","potions_obtained":[{"floor":1,"key":"PotionOfCapacity"},{"floor":4,"key":"Swift Potion"},{"floor":7,"key":"Block Potion"},{"floor":14,"key":"EntropicBrew"},{"floor":29,"key":"EssenceOfSteel"},{"floor":34,"key":"Weak Potion"},{"floor":37,"key":"BlessingOfTheForge"}],"is_trial":false,"path_per_floor":["M","?","?","M","M","R","M","R","T","?","$","M","R","E","R","B",null,"M","?","T","$","?","R","E","R","T","R","M","M","?","$","R","B",null,"M","$","M","T","$","E","R","M","T","M"],"character_chosen":"DEFECT","items_purchased":["Go for the Eyes+1","Turbo","Skim","Defragment","Capacitor","Hologram"],"campfire_rested":5,"item_purchase_floors":[11,11,21,31,36,39],"current_hp_per_floor":[68,50,43,43,43,43,26,26,26,26,26,21,43,35,35,31,64,57,57,57,57,57,57,24,46,46,68,68,65,65,65,75,27,77,47,47,36,36,36,10,34,2,2,0,0],"gold":183,"neow_bonus":"THREE_ENEMY_KILL","is_daily":false,"chose_seed":false,"campfire_upgraded":3,"win_rate":0.0,"timestamp":1607842816,"path_taken":["M","?","?","M","M","R","M","R","T","?","$","M","R","E","R","BOSS","M","?","?","$","?","R","E","R","T","R","M","M","?","?","R","BOSS","M","$","M","?","$","E","R","M","T","M"],"items_purchased_type":["Card","Card","Card","Card","Card","Card"],"build_version":"2020-11-30","purchased_purges":1,"victory":false,"max_hp_per_floor":[75,75,75,75,75,75,75,75,75,75,75,75,75,75,75,75,75,75,75,75,75,75,75,75,75,75,75,75,75,75,75,75,75,80,80,80,80,80,80,80,80,80,80,80,80],"card_choices":[{"not_picked":["Sweeping Beam","Compile Driver"],"picked":"Melter","floor":1},{"not_picked":["Redo","Coolheaded"],"picked":"Compile Driver","floor":4},{"not_picked":["Blizzard","Machine Learning"],"picked":"Ball Lightning","floor":5},{"not_picked":["Barrage","Turbo"],"picked":"Conserve Battery","floor":7},{"not_picked":["Glacier","Sweeping Beam+1"],"picked":"FTL+1","floor":12},{"not_picked":["Melter+1","Storm"],"picked":"Beam Cell+1","floor":14},{"not_picked":["Biased Cognition","Thunder Strike+1"],"picked":"All For One+1","floor":16},{"not_picked":["Heatsinks","Redo"],"picked":"Sunder+1","floor":18},{"not_picked":["Heatsinks","Ball Lightning+1"],"picked":"Steam+1","floor":24},{"not_picked":["Streamline+1","Steam"],"picked":"FTL+1","floor":28},{"not_picked":["Go for the Eyes+1","Leap+1"],"picked":"White Noise","floor":29},{"not_picked":["All For One+1","Biased Cognition"],"picked":"Machine Learning","floor":33},{"not_picked":["Melter+1","Leap"],"picked":"Stack+1","floor":34},{"not_picked":["FTL+1","Chaos+1"],"picked":"Skim+1","floor":35},{"not_picked":["Gash+1","Blizzard+1"],"picked":"Redo+1","floor":37},{"not_picked":["Melter+1","Barrage+1"],"picked":"Rebound+1","floor":40},{"not_picked":["Gash+1","Hologram+1"],"picked":"Coolheaded+1","floor":42}],"player_experience":992927,"relics_obtained":[{"floor":9,"key":"Molten Egg 2"},{"floor":14,"key":"Juzu Bracelet"},{"floor":24,"key":"Bottled Flame"},{"floor":26,"key":"Blue Candle"},{"floor":38,"key":"Omamori"},{"floor":40,"key":"HornCleat"},{"floor":43,"key":"StoneCalendar"}],"event_choices":[{"damage_healed":0,"gold_gain":0,"player_choice":"Success","damage_taken":18,"relics_obtained":["Tiny Chest"],"max_hp_gain":0,"max_hp_loss":0,"event_name":"Scrap Ooze","floor":2,"gold_loss":0},{"cards_removed":["Strike_B"],"damage_healed":0,"gold_gain":0,"player_choice":"Card Removal","damage_taken":7,"max_hp_gain":0,"max_hp_loss":0,"event_name":"Golden Wing","floor":3,"gold_loss":0},{"cards_removed":["Strike_B"],"damage_healed":0,"gold_gain":0,"player_choice":"Card Removal","damage_taken":0,"max_hp_gain":0,"max_hp_loss":0,"event_name":"The Cleric","floor":10,"gold_loss":50},{"damage_healed":0,"gold_gain":0,"cards_transformed":["Strike_B","Strike_B"],"player_choice":"Became Test Subject","damage_taken":0,"max_hp_gain":0,"max_hp_loss":0,"event_name":"Drug Dealer","floor":19,"gold_loss":0,"cards_obtained":["Biased Cognition","Sunder"]},{"damage_healed":0,"gold_gain":0,"player_choice":"Ignored","damage_taken":0,"max_hp_gain":0,"max_hp_loss":0,"event_name":"N\u0027loth","floor":22,"gold_loss":0},{"damage_healed":0,"gold_gain":0,"player_choice":"Bought 3 Potions","damage_taken":0,"max_hp_gain":0,"max_hp_loss":0,"event_name":"The Woman in Blue","floor":30,"gold_loss":0}],"is_beta":false,"boss_relics":[{"not_picked":["Runic Pyramid","SlaversCollar"],"picked":"Fusion Hammer"},{"not_picked":["Busted Crown","Coffee Dripper"],"picked":"Tiny House"}],"items_purged_floors":[11],"is_endless":false,"potions_floor_spawned":[1,4,7,14,16,18,29,35,37],"killed_by":"Spire Growth","ascension_level":10}}