{"host":"wghdsg8ym2wc7ov9","time":1607822865,"event":{"mods":["AchievementEnabler","BaseMod","Better Altar","Better Note","Colored Map","Highlight Path","Minty Spire (QoL Compilation)","Random Character Button","Relic Stats","Shop Mod","StSLib"],"gold_per_floor":[111,111,131,150,166,166,166,191,240,258,285,285,10,26,26,127,127,144,144,144,158,176,176,176,72,72,72,171,182,182,209,209,313,363,382,400,400,415,415,415,427,427,427,446,446,446],"floor_reached":45,"playtime":10176,"items_purged":[],"score":470,"play_id":"2f1fd3a1-ba7f-44f0-aff8-48de544c57d3","local_time":"20201212172745","is_ascension_mode":false,"campfire_choices":[{"data":"Noxious Fumes","floor":7.0,"key":"SMITH"},{"floor":12.0,"key":"REST"},{"floor":15.0,"key":"REST"},{"floor":23,"key":"REST"},{"data":"A Thousand Cuts","floor":27,"key":"SMITH"},{"floor":30,"key":"REST"},{"floor":32,"key":"REST"},{"floor":40,"key":"REST"},{"floor":42,"key":"REST"}],"circlet_count":0,"master_deck":["Strike_G","Strike_G","Strike_G","Strike_G+1","Defend_G+1","Defend_G","Defend_G+1","Defend_G","Defend_G","Survivor","Neutralize","Flying Knee","Noxious Fumes+1","Masterful Stab","Choke","Noxious Fumes","Bouncing Flask","A Thousand Cuts+1","Noxious Fumes","Deflect+1","A Thousand Cuts","CurseOfTheBell","Sucker Punch+1","Apotheosis+1","Dodge and Roll+1","Flying Knee","Apotheosis+1","Backflip","Envenom","Deflect","Crippling Poison+1","Deflect+1","Dodge and Roll","Distraction+1","Masterful Stab"],"relics":["Ring of the Snake","Bottled Flame","Juzu Bracelet","Boot","MerchantsRug","Strange Spoon","Akabeko","InkBottle","TungstenRod","DollysMirror","Mercury Hourglass","Tingsha","Tiny House","War Paint"],"acts_visited":["Exordium","TheCity","TheBeyond"],"potions_floor_usage":[31,33,33,35,36,45],"damage_taken":[{"damage":0.0,"enemies":"Small Slimes","floor":1.0,"turns":3.0},{"damage":0.0,"enemies":"2 Louse","floor":3.0,"turns":2.0},{"damage":0.0,"enemies":"Jaw Worm","floor":4.0,"turns":6.0},{"damage":7.0,"enemies":"Gremlin Gang","floor":5.0,"turns":5.0},{"damage":6.0,"enemies":"Gremlin Nob","floor":8.0,"turns":4.0},{"damage":2.0,"enemies":"Blue Slaver","floor":10.0,"turns":4.0},{"damage":18.0,"enemies":"Lagavulin","floor":11.0,"turns":5.0},{"damage":11.0,"enemies":"3 Louse","floor":14.0,"turns":3.0},{"damage":22.0,"enemies":"Slime Boss","floor":16.0,"turns":7.0},{"damage":24.0,"enemies":"Spheric Guardian","floor":18.0,"turns":6.0},{"damage":4,"enemies":"Shell Parasite","floor":21,"turns":6},{"damage":30,"enemies":"Sentry and Sphere","floor":22,"turns":6},{"damage":6,"enemies":"Centurion and Healer","floor":29,"turns":6},{"damage":20,"enemies":"Slavers","floor":31,"turns":5},{"damage":51,"enemies":"Champ","floor":33,"turns":9},{"damage":2,"enemies":"3 Darklings","floor":35,"turns":5},{"damage":17,"enemies":"Orb Walker","floor":36,"turns":5},{"damage":21,"enemies":"3 Darklings","floor":38,"turns":4},{"damage":28,"enemies":"Writhing Mass","floor":41,"turns":7},{"damage":39,"enemies":"Transient","floor":44,"turns":5},{"damage":29,"enemies":"2 Orb Walkers","floor":45,"turns":3}],"seed_played":"-7686713689658538804","potions_obtained":[{"floor":3.0,"key":"EntropicBrew"},{"floor":5.0,"key":"SmokeBomb"},{"floor":14.0,"key":"Dexterity Potion"},{"floor":22,"key":"SpeedPotion"},{"floor":24,"key":"Poison Potion"},{"floor":24,"key":"Explosive Potion"},{"floor":31,"key":"PowerPotion"},{"floor":34,"key":"Block Potion"},{"floor":35,"key":"Block Potion"},{"floor":44,"key":"Dexterity Potion"}],"is_trial":false,"path_per_floor":["M","?","M","M","M","?","R","E","T","M","E","R","$","M","R","B",null,"M","?","?","M","M","R","?","$","T","R","?","M","R","E","R","B",null,"M","M","?","M","?","R","M","R","T","M","?"],"character_chosen":"THE_SILENT","items_purchased":["MerchantsRug","Strange Spoon","Noxious Fumes","DollysMirror"],"campfire_rested":7,"item_purchase_floors":[13,13,13,25],"current_hp_per_floor":[77,62,62,62,55,55,55,49,49,47,29,52,52,41,64,42,77,53,53,53,49,19,42,42,42,42,42,42,36,59,39,62,11,82,80,63,63,42,42,66,38,62,62,23,0,0],"gold":446,"neow_bonus":"TEN_PERCENT_HP_BONUS","is_daily":false,"chose_seed":false,"campfire_upgraded":2,"win_rate":0.0,"timestamp":1607822865,"path_taken":["M","?","M","M","M","?","R","E","T","M","E","R","$","M","R","BOSS","M","?","?","M","M","R","?","$","T","R","?","M","R","E","R","BOSS","M","M","?","M","?","R","M","R","T","M","?"],"items_purchased_type":["Relic","Relic","Card","Relic"],"build_version":"2020-11-30","purchased_purges":0,"victory":false,"max_hp_per_floor":[77,77,77,77,77,77,77,77,77,77,77,77,77,77,77,77,77,77,77,77,77,77,77,77,77,77,77,77,77,77,77,77,77,82,82,82,82,82,82,82,82,82,82,82,82,82],"relic_stats":{"Strange Spoon":[8],"counters":[21,105],"Tingsha":[9],"Juzu Bracelet":3,"War Paint":["Defend_G","Crippling Poison"],"Boot":[26],"obtain_stats":[{"MerchantsRug":13,"Tiny House":34,"Tingsha":31,"Juzu Bracelet":9,"War Paint":43,"Boot":11,"Akabeko":17,"Mercury Hourglass":26,"Calling Bell":17,"Strange Spoon":13,"Bottled Flame":8,"DollysMirror":25,"InkBottle":17,"TungstenRod":17,"Ring of the Snake":0},{"MerchantsRug":7,"Tiny House":15,"Tingsha":14,"Juzu Bracelet":5,"War Paint":19,"Boot":7,"Akabeko":9,"Mercury Hourglass":12,"Calling Bell":9,"Strange Spoon":7,"Bottled Flame":5,"DollysMirror":12,"InkBottle":9,"TungstenRod":9,"Ring of the Snake":0},{"MerchantsRug":29,"Tiny House":77,"Tingsha":68,"Juzu Bracelet":20,"War Paint":97,"Boot":29,"Akabeko":39,"Mercury Hourglass":57,"Calling Bell":39,"Strange Spoon":29,"Bottled Flame":20,"DollysMirror":57,"InkBottle":39,"TungstenRod":39,"Ring of the Snake":0}],"InkBottle":[22],"TungstenRod":45,"Ring of the Snake":[42],"Mercury Hourglass":[200]},"card_choices":[{"not_picked":["Outmaneuver","Blade Dance"],"picked":"Flying Knee","floor":1.0},{"not_picked":["Slice","Underhanded Strike"],"picked":"Noxious Fumes","floor":3.0},{"not_picked":["Bane","PiercingWail"],"picked":"Masterful Stab","floor":4.0},{"not_picked":["Flying Knee","Expertise"],"picked":"Choke","floor":5.0},{"not_picked":["Deflect","Poisoned Stab"],"picked":"Noxious Fumes","floor":8.0},{"not_picked":["Sucker Punch","Flying Knee"],"picked":"Bouncing Flask","floor":10.0},{"not_picked":["Well Laid Plans","Deflect"],"picked":"A Thousand Cuts","floor":11.0},{"not_picked":["Calculated Gamble","Riddle With Holes"],"picked":"Deflect","floor":14.0},{"not_picked":["Malaise","After Image"],"picked":"A Thousand Cuts","floor":16.0},{"not_picked":["Underhanded Strike","Deadly Poison"],"picked":"Sucker Punch+1","floor":18.0},{"not_picked":["Tactician+1","Finisher"],"picked":"Dodge and Roll+1","floor":21},{"not_picked":["Masterful Stab","Riddle With Holes"],"picked":"Flying Knee","floor":22},{"not_picked":["Acrobatics+1","Quick Slash"],"picked":"Underhanded Strike","floor":29},{"not_picked":["Slice","Eviscerate"],"picked":"Backflip","floor":31},{"not_picked":["Wraith Form v2","Tools of the Trade"],"picked":"Envenom","floor":33},{"not_picked":["Slice","Outmaneuver+1"],"picked":"Deflect","floor":34},{"not_picked":["Outmaneuver","Escape Plan"],"picked":"Crippling Poison","floor":35},{"not_picked":["Skewer","Glass Knife"],"picked":"Deflect+1","floor":36},{"not_picked":["All Out Attack","Backflip"],"picked":"Dodge and Roll","floor":38},{"not_picked":["Backflip+1","Deadly Poison+1"],"picked":"Distraction+1","floor":41},{"not_picked":["Blade Dance","Outmaneuver+1"],"picked":"Masterful Stab","floor":44}],"player_experience":347341,"relics_obtained":[{"floor":8.0,"key":"Bottled Flame"},{"floor":9.0,"key":"Juzu Bracelet"},{"floor":11.0,"key":"Boot"},{"floor":17.0,"key":"Akabeko"},{"floor":17.0,"key":"InkBottle"},{"floor":17.0,"key":"TungstenRod"},{"floor":26,"key":"Mercury Hourglass"},{"floor":31,"key":"Tingsha"},{"floor":43,"key":"War Paint"}],"event_choices":[{"damage_healed":0.0,"max_hp_gain":0.0,"max_hp_loss":0.0,"gold_gain":0.0,"event_name":"Shining Light","player_choice":"Entered Light","floor":2.0,"gold_loss":0.0,"damage_taken":15.0,"cards_upgraded":["Defend_G","Strike_G"]},{"damage_healed":0.0,"max_hp_gain":0.0,"max_hp_loss":0.0,"gold_gain":0.0,"event_name":"The Cleric","player_choice":"Leave","floor":6.0,"gold_loss":0.0,"damage_taken":0.0},{"damage_healed":0,"gold_gain":0,"player_choice":"Take","damage_taken":0,"max_hp_gain":0,"max_hp_loss":0,"event_name":"betterNote:BetterNote","floor":19,"gold_loss":0,"cards_obtained":["Apotheosis"]},{"cards_removed":["Strike_G"],"damage_healed":0,"gold_gain":0,"player_choice":"Offered Basic","damage_taken":0,"max_hp_gain":0,"max_hp_loss":0,"event_name":"Bonfire Elementals","floor":20,"gold_loss":0},{"damage_healed":0,"gold_gain":0,"player_choice":"Got Potions","damage_taken":0,"max_hp_gain":0,"max_hp_loss":0,"event_name":"Lab","floor":24,"gold_loss":0},{"damage_healed":0,"gold_gain":99,"player_choice":"Stole From Cult","damage_taken":0,"max_hp_gain":0,"max_hp_loss":0,"event_name":"Nest","floor":28,"gold_loss":0},{"cards_removed":["Underhanded Strike"],"damage_healed":0,"gold_gain":0,"player_choice":"Removed Attack","damage_taken":0,"max_hp_gain":0,"max_hp_loss":0,"event_name":"Falling","floor":37,"gold_loss":0},{"damage_healed":0,"gold_gain":0,"player_choice":"Ignored","damage_taken":0,"max_hp_gain":0,"max_hp_loss":0,"event_name":"Tomb of Lord Red Mask","floor":39,"gold_loss":0},{"damage_healed":0,"gold_gain":0,"player_choice":"Fight","damage_taken":0,"max_hp_gain":0,"max_hp_loss":0,"event_name":"Mysterious Sphere","floor":45,"gold_loss":0}],"is_beta":false,"boss_relics":[{"not_picked":["Pandora\u0027s Box","Velvet Choker"],"picked":"Calling Bell"},{"not_picked":["Runic Pyramid","HoveringKite"],"picked":"Tiny House"}],"items_purged_floors":[],"is_endless":false,"potions_floor_spawned":[3,5,14,22,31,35,44],"killed_by":"2 Orb Walkers","ascension_level":0}}