{"host":"x1qj4d8ympd5jdqh","time":1607860543,"event":{"mods":["AchievementEnabler","AlwaysNeverKeys","BaseMod","Colored Map","Custom Start","DeckTracker","Highlight Path","Minty Spire (QoL Compilation)","StSLib","SuperFastMode"],"gold_per_floor":[116,135,135,151,165,165,145,145,200,232,244,275,287,318,330,342,342],"floor_reached":16,"playtime":444,"items_purged":[],"score":188,"play_id":"1c98aecd-39fd-40c5-8c5d-9f7638db1f64","local_time":"20201213205543","is_ascension_mode":true,"campfire_choices":[{"data":"A Thousand Cuts","floor":6,"key":"SMITH"},{"data":"Concentrate","floor":8,"key":"SMITH"},{"floor":11,"key":"REST"},{"data":"After Image","floor":13,"key":"SMITH"},{"data":"Acrobatics","floor":15,"key":"SMITH"}],"circlet_count":0,"master_deck":["AscendersBane","Strike_G","Strike_G","Strike_G","Strike_G","Defend_G","Defend_G","Defend_G","Defend_G","Defend_G","Survivor","Neutralize","After Image+1","Backflip","Dash","Acrobatics+1","Concentrate+1","A Thousand Cuts+1","Corpse Explosion","Escape Plan","Acrobatics"],"relics":["Ring of the Snake","MawBank"],"acts_visited":["Exordium"],"potions_floor_usage":[5,5,16,16],"damage_taken":[{"damage":1.0,"enemies":"2 Louse","floor":1.0,"turns":4.0},{"damage":17.0,"enemies":"Cultist","floor":2.0,"turns":7.0},{"damage":1,"enemies":"Jaw Worm","floor":4,"turns":6},{"damage":9,"enemies":"Red Slaver","floor":5,"turns":4},{"damage":2,"enemies":"Gremlin Gang","floor":10,"turns":3},{"damage":6,"enemies":"2 Fungi Beasts","floor":12,"turns":3},{"damage":8,"enemies":"Large Slime","floor":14,"turns":7},{"damage":25,"enemies":"Slime Boss","floor":16,"turns":7}],"seed_played":"5405144467010892924","potions_obtained":[{"floor":2.0,"key":"EntropicBrew"},{"floor":7,"key":"PowerPotion"}],"is_trial":false,"path_per_floor":["M","M","?","M","M","R","?","R","T","M","R","M","R","M","R","B"],"character_chosen":"THE_SILENT","items_purchased":[],"campfire_rested":1,"item_purchase_floors":[],"current_hp_per_floor":[58,41,41,40,31,31,31,31,31,29,48,42,42,34,34,9,9],"gold":342,"neow_bonus":"TRANSFORM_CARD","is_daily":false,"chose_seed":false,"campfire_upgraded":4,"win_rate":0.0,"timestamp":1607860543,"path_taken":["M","M","?","M","?","R","?","R","T","M","R","?","R","M","R","BOSS"],"items_purchased_type":[],"build_version":"2020-11-30","purchased_purges":0,"victory":false,"max_hp_per_floor":[66,66,66,66,66,66,66,66,66,66,66,66,66,66,66,66,66],"card_choices":[{"not_picked":["Bane","Outmaneuver"],"picked":"Backflip","floor":1.0},{"not_picked":["Bane","Dagger Throw"],"picked":"Dash","floor":2.0},{"not_picked":["Poisoned Stab","Underhanded Strike"],"picked":"Corpse Explosion","floor":4},{"not_picked":["Sucker Punch","Cloak And Dagger"],"picked":"Escape Plan","floor":5},{"not_picked":["Cloak And Dagger","Outmaneuver","Flying Knee"],"picked":"SKIP","floor":10},{"not_picked":["Finisher","Terror","Deflect"],"picked":"SKIP","floor":12},{"not_picked":["Heel Hook","Flechettes"],"picked":"Acrobatics","floor":14}],"player_experience":1215913,"relics_obtained":[{"floor":9,"key":"MawBank"}],"event_choices":[{"damage_healed":0,"gold_gain":0,"player_choice":"3 cards matched","damage_taken":0,"max_hp_gain":0,"max_hp_loss":0,"event_name":"Match and Keep!","floor":3,"gold_loss":0,"cards_obtained":["Acrobatics","Concentrate","A Thousand Cuts"]},{"damage_healed":0,"gold_gain":0,"player_choice":"Bought 1 Potion","damage_taken":0,"max_hp_gain":0,"max_hp_loss":0,"event_name":"The Woman in Blue","floor":7,"gold_loss":0}],"is_beta":false,"boss_relics":[],"items_purged_floors":[],"is_endless":false,"potions_floor_spawned":[2,14],"killed_by":"Slime Boss","ascension_level":20}}