{"host":"1c52r9kaxdyo25eq","time":1607855829,"event":{"mods":["AchievementEnabler","BaseMod","Minty Spire (QoL Compilation)","Rare Cards Sparkle","SuperFastMode","everything is the same but u backflip on backflip"],"gold_per_floor":[115,115,115,131,50,67,67,98,121,121,121,132,151,151,151,151,151],"floor_reached":16,"playtime":323,"items_purged":[],"score":200,"play_id":"aa893885-577a-42cb-8f9f-7300f80e2117","local_time":"20201213193709","is_ascension_mode":true,"campfire_choices":[{"data":"Bouncing Flask","floor":7.0,"key":"SMITH"},{"floor":11.0,"key":"REST"},{"data":"Noxious Fumes","floor":15,"key":"SMITH"}],"circlet_count":0,"master_deck":["AscendersBane","Strike_G","Strike_G","Strike_G","Strike_G","Defend_G","Defend_G","Defend_G","Defend_G","Defend_G","Survivor","Neutralize","PiercingWail","A Thousand Cuts","Masterful Stab","Bouncing Flask+1","Noxious Fumes+1","Tactician","Noxious Fumes"],"relics":["Ring of the Snake","Dead Branch","Happy Flower","Omamori","Akabeko"],"acts_visited":["Exordium"],"potions_floor_usage":[16],"damage_taken":[{"damage":0.0,"enemies":"2 Louse","floor":1.0,"turns":4.0},{"damage":1.0,"enemies":"Jaw Worm","floor":4.0,"turns":5.0},{"damage":0.0,"enemies":"Cultist","floor":6.0,"turns":3.0},{"damage":17.0,"enemies":"Lagavulin","floor":8.0,"turns":5.0},{"damage":4.0,"enemies":"Gremlin Gang","floor":12.0,"turns":4.0},{"damage":0,"enemies":"Lots of Slimes","floor":13,"turns":1},{"damage":26,"enemies":"The Guardian","floor":16,"turns":6}],"seed_played":"-8109699984883220877","potions_obtained":[{"floor":1.0,"key":"Fire Potion"},{"floor":12.0,"key":"Dexterity Potion"},{"floor":13,"key":"LiquidBronze"}],"is_trial":false,"path_per_floor":["M","?","?","M","$","M","R","E","T","?","R","M","M","?","R","B"],"character_chosen":"THE_SILENT","items_purchased":["Bouncing Flask"],"campfire_rested":1,"item_purchase_floors":[5],"current_hp_per_floor":[44,33,33,32,32,32,32,15,15,15,34,30,30,30,30,4,4],"gold":151,"neow_bonus":"ONE_RARE_RELIC","is_daily":false,"chose_seed":false,"campfire_upgraded":2,"win_rate":0.0,"timestamp":1607855829,"path_taken":["M","?","?","M","$","M","R","E","T","?","R","?","M","?","R","BOSS"],"items_purchased_type":["Card"],"build_version":"2020-11-30","purchased_purges":0,"victory":false,"max_hp_per_floor":[66,66,66,66,66,66,66,66,66,66,66,66,66,66,66,66,66],"card_choices":[{"not_picked":["Heel Hook","Dagger Spray"],"picked":"PiercingWail","floor":1.0},{"not_picked":["Finisher","Quick Slash"],"picked":"Masterful Stab","floor":4.0},{"not_picked":["Sucker Punch","Underhanded Strike","Endless Agony"],"picked":"SKIP","floor":6.0},{"not_picked":["Outmaneuver","Flechettes"],"picked":"Noxious Fumes","floor":8.0},{"not_picked":["Catalyst","Calculated Gamble"],"picked":"Tactician","floor":12.0},{"not_picked":["Heel Hook","Deflect"],"picked":"Noxious Fumes","floor":13}],"player_experience":469017,"relics_obtained":[{"floor":8.0,"key":"Omamori"},{"floor":9.0,"key":"Akabeko"}],"event_choices":[{"damage_healed":0.0,"max_hp_gain":0.0,"max_hp_loss":0.0,"gold_gain":0.0,"event_name":"Scrap Ooze","player_choice":"Success","floor":2.0,"gold_loss":0.0,"damage_taken":11.0,"relics_obtained":["Happy Flower"]},{"damage_healed":0.0,"max_hp_gain":0.0,"max_hp_loss":0.0,"gold_gain":0.0,"cards_transformed":["Strike_G"],"event_name":"Living Wall","player_choice":"Change","floor":3.0,"gold_loss":0.0,"damage_taken":0.0,"cards_obtained":["A Thousand Cuts"]},{"damage_healed":0.0,"max_hp_gain":0.0,"max_hp_loss":0.0,"gold_gain":0.0,"event_name":"Shining Light","player_choice":"Ignored","floor":10.0,"gold_loss":0.0,"damage_taken":0.0},{"damage_healed":0,"gold_gain":0,"player_choice":"Got Potions","damage_taken":0,"max_hp_gain":0,"max_hp_loss":0,"event_name":"Lab","floor":14,"gold_loss":0}],"is_beta":false,"boss_relics":[],"items_purged_floors":[],"is_endless":false,"potions_floor_spawned":[1,12,13],"killed_by":"The Guardian","ascension_level":20}}