{"host":"htqwg582tjjtn9p7","time":1607848927,"event":{"mods":["2.2 Compatiblity","AchievementEnabler","Act Like it!","Aspiration","BaseMod","Better Third Choice","Colored Map","Conspire","Curses Come First","Displayed Cursed Tome","Energized Spire","Force Act Four","GifTheSpireLib","Hermit","Highlight Path","JesterMod","Mad Scientist","Minty Spire (QoL Compilation)","Pale of the Ancients","Permanent Neow","Random Character Button","Relic Stats","Replay The Spire","Robot Space Explorer","Somnambulant","Spicy Shops","Spikes Relics","StSLib","Stuff the Spire","The Blue Laboratory","The Disciple","The Dragon Tamer","The Forsaken","The Gatherer","The Judge","The Jungle","The Runesmith","The Servant 0.9.4"],"gold_per_floor":[360,360,370,43,43,78,78,105,105,105,135,153,153,168,168,268,268,288,31,41,53,65,98,98,98,122,122,132,143,143,143,143],"floor_reached":31,"playtime":1642,"items_purged":["Pain","theForsaken:TheForsaken_Strike"],"score":426,"play_id":"3ed2a18f-18b5-4483-b70f-e9a9eb830ea4","local_time":"20201213094207","is_ascension_mode":true,"campfire_choices":[{"data":"theForsaken:Smite","floor":7,"key":"SMITH"},{"floor":10,"key":"REST"},{"floor":15,"key":"REST"},{"floor":25,"key":"REST"},{"floor":30,"key":"REST"}],"circlet_count":0,"master_deck":["AscendersBane","theForsaken:TheForsaken_Strike","theForsaken:TheForsaken_Strike","theForsaken:TheForsaken_Defend","theForsaken:TheForsaken_Defend","theForsaken:TheForsaken_Defend","theForsaken:Smite+1","theForsaken:Penitence","theForsaken:CorruptedWord","theForsaken:BottledPlague","ReplayTheSpireMod:Brewmster","theForsaken:Devotion","theForsaken:SpinAttack+1","theForsaken:AncientWords","theForsaken:WardingHymn","theForsaken:NobleSacrifice","theForsaken:CorruptedForm","theForsaken:WardingHymn+1","theForsaken:StoreUp","theForsaken:NobleSacrifice+1","StuffTheSpire:PestControl","theForsaken:StoreUp","theForsaken:ShieldBash"],"relics":["theForsaken:JudgementScales","WarpedTongs","aspiration:Lifesprig","Question Card","ReplayFunnel","ReplayTheSpireMod:TigerMarble","Runesmith:AutoHammer","Snecko Heart","ClockworkSouvenir","Shuriken","aspiration:VileToxins"],"acts_visited":["Exordium","TheCity"],"potions_floor_usage":[6,6,6,8,8,11,12,12,12,14,16,16,16,16,18,18,18,18,18,18,20,20,21,22,23,23,23,23,28,28,28,28,29,29,29,31,31,31],"damage_taken":[{"damage":2,"enemies":"Jaw Worm","floor":1,"turns":5},{"damage":10,"enemies":"Cultist","floor":3,"turns":3},{"damage":19,"enemies":"Lagavulin","floor":6,"turns":7},{"damage":24,"enemies":"Gremlin Nob","floor":8,"turns":4},{"damage":19,"enemies":"Replay:BlueRogue","floor":11,"turns":5},{"damage":0,"enemies":"conspire:RoseBush","floor":12,"turns":7},{"damage":11,"enemies":"conspire:2 RoseBushes","floor":14,"turns":3},{"damage":46,"enemies":"Hexaghost","floor":16,"turns":10},{"damage":11,"enemies":"Spheric Guardian","floor":18,"turns":9},{"damage":16,"enemies":"Shell Parasite","floor":20,"turns":5},{"damage":23,"enemies":"Centurion and Healer","floor":21,"turns":7},{"damage":17,"enemies":"Snake Plant","floor":22,"turns":6},{"damage":11,"enemies":"conspire:Head Lice","floor":23,"turns":8},{"damage":7,"enemies":"Shelled Parasite and Fungi","floor":28,"turns":4},{"damage":13,"enemies":"3 Cultists","floor":29,"turns":6},{"damage":52,"enemies":"Slavers","floor":31,"turns":4}],"seed_played":"-3731739851507134972","potions_obtained":[{"floor":1,"key":"blueLaboratory:EmptyBottle"},{"floor":6,"key":"blueLaboratory:BubblePotion"},{"floor":29,"key":"blueLaboratory:BottleOfRum"}],"is_trial":false,"path_per_floor":["M","?","M","$","?","E","R","E","T","R","E","M","T","M","R","B",null,"M","$","M","M","M","E","?","R","T","?","M","M","R","E"],"character_chosen":"THE_FORSAKEN","items_purchased":["ReplayTheSpireMod:Brewmster","theForsaken:Devotion","ClockworkSouvenir"],"campfire_rested":4,"item_purchase_floors":[4,4,19],"current_hp_per_floor":[59,59,51,51,51,44,44,29,29,46,36,42,42,34,51,26,51,59,59,51,43,32,32,12,30,30,30,28,29,47,0,0],"gold":143,"neow_bonus":"TWO_FIFTY_GOLD","is_daily":false,"chose_seed":false,"campfire_upgraded":1,"win_rate":0.0,"timestamp":1607848927,"path_taken":["M","?","?","$","?","E","R","E","T","R","E","M","?","M","R","BOSS","M","$","?","M","M","E","?","R","T","?","M","M","R","E"],"items_purchased_type":["Card","Card","Relic"],"build_version":"2020-11-30","purchased_purges":2,"victory":false,"max_hp_per_floor":[59,59,59,59,59,59,59,59,59,59,59,59,59,59,59,59,59,61,61,61,61,61,61,61,61,61,61,61,61,61,61,61],"relic_stats":{"counters":[16,92],"Shuriken":[0],"Question Card":11,"obtain_stats":[{"ReplayFunnel":9,"aspiration:VileToxins":26,"aspiration:Lifesprig":6,"Snecko Heart":17,"Shuriken":23,"ReplayTheSpireMod:TigerMarble":11,"Runesmith:AutoHammer":13,"theForsaken:JudgementScales":0,"Question Card":8,"WarpedTongs":2,"ClockworkSouvenir":19},{"ReplayFunnel":4,"aspiration:VileToxins":13,"aspiration:Lifesprig":3,"Snecko Heart":8,"Shuriken":13,"ReplayTheSpireMod:TigerMarble":5,"Runesmith:AutoHammer":6,"theForsaken:JudgementScales":0,"Question Card":4,"WarpedTongs":1,"ClockworkSouvenir":9},{"ReplayFunnel":19,"aspiration:VileToxins":79,"aspiration:Lifesprig":15,"Snecko Heart":44,"Shuriken":79,"ReplayTheSpireMod:TigerMarble":24,"Runesmith:AutoHammer":31,"theForsaken:JudgementScales":0,"Question Card":19,"WarpedTongs":5,"ClockworkSouvenir":53}],"WarpedTongs":[85]},"card_choices":[{"not_picked":["theForsaken:Parry","theForsaken:QuickAttack"],"picked":"theForsaken:CorruptedWord","floor":1},{"not_picked":["theForsaken:QuickAttack","theForsaken:ChargeAttack"],"picked":"theForsaken:BottledPlague","floor":3},{"not_picked":["theForsaken:PanicDive","theForsaken:Enfeeble","theForsaken:Thunderbolt"],"picked":"SKIP","floor":6},{"not_picked":["theForsaken:DarkBarrier","theForsaken:InspiringBlow"],"picked":"theForsaken:AncientWords","floor":8},{"not_picked":["theForsaken:Prudence","theForsaken:FatRoll","theForsaken:DefensiveStance"],"picked":"theForsaken:WardingHymn","floor":11},{"not_picked":["theForsaken:ShieldCharge","theForsaken:Thunderbolt","theForsaken:RainingSunlight"],"picked":"theForsaken:NobleSacrifice","floor":12},{"not_picked":["theForsaken:PanicDive","theForsaken:Parry","theForsaken:SpinAttack","theForsaken:Devotion"],"picked":"SKIP","floor":14},{"not_picked":["theForsaken:Mantra","theForsaken:SacredOath","theForsaken:FountainOfLife"],"picked":"theForsaken:CorruptedForm","floor":16},{"not_picked":["theForsaken:Thunderbolt+1","theForsaken:PowerUp","theForsaken:RainingSunlight","theForsaken:Bolster"],"picked":"SKIP","floor":18},{"not_picked":["theForsaken:ChargeAttack+1","theForsaken:DarkBarrier+1","theForsaken:PanicDive+1","theForsaken:DefensiveStance"],"picked":"SKIP","floor":20},{"not_picked":["theForsaken:BlessedWeapon","theForsaken:BlightOfFamine","theForsaken:InspiringBlow"],"picked":"theForsaken:WardingHymn+1","floor":21},{"not_picked":["theForsaken:InspiringBlow","theForsaken:NobleSacrifice","theForsaken:AncientWords"],"picked":"theForsaken:StoreUp","floor":22},{"not_picked":["theForsaken:ShieldCharge","theForsaken:ScorchingSunlight","theForsaken:HymnOfRest+1"],"picked":"theForsaken:NobleSacrifice+1","floor":23},{"not_picked":["theForsaken:FuryStrikes","theForsaken:Eulogy","theForsaken:ChargeAttack"],"picked":"theForsaken:StoreUp","floor":28},{"not_picked":["theForsaken:Preservation","theForsaken:RainingSunlight","theForsaken:Backlash+1"],"picked":"theForsaken:ShieldBash","floor":29}],"player_experience":1660119,"relics_obtained":[{"floor":6,"key":"aspiration:Lifesprig"},{"floor":8,"key":"Question Card"},{"floor":9,"key":"ReplayFunnel"},{"floor":11,"key":"ReplayTheSpireMod:TigerMarble"},{"floor":13,"key":"Runesmith:AutoHammer"},{"floor":23,"key":"Shuriken"},{"floor":26,"key":"aspiration:VileToxins"}],"event_choices":[{"damage_healed":0,"gold_gain":0,"player_choice":"Rummage","damage_taken":0,"relics_obtained":["WarpedTongs"],"max_hp_gain":0,"max_hp_loss":0,"event_name":"Accursed Blacksmith","floor":2,"gold_loss":0,"cards_obtained":["Pain"]},{"cards_removed":["theForsaken:TheForsaken_Strike"],"damage_healed":0,"gold_gain":0,"player_choice":"Purged","damage_taken":0,"max_hp_gain":0,"max_hp_loss":0,"event_name":"Purifier","floor":27,"gold_loss":0}],"is_beta":false,"boss_relics":[{"not_picked":["energizedSpire:NeverEndingSparkler","Sandwich"],"picked":"Snecko Heart"}],"items_purged_floors":[4,19],"is_endless":false,"potions_floor_spawned":[1,6,12,23,28,29],"killed_by":"Slavers","ascension_level":11}}