{"host":"2461dio7vetlq1z3","time":1607857294,"event":{"mods":["AchievementEnabler","Aspiration","BaseMod","Hermit","Lobotomy","Minty Spire (QoL Compilation)","Relic Stats","Spicy Shops","StSLib","Waifu the Spire"],"gold_per_floor":[216,231,87,87,57,57,85,85,85,102,102,121,12,26,26,97,97,115,115,115,134,154,188,188,93,93,93,103,13,13,40,40,119,119,131,144,160,260,279,279,279,279],"floor_reached":41,"playtime":3744,"items_purged":["Strike_G"],"score":775,"play_id":"98290159-6d3a-4e10-8d6e-357353f1536d","local_time":"20201213120134","is_ascension_mode":true,"campfire_choices":[{"data":"Neutralize","floor":6,"key":"SMITH"},{"data":"Bane","floor":8,"key":"SMITH"},{"data":"Bouncing Flask","floor":11,"key":"SMITH"},{"data":"Well Laid Plans","floor":15,"key":"SMITH"},{"floor":24,"key":"REST"},{"data":"Vault","floor":27,"key":"SMITH"},{"floor":30,"key":"REST"},{"data":"PiercingWail","floor":32,"key":"SMITH"},{"floor":40,"key":"REST"}],"circlet_count":0,"master_deck":["AscendersBane","Strike_G+1","Strike_G+1","Strike_G+1","Defend_G","Defend_G","Defend_G","Defend_G+1","Defend_G","Survivor","Neutralize+1","Bane+1","Bouncing Flask+1","Adrenaline+1","PiercingWail+1","Bouncing Flask","Well Laid Plans+1","Noxious Fumes","Leg Sweep","Noxious Fumes","Corpse Explosion","Crippling Poison","Regret_ego","GoldRush","Vault+1","Leg Sweep","Hologram+1","Establishment","JustLucky+1","SwordSharpenedByTears+1","Bloodletting+1"],"relics":["Ring of the Serpent","Whetstone","Orichalcum","Nilry\u0027s Codex","PrismaticShard","Pantograph","aspiration:Lifesprig","Runic Pyramid"],"acts_visited":["Exordium","TheCity","TheBeyond"],"potions_floor_usage":[5,7,14,23,31],"damage_taken":[{"damage":2,"enemies":"2 Louse","floor":1,"turns":3},{"damage":1,"enemies":"Cultist","floor":2,"turns":4},{"damage":12,"enemies":"Lagavulin","floor":7,"turns":5},{"damage":0,"enemies":"Small Slimes","floor":10,"turns":3},{"damage":0,"enemies":"Looter","floor":12,"turns":3},{"damage":0,"enemies":"Exordium Wildlife","floor":14,"turns":3},{"damage":2,"enemies":"Hexaghost","floor":16,"turns":9},{"damage":4,"enemies":"Chosen","floor":18,"turns":4},{"damage":0,"enemies":"Spheric Guardian","floor":21,"turns":4},{"damage":26,"enemies":"Snake Plant","floor":22,"turns":5},{"damage":9,"enemies":"Book of Stabbing","floor":23,"turns":6},{"damage":0,"enemies":"Centurion and Healer","floor":28,"turns":4},{"damage":19,"enemies":"Gremlin Leader","floor":31,"turns":9},{"damage":32,"enemies":"Champ","floor":33,"turns":13},{"damage":2,"enemies":"Orb Walker","floor":35,"turns":5},{"damage":8,"enemies":"3 Shapes","floor":36,"turns":4},{"damage":0,"enemies":"Transient","floor":37,"turns":6},{"damage":21,"enemies":"Maw","floor":39,"turns":7},{"damage":65,"enemies":"Giant Head","floor":41,"turns":9}],"seed_played":"7907793841064653845","potions_obtained":[{"floor":2,"key":"SneckoOil"},{"floor":5,"key":"Fruit Juice"},{"floor":5,"key":"Fruit Juice"},{"floor":12,"key":"LiquidMemories"},{"floor":14,"key":"Fire Potion"},{"floor":16,"key":"DuplicationPotion"},{"floor":23,"key":"Poison Potion"},{"floor":31,"key":"Weak Potion"}],"is_trial":false,"path_per_floor":["M","M","$","?","?","R","E","R","T","M","R","M","$","M","R","B",null,"M","?","?","M","M","E","R","$","T","R","M","?","R","E","R","B",null,"M","M","M","?","M","R","E"],"character_chosen":"THE_SILENT","items_purchased":["Adrenaline","Noxious Fumes","Leg Sweep","Leg Sweep"],"campfire_rested":3,"item_purchase_floors":[3,13,13,25],"current_hp_per_floor":[57,56,56,43,48,48,36,36,36,36,36,36,36,41,41,39,67,63,47,39,39,13,4,26,26,26,26,26,26,48,29,29,22,63,61,53,53,53,32,54,0,0],"gold":279,"neow_bonus":"HUNDRED_GOLD","is_daily":false,"chose_seed":false,"campfire_upgraded":6,"win_rate":0.0,"timestamp":1607857294,"path_taken":["M","M","$","?","?","R","E","R","T","M","R","?","?","M","R","BOSS","M","?","?","M","M","E","R","?","T","R","?","?","R","E","R","BOSS","M","?","M","?","M","R","E"],"items_purchased_type":["Card","Card","Card","Card"],"build_version":"2020-11-30","purchased_purges":1,"victory":false,"max_hp_per_floor":[66,66,66,66,71,71,71,71,71,71,71,71,71,76,76,76,76,76,76,76,76,76,76,76,76,76,76,76,76,76,76,76,76,76,76,76,76,76,76,76,76,76],"relic_stats":{"counters":[19,106],"Pantograph":25,"Whetstone":["Strike_G","Strike_G"],"Orichalcum":[246],"obtain_stats":[{"aspiration:Lifesprig":31,"Nilry\u0027s Codex":19,"Pantograph":23,"Whetstone":7,"Orichalcum":9,"PrismaticShard":20,"Ring of the Serpent":17,"Ring of the Snake":0,"Runic Pyramid":34},{"aspiration:Lifesprig":13,"Nilry\u0027s Codex":8,"Pantograph":11,"Whetstone":3,"Orichalcum":3,"PrismaticShard":8,"Ring of the Serpent":7,"Ring of the Snake":0,"Runic Pyramid":14},{"aspiration:Lifesprig":62,"Nilry\u0027s Codex":34,"Pantograph":49,"Whetstone":12,"Orichalcum":12,"PrismaticShard":34,"Ring of the Serpent":30,"Ring of the Snake":0,"Runic Pyramid":75}]},"card_choices":[{"not_picked":["Flying Knee","Outmaneuver"],"picked":"Bane","floor":1},{"not_picked":["Outmaneuver","Dodge and Roll"],"picked":"Bouncing Flask","floor":2},{"not_picked":["Predator","Flying Knee"],"picked":"PiercingWail","floor":7},{"not_picked":["Escape Plan","Flechettes"],"picked":"Bouncing Flask","floor":10},{"not_picked":["Dagger Throw","Distraction"],"picked":"Well Laid Plans","floor":12},{"not_picked":["Predator","Flying Knee"],"picked":"Noxious Fumes","floor":14},{"not_picked":["Burst","Bullet Time"],"picked":"Corpse Explosion","floor":16},{"not_picked":["Underhanded Strike+1","Cloak And Dagger"],"picked":"Crippling Poison","floor":18},{"not_picked":["Go for the Eyes","Gaze"],"picked":"Regret_ego","floor":21},{"not_picked":["CUTE","RapturousDream"],"picked":"GoldRush","floor":22},{"not_picked":["hermit:Snipe+1","Crescendo"],"picked":"Vault","floor":23},{"not_picked":["Outmaneuver","Conserve Battery","Armaments"],"picked":"SKIP","floor":28},{"not_picked":["Flying Knee","Redo"],"picked":"Hologram+1","floor":31},{"not_picked":["Mimicry","Barricade"],"picked":"Establishment","floor":33},{"not_picked":["Shrug It Off","SashWhip","Sword Boomerang"],"picked":"SKIP","floor":35},{"not_picked":["hermit:Desperado+1","Beak+1"],"picked":"JustLucky+1","floor":36},{"not_picked":["hermit:Feint","Warcry"],"picked":"SwordSharpenedByTears+1","floor":37},{"not_picked":["Thinking Ahead","Bouncing Flask"],"picked":"Bloodletting+1","floor":39}],"player_experience":663166,"relics_obtained":[{"floor":7,"key":"Whetstone"},{"floor":9,"key":"Orichalcum"},{"floor":19,"key":"Nilry\u0027s Codex"},{"floor":20,"key":"PrismaticShard"},{"floor":23,"key":"Pantograph"},{"floor":31,"key":"aspiration:Lifesprig"}],"event_choices":[{"damage_healed":0,"gold_gain":0,"player_choice":"Entered Light","damage_taken":13,"max_hp_gain":0,"max_hp_loss":0,"event_name":"Shining Light","floor":4,"gold_loss":0,"cards_upgraded":["Strike_G","Adrenaline"]},{"damage_healed":0,"gold_gain":0,"player_choice":"Bought 2 Potions","damage_taken":0,"max_hp_gain":0,"max_hp_loss":0,"event_name":"The Woman in Blue","floor":5,"gold_loss":0},{"damage_healed":0,"gold_gain":0,"player_choice":"Obtained Book","damage_taken":16,"max_hp_gain":0,"max_hp_loss":0,"event_name":"Cursed Tome","floor":19,"gold_loss":0},{"cards_removed":["Strike_G"],"damage_healed":0,"gold_gain":0,"player_choice":"Upgrade and Remove","damage_taken":0,"max_hp_gain":0,"max_hp_loss":0,"event_name":"Designer","floor":29,"gold_loss":90,"cards_upgraded":["Defend_G"]},{"damage_healed":0,"gold_gain":100,"player_choice":"Pray","damage_taken":0,"max_hp_gain":0,"max_hp_loss":0,"event_name":"Golden Shrine","floor":38,"gold_loss":0}],"is_beta":false,"boss_relics":[{"not_picked":["aspiration:FutureDiary","aspiration:IroncladSkillbook"],"picked":"Ring of the Serpent"},{"not_picked":["aspiration:PoetsPen_weak","SlaversCollar"],"picked":"Runic Pyramid"}],"items_purged_floors":[3],"is_endless":false,"potions_floor_spawned":[2,12,14,16,21,23,31,33,36,39],"killed_by":"Giant Head","ascension_level":14}}