{"host":"ormi09wwzv7sq47a","time":1607864232,"event":{"mods":["2.2 Compatiblity","AchievementEnabler","Act Like it!","BaseMod","Better Note","Better Vampires","Colored Map","Colored Powertips","DeckTracker","Downfall","Hermit","Highlight Path","Jorbs\u0027s Wanderer Trilogy","Minty Spire (QoL Compilation)","Permanent Neow","Quick Restart","Rare Cards Sparkle","Relic Stats","Shop Mod","StSLib","The Cursed","The Hierophant","The Jungle","The Servant 0.9.4"],"gold_per_floor":[109,123,48,59,9,9,22,22,46,57,68,68,82,94,94,195,195,205,205,225,242,85,85,101,1,1,19,19,19,19,31,31,31,31],"floor_reached":33,"playtime":3200,"items_purged":["hexamod:Strike","hexamod:Defend"],"score":243,"play_id":"47d0bb9a-cc2b-43a4-8abe-01624c88b1bd","local_time":"20201213095712","is_ascension_mode":false,"campfire_choices":[{"data":"hexamod:Toasty","floor":6,"key":"SMITH"},{"data":"hexamod:SkipABeat","floor":8,"key":"SMITH"},{"data":"hexamod:ExtraCrispy","floor":12,"key":"SMITH"},{"data":"hexamod:RadiantFlame","floor":15,"key":"SMITH"},{"floor":23,"key":"REST"},{"data":"hexamod:TimeWarp","floor":30,"key":"SMITH"},{"data":"hexamod:GiftsFromTheDead","floor":32,"key":"SMITH"}],"circlet_count":0,"master_deck":["hexamod:Defend","hexamod:Defend","hexamod:Sear","hexamod:Float","hexamod:SpectersWail","hexamod:Toasty+1","hexamod:SkipABeat+1","hexamod:GhostShield","hexamod:ThermalTransfer","hexamod:ExtraCrispy+1","hexamod:RadiantFlame+1","hexamod:HexaLevel","hexamod:RainOfEmbers+1","hexamod:HeatShield+1","hexamod:NightmareStrike+1","hexamod:AdvancingGuard+1","hexamod:FlamesFromBeyond+1","hexamod:BurningTouch+1","hexamod:FastForward+1","hexamod:SoulSteal+1","hexamod:GiftsFromTheDead+1","hexamod:InspiringFlames+1","hexamod:TimeWarp+1","hexamod:DynamicBlow+1"],"relics":["hexamod:SpiritBrand","Blood Vial","Astrolabe","Orrery","Vajra"],"acts_visited":["Exordium","TheCity"],"potions_floor_usage":[14,16,16,18,27,31,33,33],"damage_taken":[{"damage":0,"enemies":"Cultist","floor":1,"turns":3},{"damage":7,"enemies":"Small Slimes","floor":2,"turns":2},{"damage":3,"enemies":"Jaw Worm","floor":4,"turns":3},{"damage":3,"enemies":"Exordium Thugs","floor":7,"turns":4},{"damage":13,"enemies":"Exordium Wildlife","floor":10,"turns":4},{"damage":6,"enemies":"Large Slime","floor":11,"turns":6},{"damage":0,"enemies":"2 Fungi Beasts","floor":13,"turns":3},{"damage":0,"enemies":"Looter","floor":14,"turns":4},{"damage":19,"enemies":"Hexaghost","floor":16,"turns":8},{"damage":25,"enemies":"3 Byrds","floor":18,"turns":4},{"damage":34,"enemies":"2 Thieves","floor":20,"turns":5},{"damage":17,"enemies":"Chosen and Byrds","floor":21,"turns":5},{"damage":0,"enemies":"Snecko","floor":24,"turns":5},{"damage":9,"enemies":"Sentry and Sphere","floor":27,"turns":5},{"damage":15,"enemies":"Snake Plant","floor":31,"turns":3},{"damage":28,"enemies":"Automaton","floor":33,"turns":6}],"seed_played":"7508569750885306270","potions_obtained":[{"floor":0,"key":"PowerPotion"},{"floor":0,"key":"BlessingOfTheForge"},{"floor":0,"key":"ColorlessPotion"},{"floor":2,"key":"Swift Potion"},{"floor":14,"key":"hexamod:DoubleChargePotion"},{"floor":16,"key":"Strength Potion"},{"floor":21,"key":"ColorlessPotion"},{"floor":27,"key":"AttackPotion"},{"floor":31,"key":"Weak Potion"}],"is_trial":false,"path_per_floor":["M","M","$","M","?","R","M","R","T","M","M","R","M","M","R","B",null,"M","?","M","M","$","R","M","$","T","M","?","$","R","M","R","B"],"character_chosen":"THE_SPIRIT","items_purchased":["Orrery"],"campfire_rested":1,"item_purchase_floors":[22],"current_hp_per_floor":[70,63,63,60,60,60,57,57,57,46,42,42,44,46,46,29,70,45,70,36,21,21,42,44,44,44,37,37,37,37,24,24,0,0],"gold":31,"neow_bonus":"THREE_SMALL_POTIONS","is_daily":false,"chose_seed":false,"campfire_upgraded":6,"win_rate":0.0,"timestamp":1607864232,"path_taken":["M","?","$","M","?","R","M","R","T","M","M","R","M","M","R","BOSS","M","?","M","?","$","R","?","$","T","M","?","?","R","M","R","BOSS"],"items_purchased_type":["Relic"],"build_version":"2020-11-30","purchased_purges":2,"victory":false,"max_hp_per_floor":[70,70,70,70,70,70,70,70,70,70,70,70,70,70,70,70,70,70,70,70,70,70,70,70,70,70,70,70,70,70,70,70,70,70],"relic_stats":{"Blood Vial":20,"counters":[16,70],"Astrolabe":["hexamod:RainOfEmbers","hexamod:HeatShield","hexamod:NightmareStrike"],"obtain_stats":[{"Blood Vial":9,"Astrolabe":17,"Orrery":22,"Vajra":26,"hexamod:SpiritBrand":0},{"Blood Vial":4,"Astrolabe":9,"Orrery":12,"Vajra":13,"hexamod:SpiritBrand":0},{"Blood Vial":12,"Astrolabe":37,"Orrery":51,"Vajra":56,"hexamod:SpiritBrand":0}]},"card_choices":[{"not_picked":["hexamod:NightmareStrike","hexamod:NightmareGuise"],"picked":"hexamod:SpectersWail","floor":1},{"not_picked":["hexamod:BurningTouch","hexamod:RainOfEmbers"],"picked":"hexamod:Toasty","floor":2},{"not_picked":["hexamod:FirstSeal","hexamod:BacktrackSmack"],"picked":"hexamod:SkipABeat","floor":4},{"not_picked":["hexamod:ThirdSeal","hexamod:SpectersWail"],"picked":"hexamod:GhostShield","floor":7},{"not_picked":["hexamod:BurningTouch","hexamod:Firestarter"],"picked":"hexamod:ThermalTransfer","floor":10},{"not_picked":["hexamod:ShieldOfDarkness","hexamod:GhostShield"],"picked":"hexamod:ExtraCrispy","floor":11},{"not_picked":["hexamod:GhostLash","hexamod:PhantomCloak"],"picked":"hexamod:RadiantFlame","floor":13},{"not_picked":["hexamod:NightmareStrike","hexamod:Firestarter","hexamod:GhostLash"],"picked":"SKIP","floor":14},{"not_picked":["hexamod:SixthSeal","hexamod:UnlimitedPower"],"picked":"hexamod:HexaLevel","floor":16},{"not_picked":["hexamod:GhostShield","hexamod:Hexaguard"],"picked":"hexamod:AdvancingGuard+1","floor":18},{"not_picked":["hexamod:NightmareStrike+1","hexamod:FourthSeal"],"picked":"hexamod:FlamesFromBeyond+1","floor":20},{"not_picked":["hexamod:Incineration","hexamod:SpectersWail"],"picked":"hexamod:BurningTouch+1","floor":21},{"not_picked":["hexamod:Firestarter","hexamod:FirstSeal"],"picked":"hexamod:FastForward+1","floor":22},{"not_picked":["hexamod:InspiringFlames","hexamod:HauntingEcho"],"picked":"hexamod:SoulSteal+1","floor":22},{"not_picked":["hexamod:FastForward","hexamod:SpectersWail"],"picked":"hexamod:GiftsFromTheDead","floor":22},{"not_picked":["hexamod:FirstSeal","hexamod:SwordOfDarkness"],"picked":"hexamod:InspiringFlames+1","floor":22},{"not_picked":["hexamod:Incineration","hexamod:ChargedBarrage"],"picked":"hexamod:TimeWarp","floor":22},{"not_picked":["hexamod:GhostShield","hexamod:SecondSeal"],"picked":"hexamod:DynamicBlow+1","floor":24},{"not_picked":["hexamod:InspiringFlames","hexamod:ThermalTransfer","hexamod:BacktrackSmack"],"picked":"SKIP","floor":27},{"not_picked":["hexamod:InspiringFlames","hexamod:HauntingEcho+1","hexamod:BacktrackSmack"],"picked":"SKIP","floor":31}],"player_experience":737391,"relics_obtained":[{"floor":9,"key":"Blood Vial"},{"floor":26,"key":"Vajra"}],"event_choices":[{"cards_removed":["hexamod:Strike"],"damage_healed":0,"gold_gain":0,"player_choice":"Card Removal","damage_taken":0,"max_hp_gain":0,"max_hp_loss":0,"event_name":"The Cleric","floor":5,"gold_loss":50},{"damage_healed":25,"gold_gain":0,"player_choice":"Full Heal","damage_taken":0,"max_hp_gain":0,"max_hp_loss":0,"event_name":"Wheel of Change","floor":19,"gold_loss":0},{"damage_healed":0,"gold_gain":0,"player_choice":"Ignored","damage_taken":0,"max_hp_gain":0,"max_hp_loss":0,"event_name":"betterNote:BetterNote","floor":28,"gold_loss":0,"cards_obtained":["Regret"]}],"is_beta":false,"boss_relics":[{"not_picked":["Sozu","SacredBark"],"picked":"Astrolabe"}],"items_purged_floors":[3,25],"is_endless":false,"potions_floor_spawned":[2,4,14,16,21,27,31],"killed_by":"Automaton","ascension_level":0}}