{"host":"27hat5v0dffgaxzm","time":1607871493,"event":{"mods":["BaseMod","Colored Map","Colored Powertips","Highlight Path","Minty Spire (QoL Compilation)","Permanent Neow","Quick Restart"],"gold_per_floor":[158,14,14,70,104,104,130,305,332,387,387,453,496,558,558,558,558],"floor_reached":16,"playtime":559,"items_purged":["Pain"],"score":157,"play_id":"39d8ee31-f28d-4f95-8c82-e02ea67d69a5","local_time":"20201213235813","is_ascension_mode":true,"campfire_choices":[{"data":"HandOfGreed","floor":6,"key":"SMITH"},{"data":"Dark Embrace","floor":11,"key":"SMITH"},{"data":"Bash","floor":15,"key":"SMITH"}],"circlet_count":0,"master_deck":["Strike_R","Strike_R","Strike_R","Strike_R","Strike_R","Defend_R","Defend_R","Defend_R","Defend_R","Bash+1","HandOfGreed+1","Metallicize","Fire Breathing","Dark Embrace+1","Thunderclap","Doubt","Rampage","Pommel Strike","Metallicize"],"relics":["Burning Blood","Smiling Mask","Meat on the Bone","Anchor","Potion Belt"],"acts_visited":["Exordium"],"potions_floor_usage":[13],"damage_taken":[{"damage":2,"enemies":"2 Louse","floor":1,"turns":4},{"damage":10,"enemies":"Small Slimes","floor":4,"turns":4},{"damage":0,"enemies":"Jaw Worm","floor":5,"turns":7},{"damage":23,"enemies":"3 Sentries","floor":7,"turns":5},{"damage":55,"enemies":"Lagavulin","floor":10,"turns":10},{"damage":0,"enemies":"2 Fungi Beasts","floor":12,"turns":4},{"damage":2,"enemies":"Red Slaver","floor":13,"turns":3},{"damage":5,"enemies":"3 Louse","floor":14,"turns":5},{"damage":63,"enemies":"Hexaghost","floor":16,"turns":9}],"seed_played":"-1096278342920121262","potions_obtained":[{"floor":4,"key":"Explosive Potion"},{"floor":12,"key":"Explosive Potion"},{"floor":13,"key":"Fruit Juice"}],"is_trial":false,"path_per_floor":["M","$","?","M","M","R","E","?","T","E","R","M","M","M","R","B"],"character_chosen":"IRONCLAD","items_purchased":["Fire Breathing"],"campfire_rested":0,"item_purchase_floors":[2],"current_hp_per_floor":[76,76,73,69,75,75,58,58,58,21,21,39,60,61,61,0,0],"gold":558,"neow_bonus":"RANDOM_COLORLESS_2","is_daily":false,"chose_seed":false,"campfire_upgraded":3,"win_rate":0.0,"timestamp":1607871493,"path_taken":["M","$","?","M","M","R","E","?","T","E","R","M","M","M","R","BOSS"],"items_purchased_type":["Card"],"build_version":"2020-11-30","purchased_purges":1,"victory":false,"max_hp_per_floor":[80,80,80,80,80,80,80,80,80,80,80,80,85,85,85,85,85],"card_choices":[{"not_picked":["Secret Technique","Metamorphosis"],"picked":"HandOfGreed","floor":0},{"not_picked":["Entrench","Intimidate"],"picked":"Metallicize","floor":1},{"not_picked":["Warcry","Dual Wield"],"picked":"Dark Embrace","floor":4},{"not_picked":["Anger","Wild Strike","Heavy Blade"],"picked":"SKIP","floor":5},{"not_picked":["Sentinel","Perfected Strike"],"picked":"Thunderclap","floor":7},{"not_picked":["Uppercut","Clash"],"picked":"Rampage","floor":10},{"not_picked":["Fire Breathing","Body Slam"],"picked":"Pommel Strike","floor":12},{"not_picked":["Havoc","Pummel","Body Slam"],"picked":"SKIP","floor":13},{"not_picked":["Warcry","Havoc"],"picked":"Metallicize","floor":14}],"player_experience":313011,"relics_obtained":[{"floor":7,"key":"Meat on the Bone"},{"floor":9,"key":"Anchor"},{"floor":10,"key":"Potion Belt"}],"event_choices":[{"damage_healed":0,"gold_gain":0,"player_choice":"Success","damage_taken":3,"relics_obtained":["Smiling Mask"],"max_hp_gain":0,"max_hp_loss":0,"event_name":"Scrap Ooze","floor":3,"gold_loss":0},{"damage_healed":0,"gold_gain":175,"player_choice":"AGREE","damage_taken":0,"max_hp_gain":0,"max_hp_loss":0,"event_name":"Liars Game","floor":8,"gold_loss":0,"cards_obtained":["Doubt"]}],"is_beta":false,"boss_relics":[],"items_purged_floors":[2],"is_endless":false,"potions_floor_spawned":[4,12,13],"killed_by":"Hexaghost","ascension_level":8}}