{"host":"6fbjdsiu9jij34p7","time":1607873158,"event":{"mods":["2.2 Compatiblity","AchievementEnabler","BaseMod","Colored Map","DeckTracker","Highlight Path","Keyboard Shortcuts","Minty Spire (QoL Compilation)","Permanent Neow","Quick Restart","StSLib","SuperFastMode"],"gold_per_floor":[115,135,135,166,353,365,2,2,2,2,21,21,64,64,64,188,188,212,137,157,171,171,171,205,205,205],"floor_reached":25,"playtime":435,"items_purged":["Doubt"],"score":274,"play_id":"59ab3f2e-7634-4012-bbee-87cd9f0e3df1","local_time":"20201214002558","is_ascension_mode":true,"campfire_choices":[{"floor":6,"key":"REST"},{"data":"Demon Form","floor":12,"key":"SMITH"},{"data":"Flex","floor":15,"key":"SMITH"},{"floor":23,"key":"REST"}],"circlet_count":0,"master_deck":["Strike_R","Strike_R","Strike_R","Defend_R","Defend_R","Defend_R","Defend_R","Bash","Cleave","Thunderclap","Demon Form+1","Injury","Flex+1","Twin Strike","Offering","Sword Boomerang+1","Cleave","Pain","Reaper"],"relics":["Burning Blood","Nunchaku","MawBank","Sling","MealTicket","Ice Cream","Golden Idol","Champion Belt","Black Star","WarpedTongs","Blood Vial","Pen Nib"],"acts_visited":["Exordium","TheCity"],"potions_floor_usage":[13,24,25],"damage_taken":[{"damage":23.0,"enemies":"Small Slimes","floor":1.0,"turns":4.0},{"damage":9,"enemies":"Jaw Worm","floor":2,"turns":3},{"damage":0,"enemies":"2 Louse","floor":4,"turns":2},{"damage":17,"enemies":"Large Slime","floor":11,"turns":5},{"damage":16,"enemies":"3 Sentries","floor":13,"turns":4},{"damage":30,"enemies":"Slime Boss","floor":16,"turns":7},{"damage":14,"enemies":"3 Byrds","floor":18,"turns":4},{"damage":8,"enemies":"Chosen","floor":20,"turns":3},{"damage":10,"enemies":"3 Cultists","floor":21,"turns":3},{"damage":78,"enemies":"Gremlin Leader","floor":24,"turns":5},{"damage":22,"enemies":"Centurion and Healer","floor":25,"turns":4}],"seed_played":"-5161137535577771350","potions_obtained":[{"floor":2,"key":"EssenceOfSteel"},{"floor":21,"key":"CultistPotion"},{"floor":24,"key":"FearPotion"}],"is_trial":false,"path_per_floor":["M","M","?","M","?","R","$","?","T","?","M","R","E","$","R","B",null,"M","?","M","M","?","R","E","M"],"character_chosen":"IRONCLAD","items_purchased":["Sling","MealTicket"],"campfire_rested":2,"item_purchase_floors":[7,7],"current_hp_per_floor":[63,60,42,48,48,72,72,72,72,72,61,61,51,66,66,42,71,63,63,61,57,57,80,8,0,0],"gold":205,"neow_bonus":"RANDOM_COMMON_RELIC","is_daily":false,"chose_seed":false,"campfire_upgraded":2,"win_rate":0.0,"timestamp":1607873158,"path_taken":["M","M","?","M","?","R","$","?","T","?","M","R","E","?","R","BOSS","M","?","M","M","?","R","E","M"],"items_purchased_type":["Relic","Relic"],"build_version":"2020-11-30","purchased_purges":1,"victory":false,"max_hp_per_floor":[80,80,80,80,80,80,80,80,80,80,80,80,80,80,80,80,80,80,80,80,80,80,80,80,80,80],"card_choices":[{"not_picked":["Wild Strike","Heavy Blade"],"picked":"Cleave","floor":1.0},{"not_picked":["Havoc","Warcry"],"picked":"Thunderclap","floor":2},{"not_picked":["Cleave","Clash"],"picked":"Demon Form","floor":4},{"not_picked":["Havoc","Rage"],"picked":"Flex","floor":11},{"not_picked":["Fire Breathing","Headbutt"],"picked":"Twin Strike","floor":13},{"not_picked":["Immolate","Exhume"],"picked":"Offering","floor":16},{"not_picked":["Disarm","Pommel Strike"],"picked":"Sword Boomerang+1","floor":18},{"not_picked":["Rupture","Clothesline+1","Anger"],"picked":"SKIP","floor":20},{"not_picked":["Hemokinesis","Clothesline"],"picked":"Cleave","floor":21},{"not_picked":["Clash","Warcry"],"picked":"Reaper","floor":24}],"player_experience":234429,"relics_obtained":[{"floor":9,"key":"Ice Cream"},{"floor":13,"key":"Champion Belt"},{"floor":24,"key":"Blood Vial"},{"floor":24,"key":"Pen Nib"}],"event_choices":[{"damage_healed":0,"gold_gain":0,"player_choice":"Success","damage_taken":18,"relics_obtained":["MawBank"],"max_hp_gain":0,"max_hp_loss":0,"event_name":"Scrap Ooze","floor":3,"gold_loss":0},{"damage_healed":0,"gold_gain":175,"player_choice":"AGREE","damage_taken":0,"max_hp_gain":0,"max_hp_loss":0,"event_name":"Liars Game","floor":5,"gold_loss":0,"cards_obtained":["Doubt"]},{"cards_removed":["Strike_R"],"damage_healed":0,"gold_gain":0,"player_choice":"Forget","damage_taken":0,"max_hp_gain":0,"max_hp_loss":0,"event_name":"Living Wall","floor":8,"gold_loss":0},{"damage_healed":0,"gold_gain":0,"player_choice":"Take Wound","damage_taken":0,"relics_obtained":["Golden Idol"],"max_hp_gain":0,"max_hp_loss":0,"event_name":"Golden Idol","floor":10,"gold_loss":0,"cards_obtained":["Injury"]},{"cards_removed":["Strike_R"],"damage_healed":0,"gold_gain":0,"player_choice":"Gave Gold","damage_taken":0,"max_hp_gain":0,"max_hp_loss":0,"event_name":"Beggar","floor":19,"gold_loss":75},{"damage_healed":0,"gold_gain":0,"player_choice":"Rummage","damage_taken":0,"relics_obtained":["WarpedTongs"],"max_hp_gain":0,"max_hp_loss":0,"event_name":"Accursed Blacksmith","floor":22,"gold_loss":0,"cards_obtained":["Pain"]}],"is_beta":false,"boss_relics":[{"not_picked":["Cursed Key","Runic Cube"],"picked":"Black Star"}],"items_purged_floors":[7],"is_endless":false,"potions_floor_spawned":[2,21,24],"killed_by":"Centurion and Healer","ascension_level":5}}