{"host":"lck2g1j0kcwr02ez","time":1607833367,"event":{"mods":["Act Like it!","BaseMod","CapriCore","Hallownest","Minty Spire (QoL Compilation)","Prisma Mod","StSLib","The Bug Knight"],"gold_per_floor":[111,5150,5075,4266,4286,4286,4312,4312,4312,4312,3751,3785,3785,3785,3785,3887,3887,3887,3887,3887,3509,3509,3509,3509,3509,3509,3509,3509,1712,1712,1712,1712,1712,1712,1712,1042,1042,5801,5721,5721,5721,5577,5577,5577,5577,5577,5577,5577,5577,5577,5577,5577,5398,5398,5398],"floor_reached":56,"playtime":3381,"items_purged":["PrismaMod:IllyaCommonDefend","PrismaMod:IllyaCommonAttack","PrismaMod:IllyaCommonAttack","PrismaMod:IllyaCommonDefend","PrismaMod:IllyaCommonAttack","PrismaMod:IllyaCommonAttack","PrismaMod:IllyaCommonDefend+1"],"score":1648,"play_id":"ae110f0d-ea52-4558-a4ce-0ca554da4229","local_time":"20201213122247","is_ascension_mode":true,"campfire_choices":[{"floor":6,"key":"DIG"},{"data":"PrismaMod:IllyaUncommonDefend","floor":8,"key":"SMITH"},{"floor":10,"key":"RECALL"},{"floor":15,"key":"DIG"},{"floor":23,"key":"DIG"},{"floor":25,"key":"DIG"},{"floor":27,"key":"DIG"},{"floor":32,"key":"DIG"},{"floor":40,"key":"DIG"},{"data":"1","floor":49,"key":"LIFT"},{"data":"2","floor":52,"key":"LIFT"}],"circlet_count":6,"master_deck":["PrismaMod:IllyaUncommonAttack","PrismaMod:IllyaUncommonDefend+1","PrismaMod:IllyaDevil+1","PrismaMod:IllyaSaphire","PrismaMod:IllyaPoisonTippedWeapons+1","PrismaMod:IllyaBerserCAR","Mayhem+1","Hallownest:skillGreenpathMap","PrismaMod:IllyaBerserCAR","PrismaMod:IllyaCarnivalAttack","Apotheosis+1","PrismaMod:IllyaInstallSaber","PrismaMod:IllyaUberAttackChannel","PrismaMod:IllyaPartialInstallAssassin","PrismaMod:IllyaInstallArcher","PrismaMod:IllyaCarnivalOrbs","Whirlwind+1","PrismaMod:IllyaUncommonDefend+1","Mayhem+1","Panache+1","Mayhem+1","Mayhem+1","Ghostly Armor+1","PrismaMod:MiyuCheapStrBuff+1","PrismaMod:IllyaCarnivalOrbs+1","PrismaMod:IllyaCarnivalAttack+1","PrismaMod:IllyaCheapDefend+1","PrismaMod:IllyaMinorRapidFire+1","Inflame+1"],"relics":["PrismaMod:PrismaRuby","Shovel","Frozen Egg 2","HandDrill","Bronze Scales","HollowMod:JonisBlessing","Mercury Hourglass","MealTicket","Bird Faced Urn","Membership Card","Toy Ornithopter","Happy Flower","HollowMod:PaleOreRelic","Hallownest:DreamNailRelic","TungstenRod","Ectoplasm","War Paint","Ancient Tea Set","PrismaticShard","Bottled Flame","Regal Pillow","The Courier","Darkstone Periapt","CaptainsWheel","PrismaMod:AliceRelic","Regal Pillow","Calipers","Juzu Bracelet","Pear","Nunchaku","Sundial","HollowMod:StagPassRelic","Akabeko","Blue Candle","Singing Bowl","Bottled Tornado","Potion Belt","StoneCalendar","HollowMod:LifeEnderRelic","HornCleat","Pen Nib","Matryoshka","Bag of Marbles","Pantograph","Question Card","WingedGreaves","Cursed Key","Whetstone","Boot","Orichalcum","Du-Vu Doll","Frozen Eye","Mango","Bag of Preparation","Anchor","Oddly Smooth Stone","Vajra","PreservedInsect","Lee\u0027s Waffle","Kunai","Blood Vial","Strawberry","Omamori","Ornamental Fan","Lantern","Molten Egg 2","Toxic Egg 2","Eternal Feather","Letter Opener","Bottled Lightning","InkBottle","White Beast Statue","FossilizedHelix","Shuriken","Mummified Hand","Incense Burner","Ice Cream","Unceasing Top","Gremlin Horn","Gambling Chip","Lizard Tail","Turnip","Torii","Girya","Prayer Wheel","Ginger","Pocketwatch","HollowMod:QueensCombRelic","Thread and Needle","Circlet","Chemical X"],"acts_visited":["Exordium","Hallownest:Greenpath","Hallownest:CityofTears","TheEnding"],"potions_floor_usage":[7,18,18,18,20,30,31,33,33,33,55,55,55],"damage_taken":[{"damage":0,"enemies":"Hallownest:2_MossCreeps","floor":1,"turns":5},{"damage":0,"enemies":"2_ Uuma","floor":5,"turns":3},{"damage":0,"enemies":"Hallownest:eliteCrystalGuardian","floor":7,"turns":5},{"damage":0,"enemies":"Hallownest:eliteVengeflyKing","floor":12,"turns":4},{"damage":0,"enemies":"Hallownest:monsterMarmu","floor":13,"turns":3},{"damage":0,"enemies":"Hallownest:BossFalseKnight","floor":16,"turns":6},{"damage":0,"enemies":"Hallownest:Guard_and_Sentry","floor":18,"turns":2},{"damage":0,"enemies":"Hallownest:Flukemon_and_Top","floor":19,"turns":3},{"damage":0,"enemies":"Hallownest:2_Husk_Sentries","floor":20,"turns":3},{"damage":0,"enemies":"Hallownest:Nosk","floor":28,"turns":4},{"damage":0,"enemies":"Hallownest:eliteSoulWarrior","floor":30,"turns":3},{"damage":0,"enemies":"Hallownest:2_Flukemon","floor":31,"turns":3},{"damage":0,"enemies":"Hallownest:BossGrimm","floor":33,"turns":4},{"damage":0,"enemies":"Hallownest:3_Siblings","floor":35,"turns":3},{"damage":0,"enemies":"Hallownest:2_Littles","floor":37,"turns":2},{"damage":0,"enemies":"Hallownest:monsterPrimalAspid","floor":45,"turns":2},{"damage":0,"enemies":"Hallownest:StalkingDevout","floor":47,"turns":1},{"damage":0,"enemies":"Hallownest:2_Soldiers_and_1_Guardian","floor":48,"turns":2},{"damage":0,"enemies":"Hallownest:BossHollowKnight","floor":50,"turns":2},{"damage":0,"enemies":"Shield and Spear","floor":54,"turns":2},{"damage":0,"enemies":"The Heart","floor":55,"turns":4}],"seed_played":"-7002279386747482688","potions_obtained":[{"floor":19,"key":"DistilledChaos"},{"floor":28,"key":"Explosive Potion"},{"floor":31,"key":"AttackPotion"},{"floor":35,"key":"Dexterity Potion"},{"floor":45,"key":"Regen Potion"}],"is_trial":false,"path_per_floor":["M","$","?","$","M","R","E","R","T","R","$","E","?","?","R","B",null,"M","M","M","$","?","R","?","R","T","R","E","$","E","M","R","B",null,"M","$","M","$","?","R","?","$","T","?","M","?","E","M","R","B",null,"R","$","E","B",null],"character_chosen":"ILLYA","items_purchased":["Fire Potion","Shovel","Frozen Egg 2","HandDrill","PrismaMod:IllyaPoisonTippedWeapons+1","PrismaMod:IllyaBerserCAR","Mayhem+1","Bronze Scales","HollowMod:JonisBlessing","Mercury Hourglass","PrismaMod:IllyaBerserCAR","LiquidMemories","Weak Potion","Membership Card","Toy Ornithopter","Happy Flower","Apotheosis","PrismaMod:IllyaInstallSaber","PowerPotion","PrismaMod:IllyaCarnivalOrbs","War Paint","Ancient Tea Set","PrismaticShard","Calipers","Juzu Bracelet","Pear","Nunchaku","Sundial","HollowMod:StagPassRelic","Akabeko","Blue Candle","Singing Bowl","Bottled Tornado","Potion Belt","Energy Potion","Swift Potion","FearPotion","StoneCalendar","HollowMod:LifeEnderRelic","HornCleat","Pen Nib","Matryoshka","Bag of Marbles","Pantograph","SkillPotion","Weak Potion","Whetstone","Boot","Orichalcum","Du-Vu Doll","Frozen Eye","Mango","Bag of Preparation","PrismaMod:IllyaUncommonDefend","Anchor","Oddly Smooth Stone","Vajra","PreservedInsect","Lee\u0027s Waffle","Kunai","Blood Vial","Strawberry","Omamori","Ornamental Fan","Lantern","Molten Egg 2","Toxic Egg 2","Swift Potion","Eternal Feather","Letter Opener","Bottled Lightning","InkBottle","White Beast Statue","FossilizedHelix","Shuriken","Mummified Hand","Incense Burner","Ice Cream","Unceasing Top","Gremlin Horn","Gambling Chip","DistilledChaos","Lizard Tail","Turnip","Torii","Girya","Prayer Wheel","Ginger","Pocketwatch","HollowMod:QueensCombRelic","Thread and Needle","Circlet","Mayhem+1","Panache+1","Chemical X","PrismaMod:IllyaCarnivalAttack+1","PrismaMod:IllyaCheapDefend+1","PrismaMod:IllyaMinorRapidFire+1","AttackPotion"],"campfire_rested":0,"item_purchase_floors":[2,2,2,2,2,2,2,4,4,4,4,4,4,11,11,11,11,11,11,21,21,21,21,29,29,29,29,29,29,29,29,29,29,29,29,29,29,29,29,29,29,29,29,29,29,29,36,36,36,36,36,36,36,36,38,38,38,38,38,38,38,38,38,38,38,38,38,38,38,38,38,38,38,38,38,38,38,38,38,38,38,38,38,38,38,38,38,38,38,38,38,38,42,42,53,53,53,53,53],"current_hp_per_floor":[75,75,75,75,75,75,75,75,75,75,75,75,75,75,75,75,75,75,75,75,75,75,75,75,75,75,75,75,85,87,87,87,89,89,91,105,105,78,78,78,78,78,78,78,80,75,77,79,79,79,79,79,79,79,79],"gold":5398,"neow_bonus":"THREE_CARDS","is_daily":false,"chose_seed":false,"campfire_upgraded":1,"win_rate":0.0,"timestamp":1607833367,"path_taken":["M","$","?","$","M","R","E","R","T","R","$","E","?","?","R","BOSS","M","?","M","$","?","R","?","R","T","R","E","$","E","M","R","BOSS","M","$","M","$","?","R","?","$","T","?","M","?","E","M","R","BOSS","R","$","E","BOSS"],"items_purchased_type":["Potion","Relic","Relic","Relic","Card","Card","Card","Relic","Relic","Relic","Card","Potion","Potion","Relic","Relic","Relic","Card","Card","Potion","Card","Relic","Relic","Relic","Relic","Relic","Relic","Relic","Relic","Relic","Relic","Relic","Relic","Relic","Relic","Potion","Potion","Potion","Relic","Relic","Relic","Relic","Relic","Relic","Relic","Potion","Potion","Relic","Relic","Relic","Relic","Relic","Relic","Relic","Card","Relic","Relic","Relic","Relic","Relic","Relic","Relic","Relic","Relic","Relic","Relic","Relic","Relic","Potion","Relic","Relic","Relic","Relic","Relic","Relic","Relic","Relic","Relic","Relic","Relic","Relic","Relic","Potion","Relic","Relic","Relic","Relic","Relic","Relic","Relic","Relic","Relic","Undefined","Card","Card","Relic","Card","Card","Card","Potion"],"build_version":"2020-11-30","purchased_purges":7,"victory":true,"max_hp_per_floor":[75,75,75,75,75,75,75,75,75,75,75,75,75,75,75,75,75,75,75,75,75,75,75,75,75,75,75,75,85,87,87,87,89,89,91,105,105,78,78,78,78,78,78,78,80,75,77,79,79,79,79,79,79,79,79],"card_choices":[{"not_picked":["PrismaMod:IllyaStunPoison","PrismaMod:IllyaDetonatingBlow"],"picked":"PrismaMod:IllyaDevil","floor":0},{"not_picked":["PrismaMod:IllyaGun","PrismaMod:IllyaDualEvoke"],"picked":"PrismaMod:IllyaSaphire","floor":1},{"not_picked":["PrismaMod:IllyaHassanGift","PrismaMod:IllyaBlindPoisonToss","PrismaMod:IllyaCheapChannelAttack"],"picked":"SKIP","floor":5},{"not_picked":["PrismaMod:IllyaGrail","PrismaMod:IllyaBerserCAR"],"picked":"PrismaMod:IllyaCarnivalAttack","floor":7},{"not_picked":["PrismaMod:IllyaGrail","PrismaMod:IllyaCheapChannelPoison","PrismaMod:IllyaRussianRoulette"],"picked":"SKIP","floor":12},{"not_picked":["PrismaMod:IllyaInstallShielder","PrismaMod:IllyaCarnivalDefend"],"picked":"PrismaMod:IllyaUberAttackChannel","floor":16},{"not_picked":["PrismaMod:IllyaGrailKun+1","PrismaMod:IllyaMinorRapidFire+1"],"picked":"PrismaMod:IllyaPartialInstallAssassin","floor":18},{"not_picked":["PrismaMod:IllyaMaid","PrismaMod:IllyaFeed"],"picked":"PrismaMod:IllyaInstallArcher","floor":19},{"not_picked":["PrismaMod:IllyaHassanGift","PrismaMod:IllyaPoisonTippedWeapons+1","PrismaMod:IllyaFeed"],"picked":"SKIP","floor":20},{"not_picked":["Redo","HollowMod:TaintedHusks","Jack Of All Trades"],"picked":"SKIP","floor":28},{"not_picked":["HollowMod:QuirrelsAssistance+1","Acrobatics","PrismaMod:ChloeEyeOfTheEuryale"],"picked":"Singing Bowl","floor":30},{"not_picked":["PrismaMod:ChloeRhongomyniad","PrismaMod:MiyuUberAOEAttack+1","Heavy Blade+1"],"picked":"Whirlwind","floor":31},{"not_picked":["Barricade+1","PrismaMod:ChloeAnyRareTrace","PrismaMod:MiyuUberDefend","Malaise"],"picked":"Singing Bowl","floor":33},{"not_picked":["Glacier","PrismaMod:MiyuEvokeCheapAttack","FlyingSleeves","Headbutt"],"picked":"Singing Bowl","floor":35},{"not_picked":["Flex+1","PrismaMod:IllyaCheapChannelPoison+1","PrismaMod:IllyaBlindPoisonToss"],"picked":"PrismaMod:IllyaUberChannel+1","floor":37},{"not_picked":["DeceiveReality+1","Thunderclap+1","Body Slam+1","FlurryOfBlows+1"],"picked":"Singing Bowl","floor":45},{"not_picked":["PrismaMod:MiyuAttackChannelAttack+1","PrismaMod:MiyuAttackChannelVul+1","Cleave+1"],"picked":"Ghostly Armor+1","floor":45},{"not_picked":["HollowMod:ShapeofUnn+1","PanicButton+1","Reprogram+1","HollowMod:HeavyBlow+1"],"picked":"Singing Bowl","floor":47},{"not_picked":["PrismaMod:IllyaMinorReinForce+1","Fiend Fire+1","PrismaMod:IllyaCommonEvoke+1","Heavy Blade+1"],"picked":"Singing Bowl","floor":48},{"not_picked":["HollowMod:NewJinnsSoul+1","HollowMod:WraithStrike+1","Backflip+1"],"picked":"PrismaMod:MiyuCheapStrBuff+1","floor":48},{"not_picked":["Judgement+1","PrismaMod:IllyaInstallCaster","HollowMod:theNailsmith+1"],"picked":"PrismaMod:IllyaCarnivalOrbs+1","floor":50},{"not_picked":["WheelKick+1","Streamline+1","Storm+1"],"picked":"Inflame+1","floor":54}],"player_experience":193366,"relics_obtained":[{"floor":6,"key":"MealTicket"},{"floor":7,"key":"Bird Faced Urn"},{"floor":12,"key":"HollowMod:PaleOreRelic"},{"floor":15,"key":"TungstenRod"},{"floor":23,"key":"Bottled Flame"},{"floor":25,"key":"The Courier"},{"floor":26,"key":"Darkstone Periapt"},{"floor":27,"key":"CaptainsWheel"},{"floor":28,"key":"Regal Pillow"},{"floor":30,"key":"Question Card"},{"floor":32,"key":"WingedGreaves"},{"floor":40,"key":"Circlet"},{"floor":43,"key":"Circlet"},{"floor":43,"key":"Circlet"},{"floor":47,"key":"Circlet"},{"floor":54,"key":"Circlet"}],"event_choices":[],"is_beta":false,"boss_relics":[{"not_picked":["Sozu","PrismaMod:PrismaZwei"],"picked":"Ectoplasm"},{"not_picked":["Calling Bell","Empty Cage"],"picked":"Cursed Key"}],"items_purged_floors":[2,4,11,21,29,36,38],"is_endless":false,"potions_floor_spawned":[12,13,19,28,31,35,45,47,48,50,54],"ascension_level":1}}