{"host":"p9t7qd83igtcp2bh","time":1607878967,"event":{"mods":["2.2 Compatiblity","AchievementEnabler","BaseMod","Colored Map","Colored Powertips","Custom Start","DeckTracker","Keyboard Shortcuts","Minty Spire (QoL Compilation)","Permanent Neow","Spicy Shops","StSLib","SuperFastMode","everything is the same but u backflip on backflip"],"gold_per_floor":[118,137,137,62,112,112,112,112,412,469,469,469,484,520,520,645,645,669,594,494,514,368,368,368],"floor_reached":23,"playtime":475,"items_purged":["Strike_R"],"score":194,"play_id":"badb2f80-54af-4df6-9b2c-70ee9ae2c0a4","local_time":"20201214020247","is_ascension_mode":true,"campfire_choices":[{"data":"Blood for Blood","floor":6,"key":"SMITH"},{"data":"Bash","floor":8,"key":"SMITH"},{"data":"Shrug It Off","floor":12,"key":"SMITH"},{"data":"Barricade","floor":15,"key":"SMITH"}],"circlet_count":0,"master_deck":["Bash+1","Exhume+1","Shrug It Off+1","Blood for Blood+1","Iron Wave","Barricade+1","Feed","Infernal Blade","Flame Barrier","Bloodletting","Fiend Fire","Reckless Charge","Dark Embrace"],"relics":["Burning Blood","Eternal Feather","Old Coin","Centennial Puzzle","Golden Idol","War Paint","Pandora\u0027s Box","Singing Bowl","Bag of Preparation"],"acts_visited":["Exordium","TheCity"],"potions_floor_usage":[14,23,23],"damage_taken":[{"damage":0,"enemies":"Small Slimes","floor":1,"turns":3},{"damage":0,"enemies":"2 Louse","floor":2,"turns":4},{"damage":35,"enemies":"3 Sentries","floor":10,"turns":9},{"damage":11,"enemies":"Jaw Worm","floor":13,"turns":2},{"damage":6,"enemies":"Gremlin Nob","floor":14,"turns":3},{"damage":48,"enemies":"Hexaghost","floor":16,"turns":13},{"damage":22,"enemies":"Shell Parasite","floor":18,"turns":5},{"damage":12,"enemies":"3 Byrds","floor":21,"turns":6},{"damage":77,"enemies":"Book of Stabbing","floor":23,"turns":6}],"seed_played":"5997217131821804316","potions_obtained":[{"floor":1,"key":"DuplicationPotion"},{"floor":13,"key":"BloodPotion"},{"floor":18,"key":"BloodPotion"},{"floor":21,"key":"Block Potion"}],"is_trial":false,"path_per_floor":["M","M","?","$","?","R","?","R","T","?","?","R","M","E","R","B",null,"M","?","?","M","$","E"],"character_chosen":"IRONCLAD","items_purchased":["Bag of Preparation"],"campfire_rested":0,"item_purchase_floors":[22],"current_hp_per_floor":[80,80,68,68,68,74,74,80,80,51,51,57,52,52,58,16,74,61,61,61,60,60,0,0],"gold":368,"neow_bonus":"ONE_RANDOM_RARE_CARD","is_daily":false,"chose_seed":false,"campfire_upgraded":4,"win_rate":0.0,"timestamp":1607878967,"path_taken":["M","M","?","$","?","R","?","R","T","?","?","R","M","E","R","BOSS","M","?","?","?","$","E"],"items_purchased_type":["Relic"],"build_version":"2020-11-30","purchased_purges":1,"victory":false,"max_hp_per_floor":[80,80,80,80,80,80,80,80,80,80,74,74,74,74,74,74,74,77,77,77,82,82,82,82],"card_choices":[{"not_picked":["Reckless Charge","Power Through"],"picked":"Shrug It Off","floor":1},{"not_picked":["Headbutt","Cleave"],"picked":"Blood for Blood","floor":2},{"not_picked":["Pommel Strike","Iron Wave"],"picked":"Barricade","floor":13},{"not_picked":["Sword Boomerang","Twin Strike","Perfected Strike"],"picked":"SKIP","floor":14},{"not_picked":["Impervious","Fiend Fire"],"picked":"Feed","floor":16},{"not_picked":["Twin Strike+1","Heavy Blade+1","Headbutt+1"],"picked":"SKIP","floor":18},{"not_picked":["Heavy Blade+1","Rupture","Perfected Strike"],"picked":"Singing Bowl","floor":21}],"player_experience":541866,"relics_obtained":[{"floor":9,"key":"Old Coin"},{"floor":14,"key":"War Paint"}],"event_choices":[{"damage_healed":0,"gold_gain":0,"player_choice":"Success","damage_taken":12,"relics_obtained":["Eternal Feather"],"max_hp_gain":0,"max_hp_loss":0,"event_name":"Scrap Ooze","floor":3,"gold_loss":0},{"damage_healed":0,"gold_gain":50,"player_choice":"Gained Gold","damage_taken":0,"max_hp_gain":0,"max_hp_loss":0,"event_name":"Golden Wing","floor":5,"gold_loss":0},{"damage_healed":0,"gold_gain":0,"cards_transformed":["Strike_R"],"player_choice":"Change","damage_taken":0,"max_hp_gain":0,"max_hp_loss":0,"event_name":"Living Wall","floor":7,"gold_loss":0,"cards_obtained":["Iron Wave"]},{"damage_healed":0,"gold_gain":0,"player_choice":"Searched \u00272\u0027 times","damage_taken":0,"relics_obtained":["Centennial Puzzle"],"max_hp_gain":0,"max_hp_loss":0,"event_name":"Dead Adventurer","floor":10,"gold_loss":0},{"damage_healed":0,"gold_gain":0,"player_choice":"Lose Max HP","damage_taken":0,"relics_obtained":["Golden Idol"],"max_hp_gain":0,"max_hp_loss":6,"event_name":"Golden Idol","floor":11,"gold_loss":0},{"cards_removed":["True Grit"],"damage_healed":0,"gold_gain":0,"player_choice":"Gave Gold","damage_taken":0,"max_hp_gain":0,"max_hp_loss":0,"event_name":"Beggar","floor":19,"gold_loss":75},{"damage_healed":0,"gold_gain":0,"player_choice":"Paid Gold","damage_taken":0,"relics_obtained":["Singing Bowl"],"max_hp_gain":0,"max_hp_loss":0,"event_name":"WeMeetAgain","floor":20,"gold_loss":100}],"is_beta":false,"boss_relics":[{"not_picked":["Astrolabe","SacredBark"],"picked":"Pandora\u0027s Box"}],"items_purged_floors":[4],"is_endless":false,"potions_floor_spawned":[1,13,18,21],"killed_by":"Book of Stabbing","ascension_level":1}}