{"host":"a3gl5es7j3fsfxu2","time":1607818206,"event":{"mods":["A Magickal Journey","AchievementEnabler","BaseMod","Better Third Choice","BetterRewards","Conspire","Custom Start","DeckTracker","Dio Mod","Gold Saver","GungeonMod","Halation","Hermit","Hubris","Infinite Spire","Jedi Mod","Jorbs\u0027s Wanderer Trilogy","Minty Spire (QoL Compilation)","Permanent Neow","Potionbrewer","Quick Restart","Relic Filter","Relic Sorter","Remove Card Discount Mod","Replay The Spire","Robot Space Explorer","Spicy Shops","StSLib","The Animator","The Bladedancer","The Dragon Tamer","The Exalted","The Poker Player","The Problem Sleuth","vexMod"],"gold_per_floor":[112,112,126,8000,8000,8000,8012,8043,8043,8078,8078,6707,6727,6738,6738,6834,6834,6854,6769,6781,6781,6251,6279,6279,6293,6293,6293,6307,5531,5531,5565,5565,5666,5666,5683,5038,5050,5100,5100,5100,5130,5130,5130,5130,5130,5130,5130,5130,5130,5145,5145,5145,5145,5145,2994,3020,3020],"floor_reached":58,"playtime":4409,"items_purged":[],"score":1532,"play_id":"681c4662-80af-433b-b4ed-80fcb6c42737","local_time":"20201213011006","is_ascension_mode":true,"metric_token":2258,"campfire_choices":[{"data":"PokerPlayerMod:Sharpen","floor":6.0,"key":"SMITH"},{"floor":11.0,"key":"REST"},{"data":"PokerPlayerMod:Diamond5","floor":15,"key":"SMITH"},{"data":"PokerPlayerMod:Heart2","floor":27,"key":"SMITH"},{"data":"PokerPlayerMod:Heart3","floor":32,"key":"SMITH"},{"data":"PokerPlayerMod:Club1","floor":40,"key":"SMITH"},{"data":"PokerPlayerMod:Diamond4","floor":44,"key":"SMITH"},{"data":"PokerPlayerMod:Spade4","floor":46,"key":"SMITH"},{"floor":51,"key":"RECALL"},{"data":"PokerPlayerMod:Mulligan","floor":54,"key":"SMITH"}],"circlet_count":0,"master_deck":["PokerPlayerMod:Diamond2","PokerPlayerMod:Diamond3","PokerPlayerMod:Diamond6","PokerPlayerMod:Diamond5","PokerPlayerMod:Diamond7","PokerPlayerMod:Spade1","PokerPlayerMod:Spade4","PokerPlayerMod:Spade3","PokerPlayerMod:Spade5","PokerPlayerMod:Club4","PokerPlayerMod:Club2","PokerPlayerMod:Heart5","PokerPlayerMod:TrumpStrike+1","PokerPlayerMod:BadJoker+1","PokerPlayerMod:Mulligan+1","PokerPlayerMod:Diamond9","PokerPlayerMod:Club7","PokerPlayerMod:Sharpen+1","PokerPlayerMod:CloakAndDiamond+1","PokerPlayerMod:CloakAndDiamond","PokerPlayerMod:Diamond9","PokerPlayerMod:Club6","PokerPlayerMod:Club6","PokerPlayerMod:Spade8","PokerPlayerMod:CardPrinter+2","PokerPlayerMod:Heart10+","PokerPlayerMod:Raise+1","PokerPlayerMod:Harden+1","PokerPlayerMod:ThinkingTime+1","PokerPlayerMod:Heart3","PokerPlayerMod:Spade9","PokerPlayerMod:Diamond6","PokerPlayerMod:Club8","PokerPlayerMod:DartThrow+1","PokerPlayerMod:Diamond8","Clumsy","infinitespire:Collect+1","hubris:InfiniteBlow","PokerPlayerMod:Sharpen","PokerPlayerMod:Diamond5"],"relics":["PokerPlayerMod:DeckCase","DemoMod:AgedBell","DemoMod:PartiallyEatenCheese","DemoMod:LamentConfigurum","PokerPlayerMod:ClubPass","PokerPlayerMod:FairLicense","hubris:ToyBattleship","Incense Burner","Snack Pack","hubris:MedicalManual","hubris:HerbalPaste","vexMod:Dragonfruit","halation:LostSnail","halation:TwoAmDonut","DemoMod:GnawedKey","halation:HeavySnake","Dream Catcher","TheAbacus","halation:Thesaurus","Regal Pillow","infinitespire:Lucky Rock","potionbrewer:Torch","Strawberry","Happy Flower","HornCleat","theSleuth:SaltedMelon","theSleuth:SaltedMelon","conspire:SeveredTorchhead","Anchor","HandDrill","Chameleon Ring","conspire:BottledYoYo","The Courier","hubris:SphereOfDissonance","SlaversCollar","vexMod:Spyglass","Replay:Wax Seal","DemoMod:WeirdEgg","Mirror","Blood Vial","Oddly Smooth Stone","Bromod:ArcaneTempo","Bottled Lightning","ReplayTheSpireMod:TigerMarble","Pantograph","conspire:TopHat","conspire:TreasureMap","infinitespire:Beetle Shell","halation:SwordOfLegend","Bromod:ArcaneConsequence","DemoMod:PoisonVial","halation:LettersToHer"],"acts_visited":["Exordium","TheCity","TheBeyond","TheEnding"],"potions_floor_usage":[23,52,56,57,57],"damage_taken":[{"damage":0.0,"enemies":"2 Louse","floor":1.0,"turns":2.0},{"damage":1.0,"enemies":"Cultist","floor":3.0,"turns":3.0},{"damage":0.0,"enemies":"Small Slimes","floor":7.0,"turns":1.0},{"damage":10.0,"enemies":"Lagavulin","floor":8.0,"turns":3.0},{"damage":24.0,"enemies":"Gremlin Nob","floor":10.0,"turns":4.0},{"damage":0,"enemies":"2 Fungi Beasts","floor":13,"turns":2},{"damage":0,"enemies":"3 Louse","floor":14,"turns":1},{"damage":0,"enemies":"Slime Boss","floor":16,"turns":4},{"damage":0,"enemies":"3 Byrds","floor":18,"turns":2},{"damage":23,"enemies":"2 Thieves","floor":20,"turns":4},{"damage":40,"enemies":"Gremlin Leader","floor":23,"turns":7},{"damage":7,"enemies":"Cultist and Chosen","floor":25,"turns":6},{"damage":20,"enemies":"Centurion and Healer","floor":28,"turns":5},{"damage":3,"enemies":"conspire:Head Lice","floor":31,"turns":7},{"damage":0,"enemies":"StardustCrusaders","floor":33,"turns":5},{"damage":0,"enemies":"3 Darklings","floor":35,"turns":2},{"damage":15,"enemies":"Orb Walker","floor":37,"turns":5},{"damage":6,"enemies":"Mind Bloom Boss Battle","floor":38,"turns":6},{"damage":36,"enemies":"Giant Head","floor":41,"turns":8},{"damage":0,"enemies":"4 Shapes","floor":50,"turns":2},{"damage":14,"enemies":"Donu and Deca","floor":52,"turns":8},{"damage":20,"enemies":"Shield and Spear","floor":56,"turns":3},{"damage":56,"enemies":"The Heart","floor":57,"turns":8}],"seed_played":"-3968088820614645116","potions_obtained":[{"floor":4.0,"key":"potionbrewer:EndurancePotion"},{"floor":7.0,"key":"Weak Potion"},{"floor":13,"key":"potionbrewer:ToxicPotion"},{"floor":14,"key":"Block Potion"},{"floor":23,"key":"Fire Potion"},{"floor":28,"key":"Adrenaline Potion"}],"is_trial":false,"path_per_floor":["M","?","M","?","?","R","M","E","T","E","R","$","M","M","R","B",null,"M","?","M","?","$","E","?","M","T","R","M","$","?","E","R","B",null,"M","$","M","?","M","R","E","?","T","R","?","R","PTL","PTL","AVR","M","R","B",null,"R","$","E","B",null],"character_chosen":"THE_POKER_PLAYER","items_purchased":["PokerPlayerMod:Club6","hubris:MedicalManual","hubris:HerbalPaste","vexMod:Dragonfruit","halation:LostSnail","halation:TwoAmDonut","DemoMod:LamentConfigurum","DemoMod:GnawedKey","PokerPlayerMod:Heart10+","PokerPlayerMod:Raise+1","TheAbacus","halation:Thesaurus","Strawberry","Happy Flower","PokerPlayerMod:Spade9","HornCleat","Adrenaline Potion","Anchor","HandDrill","Chameleon Ring","PowerPotion","PokerPlayerMod:Sharpen","PokerPlayerMod:Diamond5","vexMod:Spyglass","Replay:Wax Seal","DemoMod:WeirdEgg","Mirror","Blood Vial","Oddly Smooth Stone","Bromod:ArcaneTempo","Bottled Lightning","ReplayTheSpireMod:TigerMarble","Pantograph","conspire:TopHat","conspire:TreasureMap","infinitespire:Beetle Shell","halation:SwordOfLegend","Bromod:ArcaneConsequence","DemoMod:PoisonVial"],"campfire_rested":1,"item_purchase_floors":[12,12,12,12,12,12,12,12,22,22,22,22,29,29,29,29,29,36,36,36,36,55,55,55,55,55,55,55,55,55,55,55,55,55,55,55,55,55,55],"current_hp_per_floor":[52,52,52,32,32,32,32,27,27,5,20,25,32,32,32,38,57,57,57,37,37,37,15,15,28,28,28,24,31,31,50,52,66,66,66,66,51,65,66,68,32,32,32,34,34,36,36,36,36,43,45,63,71,73,73,53,21],"gold":3020,"neow_bonus":"RANDOM_COMMON_RELIC","is_daily":false,"chose_seed":false,"campfire_upgraded":8,"win_rate":0.0,"timestamp":1607818206,"path_taken":["M","?","M","?","?","R","?","E","T","E","R","$","M","M","R","BOSS","M","?","M","?","$","E","?","M","T","R","M","$","?","E","R","BOSS","M","$","M","?","M","R","E","?","T","R","?","R","PTL","PTL","AVR","M","R","BOSS","R","$","E","BOSS"],"items_purchased_type":["Card","Relic","Relic","Relic","Relic","Relic","Relic","Relic","Potion","Card","Relic","Relic","Relic","Relic","Card","Relic","Potion","Relic","Relic","Relic","Potion","Card","Card","Relic","Relic","Relic","Relic","Relic","Relic","Relic","Relic","Relic","Relic","Relic","Relic","Relic","Relic","Relic","Relic"],"build_version":"2020-11-30","purchased_purges":0,"victory":true,"max_hp_per_floor":[52,52,52,52,52,52,52,52,52,52,52,57,57,57,57,57,57,57,57,57,57,57,57,57,57,57,57,57,64,64,64,66,66,66,66,66,66,66,66,68,68,68,68,70,67,69,69,69,69,69,71,71,71,73,73,73,73],"card_choices":[{"not_picked":["PokerPlayerMod:Spade2","PokerPlayerMod:Trickery"],"picked":"PokerPlayerMod:Diamond9","floor":1.0},{"not_picked":["PokerPlayerMod:Diamond1","PokerPlayerMod:DartThrow"],"picked":"PokerPlayerMod:Club7","floor":3.0},{"not_picked":["PokerPlayerMod:Diamond3","PokerPlayerMod:Club3"],"picked":"PokerPlayerMod:Sharpen","floor":4.0},{"not_picked":["PokerPlayerMod:Spade4","PokerPlayerMod:Club2"],"picked":"PokerPlayerMod:CloakAndDiamond","floor":4.0},{"not_picked":["PokerPlayerMod:FlyingCard","PokerPlayerMod:Overdeal"],"picked":"PokerPlayerMod:CloakAndDiamond","floor":7.0},{"not_picked":["PokerPlayerMod:Club3","PokerPlayerMod:Fold"],"picked":"PokerPlayerMod:Diamond8","floor":8.0},{"not_picked":["PokerPlayerMod:Heart2","PokerPlayerMod:HotShotCut","PokerPlayerMod:Configure"],"picked":"SKIP","floor":10.0},{"not_picked":["PokerPlayerMod:Diamond5","PokerPlayerMod:DiamondStrike"],"picked":"PokerPlayerMod:Club6","floor":13},{"not_picked":["PokerPlayerMod:Diamond1","PokerPlayerMod:Diamond2","PokerPlayerMod:Configure"],"picked":"SKIP","floor":14},{"not_picked":["PokerPlayerMod:Spade8","PokerPlayerMod:WasteCollection"],"picked":"PokerPlayerMod:Spade7","floor":16},{"not_picked":["PokerPlayerMod:Diamond4","PokerPlayerMod:Fold"],"picked":"PokerPlayerMod:CardPrinter+1","floor":18},{"not_picked":["PokerPlayerMod:Spade1","PokerPlayerMod:Diamond1","PokerPlayerMod:CardBurn+1"],"picked":"SKIP","floor":20},{"not_picked":["PokerPlayerMod:Spade4","PokerPlayerMod:Spade8"],"picked":"PokerPlayerMod:Harden+1","floor":23},{"not_picked":["PokerPlayerMod:Club3","PokerPlayerMod:Trickery+1","PokerPlayerMod:Fold+1"],"picked":"SKIP","floor":25},{"not_picked":["PokerPlayerMod:Diamond3","PokerPlayerMod:CardBurn"],"picked":"PokerPlayerMod:Heart3","floor":28},{"not_picked":["PokerPlayerMod:RoyalStrike","PokerPlayerMod:Spade2"],"picked":"PokerPlayerMod:Diamond6","floor":31},{"not_picked":["PokerPlayerMod:Diamond7","PokerPlayerMod:Diamond9"],"picked":"PokerPlayerMod:Club8","floor":33},{"not_picked":["PokerPlayerMod:Diamond1","PokerPlayerMod:Spade3","PokerPlayerMod:Club2"],"picked":"SKIP","floor":35},{"not_picked":["PokerPlayerMod:Club1","PokerPlayerMod:Spade6"],"picked":"PokerPlayerMod:DartThrow+1","floor":37},{"not_picked":["PokerPlayerMod:Club7","PokerPlayerMod:Diamond6"],"picked":"PokerPlayerMod:Diamond8","floor":41},{"not_picked":["PokerPlayerMod:Spade3","PokerPlayerMod:Fold","PokerPlayerMod:Spade4"],"picked":"SKIP","floor":50},{"not_picked":["PokerPlayerMod:Club3","PokerPlayerMod:Diamond3","PokerPlayerMod:Spade2"],"picked":"SKIP","floor":56},{"not_picked":["PokerPlayerMod:Club3","PokerPlayerMod:Diamond3","PokerPlayerMod:Spade2"],"picked":"SKIP","floor":56}],"player_experience":365022,"relics_obtained":[{"floor":2.0,"key":"DemoMod:AgedBell"},{"floor":4.0,"key":"hubris:ToyBattleship"},{"floor":8.0,"key":"Incense Burner"},{"floor":10.0,"key":"Snack Pack"},{"floor":23,"key":"infinitespire:Lucky Rock"},{"floor":26,"key":"potionbrewer:Torch"},{"floor":31,"key":"PokerPlayerMod:ClubPass"},{"floor":38,"key":"DemoMod:PartiallyEatenCheese"},{"floor":41,"key":"The Courier"},{"floor":43,"key":"hubris:SphereOfDissonance"},{"floor":56,"key":"halation:LettersToHer"}],"event_choices":[{"damage_healed":0.0,"max_hp_gain":0.0,"max_hp_loss":0.0,"gold_gain":0.0,"event_name":"Upgrade Shrine","player_choice":"Upgraded","floor":5.0,"gold_loss":0.0,"damage_taken":0.0,"cards_upgraded":["PokerPlayerMod:CloakAndDiamond"]},{"damage_healed":0,"gold_gain":0,"player_choice":"Obtained Relic","damage_taken":0,"relics_obtained":["Dream Catcher"],"max_hp_gain":0,"max_hp_loss":0,"event_name":"Addict","floor":19,"gold_loss":85},{"damage_healed":0,"gold_gain":0,"player_choice":"Opened","damage_taken":0,"relics_obtained":["Smiling Mask"],"max_hp_gain":0,"max_hp_loss":0,"event_name":"The Mausoleum","floor":21,"gold_loss":0},{"damage_healed":0,"gold_gain":0,"player_choice":"Think Hard","damage_taken":0,"max_hp_gain":0,"max_hp_loss":0,"event_name":"PokerPlayerMod:Vampires","floor":24,"gold_loss":0,"cards_obtained":["PokerPlayerMod:ThinkingTime"]},{"damage_healed":0,"gold_gain":0,"player_choice":"Fight","damage_taken":0,"max_hp_gain":0,"max_hp_loss":0,"event_name":"MindBloom","floor":38,"gold_loss":0},{"damage_healed":0,"gold_gain":0,"cards_transformed":["Parasite"],"player_choice":"Transformed","damage_taken":0,"max_hp_gain":0,"max_hp_loss":0,"event_name":"Transmorgrifier","floor":45,"gold_loss":0,"cards_obtained":["Clumsy"]}],"is_beta":false,"boss_relics":[{"not_picked":["potionbrewer:BhaskarasWheel","vexMod:NewClearReactor"],"picked":"halation:HeavySnake"},{"not_picked":["hubris:CrackedHourglass","vexMod:DeviousBotling"],"picked":"conspire:SeveredTorchhead"}],"items_purged_floors":[],"is_endless":false,"potions_floor_spawned":[7,13,14,16,23,28,31,33,41,50],"ascension_level":2}}