{"host":"cjhtzh7tp54jdfyv","time":1607890846,"event":{"mods":["BaseMod","Minty Spire (QoL Compilation)"],"gold_per_floor":[118,128,47,47,62,89,148,148,148],"floor_reached":8,"playtime":532,"items_purged":[],"score":112,"play_id":"ef733a79-bf6d-4b71-a4d6-014127e8f7a3","local_time":"20201213152046","is_ascension_mode":true,"campfire_choices":[],"circlet_count":0,"master_deck":["AscendersBane","Strike_P","Strike_P","Strike_P","Strike_P","Defend_P","Defend_P","Defend_P","Defend_P","Eruption","Vigilance","CrushJoints","Protect","Wallop","Halt","TalkToTheHand"],"relics":["Velvet Choker","The Courier","Art of War"],"acts_visited":["Exordium"],"potions_floor_usage":[7,8],"damage_taken":[{"damage":1,"enemies":"Small Slimes","floor":1,"turns":5},{"damage":0,"enemies":"Jaw Worm","floor":2,"turns":2},{"damage":8,"enemies":"2 Louse","floor":5,"turns":3},{"damage":7,"enemies":"3 Sentries","floor":6,"turns":5},{"damage":7,"enemies":"3 Sentries","floor":7,"turns":7},{"damage":50,"enemies":"Gremlin Nob","floor":8,"turns":4}],"seed_played":"5810266430779177358","potions_obtained":[{"floor":5,"key":"Fruit Juice"},{"floor":6,"key":"BlessingOfTheForge"}],"is_trial":false,"path_per_floor":["M","M","$","?","M","E","?","E"],"character_chosen":"WATCHER","items_purchased":["Wallop"],"campfire_rested":0,"item_purchase_floors":[3],"current_hp_per_floor":[60,60,60,65,57,50,43,0,0],"gold":148,"neow_bonus":"BOSS_RELIC","is_daily":false,"chose_seed":false,"campfire_upgraded":0,"win_rate":0.0,"timestamp":1607890846,"path_taken":["M","M","$","?","M","E","?","E"],"items_purchased_type":["Card"],"build_version":"2020-11-30","purchased_purges":0,"victory":false,"max_hp_per_floor":[68,68,68,73,73,73,73,78,78],"card_choices":[{"not_picked":["Swivel","DeceiveReality"],"picked":"CrushJoints","floor":1},{"not_picked":["Consecrate","Study"],"picked":"Protect","floor":2},{"not_picked":["Prostrate","PathToVictory","Crescendo"],"picked":"SKIP","floor":5},{"not_picked":["BowlingBash","Collect"],"picked":"Halt","floor":6},{"not_picked":["Adaptation","WreathOfFlame"],"picked":"TalkToTheHand","floor":7}],"player_experience":4251306,"relics_obtained":[{"floor":6,"key":"The Courier"},{"floor":7,"key":"Art of War"}],"event_choices":[{"damage_healed":0,"gold_gain":0,"player_choice":"Donut","damage_taken":0,"max_hp_gain":5,"max_hp_loss":0,"event_name":"Big Fish","floor":4,"gold_loss":0},{"damage_healed":0,"gold_gain":0,"player_choice":"Searched \u00271\u0027 times","damage_taken":0,"max_hp_gain":0,"max_hp_loss":0,"event_name":"Dead Adventurer","floor":7,"gold_loss":0}],"is_beta":false,"boss_relics":[],"items_purged_floors":[],"is_endless":false,"potions_floor_spawned":[5,6],"killed_by":"Gremlin Nob","ascension_level":20}}