{"host":"0e3sjn8nzeyxegex","time":1607834126,"event":{"mods":["AlwaysNeverKeys","BaseMod","Better Altar","Better Sensory Stone","Better Skull","Better Third Choice","Better Vampires","Colored Map","Friendly Minions","Minty Spire (QoL Compilation)","Permanent Neow","Quick Restart","StSLib","The Alterego","WarShipGirlsR/????R mod"],"gold_per_floor":[115,125,28,39,50,50,67,96,144,157,157,169,169,199,199,304,304,316,328,14,28,42,59,90,90,115,52,93,93,135,135,135,231,231,257,271,280,294,319,353,353,397,397,406,465,465,1,36,36,36],"floor_reached":51,"playtime":3546,"items_purged":["alterego_mod:BigMeatyClaws","alterego_mod:Strike","alterego_mod:Strike","alterego_mod:Strike"],"score":1211,"play_id":"5491870e-3e88-4ec7-adc2-c5379c54acff","local_time":"20201212203526","is_ascension_mode":true,"campfire_choices":[{"data":"alterego_mod:PerceptionDisorder","floor":6,"key":"SMITH"},{"data":"alterego_mod:MagicResistance","floor":11,"key":"SMITH"},{"data":"alterego_mod:PresenceConcealment","floor":13,"key":"SMITH"},{"data":"alterego_mod:ChallengeComplete","floor":15,"key":"SMITH"},{"data":"alterego_mod:TrickOrTreatment","floor":25,"key":"SMITH"},{"data":"alterego_mod:PresenceConcealment","floor":29,"key":"SMITH"},{"data":"alterego_mod:BiFurious","floor":32,"key":"SMITH"},{"data":"alterego_mod:Pet","floor":41,"key":"SMITH"},{"data":"alterego_mod:GoddessCore","floor":46,"key":"SMITH"},{"data":"alterego_mod:Pet","floor":49,"key":"SMITH"}],"circlet_count":0,"master_deck":["AscendersBane","alterego_mod:Strike","alterego_mod:Defend","alterego_mod:Defend","alterego_mod:Defend","alterego_mod:Defend","alterego_mod:BrynhildrsRune","alterego_mod:Cooking","alterego_mod:BiFurious+1","alterego_mod:PerceptionDisorder+1","alterego_mod:GoddessCore+1","alterego_mod:MagicResistance+1","alterego_mod:BiFurious","alterego_mod:Pet+1","alterego_mod:ChallengeComplete+1","alterego_mod:PresenceConcealment+1","alterego_mod:TrickOrTreatment+1","alterego_mod:BiFurious+1","alterego_mod:PresenceConcealment+1","alterego_mod:SakuraFive","alterego_mod:Punishment+1","alterego_mod:PerceptionDisorder+1","alterego_mod:Vow","alterego_mod:RocketPunch+1","alterego_mod:SakuraLabyrinth","alterego_mod:Bunnysuit+1","Writhe","alterego_mod:SakuraLabyrinth+1","alterego_mod:PerceptionDisorder","alterego_mod:Pet+1"],"relics":["alterego_mod:MasochisticConstitution","Centennial Puzzle","Regal Pillow","Blue Candle","Coffee Dripper","Membership Card","Pantograph","Happy Flower","CeramicFish","Dream Catcher","Blood Vial","alterego_mod:FleetingLove","Philosopher\u0027s Stone","Lizard Tail","Bag of Marbles","Darkstone Periapt","StoneCalendar","Lee\u0027s Waffle","Pen Nib","Ginger","Singing Bowl"],"acts_visited":["Exordium","TheCity","TheBeyond"],"potions_floor_usage":[12,14,14,23,24,24,28,42,50,50,50],"damage_taken":[{"damage":15,"enemies":"Cultist","floor":1,"turns":7},{"damage":8,"enemies":"2 Louse","floor":2,"turns":4},{"damage":20,"enemies":"Jaw Worm","floor":4,"turns":5},{"damage":12,"enemies":"Large Slime","floor":5,"turns":6},{"damage":20,"enemies":"Blue Slaver","floor":7,"turns":5},{"damage":27,"enemies":"3 Sentries","floor":8,"turns":8},{"damage":20,"enemies":"Exordium Wildlife","floor":10,"turns":6},{"damage":10,"enemies":"Red Slaver","floor":12,"turns":5},{"damage":4,"enemies":"Gremlin Nob","floor":14,"turns":3},{"damage":33,"enemies":"Slime Boss","floor":16,"turns":13},{"damage":1,"enemies":"Shell Parasite","floor":18,"turns":6},{"damage":2,"enemies":"Spheric Guardian","floor":19,"turns":6},{"damage":29,"enemies":"Centurion and Healer","floor":21,"turns":7},{"damage":2,"enemies":"Snecko","floor":22,"turns":6},{"damage":30,"enemies":"Snake Plant","floor":23,"turns":7},{"damage":55,"enemies":"Book of Stabbing","floor":24,"turns":7},{"damage":45,"enemies":"Slavers","floor":28,"turns":9},{"damage":72,"enemies":"Gremlin Leader","floor":30,"turns":9},{"damage":38,"enemies":"Automaton","floor":33,"turns":10},{"damage":29,"enemies":"3 Shapes","floor":35,"turns":7},{"damage":24,"enemies":"3 Darklings","floor":36,"turns":6},{"damage":25,"enemies":"Jaw Worm Horde","floor":38,"turns":5},{"damage":55,"enemies":"Sphere and 2 Shapes","floor":39,"turns":5},{"damage":78,"enemies":"Nemesis","floor":40,"turns":9},{"damage":28,"enemies":"Giant Head","floor":42,"turns":7},{"damage":49,"enemies":"Mind Bloom Boss Battle","floor":45,"turns":9},{"damage":71,"enemies":"Nemesis","floor":48,"turns":7},{"damage":25,"enemies":"Donu and Deca","floor":50,"turns":5}],"seed_played":"-6905859190657273824","potions_obtained":[{"floor":1,"key":"Regen Potion"},{"floor":8,"key":"BlessingOfTheForge"},{"floor":10,"key":"AttackPotion"},{"floor":12,"key":"PowerPotion"},{"floor":16,"key":"EssenceOfSteel"},{"floor":22,"key":"Fire Potion"},{"floor":23,"key":"LiquidMemories"},{"floor":38,"key":"Regen Potion"},{"floor":39,"key":"Explosive Potion"},{"floor":45,"key":"Fire Potion"}],"is_trial":false,"path_per_floor":["M","M","$","M","M","R","M","E","T","M","R","M","R","E","R","B",null,"M","M","$","M","M","M","E","R","T","$","E","R","E","?","R","B",null,"M","M","?","M","M","E","R","E","T","?","?","R","$","E","R","B",null],"character_chosen":"The_Alterego","items_purchased":["alterego_mod:GoddessCore","Membership Card","Pantograph","Lee\u0027s Waffle","Pen Nib","EssenceOfSteel","Weak Potion","alterego_mod:PerceptionDisorder","Ginger"],"campfire_rested":0,"item_purchase_floors":[3,20,20,47,47,47,47,47,47],"current_hp_per_floor":[59,69,69,60,73,73,62,53,53,51,51,64,64,61,61,80,80,81,82,82,78,84,74,40,40,40,40,41,41,43,43,43,72,85,90,91,91,92,70,26,26,44,44,74,83,83,109,49,49,75],"gold":36,"neow_bonus":"TRANSFORM_CARD","is_daily":false,"chose_seed":false,"campfire_upgraded":10,"win_rate":0.0,"timestamp":1607834126,"path_taken":["M","M","$","M","M","R","M","E","T","M","R","M","R","E","R","BOSS","M","?","?","M","M","M","E","R","T","$","E","R","E","?","R","BOSS","M","M","?","?","M","E","R","E","T","?","?","R","$","E","R","BOSS"],"items_purchased_type":["Card","Relic","Relic","Relic","Relic","Potion","Potion","Card","Relic"],"build_version":"2020-11-30","purchased_purges":4,"victory":true,"max_hp_per_floor":[71,72,72,73,74,74,75,76,76,77,77,78,78,79,79,80,80,81,82,82,83,84,85,86,86,86,86,87,87,88,88,88,89,89,90,91,91,92,93,94,94,95,95,101,102,102,109,110,110,111],"card_choices":[{"not_picked":["alterego_mod:Exercise","alterego_mod:Cooking"],"picked":"alterego_mod:BiFurious","floor":1},{"not_picked":["alterego_mod:Birthday","alterego_mod:TrashNCrash"],"picked":"alterego_mod:PerceptionDisorder","floor":2},{"not_picked":["alterego_mod:Complex","alterego_mod:Exercise"],"picked":"alterego_mod:MagicResistance","floor":4},{"not_picked":["alterego_mod:Bunnysuit","alterego_mod:Complex"],"picked":"alterego_mod:BiFurious","floor":5},{"not_picked":["alterego_mod:MagicResistance","alterego_mod:TrashNCrash","alterego_mod:DestructionOfProperty"],"picked":"SKIP","floor":7},{"not_picked":["alterego_mod:Punishment","alterego_mod:DestructionOfProperty"],"picked":"alterego_mod:Pet","floor":8},{"not_picked":["alterego_mod:Punishment","alterego_mod:Rip"],"picked":"alterego_mod:ChallengeComplete","floor":10},{"not_picked":["alterego_mod:Bounce","alterego_mod:MaintainEyeContact"],"picked":"alterego_mod:PresenceConcealment","floor":12},{"not_picked":["alterego_mod:SuperDuperMasochism","alterego_mod:SideboobHour","alterego_mod:BreastValley"],"picked":"SKIP","floor":14},{"not_picked":["alterego_mod:IdEs","alterego_mod:SideboobHour"],"picked":"alterego_mod:TrickOrTreatment","floor":16},{"not_picked":["alterego_mod:GoddessCore","alterego_mod:Bounce","alterego_mod:IndependentAction"],"picked":"SKIP","floor":18},{"not_picked":["alterego_mod:Bloomers","alterego_mod:BustOut","alterego_mod:Cycle"],"picked":"SKIP","floor":19},{"not_picked":["alterego_mod:Lingerie","alterego_mod:Santa","alterego_mod:RocketPunch"],"picked":"SKIP","floor":21},{"not_picked":["alterego_mod:1TonWallop","alterego_mod:DeftHands+1","alterego_mod:Cycle"],"picked":"SKIP","floor":22},{"not_picked":["alterego_mod:1TonWallop","alterego_mod:DeftHands+1","alterego_mod:Cycle"],"picked":"SKIP","floor":22},{"not_picked":["alterego_mod:MaintainEyeContact","alterego_mod:Mirror"],"picked":"alterego_mod:BiFurious+1","floor":23},{"not_picked":["alterego_mod:DiscoLights","alterego_mod:TrashNCrash"],"picked":"alterego_mod:PresenceConcealment","floor":24},{"not_picked":["alterego_mod:SideboobHour","alterego_mod:HighServant"],"picked":"alterego_mod:SakuraFive","floor":28},{"not_picked":["alterego_mod:Bounce","alterego_mod:RidiculouslyBig"],"picked":"alterego_mod:Punishment+1","floor":30},{"not_picked":["alterego_mod:Mirror","alterego_mod:GoddessCore"],"picked":"alterego_mod:PerceptionDisorder+1","floor":35},{"not_picked":["alterego_mod:DeftHands+1","alterego_mod:BiFurious","alterego_mod:Maid"],"picked":"SKIP","floor":36},{"not_picked":["alterego_mod:Valentines","alterego_mod:Crossover","alterego_mod:Bounce"],"picked":"SKIP","floor":38},{"not_picked":["alterego_mod:Swimsuit+1","alterego_mod:Cycle"],"picked":"alterego_mod:RocketPunch+1","floor":39},{"not_picked":["alterego_mod:HighServant+1","alterego_mod:Mirror+1"],"picked":"alterego_mod:SakuraLabyrinth","floor":40},{"not_picked":["alterego_mod:Maid+1","alterego_mod:Alter"],"picked":"alterego_mod:Bunnysuit+1","floor":42},{"not_picked":["alterego_mod:Clap+1","alterego_mod:Smother"],"picked":"alterego_mod:SakuraLabyrinth+1","floor":45},{"not_picked":["alterego_mod:Crossover","alterego_mod:Cooking"],"picked":"alterego_mod:Pet","floor":48}],"player_experience":1159285,"relics_obtained":[{"floor":8,"key":"Centennial Puzzle"},{"floor":9,"key":"Regal Pillow"},{"floor":14,"key":"Blue Candle"},{"floor":24,"key":"Happy Flower"},{"floor":26,"key":"CeramicFish"},{"floor":28,"key":"Dream Catcher"},{"floor":30,"key":"Blood Vial"},{"floor":40,"key":"Lizard Tail"},{"floor":42,"key":"Bag of Marbles"},{"floor":43,"key":"Darkstone Periapt"},{"floor":45,"key":"StoneCalendar"},{"floor":48,"key":"Singing Bowl"}],"event_choices":[{"damage_healed":0,"gold_gain":0,"player_choice":"Choice 1","damage_taken":0,"relics_obtained":["alterego_mod:FleetingLove"],"max_hp_gain":0,"max_hp_loss":0,"event_name":"Secret Garden","floor":31,"gold_loss":0},{"damage_healed":0,"gold_gain":0,"player_choice":"1 cards matched","damage_taken":0,"max_hp_gain":0,"max_hp_loss":0,"event_name":"Match and Keep!","floor":37,"gold_loss":0,"cards_obtained":["alterego_mod:Vow"]},{"damage_healed":24,"gold_gain":0,"player_choice":"Writhe","damage_taken":0,"max_hp_gain":0,"max_hp_loss":0,"event_name":"Winding Halls","floor":44,"gold_loss":0,"cards_obtained":["Writhe"]},{"damage_healed":0,"gold_gain":0,"player_choice":"Fight","damage_taken":0,"max_hp_gain":0,"max_hp_loss":0,"event_name":"MindBloom","floor":45,"gold_loss":0}],"is_beta":false,"boss_relics":[{"not_picked":["Runic Pyramid","SacredBark"],"picked":"Coffee Dripper"},{"not_picked":["Busted Crown","SlaversCollar"],"picked":"Philosopher\u0027s Stone"}],"items_purged_floors":[3,20,27,47],"is_endless":false,"potions_floor_spawned":[1,8,10,12,16,22,23,38,39,45],"ascension_level":10}}