{"host":"ljavmhyz2e552xgo","time":1607882263,"event":{"mods":["BaseMod","Better Third Choice","Downfall","Friendly Minions","Minty Spire (QoL Compilation)","Permanent Neow","Spicy Shops","StSLib"],"gold_per_floor":[99,109,129,148,165,165,165,27,27,62,80,12,29,29,47,47,47],"floor_reached":16,"playtime":2059,"items_purged":[],"score":104,"play_id":"d2814710-f7c0-4c4c-9abf-dc8d9527047c","local_time":"20201213115743","is_ascension_mode":false,"campfire_choices":[{"data":"sneckomod:SnekBite","floor":1.0,"key":"SMITH"},{"floor":6.0,"key":"RECALL"},{"data":"Enlightenment","floor":9.0,"key":"SMITH"}],"circlet_count":0,"master_deck":["sneckomod:Strike","sneckomod:Strike","sneckomod:Strike","sneckomod:Defend","sneckomod:Defend","sneckomod:Defend","sneckomod:TailWhip","sneckomod:SnekBite+1","sneckomod:Unknown","sneckomod:Unknown","sneckomod:UnlimitedRolls","sneckomod:DefensiveFlair","sneckomod:QuickBite","sneckomod:UnknownUncommonAttack","sneckomod:Unknown1Cost","sneckomod:MorePower","sneckomod:SnakeSap","Enlightenment+1","sneckomod:WideSting","sneckomod:Unknown0Cost","sneckomod:UnknownDexterity+1","sneckomod:UnknownUncommonPower+1","sneckomod:SoulDraw","sneckomod:UnknownExhaust","sneckomod:SerpentMind+1"],"relics":["sneckomod:SneckoSoul","Lantern","Frozen Egg 2"],"acts_visited":["Exordium"],"potions_floor_usage":[15,15,16],"damage_taken":[{"damage":3.0,"enemies":"Jaw Worm","floor":2.0,"turns":3.0},{"damage":6.0,"enemies":"Small Slimes","floor":3.0,"turns":4.0},{"damage":0.0,"enemies":"Cultist","floor":4.0,"turns":4.0},{"damage":9.0,"enemies":"Red Slaver","floor":5.0,"turns":4.0},{"damage":3.0,"enemies":"downfall:FleeingMerchant","floor":8.0,"turns":4.0},{"damage":2.0,"enemies":"Gremlin Nob","floor":10.0,"turns":3.0},{"damage":16.0,"enemies":"3 Louse","floor":11.0,"turns":4.0},{"damage":15,"enemies":"downfall:FleeingMerchant","floor":12,"turns":4},{"damage":3,"enemies":"2 Fungi Beasts","floor":13,"turns":2},{"damage":8,"enemies":"Gremlin Gang","floor":15,"turns":2},{"damage":25,"enemies":"downfall:Silent","floor":16,"turns":4}],"seed_played":"-5907053929975382976","potions_obtained":[{"floor":3.0,"key":"PowerPotion"},{"floor":4.0,"key":"Ancient Potion"},{"floor":11.0,"key":"sneckomod:MuddlingPotion"},{"floor":13,"key":"LiquidMemories"}],"is_trial":false,"path_per_floor":["R","M","M","M","M","R","T","$","R","E","M","$","M","?","M","B"],"character_chosen":"THE_SNECKO","items_purchased":["sneckomod:SnakeSap","Enlightenment","sneckomod:SoulDraw"],"campfire_rested":0,"item_purchase_floors":[8,8,12],"current_hp_per_floor":[81,78,72,73,67,67,67,64,64,62,47,34,32,32,24,0,0],"gold":47,"neow_bonus":"THREE_RARE_CARDS","is_daily":false,"chose_seed":false,"campfire_upgraded":2,"win_rate":0.0,"timestamp":1607882263,"path_taken":["R","M","M","M","M","R","T","$","R","E","M","$","M","?","M","BOSS"],"items_purchased_type":["Card","Card","Card"],"build_version":"2020-11-30","purchased_purges":0,"victory":false,"max_hp_per_floor":[81,81,81,82,83,83,83,83,83,83,84,86,87,87,87,87,87],"card_choices":[{"not_picked":["sneckomod:Cheat","sneckomod:UnknownRarePower"],"picked":"sneckomod:UnlimitedRolls","floor":0.0},{"not_picked":["sneckomod:UnknownVulnerable","sneckomod:UnknownClassHEXA_GHOST_PURPLE"],"picked":"sneckomod:DefensiveFlair","floor":2.0},{"not_picked":["sneckomod:UnknownExhaust","sneckomod:IronFang"],"picked":"sneckomod:QuickBite","floor":3.0},{"not_picked":["sneckomod:SoulRoll","sneckomod:UnknownClassHEXA_GHOST_PURPLE"],"picked":"sneckomod:UnknownUncommonAttack","floor":4.0},{"not_picked":["sneckomod:DefensiveFlair","sneckomod:UnknownWeak"],"picked":"sneckomod:Unknown1Cost","floor":5.0},{"not_picked":["sneckomod:UnknownBlock","sneckomod:UnknownCommonSkill"],"picked":"sneckomod:MorePower","floor":8.0},{"not_picked":["sneckomod:UnknownVulnerable","sneckomod:DiceBlock"],"picked":"sneckomod:WideSting","floor":10.0},{"not_picked":["sneckomod:DefensiveFlair","sneckomod:UnknownStrike"],"picked":"sneckomod:Unknown0Cost","floor":11.0},{"not_picked":["sneckomod:UnknownClassHEXA_GHOST_PURPLE+1","sneckomod:UnknownWeak+1"],"picked":"sneckomod:UnknownDexterity+1","floor":12},{"not_picked":["sneckomod:DiceBlock","sneckomod:UnknownX"],"picked":"sneckomod:UnknownUncommonPower+1","floor":12},{"not_picked":["sneckomod:UnknownClassPURPLE","sneckomod:SoulRoll"],"picked":"sneckomod:UnknownExhaust","floor":13},{"not_picked":["sneckomod:UnknownCommonSkill","sneckomod:WideSting"],"picked":"sneckomod:SerpentMind+1","floor":15}],"player_experience":1398585,"relics_obtained":[{"floor":7.0,"key":"Lantern"},{"floor":10.0,"key":"Frozen Egg 2"}],"event_choices":[{"damage_healed":0,"gold_gain":0,"player_choice":"LEAVE","damage_taken":0,"max_hp_gain":0,"max_hp_loss":0,"event_name":"betterThird:BetterScrap","floor":14,"gold_loss":0,"cards_obtained":["Doom and Gloom"]}],"is_beta":false,"boss_relics":[],"items_purged_floors":[],"is_endless":false,"potions_floor_spawned":[3,4,11,13],"killed_by":"downfall:Silent","ascension_level":0}}