{"host":"91n1pc4te07j54gv","time":1607842045,"event":{"mods":["BaseMod","BetterRewards","Colored Powertips","Downfall","Highlight Path","Infinite Spire","Minty Spire (QoL Compilation)","Quick Restart","Relic Filter","Relic Stats","Replay The Spire","Spicy Shops","StSLib"],"gold_per_floor":[110,110,110,129,149,149,174,237,237,272,322,350,361,429,429,503,503,521,1021,1085,1085,1099,1099,1116,1152,1207,1253,1342,1404,1484,110,110,193,193,214,224,337,356,406,406,436,558,612,647,688,688,722,743,743,743,743,743,743,44,88,88],"floor_reached":57,"playtime":5028,"items_purged":["Strike_B","Strike_B","Strike_B","Defend_B","Defend_B"],"score":3008,"play_id":"e6e6bdd8-9ee8-4c19-b99f-ca6571e10725","local_time":"20201213144725","is_ascension_mode":true,"campfire_choices":[{"data":"Storm","floor":6.0,"key":"SMITH"},{"floor":15.0,"key":"RECALL"},{"data":"Chill","floor":23.0,"key":"SMITH"},{"data":"Loop","floor":32.0,"key":"SMITH"},{"data":"ReplayTheSpireMod:GoodbyeWorld","floor":40.0,"key":"SMITH"},{"data":"Coolheaded","floor":46,"key":"SMITH"},{"data":"Hologram","floor":49,"key":"SMITH"},{"data":"Coolheaded","floor":53,"key":"SMITH"}],"circlet_count":0,"master_deck":["AscendersBane","Defend_B","Defend_B","Zap","Dualcast","Mind Blast","Self Repair","ReplayTheSpireMod:GoodbyeWorld+1","Ball Lightning","Hello World","Mind Blast","Coolheaded+1","Cold Snap","Storm+1","Glacier","Loop+1","Capacitor","Glacier","Creative AI","Undo","Core Surge","Turbo","Chill+1","ReplayTheSpireMod:Book of Names+1","Melter+1","Hologram+1","Hello World","Creative AI+1","expansioncontent:Collect+1","Electrodynamics+1","Capacitor","Tempest+1","BootSequence+1","Coolheaded+1","Cold Snap","Panic Button","Cold Snap","Hologram+1","ReplayUltimateDefense+1","Hologram"],"relics":["Cracked Core","Dead Branch","Unceasing Top","Replay:Towering Pillar of Hats","Gambling Chip","Lee\u0027s Waffle","Blue Candle","Emotion Chip","Calipers","DollysMirror","SsserpentHead","Kunai","Durian","Lizard Tail","Sozu","Guardian:BottledAnomaly","CeramicFish","MawBank","ReplayTheSpireMod:TigerMarble","Golden Egg","Solar Panel","Replay:Frozen Program","Philosopher\u0027s Stone","Mango","Prayer Wheel","Symbiotic Virus","Bottled Tornado","Geode","Replay:Bottled Steam","Gremlin Food","OrangePellets","Mercury Hourglass"],"acts_visited":["Exordium","TheCity","TheBeyond","TheEnding"],"potions_floor_usage":[56,56],"damage_taken":[{"damage":1.0,"enemies":"Cultist","floor":1.0,"turns":3.0},{"damage":0.0,"enemies":"Jaw Worm","floor":4.0,"turns":3.0},{"damage":0.0,"enemies":"infinitespire:Voidling","floor":5.0,"turns":4.0},{"damage":13.0,"enemies":"Replay:BlueRogue","floor":7.0,"turns":4.0},{"damage":3.0,"enemies":"Blue Slaver","floor":8.0,"turns":2.0},{"damage":7.0,"enemies":"3 Sentries","floor":10.0,"turns":5.0},{"damage":11.0,"enemies":"Nightmare","floor":12.0,"turns":9.0},{"damage":0.0,"enemies":"Lots of Slimes","floor":13.0,"turns":4.0},{"damage":0.0,"enemies":"2 Fungi Beasts","floor":14.0,"turns":2.0},{"damage":22.0,"enemies":"The Guardian","floor":16.0,"turns":6.0},{"damage":6.0,"enemies":"Spheric Guardian","floor":18.0,"turns":4.0},{"damage":7.0,"enemies":"2 Thieves","floor":20.0,"turns":4.0},{"damage":0.0,"enemies":"Sentry and Sphere","floor":22.0,"turns":4.0},{"damage":21.0,"enemies":"Snake Plant","floor":24.0,"turns":3.0},{"damage":1.0,"enemies":"Slavers","floor":25.0,"turns":4.0},{"damage":0.0,"enemies":"Book of Stabbing","floor":27.0,"turns":5.0},{"damage":0.0,"enemies":"Cultist and Chosen","floor":28.0,"turns":4.0},{"damage":0.0,"enemies":"Centurion and Healer","floor":30.0,"turns":2.0},{"damage":27.0,"enemies":"Collector","floor":33.0,"turns":6.0},{"damage":0.0,"enemies":"3 Darklings","floor":35.0,"turns":1.0},{"damage":0.0,"enemies":"3 Shapes","floor":36.0,"turns":4.0},{"damage":0.0,"enemies":"2 Orb Walkers","floor":37.0,"turns":3.0},{"damage":3.0,"enemies":"Sphere and 2 Shapes","floor":38.0,"turns":3.0},{"damage":55,"enemies":"Nightmare_Alpha","floor":41,"turns":15},{"damage":0,"enemies":"Spire Growth","floor":44,"turns":3},{"damage":0,"enemies":"Giant Head","floor":45,"turns":6},{"damage":8,"enemies":"Nemesis","floor":47,"turns":3},{"damage":5,"enemies":"Writhing Mass","floor":48,"turns":2},{"damage":14,"enemies":"Time Eater","floor":50,"turns":7},{"damage":6,"enemies":"Replay:Hell Engine","floor":51,"turns":9},{"damage":58,"enemies":"Shield and Spear","floor":55,"turns":4},{"damage":4,"enemies":"The Heart","floor":56,"turns":8}],"seed_played":"-3746221606660927179","potions_obtained":[{"floor":4.0,"key":"Doom Potion"},{"floor":5.0,"key":"Dexterity Potion"},{"floor":10.0,"key":"Elixir"}],"is_trial":false,"path_per_floor":["M","?","?","M","M","R","E","M","T","E","?","NM","M","M","R","B",null,"M","?","M","AVR","M","R","M","E","T","E","M","?","M","$","R","B",null,"M","M","?","M","?","R","NM","T","T","M","E","R","E","M","R","B","B",null,"R","$","E","B",null],"character_chosen":"DEFECT","items_purchased":["Mind Blast","Self Repair","ReplayTheSpireMod:GoodbyeWorld","Ball Lightning","Hello World","Lee\u0027s Waffle","Blue Candle","Calipers","DollysMirror","Golden Egg","Solar Panel","Replay:Frozen Program","Creative AI","expansioncontent:Collect","OrangePellets","ReplayUltimateDefense"],"campfire_rested":0,"item_purchase_floors":[0,0,0,0,0,0,0,0,0,31,31,31,31,31,54,54],"current_hp_per_floor":[78,78,78,78,78,78,72,76,76,81,81,77,83,83,83,68,79,80,34,27,27,34,34,20,26,26,33,40,40,40,40,40,28,69,69,82,97,97,97,97,60,60,60,66,81,81,73,72,72,58,88,95,95,95,49,63],"gold":88,"neow_bonus":"","is_daily":false,"chose_seed":false,"campfire_upgraded":7,"win_rate":0.0,"timestamp":1607842045,"path_taken":["M","?","?","M","M","R","E","?","T","E","?","NM","M","?","R","BOSS","M","?","?","AVR","M","R","M","E","T","E","?","?","?","$","R","BOSS","M","M","?","M","?","R","NM","?","T","M","E","R","E","M","R","BOSS","BOSS","R","$","E","BOSS"],"items_purchased_type":["Card","Card","Card","Card","Card","Relic","Relic","Relic","Relic","Relic","Relic","Relic","Card","Card","Relic","Card"],"build_version":"2020-11-30","purchased_purges":5,"victory":true,"max_hp_per_floor":[78,78,78,78,78,78,78,78,78,83,83,83,83,83,83,83,83,83,83,83,83,83,83,83,83,83,83,83,83,83,83,83,83,83,83,83,97,97,97,97,97,97,97,97,97,97,97,97,97,97,97,97,97,97,97,97],"relic_stats":{"Lee\u0027s Waffle":56,"counters":[264,1125],"Dead Branch":[352],"Blue Candle":[0],"CeramicFish":135,"MawBank":60,"Mercury Hourglass":[24],"Sozu":9,"SsserpentHead":550,"OrangePellets":[3],"Emotion Chip":[133,94,32,6,1],"Lizard Tail":0,"Gambling Chip":[106],"Prayer Wheel":2,"Kunai":[17],"obtain_stats":[{"infinitespire:BottledMercury":54,"Golden Egg":31,"infinitespire:Cubic Diamond":2,"Ginger":0,"Bottled Tornado":53,"Boot":8,"FrozenCore":17,"Replay:Ringing Soul":9,"infinitespire:ShieldingShard":13,"Sundial":40,"Replay:Bronze Core":34,"MealTicket":26,"infinitespire:Golems Mask":13,"Fusion Hammer":17,"HandDrill":0,"Kunai":27,"Replay:Wax Seal":53,"Replay:Bottled Steam":45,"Counterbalance":25,"Blue Candle":0,"Pen Nib":23,"ReplayTheSpireMod:SealedPack":17,"Guardian:PocketSentry":10,"infinitespire:Magic Flask":49,"Akabeko":55,"infinitespire:EvilPickle":33,"SlaversCollar":17,"infinitespire:Lychee Nut":21,"Bird Faced Urn":0,"Snecko Eye":34,"Pandora\u0027s Box":0,"StrikeDummy":34,"Unceasing Top":0,"Solar Panel":6,"Lantern":11,"Regal Pillow":14,"Carrot":31,"Singing Bowl":26,"Torii":53,"Blue Doll":13,"StoneCalendar":0,"Bag of Preparation":30,"Replay:Multitool":40,"Smiling Mask":12,"Ancient Tea Set":40,"Cursed Key":34,"Pet Ghost":46,"Replay:Rubber Ducky":17,"Matryoshka":12,"Shovel":0,"infinitespire:Bottled Soul":23,"WingedGreaves":7,"Replay:Bottled Eggs":40,"Guardian:BottledAnomaly":21,"infinitespire:Eraser":43,"InkBottle":23,"Potion Belt":23,"Lee\u0027s Waffle":14,"Guardian:GemstoneGun":0,"Thread and Needle":0,"infinitespire:Joker Card":0,"The Courier":12,"Geode":7,"infinitespire:CheckeredPen":40,"Frozen Egg 2":0,"MawBank":43,"Replay:Arrowhead":0,"Nuclear Battery":17,"Orrery":0,"Turnip":0,"Garlic":8,"Art of War":53,"Durian":10,"ReplayTheSpireMod:Lightbulb":30,"Toy Ornithopter":42,"infinitespire:Freezer":43,"Ice Cream":21,"Divine Protection":17,"Calipers":7,"CeramicFish":25,"Vajra":10,"Runic Capacitor":0,"Sozu":17,"Lizard Tail":24,"Centennial Puzzle":48,"infinitespire:SolderingIron":0,"Replay:Frozen Program":19,"HornCleat":14,"DollysMirror":11,"Prayer Wheel":34,"Philosopher\u0027s Stone":34,"Iron Hammer":12,"Toxic Egg 2":0,"Girya":0,"Happy Flower":40,"ReplayTheSpireMod:CursedCoin":0,"Replay:Grab Bag":17,"Dead Branch":0,"Oddly Smooth Stone":54,"infinitespire:Beetle Shell":10,"Letter Opener":32,"War Paint":54,"Question Card":42,"Du-Vu Doll":53,"OrangePellets":0,"Replay:Baseball":28,"Bottled Flame":14,"Bronze Scales":10,"Molten Egg 2":4,"Onion Ring":42,"ReplayTheSpireMod:TigerMarble":2,"infinitespire:EmpoweringShard":28,"Black Star":34,"Symbiotic Virus":3,"Mirror":52,"Meat on the Bone":0,"Snecko Heart":34,"SacredBark":17,"Mango":40,"Incense Burner":24,"Juzu Bracelet":41,"Empty Cage":17,"ClockworkSouvenir":0,"Frozen Eye":53,"SsserpentHead":3,"Nunchaku":23,"Dream Catcher":23,"Emotion Chip":0,"Chameleon Ring":10,"Mummified Hand":9,"Pantograph":17,"Gambling Chip":0,"Tiny Chest":21,"Red Mask":22,"Replay:Bottled Snecko":6,"Replay:Antivirus Software":53,"Cracked Core":0,"Gremlin Food":53,"ReplayTheSpireMod:Ninjato":44,"Replay:Towering Pillar of Hats":0,"Quantum Egg":4,"Guide Book":47,"Replay:WaspNest":42,"infinitespire:FocusingShard":48,"White Beast Statue":28,"Mercury Hourglass":14,"Calling Bell":34,"Strange Spoon":6,"DataDisk":29,"CaptainsWheel":0,"Anchor":6,"Pondfish Scales":9,"infinitespire:Satchel":34,"ChewingGum":17,"Coffee Dripper":17,"Bag of Marbles":13,"Membership Card":53,"FossilizedHelix":21,"TungstenRod":0,"ReplayTheSpireMod:ShopPack":53},{"infinitespire:BottledMercury":69,"Golden Egg":250,"infinitespire:Cubic Diamond":1,"Ginger":70,"Bottled Tornado":68,"Boot":132,"FrozenCore":48,"Replay:Ringing Soul":33,"infinitespire:ShieldingShard":36,"Sundial":166,"Replay:Bronze Core":161,"MealTicket":14,"infinitespire:Golems Mask":134,"Fusion Hammer":48,"HandDrill":29,"Kunai":157,"Replay:Wax Seal":126,"Replay:Bottled Steam":258,"Counterbalance":83,"Blue Candle":128,"Pen Nib":140,"ReplayTheSpireMod:SealedPack":151,"Guardian:PocketSentry":34,"infinitespire:Magic Flask":96,"Akabeko":231,"infinitespire:EvilPickle":57,"SlaversCollar":79,"infinitespire:Lychee Nut":12,"Bird Faced Urn":29,"Snecko Eye":222,"Pandora\u0027s Box":0,"StrikeDummy":57,"Unceasing Top":232,"Solar Panel":131,"Lantern":6,"Regal Pillow":9,"Carrot":160,"Singing Bowl":53,"Torii":68,"Blue Doll":36,"StoneCalendar":202,"Bag of Preparation":55,"Replay:Multitool":224,"Smiling Mask":47,"Ancient Tea Set":120,"Cursed Key":222,"Pet Ghost":94,"Replay:Rubber Ducky":151,"Matryoshka":36,"Shovel":70,"infinitespire:Bottled Soul":155,"WingedGreaves":76,"Replay:Bottled Eggs":120,"Guardian:BottledAnomaly":154,"infinitespire:Eraser":225,"InkBottle":13,"Potion Belt":27,"Lee\u0027s Waffle":22,"Guardian:GemstoneGun":202,"Thread and Needle":175,"infinitespire:Joker Card":15,"The Courier":209,"Geode":4,"infinitespire:CheckeredPen":224,"Frozen Egg 2":70,"MawBank":91,"Replay:Arrowhead":128,"Nuclear Battery":106,"Orrery":15,"Turnip":175,"Garlic":19,"Art of War":126,"Durian":238,"ReplayTheSpireMod:Lightbulb":85,"Toy Ornithopter":121,"infinitespire:Freezer":64,"Ice Cream":12,"Divine Protection":184,"Calipers":32,"CeramicFish":247,"Vajra":4,"Runic Capacitor":70,"Sozu":23,"Lizard Tail":53,"Centennial Puzzle":96,"infinitespire:SolderingIron":99,"Replay:Frozen Program":137,"HornCleat":150,"DollysMirror":76,"Prayer Wheel":57,"Philosopher\u0027s Stone":87,"Iron Hammer":76,"Toxic Egg 2":99,"Girya":99,"Happy Flower":62,"ReplayTheSpireMod:CursedCoin":202,"Replay:Grab Bag":48,"Dead Branch":142,"Oddly Smooth Stone":127,"infinitespire:Beetle Shell":20,"Letter Opener":86,"War Paint":173,"Question Card":225,"Du-Vu Doll":97,"OrangePellets":70,"Replay:Baseball":27,"Bottled Flame":47,"Bronze Scales":45,"Molten Egg 2":16,"Onion Ring":196,"ReplayTheSpireMod:TigerMarble":30,"infinitespire:EmpoweringShard":54,"Black Star":116,"Symbiotic Virus":30,"Mirror":97,"Meat on the Bone":128,"Snecko Heart":222,"SacredBark":10,"Mango":195,"Incense Burner":82,"Juzu Bracelet":90,"Empty Cage":48,"ClockworkSouvenir":128,"Frozen Eye":97,"SsserpentHead":233,"Nunchaku":82,"Dream Catcher":187,"Emotion Chip":232,"Chameleon Ring":182,"Mummified Hand":76,"Pantograph":151,"Gambling Chip":202,"Tiny Chest":25,"Red Mask":51,"Replay:Bottled Snecko":43,"Replay:Antivirus Software":126,"Cracked Core":0,"Gremlin Food":97,"ReplayTheSpireMod:Ninjato":65,"Replay:Towering Pillar of Hats":232,"Quantum Egg":2,"Guide Book":197,"Replay:WaspNest":64,"infinitespire:FocusingShard":198,"White Beast Statue":84,"Mercury Hourglass":78,"Calling Bell":57,"Strange Spoon":17,"DataDisk":28,"CaptainsWheel":70,"Anchor":103,"Pondfish Scales":132,"infinitespire:Satchel":57,"ChewingGum":151,"Coffee Dripper":48,"Bag of Marbles":105,"Membership Card":97,"FossilizedHelix":80,"TungstenRod":99,"ReplayTheSpireMod:ShopPack":126},{"infinitespire:BottledMercury":336,"Golden Egg":1051,"infinitespire:Cubic Diamond":2,"Ginger":342,"Bottled Tornado":332,"Boot":568,"FrozenCore":218,"Replay:Ringing Soul":147,"infinitespire:ShieldingShard":158,"Sundial":709,"Replay:Bronze Core":684,"MealTicket":63,"infinitespire:Golems Mask":577,"Fusion Hammer":218,"HandDrill":137,"Kunai":670,"Replay:Wax Seal":541,"Replay:Bottled Steam":1092,"Counterbalance":384,"Blue Candle":550,"Pen Nib":600,"ReplayTheSpireMod:SealedPack":650,"Guardian:PocketSentry":152,"infinitespire:Magic Flask":412,"Akabeko":976,"infinitespire:EvilPickle":276,"SlaversCollar":373,"infinitespire:Lychee Nut":50,"Bird Faced Urn":137,"Snecko Eye":952,"Pandora\u0027s Box":0,"StrikeDummy":276,"Unceasing Top":981,"Solar Panel":563,"Lantern":23,"Regal Pillow":32,"Carrot":680,"Singing Bowl":246,"Torii":332,"Blue Doll":158,"StoneCalendar":891,"Bag of Preparation":256,"Replay:Multitool":958,"Smiling Mask":207,"Ancient Tea Set":516,"Cursed Key":952,"Pet Ghost":409,"Replay:Rubber Ducky":650,"Matryoshka":158,"Shovel":342,"infinitespire:Bottled Soul":662,"WingedGreaves":364,"Replay:Bottled Eggs":516,"Guardian:BottledAnomaly":659,"infinitespire:Eraser":960,"InkBottle":56,"Potion Belt":124,"Lee\u0027s Waffle":97,"Guardian:GemstoneGun":891,"Thread and Needle":771,"infinitespire:Joker Card":70,"The Courier":909,"Geode":14,"infinitespire:CheckeredPen":958,"Frozen Egg 2":342,"MawBank":403,"Replay:Arrowhead":550,"Nuclear Battery":460,"Orrery":70,"Turnip":771,"Garlic":81,"Art of War":541,"Durian":1002,"ReplayTheSpireMod:Lightbulb":388,"Toy Ornithopter":520,"infinitespire:Freezer":312,"Ice Cream":50,"Divine Protection":811,"Calipers":145,"CeramicFish":1040,"Vajra":14,"Runic Capacitor":342,"Sozu":108,"Lizard Tail":246,"Centennial Puzzle":412,"infinitespire:SolderingIron":421,"Replay:Frozen Program":591,"HornCleat":642,"DollysMirror":364,"Prayer Wheel":276,"Philosopher\u0027s Stone":394,"Iron Hammer":364,"Toxic Egg 2":421,"Girya":421,"Happy Flower":299,"ReplayTheSpireMod:CursedCoin":891,"Replay:Grab Bag":218,"Dead Branch":608,"Oddly Smooth Stone":544,"infinitespire:Beetle Shell":87,"Letter Opener":390,"War Paint":756,"Question Card":960,"Du-Vu Doll":416,"OrangePellets":342,"Replay:Baseball":124,"Bottled Flame":207,"Bronze Scales":197,"Molten Egg 2":73,"Onion Ring":866,"ReplayTheSpireMod:TigerMarble":139,"infinitespire:EmpoweringShard":252,"Black Star":499,"Symbiotic Virus":139,"Mirror":416,"Meat on the Bone":550,"Snecko Heart":952,"SacredBark":41,"Mango":862,"Incense Burner":379,"Juzu Bracelet":401,"Empty Cage":218,"ClockworkSouvenir":550,"Frozen Eye":416,"SsserpentHead":984,"Nunchaku":379,"Dream Catcher":822,"Emotion Chip":981,"Chameleon Ring":800,"Mummified Hand":364,"Pantograph":650,"Gambling Chip":891,"Tiny Chest":114,"Red Mask":235,"Replay:Bottled Snecko":187,"Replay:Antivirus Software":541,"Cracked Core":0,"Gremlin Food":416,"ReplayTheSpireMod:Ninjato":317,"Replay:Towering Pillar of Hats":981,"Quantum Egg":4,"Guide Book":869,"Replay:WaspNest":312,"infinitespire:FocusingShard":874,"White Beast Statue":386,"Mercury Hourglass":369,"Calling Bell":276,"Strange Spoon":76,"DataDisk":136,"CaptainsWheel":342,"Anchor":438,"Pondfish Scales":568,"infinitespire:Satchel":276,"ChewingGum":650,"Coffee Dripper":218,"Bag of Marbles":449,"Membership Card":416,"FossilizedHelix":375,"TungstenRod":421,"ReplayTheSpireMod:ShopPack":541}],"Unceasing Top":[4]},"card_choices":[{"not_picked":["ReplaySort","Steam"],"picked":"Coolheaded","floor":1.0},{"not_picked":["Compile Driver","Tempest"],"picked":"Cold Snap","floor":4.0},{"not_picked":["Crystallizer","Barrage"],"picked":"Storm","floor":5.0},{"not_picked":["ReplayTheSpireMod:System Scan","Meteor Strike"],"picked":"Glacier","floor":7.0},{"not_picked":["Streamline","Sweeping Beam"],"picked":"Loop","floor":8.0},{"not_picked":["Barrage","Self Repair","Rebound"],"picked":"SKIP","floor":10.0},{"not_picked":["Leap","Beam Cell"],"picked":"Glacier","floor":12.0},{"not_picked":["Conserve Battery","Turbo"],"picked":"Creative AI","floor":13.0},{"not_picked":["Ball Lightning","ReplayTheSpireMod:Repulse"],"picked":"Undo","floor":14.0},{"not_picked":["Reboot","Mirror Shield"],"picked":"Core Surge","floor":16.0},{"not_picked":["Ball Lightning","Leap+1"],"picked":"Turbo","floor":18.0},{"not_picked":["Hello World","Lockon"],"picked":"Chill","floor":20.0},{"not_picked":["Panic Button","Stack","Gash"],"picked":"SKIP","floor":22.0},{"not_picked":["Scrape","ReplayTheSpireMod:Repulse"],"picked":"Melter+1","floor":24.0},{"not_picked":["Gash","Multi-Cast"],"picked":"Hologram","floor":25.0},{"not_picked":["Beam Cell","Melter","Turbo"],"picked":"SKIP","floor":27.0},{"not_picked":["BasicCrystalCard","Compile Driver+1"],"picked":"Hello World","floor":28.0},{"not_picked":["Darkness","Stack","Sweeping Beam+1"],"picked":"SKIP","floor":30.0},{"not_picked":["Meteor Strike","Seek"],"picked":"Electrodynamics","floor":33.0},{"not_picked":["Leap","Cold Snap"],"picked":"Capacitor","floor":35.0},{"not_picked":["Rebound","Cold Snap","Sweeping Beam"],"picked":"SKIP","floor":36.0},{"not_picked":["Go for the Eyes","Conserve Battery"],"picked":"Tempest+1","floor":37.0},{"not_picked":["Stack","Lockon"],"picked":"BootSequence+1","floor":38.0},{"not_picked":["Go for the Eyes+1","Steam Power+1","Conserve Battery"],"picked":"SKIP","floor":41},{"not_picked":["Steam","Gash"],"picked":"Coolheaded","floor":44},{"not_picked":["Compile Driver","Barrage"],"picked":"Cold Snap","floor":44},{"not_picked":["Sweeping Beam","ReplayGash+1"],"picked":"Panic Button","floor":45},{"not_picked":["Leap+1","Darkness"],"picked":"Cold Snap","floor":47},{"not_picked":["Steam","Auto Shields"],"picked":"Hologram+1","floor":48},{"not_picked":["Ball Lightning","Biased Cognition","Reprogram+1"],"picked":"SKIP","floor":48},{"not_picked":["Panic Button","Compile Driver"],"picked":"Hologram","floor":55}],"player_experience":969858,"relics_obtained":[{"floor":7.0,"key":"Kunai"},{"floor":10.0,"key":"Durian"},{"floor":12.0,"key":"Lizard Tail"},{"floor":25.0,"key":"CeramicFish"},{"floor":26.0,"key":"MawBank"},{"floor":27.0,"key":"ReplayTheSpireMod:TigerMarble"},{"floor":37.0,"key":"Mango"},{"floor":41,"key":"Symbiotic Virus"},{"floor":42,"key":"Bottled Tornado"},{"floor":43,"key":"Geode"},{"floor":45,"key":"Replay:Bottled Steam"},{"floor":47,"key":"Gremlin Food"},{"floor":55,"key":"Mercury Hourglass"}],"event_choices":[{"damage_healed":0.0,"max_hp_gain":0.0,"max_hp_loss":0.0,"gold_gain":0.0,"event_name":"FaceTrader","player_choice":"Trade","floor":3.0,"gold_loss":0.0,"damage_taken":0.0,"relics_obtained":["SsserpentHead"]},{"damage_healed":0.0,"max_hp_gain":0.0,"max_hp_loss":0.0,"gold_gain":0.0,"cards_transformed":["Strike_B"],"event_name":"Transmorgrifier","player_choice":"Transformed","floor":11.0,"gold_loss":0.0,"damage_taken":0.0,"cards_obtained":["Capacitor"]},{"damage_healed":0.0,"max_hp_gain":0.0,"max_hp_loss":0.0,"gold_gain":450.0,"event_name":"Knowing Skull","player_choice":"GOLD GOLD GOLD GOLD GOLD ","floor":19.0,"potions_obtained":[],"gold_loss":0.0,"damage_taken":46.0,"cards_obtained":[]},{"damage_healed":0.0,"max_hp_gain":0.0,"max_hp_loss":0.0,"gold_gain":0.0,"event_name":"Accursed Blacksmith","player_choice":"Forge","floor":29.0,"gold_loss":0.0,"damage_taken":0.0,"cards_upgraded":["ReplayTheSpireMod:Book of Names"]},{"damage_healed":0.0,"max_hp_gain":0.0,"max_hp_loss":0.0,"gold_gain":0.0,"event_name":"Mysterious Sphere","player_choice":"Fight","floor":37.0,"gold_loss":0.0,"damage_taken":0.0},{"damage_healed":0.0,"max_hp_gain":0.0,"max_hp_loss":0.0,"gold_gain":0.0,"event_name":"Tomb of Lord Red Mask","player_choice":"Ignored","floor":39.0,"gold_loss":0.0,"damage_taken":0.0}],"is_beta":false,"boss_relics":[{"not_picked":["Inserter","SlaversCollar"],"picked":"Sozu"},{"not_picked":["SacredBark","ReplayTheSpireMod:SealedPack"],"picked":"Philosopher\u0027s Stone"}],"items_purged_floors":[0,0,31,54,54],"is_endless":false,"potions_floor_spawned":[4,5,10,16,22,25,27,30,33,37,41,44,45],"ascension_level":20}}