{"host":"zekcc3vicrep0och","time":1607869463,"event":{"mods":["AchievementEnabler","BaseMod","Colored Map","Colored Powertips","Displayed Cursed Tome","Highlight Path","Minty Spire (QoL Compilation)","Quick Restart","Relic Stats","StSLib"],"gold_per_floor":[111,122,132,132,24,51,51,66,89,89,89,114,114,128,128,200,200,219,219,235,39,39,68,68,158,212,237,13,33,33,33,33,108,108,124,142,142,92,140,168,168,196,221,240,272,287,317,66,66,66],"floor_reached":51,"playtime":2231,"items_purged":["Strike_P","Defend_P","Defend_P","Defend_P"],"score":1468,"play_id":"f3a26c2d-ec90-4228-a4fe-271df97f0c02","local_time":"20201213172423","is_ascension_mode":true,"campfire_choices":[{"data":"Eruption","floor":7.0,"key":"SMITH"},{"data":"Vault","floor":11.0,"key":"SMITH"},{"data":"Tantrum","floor":15.0,"key":"SMITH"},{"data":"Sanctity","floor":24.0,"key":"SMITH"},{"floor":30.0,"key":"REST"},{"data":"WaveOfTheHand","floor":32.0,"key":"SMITH"},{"floor":41.0,"key":"REST"},{"floor":49,"key":"REST"}],"circlet_count":0,"master_deck":["AscendersBane","Strike_P+1","Strike_P+1","Strike_P+1","Defend_P","Eruption+1","Vigilance","Vault+1","InnerPeace+1","ClearTheMind+1","Crescendo","Tantrum+1","LikeWater","Meditate","LikeWater","Devotion","Indignation","DevaForm+1","Sanctity+1","Vengeance+1","Conclude+1","Sanctity+1","WaveOfTheHand+1","Fasting2+1","LessonLearned","LikeWater+1","Apotheosis","TalkToTheHand"],"relics":["PureWater","Vajra","Smiling Mask","TeardropLocket","Whetstone","Philosopher\u0027s Stone","Enchiridion","Art of War","Pen Nib","Tiny Chest","Ornamental Fan","Ancient Tea Set","Fusion Hammer","Centennial Puzzle","Anchor","Yang","Regal Pillow","MealTicket","Nunchaku","Melange"],"acts_visited":["Exordium","TheCity","TheBeyond"],"potions_floor_usage":[50,50],"damage_taken":[{"damage":8.0,"enemies":"Cultist","floor":1.0,"turns":6.0},{"damage":0.0,"enemies":"Small Slimes","floor":2.0,"turns":4.0},{"damage":7.0,"enemies":"Jaw Worm","floor":3.0,"turns":4.0},{"damage":5.0,"enemies":"Lagavulin","floor":6.0,"turns":5.0},{"damage":5.0,"enemies":"Large Slime","floor":8.0,"turns":5.0},{"damage":7.0,"enemies":"3 Sentries","floor":12.0,"turns":4.0},{"damage":0.0,"enemies":"3 Louse","floor":14.0,"turns":2.0},{"damage":4.0,"enemies":"Hexaghost","floor":16.0,"turns":7.0},{"damage":4.0,"enemies":"Shell Parasite","floor":18.0,"turns":4.0},{"damage":0.0,"enemies":"Chosen","floor":20.0,"turns":3.0},{"damage":0.0,"enemies":"Gremlin Leader","floor":23.0,"turns":3.0},{"damage":12.0,"enemies":"Slavers","floor":27.0,"turns":3.0},{"damage":0.0,"enemies":"3 Cultists","floor":29.0,"turns":4.0},{"damage":11.0,"enemies":"Champ","floor":33.0,"turns":7.0},{"damage":2.0,"enemies":"Orb Walker","floor":35.0,"turns":3.0},{"damage":0.0,"enemies":"3 Darklings","floor":36.0,"turns":4.0},{"damage":29.0,"enemies":"Reptomancer","floor":40.0,"turns":6.0},{"damage":18.0,"enemies":"Nemesis","floor":42.0,"turns":4.0},{"damage":9.0,"enemies":"4 Shapes","floor":44.0,"turns":3.0},{"damage":0.0,"enemies":"Giant Head","floor":45.0,"turns":4.0},{"damage":0.0,"enemies":"Jaw Worm Horde","floor":46.0,"turns":5.0},{"damage":3,"enemies":"Reptomancer","floor":47,"turns":3},{"damage":47,"enemies":"Time Eater","floor":50,"turns":5}],"seed_played":"-625135524216509124","potions_obtained":[{"floor":3.0,"key":"BlessingOfTheForge"},{"floor":8.0,"key":"FearPotion"},{"floor":14.0,"key":"Strength Potion"},{"floor":23.0,"key":"SteroidPotion"},{"floor":33.0,"key":"StancePotion"},{"floor":35.0,"key":"SteroidPotion"},{"floor":36.0,"key":"DuplicationPotion"},{"floor":45.0,"key":"Fire Potion"},{"floor":47,"key":"CultistPotion"}],"is_trial":false,"path_per_floor":["M","M","M","?","$","E","R","M","T","T","R","E","?","M","R","B",null,"M","?","M","$","?","E","R","?","T","E","$","M","R","T","R","B",null,"M","M","?","$","T","E","R","E","T","M","E","M","E","$","R","B",null],"character_chosen":"WATCHER","items_purchased":["Tantrum","LikeWater","Art of War","WaveOfTheHand","BottledMiracle","Explosive Potion","Dexterity Potion","Melange"],"campfire_rested":3,"item_purchase_floors":[5,5,21,28,28,28,48,48],"current_hp_per_floor":[53,53,46,32,32,27,27,22,22,22,22,15,37,37,37,33,59,55,39,39,39,39,39,39,27,27,15,15,15,35,35,35,24,57,55,55,55,55,55,26,46,28,28,19,19,19,16,31,66,19],"gold":66,"neow_bonus":"ONE_RANDOM_RARE_CARD","is_daily":false,"chose_seed":false,"campfire_upgraded":5,"win_rate":0.0,"timestamp":1607869463,"path_taken":["M","?","M","?","$","E","R","M","T","?","R","E","?","M","R","BOSS","M","?","M","$","?","E","R","?","T","E","$","?","R","?","R","BOSS","M","M","?","$","?","E","R","E","T","M","E","M","E","$","R","BOSS"],"items_purchased_type":["Card","Card","Relic","Card","Potion","Potion","Potion","Relic"],"build_version":"2020-11-30","purchased_purges":4,"victory":true,"max_hp_per_floor":[68,68,68,68,68,68,68,68,68,68,68,68,68,68,68,68,68,68,68,68,68,68,68,68,68,68,68,68,68,68,68,68,68,68,68,68,68,68,68,68,68,68,68,68,68,68,68,68,68,68],"relic_stats":{"Regal Pillow":15,"counters":[23,98],"Melange":[3],"Yang":[35],"Pen Nib":[8],"Whetstone":["Strike_P","Strike_P"],"Smiling Mask":250,"Centennial Puzzle":[15],"Nunchaku":[0],"Ornamental Fan":[44],"Tiny Chest":1,"MealTicket":15,"Art of War":[14],"obtain_stats":[{"Regal Pillow":43,"Vajra":6,"Enchiridion":19,"Melange":48,"Yang":42,"Pen Nib":23,"TeardropLocket":10,"Whetstone":12,"Smiling Mask":9,"Ancient Tea Set":31,"Centennial Puzzle":39,"Anchor":40,"Nunchaku":47,"Ornamental Fan":27,"Philosopher\u0027s Stone":17,"Tiny Chest":26,"MealTicket":45,"Fusion Hammer":34,"Art of War":21,"PureWater":0},{"Regal Pillow":18,"Vajra":4,"Enchiridion":9,"Melange":22,"Yang":18,"Pen Nib":11,"TeardropLocket":5,"Whetstone":6,"Smiling Mask":5,"Ancient Tea Set":13,"Centennial Puzzle":16,"Anchor":17,"Nunchaku":22,"Ornamental Fan":12,"Philosopher\u0027s Stone":8,"Tiny Chest":11,"MealTicket":20,"Fusion Hammer":14,"Art of War":10,"PureWater":0},{"Regal Pillow":78,"Vajra":19,"Enchiridion":41,"Melange":93,"Yang":78,"Pen Nib":47,"TeardropLocket":24,"Whetstone":28,"Smiling Mask":24,"Ancient Tea Set":54,"Centennial Puzzle":68,"Anchor":74,"Nunchaku":93,"Ornamental Fan":50,"Philosopher\u0027s Stone":37,"Tiny Chest":47,"MealTicket":85,"Fusion Hammer":61,"Art of War":44,"PureWater":0}]},"card_choices":[{"not_picked":["Protect","WreathOfFlame"],"picked":"InnerPeace","floor":1.0},{"not_picked":["EmptyBody","Adaptation"],"picked":"ClearTheMind","floor":2.0},{"not_picked":["EmptyBody","Consecrate"],"picked":"Crescendo","floor":3.0},{"not_picked":["InnerPeace","WreathOfFlame"],"picked":"Meditate","floor":6.0},{"not_picked":["JustLucky","Crescendo"],"picked":"LikeWater","floor":8.0},{"not_picked":["JustLucky","Alpha"],"picked":"Devotion","floor":12.0},{"not_picked":["EmptyBody","Evaluate"],"picked":"Indignation","floor":14.0},{"not_picked":["Scrawl","Omniscience"],"picked":"DevaForm","floor":16.0},{"not_picked":["EmptyBody","FlyingSleeves"],"picked":"Sanctity","floor":18.0},{"not_picked":["WheelKick","BowlingBash"],"picked":"Vengeance+1","floor":20.0},{"not_picked":["FlurryOfBlows","JustLucky"],"picked":"Conclude+1","floor":23.0},{"not_picked":["WheelKick","Ragnarok"],"picked":"Sanctity+1","floor":27.0},{"not_picked":["ClearTheMind","EmptyBody"],"picked":"Fasting2+1","floor":29.0},{"not_picked":["DeusExMachina","Brilliance"],"picked":"LessonLearned","floor":33.0},{"not_picked":["SashWhip","EmptyBody","CrushJoints"],"picked":"SKIP","floor":35.0},{"not_picked":["EmptyBody","Prostrate"],"picked":"LikeWater+1","floor":36.0},{"not_picked":["Jack Of All Trades","Enlightenment"],"picked":"Apotheosis","floor":37.0},{"not_picked":["FollowUp","EmptyBody","EmptyFist"],"picked":"SKIP","floor":40.0},{"not_picked":["Crescendo","Devotion","FlurryOfBlows"],"picked":"SKIP","floor":42.0},{"not_picked":["Crescendo","Fasting2","WindmillStrike+1"],"picked":"SKIP","floor":44.0},{"not_picked":["BattleHymn+1","Brilliance","ThirdEye"],"picked":"SKIP","floor":45.0},{"not_picked":["ClearTheMind+1","PathToVictory","EmptyBody"],"picked":"SKIP","floor":46.0},{"not_picked":["ClearTheMind","Adaptation"],"picked":"TalkToTheHand","floor":47}],"player_experience":395944,"relics_obtained":[{"floor":6.0,"key":"Vajra"},{"floor":9.0,"key":"Smiling Mask"},{"floor":10.0,"key":"TeardropLocket"},{"floor":12.0,"key":"Whetstone"},{"floor":23.0,"key":"Pen Nib"},{"floor":26.0,"key":"Tiny Chest"},{"floor":27.0,"key":"Ornamental Fan"},{"floor":31.0,"key":"Ancient Tea Set"},{"floor":39.0,"key":"Centennial Puzzle"},{"floor":40.0,"key":"Anchor"},{"floor":42.0,"key":"Yang"},{"floor":43.0,"key":"Regal Pillow"},{"floor":45.0,"key":"MealTicket"},{"floor":47,"key":"Nunchaku"}],"event_choices":[{"damage_healed":0.0,"max_hp_gain":0.0,"max_hp_loss":0.0,"gold_gain":0.0,"event_name":"Shining Light","player_choice":"Entered Light","floor":4.0,"gold_loss":0.0,"damage_taken":14.0,"cards_upgraded":["Strike_P","InnerPeace"]},{"damage_healed":22.0,"max_hp_gain":0.0,"max_hp_loss":0.0,"gold_gain":0.0,"event_name":"Big Fish","player_choice":"Banana","floor":13.0,"gold_loss":0.0,"damage_taken":0.0},{"damage_healed":0.0,"max_hp_gain":0.0,"max_hp_loss":0.0,"gold_gain":0.0,"event_name":"Cursed Tome","player_choice":"Obtained Book","floor":19.0,"gold_loss":0.0,"damage_taken":16.0},{"damage_healed":0.0,"max_hp_gain":0.0,"max_hp_loss":0.0,"gold_gain":0.0,"event_name":"Vampires","player_choice":"Ignored","floor":22.0,"gold_loss":0.0,"damage_taken":0.0},{"damage_healed":0.0,"max_hp_gain":0.0,"max_hp_loss":0.0,"gold_gain":90.0,"event_name":"Knowing Skull","player_choice":"GOLD ","floor":25.0,"potions_obtained":[],"gold_loss":0.0,"damage_taken":12.0,"cards_obtained":[]},{"damage_healed":0.0,"max_hp_gain":0.0,"max_hp_loss":0.0,"gold_gain":0.0,"event_name":"SensoryStone","player_choice":"Memory 1","floor":37.0,"gold_loss":0.0,"damage_taken":0.0}],"is_beta":false,"boss_relics":[{"not_picked":["Runic Pyramid","Astrolabe"],"picked":"Philosopher\u0027s Stone"},{"not_picked":["Runic Dome","Sozu"],"picked":"Fusion Hammer"}],"items_purged_floors":[21,28,38,48],"is_endless":false,"potions_floor_spawned":[3,8,14,16,23,33,35,36,45,47],"ascension_level":14}}