{"host":"r4fdjn7z3inifdxd","time":1607820066,"event":{"mods":["BaseMod","Minty Spire (QoL Compilation)"],"gold_per_floor":[211,225,375,385,22,22,53,67,67,80,108,108,108,124,124,198,198,218,143,155,170,20,55,67,111,147,192,224,236,248,260,272,363,375,404,5,17,17,32,61,61,72,97,97,131,144,162,191,191,191,191],"floor_reached":50,"playtime":5036,"items_purged":["Doubt"],"score":1302,"play_id":"aa12cd5a-ae2b-4707-b0a3-a657459e2f66","local_time":"20201213074106","is_ascension_mode":true,"campfire_choices":[{"data":"Eruption","floor":6.0,"key":"SMITH"},{"data":"SashWhip","floor":12.0,"key":"SMITH"},{"data":"CrushJoints","floor":15.0,"key":"SMITH"},{"floor":30.0,"key":"REST"},{"data":"Writhe","floor":32.0,"key":"PURGE"},{"floor":41,"key":"REST"},{"data":"Strike_P","floor":44,"key":"PURGE"},{"floor":49,"key":"RECALL"}],"circlet_count":0,"master_deck":["AscendersBane","Strike_P","Defend_P","Defend_P","Defend_P","Defend_P","Eruption+1","Vigilance","SashWhip+1","FollowUp+1","Protect","CutThroughFate+1","Finesse","Sanctity","InnerPeace","FlurryOfBlows","CrushJoints+1","Judgement","DeusExMachina","Blasphemy","DeceiveReality","BattleHymn","EmptyMind","Sanctity","FearNoEvil+1","Evaluate","Vengeance","BowlingBash","MasterReality","FlurryOfBlows","Judgement","EmptyFist","EmptyBody+1","CutThroughFate","Adaptation"],"relics":["PureWater","Medical Kit","Whetstone","Sundial","Darkstone Periapt","Fusion Hammer","MawBank","Gambling Chip","Potion Belt","Kunai","Peace Pipe","Busted Crown","PreservedInsect","OrangePellets","Toxic Egg 2","Juzu Bracelet","Pen Nib","Blood Vial"],"acts_visited":["Exordium","TheCity","TheBeyond"],"potions_floor_usage":[39,46,47,47,47,48,50],"damage_taken":[{"damage":0.0,"enemies":"Small Slimes","floor":1.0,"turns":3.0},{"damage":3.0,"enemies":"2 Louse","floor":2.0,"turns":4.0},{"damage":3.0,"enemies":"Cultist","floor":4.0,"turns":4.0},{"damage":19.0,"enemies":"Lagavulin","floor":7.0,"turns":8.0},{"damage":0.0,"enemies":"Lots of Slimes","floor":8.0,"turns":2.0},{"damage":0.0,"enemies":"Blue Slaver","floor":10.0,"turns":3.0},{"damage":3.0,"enemies":"3 Sentries","floor":11.0,"turns":5.0},{"damage":2.0,"enemies":"Exordium Wildlife","floor":14.0,"turns":3.0},{"damage":25.0,"enemies":"Hexaghost","floor":16.0,"turns":13.0},{"damage":0.0,"enemies":"Spheric Guardian","floor":18.0,"turns":1.0},{"damage":1.0,"enemies":"3 Byrds","floor":20.0,"turns":4.0},{"damage":10.0,"enemies":"Centurion and Healer","floor":21.0,"turns":6.0},{"damage":5.0,"enemies":"Gremlin Leader","floor":23.0,"turns":5.0},{"damage":0.0,"enemies":"Book of Stabbing","floor":25.0,"turns":3.0},{"damage":13.0,"enemies":"Gremlin Leader","floor":27.0,"turns":4.0},{"damage":0.0,"enemies":"Shelled Parasite and Fungi","floor":28.0,"turns":3.0},{"damage":21.0,"enemies":"Collector","floor":33.0,"turns":10.0},{"damage":0.0,"enemies":"3 Darklings","floor":35.0,"turns":2.0},{"damage":0.0,"enemies":"Orb Walker","floor":37.0,"turns":1.0},{"damage":34,"enemies":"Jaw Worm Horde","floor":39,"turns":3},{"damage":7,"enemies":"Reptomancer","floor":40,"turns":4},{"damage":12,"enemies":"3 Darklings","floor":42,"turns":5},{"damage":0,"enemies":"Giant Head","floor":45,"turns":5},{"damage":10,"enemies":"Writhing Mass","floor":46,"turns":5},{"damage":0,"enemies":"Maw","floor":47,"turns":6},{"damage":0,"enemies":"Reptomancer","floor":48,"turns":5},{"damage":30,"enemies":"Awakened One","floor":50,"turns":5}],"seed_played":"-3752663863522853907","potions_obtained":[{"floor":2.0,"key":"Explosive Potion"},{"floor":7.0,"key":"Explosive Potion"},{"floor":10.0,"key":"DuplicationPotion"},{"floor":16.0,"key":"Explosive Potion"},{"floor":23.0,"key":"BottledMiracle"},{"floor":25.0,"key":"Dexterity Potion"},{"floor":28.0,"key":"DuplicationPotion"},{"floor":33.0,"key":"LiquidBronze"},{"floor":40,"key":"Energy Potion"},{"floor":45,"key":"Dexterity Potion"},{"floor":46,"key":"EntropicBrew"}],"is_trial":false,"path_per_floor":["M","M","?","M","$","R","E","M","T","M","E","R","?","M","R","B",null,"M","?","M","M","$","E","$","E","T","E","M","?","R","T","R","B",null,"M","$","M","?","M","E","R","M","T","R","E","M","M","E","R","B"],"character_chosen":"WATCHER","items_purchased":["Medical Kit","CutThroughFate","Finesse","Sanctity","Fire Potion","SteroidPotion","PreservedInsect","OrangePellets","EssenceOfSteel"],"campfire_rested":2,"item_purchase_floors":[5,5,5,22,22,22,36,36,36],"current_hp_per_floor":[61,58,58,55,55,55,36,36,36,36,33,33,33,31,31,6,53,53,53,52,42,42,37,37,37,37,24,24,30,52,52,52,31,63,63,63,63,63,29,22,44,32,32,32,32,22,22,22,22,0,0],"gold":191,"neow_bonus":"HUNDRED_GOLD","is_daily":false,"chose_seed":false,"campfire_upgraded":3,"win_rate":0.0,"timestamp":1607820066,"path_taken":["M","M","?","M","$","R","E","M","T","M","E","R","?","M","R","BOSS","M","?","?","M","$","E","$","E","T","E","M","?","R","?","R","BOSS","BOSS","M","$","M","?","M","E","R","M","T","R","E","M","M","E","R","BOSS"],"items_purchased_type":["Relic","Card","Card","Card","Potion","Potion","Relic","Relic","Potion"],"build_version":"2020-11-30","purchased_purges":1,"victory":false,"max_hp_per_floor":[68,68,68,68,68,68,68,68,68,68,68,68,68,68,68,68,68,68,68,68,68,68,68,68,68,68,68,68,74,74,74,74,74,74,74,74,74,74,74,74,74,74,74,74,74,74,74,74,74,74,74],"card_choices":[{"not_picked":["JustLucky","ReachHeaven"],"picked":"SashWhip","floor":1.0},{"not_picked":["ReachHeaven","WreathOfFlame"],"picked":"FollowUp","floor":2.0},{"not_picked":["FlyingSleeves","Wireheading"],"picked":"Protect","floor":4.0},{"not_picked":["PathToVictory","EmptyFist"],"picked":"Sanctity","floor":7.0},{"not_picked":["Protect","SashWhip"],"picked":"InnerPeace","floor":8.0},{"not_picked":["Crescendo","Protect"],"picked":"FlurryOfBlows","floor":10.0},{"not_picked":["FollowUp","Halt"],"picked":"CrushJoints","floor":11.0},{"not_picked":["EmptyBody","Crescendo"],"picked":"DeusExMachina","floor":14.0},{"not_picked":["Establishment","Alpha"],"picked":"Blasphemy","floor":16.0},{"not_picked":["FollowUp","Consecrate"],"picked":"DeceiveReality","floor":18.0},{"not_picked":["SashWhip","Wireheading"],"picked":"BattleHymn","floor":20.0},{"not_picked":["SandsOfTime","JustLucky"],"picked":"EmptyMind","floor":21.0},{"not_picked":["BowlingBash","Nirvana"],"picked":"FearNoEvil+1","floor":23.0},{"not_picked":["Tantrum","Consecrate"],"picked":"Evaluate","floor":25.0},{"not_picked":["FollowUp","ConjureBlade"],"picked":"Vengeance","floor":27.0},{"not_picked":["PathToVictory","MentalFortress"],"picked":"BowlingBash","floor":28.0},{"not_picked":["Blasphemy","Omniscience"],"picked":"MasterReality","floor":33.0},{"not_picked":[],"picked":"FlurryOfBlows","floor":35.0},{"not_picked":["Protect"],"picked":"SKIP","floor":37.0},{"not_picked":[],"picked":"EmptyFist","floor":39},{"not_picked":[],"picked":"EmptyBody+1","floor":40},{"not_picked":[],"picked":"CutThroughFate","floor":42},{"not_picked":[],"picked":"Adaptation","floor":45},{"not_picked":["Consecrate"],"picked":"SKIP","floor":46},{"not_picked":["FollowUp"],"picked":"SKIP","floor":47},{"not_picked":["CarveReality"],"picked":"SKIP","floor":48}],"player_experience":1480715,"relics_obtained":[{"floor":7.0,"key":"Whetstone"},{"floor":9.0,"key":"Sundial"},{"floor":11.0,"key":"Darkstone Periapt"},{"floor":23.0,"key":"MawBank"},{"floor":25.0,"key":"Gambling Chip"},{"floor":27.0,"key":"Potion Belt"},{"floor":31.0,"key":"Peace Pipe"},{"floor":40,"key":"Toxic Egg 2"},{"floor":43,"key":"Juzu Bracelet"},{"floor":45,"key":"Pen Nib"},{"floor":48,"key":"Blood Vial"}],"event_choices":[{"damage_healed":0.0,"max_hp_gain":0.0,"max_hp_loss":0.0,"gold_gain":150.0,"event_name":"Liars Game","player_choice":"AGREE","floor":3.0,"gold_loss":0.0,"damage_taken":0.0,"cards_obtained":["Doubt"]},{"damage_healed":0.0,"max_hp_gain":0.0,"max_hp_loss":0.0,"gold_gain":0.0,"event_name":"Match and Keep!","player_choice":"1 cards matched","floor":13.0,"gold_loss":0.0,"damage_taken":0.0,"cards_obtained":["Judgement"]},{"cards_removed":["Strike_P"],"damage_healed":0.0,"max_hp_gain":0.0,"max_hp_loss":0.0,"gold_gain":0.0,"event_name":"Designer","player_choice":"Single Remove","floor":19.0,"gold_loss":75.0,"damage_taken":0.0},{"damage_healed":0.0,"max_hp_gain":0.0,"max_hp_loss":0.0,"gold_gain":0.0,"event_name":"The Mausoleum","player_choice":"Opened","floor":29.0,"gold_loss":0.0,"damage_taken":0.0,"relics_obtained":["Kunai"],"cards_obtained":["Writhe"]},{"damage_healed":0.0,"max_hp_gain":0.0,"max_hp_loss":0.0,"gold_gain":0.0,"cards_transformed":["Strike_P"],"event_name":"Transmorgrifier","player_choice":"Transformed","floor":38.0,"gold_loss":0.0,"damage_taken":0.0,"cards_obtained":["Judgement"]}],"is_beta":false,"boss_relics":[{"not_picked":["SlaversCollar","Velvet Choker"],"picked":"Fusion Hammer"},{"not_picked":["SacredBark","Runic Dome"],"picked":"Busted Crown"}],"items_purged_floors":[5],"is_endless":false,"potions_floor_spawned":[2,7,10,16,23,25,28,33,40,45,46,47],"killed_by":"Awakened One","ascension_level":17}}