{"host":"f5gffvlv6a66yqkd","time":1607875129,"event":{"mods":["2.2 Compatiblity","BaseMod","Colored Map","DeckTracker","Keyboard Shortcuts","Minty Spire (QoL Compilation)","Permanent Neow","Quick Restart","Relic Stats","StSLib","SuperFastMode"],"gold_per_floor":[118,43,55,69,69,104,115,115,139,190,190,215,215,233,233,233,233],"floor_reached":16,"playtime":421,"items_purged":["Strike_B"],"score":204,"play_id":"50d8241d-cad2-445f-b110-290e280fb7b2","local_time":"20201214005849","is_ascension_mode":true,"campfire_choices":[{"data":"Zap","floor":11,"key":"SMITH"},{"data":"Dualcast","floor":13,"key":"SMITH"},{"data":"Coolheaded","floor":15,"key":"SMITH"}],"circlet_count":0,"master_deck":["AscendersBane","Strike_B","Strike_B","Defend_B","Defend_B","Defend_B","Defend_B","Zap+1","Dualcast+1","Gash","FTL","Coolheaded+1","Hologram","Self Repair","Glacier","Lockon"],"relics":["Cracked Core","PreservedInsect","Golden Idol","Tiny Chest","Pen Nib"],"acts_visited":["Exordium"],"potions_floor_usage":[],"damage_taken":[{"damage":4.0,"enemies":"Small Slimes","floor":1.0,"turns":3.0},{"damage":7.0,"enemies":"Jaw Worm","floor":3.0,"turns":3.0},{"damage":8.0,"enemies":"2 Louse","floor":4.0,"turns":3.0},{"damage":45.0,"enemies":"3 Sentries","floor":6.0,"turns":17.0},{"damage":6.0,"enemies":"Exordium Wildlife","floor":7.0,"turns":3.0},{"damage":9,"enemies":"Lots of Slimes","floor":12,"turns":4},{"damage":0,"enemies":"Large Slime","floor":14,"turns":7},{"damage":29,"enemies":"Slime Boss","floor":16,"turns":4}],"seed_played":"-8674578035081947195","potions_obtained":[{"floor":3.0,"key":"Dexterity Potion"},{"floor":4.0,"key":"Swift Potion"},{"floor":6.0,"key":"Fruit Juice"},{"floor":14,"key":"Weak Potion"}],"is_trial":false,"path_per_floor":["M","$","M","M","?","E","M","?","T","T","R","M","R","M","R","B"],"character_chosen":"DEFECT","items_purchased":[],"campfire_rested":0,"item_purchase_floors":[],"current_hp_per_floor":[60,60,53,45,68,23,17,22,22,22,22,20,20,27,27,0,0],"gold":233,"neow_bonus":"REMOVE_CARD","is_daily":false,"chose_seed":false,"campfire_upgraded":3,"win_rate":0.0,"timestamp":1607875129,"path_taken":["M","$","M","M","?","E","M","?","T","?","R","M","R","M","R","BOSS"],"items_purchased_type":[],"build_version":"2020-11-30","purchased_purges":1,"victory":false,"max_hp_per_floor":[71,71,71,71,71,71,71,69,69,69,69,69,69,69,69,69,69],"relic_stats":{"counters":[8,44],"Golden Idol":9,"Tiny Chest":0,"PreservedInsect":0,"Pen Nib":[2],"obtain_stats":[{"Golden Idol":8,"Tiny Chest":9,"PreservedInsect":6,"Pen Nib":10,"Cracked Core":0},{"Golden Idol":5,"Tiny Chest":5,"PreservedInsect":4,"Pen Nib":5,"Cracked Core":0},{"Golden Idol":29,"Tiny Chest":29,"PreservedInsect":26,"Pen Nib":29,"Cracked Core":0}]},"card_choices":[{"not_picked":["Coolheaded","Stack"],"picked":"Gash","floor":1.0},{"not_picked":["Turbo","Rip and Tear"],"picked":"FTL","floor":3.0},{"not_picked":["Leap","Conserve Battery"],"picked":"Coolheaded","floor":4.0},{"not_picked":["Steam","FTL"],"picked":"Hologram","floor":6.0},{"not_picked":["Sweeping Beam","Leap"],"picked":"Self Repair","floor":7.0},{"not_picked":["Gash","Barrage"],"picked":"Glacier","floor":12},{"not_picked":["Self Repair","Reprogram"],"picked":"Lockon","floor":14}],"player_experience":1451673,"relics_obtained":[{"floor":6.0,"key":"PreservedInsect"},{"floor":9,"key":"Tiny Chest"},{"floor":10,"key":"Pen Nib"}],"event_choices":[{"damage_healed":23.0,"max_hp_gain":0.0,"max_hp_loss":0.0,"gold_gain":0.0,"event_name":"Big Fish","player_choice":"Banana","floor":5.0,"gold_loss":0.0,"damage_taken":0.0},{"damage_healed":0.0,"max_hp_gain":0.0,"max_hp_loss":7.0,"gold_gain":0.0,"event_name":"Golden Idol","player_choice":"Lose Max HP","floor":8.0,"gold_loss":0.0,"damage_taken":0.0,"relics_obtained":["Golden Idol"]}],"is_beta":false,"boss_relics":[],"items_purged_floors":[2],"is_endless":false,"potions_floor_spawned":[3,4,6,14],"killed_by":"Slime Boss","ascension_level":20}}