{"host":"apvnte8t1esriuig","time":1607864434,"event":{"mods":["2.2 Compatiblity","AchievementEnabler","BaseMod","Infinite Spire","Minty Spire (QoL Compilation)","Rare Cards Sparkle","StSLib"],"gold_per_floor":[156,156,195,264,276,375,432,444,508,568,580,682,799,838,850,1087,1099,1153,1165,1177,1189,1201,1213,1225,1330,1368,1380,1380],"floor_reached":27,"playtime":915,"items_purged":[],"score":569,"play_id":"25059ceb-e712-4fc3-9fd9-258c496623cc","local_time":"20201213140034","daily_mods":["Draft","Vintage","Colorless Cards","Heirloom","Time Dilation","Flight","DeadlyEvents","Elite Swarm","Midas"],"is_ascension_mode":true,"campfire_choices":[{"floor":8,"key":"REST"},{"floor":11,"key":"REST"},{"floor":15,"key":"REST"},{"floor":23,"key":"REST"}],"circlet_count":0,"master_deck":["Demon Form","Echo Form","DevaForm+1","AscendersBane","Ball Lightning","Loop","Capacitor","Jack Of All Trades","Leap","Cold Snap","Defragment","Turbo","White Noise","Sweeping Beam","Barrage","Cold Snap","Lockon","Dark Shackles","Dark Shackles","Buffer+1","Mayhem","Electrodynamics"],"relics":["Cracked Core","Calipers","infinitespire:Bottled Soul","MawBank","Boot","Tiny Chest","Girya","Bronze Scales","StrikeDummy","Ornamental Fan","CeramicFish","Regal Pillow","Black Star","Ancient Tea Set","Shovel","Shuriken","The Courier","Orichalcum","Centennial Puzzle"],"acts_visited":["Exordium","TheCity"],"potions_floor_usage":[13,16,27],"damage_taken":[{"damage":14,"enemies":"Small Slimes","floor":1,"turns":4},{"damage":12,"enemies":"infinitespire:Voidling","floor":3,"turns":3},{"damage":9,"enemies":"Jaw Worm","floor":4,"turns":4},{"damage":18,"enemies":"3 Sentries","floor":6,"turns":5},{"damage":18,"enemies":"Gremlin Gang","floor":7,"turns":5},{"damage":24,"enemies":"Exordium Wildlife","floor":10,"turns":3},{"damage":23,"enemies":"Gremlin Nob","floor":12,"turns":4},{"damage":37,"enemies":"3 Sentries","floor":13,"turns":8},{"damage":29,"enemies":"Hexaghost","floor":16,"turns":5},{"damage":12,"enemies":"3 Byrds","floor":18,"turns":2},{"damage":0,"enemies":"Nightmare","floor":25,"turns":7},{"damage":92,"enemies":"Slavers","floor":27,"turns":5}],"seed_played":"-8226186994141986745","potions_obtained":[{"floor":3,"key":"SpeedPotion"},{"floor":6,"key":"Swift Potion"},{"floor":13,"key":"DistilledChaos"}],"is_trial":true,"path_per_floor":["M","?","M","M","?","E","M","R","T","M","R","E","E","T","R","B",null,"M","$","$","AVR","?","R","T","NM","T","E"],"character_chosen":"DEFECT","items_purchased":[],"campfire_rested":4,"item_purchase_floors":[],"current_hp_per_floor":[50,50,38,29,81,63,45,69,69,45,69,46,9,9,48,19,66,54,54,54,54,54,81,81,81,81,0,0],"gold":1380,"neow_bonus":"","is_daily":false,"chose_seed":false,"campfire_upgraded":0,"win_rate":0.0,"timestamp":1607864434,"path_taken":["M","?","M","M","?","E","M","R","T","M","R","?","E","?","R","BOSS","M","$","$","AVR","?","R","?","NM","T","E"],"items_purchased_type":[],"build_version":"2020-11-30","purchased_purges":0,"victory":false,"max_hp_per_floor":[71,71,71,71,81,81,81,81,81,81,81,81,81,81,81,81,81,81,81,81,81,81,81,81,81,81,81,81],"card_choices":[{"not_picked":["Streamline","Jack Of All Trades"],"picked":"Ball Lightning","floor":0},{"not_picked":["Beam Cell","Auto Shields"],"picked":"Loop","floor":0},{"not_picked":["Barrage","Good Instincts"],"picked":"Capacitor","floor":0},{"not_picked":["Mind Blast","Deep Breath"],"picked":"Jack Of All Trades","floor":0},{"not_picked":["Aggregate","Tempest"],"picked":"Leap","floor":0},{"not_picked":["PanicButton","Consume"],"picked":"Cold Snap","floor":0},{"not_picked":["Madness","Redo"],"picked":"Defragment","floor":0},{"not_picked":["Deep Breath","Flash of Steel"],"picked":"Turbo","floor":0},{"not_picked":["Compile Driver","Enlightenment"],"picked":"White Noise","floor":0},{"not_picked":["Beam Cell","Coolheaded"],"picked":"Sweeping Beam","floor":0},{"not_picked":["Blind","Blizzard"],"picked":"Barrage","floor":0},{"not_picked":["Compile Driver","Steam"],"picked":"Cold Snap","floor":0},{"not_picked":["Gash","Melter"],"picked":"Lockon","floor":0},{"not_picked":["Swift Strike","Steam"],"picked":"Dark Shackles","floor":0},{"not_picked":["Madness","Flash of Steel"],"picked":"Dark Shackles","floor":0},{"not_picked":["Reboot","Violence","Magnetism"],"picked":"SKIP","floor":6},{"not_picked":["Seek","Fission"],"picked":"Buffer","floor":12},{"not_picked":["Magnetism","Core Surge"],"picked":"Mayhem","floor":13},{"not_picked":["Meteor Strike","All For One"],"picked":"Electrodynamics","floor":16},{"not_picked":["Chrysalis","The Bomb","Reboot"],"picked":"SKIP","floor":25},{"not_picked":["Chrysalis","The Bomb","Reboot"],"picked":"SKIP","floor":25}],"player_experience":306971,"relics_obtained":[{"floor":1,"key":"infinitespire:Bottled Soul"},{"floor":3,"key":"MawBank"},{"floor":4,"key":"Boot"},{"floor":6,"key":"Tiny Chest"},{"floor":7,"key":"Girya"},{"floor":9,"key":"Bronze Scales"},{"floor":10,"key":"StrikeDummy"},{"floor":12,"key":"Ornamental Fan"},{"floor":13,"key":"CeramicFish"},{"floor":14,"key":"Regal Pillow"},{"floor":18,"key":"Ancient Tea Set"},{"floor":24,"key":"Shuriken"},{"floor":25,"key":"The Courier"},{"floor":25,"key":"Orichalcum"},{"floor":26,"key":"Centennial Puzzle"}],"event_choices":[{"cards_removed":["Wraith Form v2"],"damage_healed":42,"gold_gain":0,"player_choice":"Offered Rare","damage_taken":0,"max_hp_gain":10,"max_hp_loss":0,"event_name":"Bonfire Elementals","floor":5,"gold_loss":0},{"damage_healed":0,"gold_gain":0,"player_choice":"Upgraded","damage_taken":0,"max_hp_gain":0,"max_hp_loss":0,"event_name":"Upgrade Shrine","floor":22,"gold_loss":0,"cards_upgraded":["Buffer"]}],"is_beta":false,"boss_relics":[{"not_picked":["Velvet Choker","SacredBark"],"picked":"Black Star"}],"items_purged_floors":[],"is_endless":true,"potions_floor_spawned":[3,6,12,13],"killed_by":"Slavers","ascension_level":20}}