{"host":"ya062ahhhuj9au1o","time":1607887898,"event":{"mods":["BaseMod","Better Third Choice","Filter the Spire","Hermit","Minty Spire (QoL Compilation)","Random Character Button","Robot Space Explorer","Somnambulant","StSLib","The Bug Knight","The Cursed","The Servant 0.9.4"],"gold_per_floor":[14,29,29,45,63,63,63,63,86,111,36,47,60,60,60,164,464,477,477,497,596,611,646,646,61,61,61,80,96,96,108,108,205,205,224,235,145,20,31,31,48,48,48,48,48],"floor_reached":44,"playtime":2764,"items_purged":["somnambulantmod: Defend_Somnambulant","somnambulantmod: Defend_Somnambulant","somnambulantmod: SomnambulantStrike+1"],"score":710,"play_id":"f10e6491-46b4-4152-b6da-e38ef3eb737c","local_time":"20201213143138","is_ascension_mode":true,"campfire_choices":[{"data":"somnambulantmod: QuickNap","floor":6.0,"key":"SMITH"},{"data":"somnambulantmod: OpeningUp","floor":8.0,"key":"SMITH"},{"data":"somnambulantmod: Withdraw","floor":15.0,"key":"SMITH"},{"data":"somnambulantmod: Pinch","floor":24.0,"key":"SMITH"},{"data":"somnambulantmod: RuthlessStudy","floor":30.0,"key":"SMITH"},{"data":"somnambulantmod: Inspiration","floor":32.0,"key":"SMITH"},{"data":"somnambulantmod: Amnausea","floor":40.0,"key":"SMITH"},{"data":"somnambulantmod: Refracture","floor":42.0,"key":"SMITH"}],"circlet_count":0,"master_deck":["somnambulantmod: SomnambulantStrike+1","somnambulantmod: SomnambulantStrike+1","somnambulantmod: QuickNap+1","somnambulantmod: PrimingPunch+1","somnambulantmod: Pinch+1","somnambulantmod: PillowFort","somnambulantmod: OpeningUp+1","somnambulantmod: HappyThoughts","somnambulantmod: LeechFears+1","somnambulantmod: Withdraw+1","somnambulantmod: Blink","somnambulantmod: HorrificThought","somnambulantmod: Inspiration+1","CurseOfTheBell","somnambulantmod: Hush","somnambulantmod: Bruise+1","somnambulantmod: LightSleeper","somnambulantmod: OpeningUp+1","Flash of Steel+1","somnambulantmod: RuthlessStudy+1","somnambulantmod: Amnausea+1","somnambulantmod: Pinch+1","somnambulantmod: Stimulus+1","somnambulantmod: Refracture+1"],"relics":["somnambulantmod: DreamJournal","Gremlin Horn","Akabeko","Pocketwatch","Calling Bell","Centennial Puzzle","somnambulantmod: MemoirOfAnother","Old Coin","MealTicket","Molten Egg 2","Unceasing Top","Empty Cage","HollowMod:LifeEnderRelic"],"acts_visited":["Exordium","TheCity","TheBeyond"],"potions_floor_usage":[],"damage_taken":[{"damage":3.0,"enemies":"2 Louse","floor":1.0,"turns":4.0},{"damage":1.0,"enemies":"Cultist","floor":2.0,"turns":3.0},{"damage":0.0,"enemies":"Jaw Worm","floor":4.0,"turns":3.0},{"damage":19.0,"enemies":"Exordium Thugs","floor":5.0,"turns":5.0},{"damage":0.0,"enemies":"Gremlin Nob","floor":10.0,"turns":2.0},{"damage":0.0,"enemies":"Blue Slaver","floor":12.0,"turns":3.0},{"damage":0.0,"enemies":"Looter","floor":13.0,"turns":1.0},{"damage":11.0,"enemies":"Slime Boss","floor":16.0,"turns":12.0},{"damage":0.0,"enemies":"Spheric Guardian","floor":18.0,"turns":3.0},{"damage":0.0,"enemies":"Shelled Parasite and Fungi","floor":20.0,"turns":7.0},{"damage":18.0,"enemies":"Snake Plant","floor":22.0,"turns":4.0},{"damage":4.0,"enemies":"HollowMod:Nosk","floor":23.0,"turns":10.0},{"damage":6.0,"enemies":"Centurion and Healer","floor":28.0,"turns":5.0},{"damage":13.0,"enemies":"Sentry and Sphere","floor":29.0,"turns":5.0},{"damage":0.0,"enemies":"Snecko","floor":31.0,"turns":4.0},{"damage":0.0,"enemies":"Collector","floor":33.0,"turns":8.0},{"damage":0.0,"enemies":"3 Darklings","floor":35.0,"turns":3.0},{"damage":4.0,"enemies":"Orb Walker","floor":36.0,"turns":4.0},{"damage":26.0,"enemies":"3 Darklings","floor":39.0,"turns":3.0},{"damage":12.0,"enemies":"Transient","floor":41.0,"turns":5.0},{"damage":18,"enemies":"Writhing Mass","floor":44,"turns":2}],"seed_played":"-5987669277903186352","potions_obtained":[{"floor":1.0,"key":"GamblersBrew"},{"floor":2.0,"key":"Energy Potion"},{"floor":10.0,"key":"Explosive Potion"},{"floor":12.0,"key":"DistilledChaos"},{"floor":13.0,"key":"Strength Potion"},{"floor":20.0,"key":"Explosive Potion"},{"floor":29.0,"key":"PowerPotion"}],"is_trial":false,"path_per_floor":["M","M","?","M","M","R","T","R","T","E","$","M","M","$","R","B",null,"M","?","M","?","M","E","R","$","T","?","M","M","R","M","R","B",null,"M","M","?","$","M","R","M","R","T","M"],"character_chosen":"THE_SOMNAMBULANT","items_purchased":["Molten Egg 2","somnambulantmod: LightSleeper","somnambulantmod: OpeningUp+1","Flash of Steel+1"],"campfire_rested":0,"item_purchase_floors":[25,25,25,25],"current_hp_per_floor":[60,59,59,59,40,40,40,40,40,40,40,40,40,40,40,29,60,60,60,60,60,42,38,38,53,53,53,47,34,34,34,34,34,61,61,57,57,70,44,44,32,32,32,14,14],"gold":48,"neow_bonus":"TRANSFORM_TWO_CARDS","is_daily":false,"chose_seed":false,"campfire_upgraded":8,"win_rate":0.0,"timestamp":1607887898,"path_taken":["M","M","?","?","?","R","?","R","T","E","$","M","M","$","R","BOSS","M","?","M","?","M","E","R","$","T","?","M","M","R","M","R","BOSS","M","M","?","$","M","R","?","R","T","M"],"items_purchased_type":["Relic","Card","Card","Card"],"build_version":"2020-11-30","purchased_purges":3,"victory":false,"max_hp_per_floor":[70,70,70,70,70,70,70,70,70,70,70,70,70,70,70,70,70,70,70,70,70,70,70,70,70,70,70,70,70,70,70,70,70,70,70,70,70,70,70,70,70,70,70,70,70],"card_choices":[{"not_picked":["somnambulantmod: Trauma","somnambulantmod: NightmareFuel"],"picked":"somnambulantmod: OpeningUp","floor":1.0},{"not_picked":["somnambulantmod: Repression","somnambulantmod: HeadSmack"],"picked":"somnambulantmod: HappyThoughts","floor":2.0},{"not_picked":["somnambulantmod: Unmake","somnambulantmod: SickeningSwathe"],"picked":"somnambulantmod: LeechFears","floor":4.0},{"not_picked":["somnambulantmod: Cower","somnambulantmod: SickeningSwathe","somnambulantmod: Unmake"],"picked":"SKIP","floor":5.0},{"not_picked":["somnambulantmod: Stumble","somnambulantmod: Harden"],"picked":"somnambulantmod: Withdraw","floor":10.0},{"not_picked":["somnambulantmod: Repression","somnambulantmod: InLimbo"],"picked":"somnambulantmod: Blink","floor":12.0},{"not_picked":["somnambulantmod: HeadSmack","somnambulantmod: Cower"],"picked":"somnambulantmod: HorrificThought","floor":13.0},{"not_picked":["somnambulantmod: Narcolepsy","somnambulantmod: Ignorance"],"picked":"somnambulantmod: Inspiration","floor":16.0},{"not_picked":["somnambulantmod: Blink","somnambulantmod: ShimmeringVeil","somnambulantmod: Stumble"],"picked":"SKIP","floor":18.0},{"not_picked":["somnambulantmod: BadIdea+1","somnambulantmod: LeechFears+1"],"picked":"somnambulantmod: Hush","floor":20.0},{"not_picked":["somnambulantmod: Blink+1","somnambulantmod: Trauma","somnambulantmod: RacingThoughts"],"picked":"SKIP","floor":22.0},{"not_picked":["somnambulantmod: MindWave","somnambulantmod: SnuggleUp"],"picked":"somnambulantmod: Bruise+1","floor":23.0},{"not_picked":["somnambulantmod: HeavyLids+1","somnambulantmod: Unmake+1"],"picked":"somnambulantmod: RuthlessStudy","floor":28.0},{"not_picked":["somnambulantmod: ViralIdea+1","somnambulantmod: BadIdea+1","somnambulantmod: HeavyLids+1"],"picked":"SKIP","floor":29.0},{"not_picked":["somnambulantmod: Nosebleed","somnambulantmod: Cower+1","somnambulantmod: NightmareFuel+1"],"picked":"SKIP","floor":31.0},{"not_picked":["somnambulantmod: Lucidity","somnambulantmod: Inspiration"],"picked":"somnambulantmod: Amnausea","floor":33.0},{"not_picked":["somnambulantmod: Bruise+1","somnambulantmod: Blink+1"],"picked":"somnambulantmod: Pinch+1","floor":35.0},{"not_picked":["somnambulantmod: MindWave+1","somnambulantmod: Sleepyhead"],"picked":"somnambulantmod: Stimulus+1","floor":36.0},{"not_picked":["somnambulantmod: BrainFeeder","somnambulantmod: HeavyLids","somnambulantmod: SickeningSwathe+1"],"picked":"SKIP","floor":39.0},{"not_picked":["somnambulantmod: LeechFears","somnambulantmod: InLimbo+1"],"picked":"somnambulantmod: Refracture","floor":41.0}],"player_experience":1609282,"relics_obtained":[{"floor":7.0,"key":"Gremlin Horn"},{"floor":9.0,"key":"Akabeko"},{"floor":10.0,"key":"Pocketwatch"},{"floor":17.0,"key":"Centennial Puzzle"},{"floor":17.0,"key":"somnambulantmod: MemoirOfAnother"},{"floor":17.0,"key":"Old Coin"},{"floor":23.0,"key":"MealTicket"},{"floor":26.0,"key":"Unceasing Top"},{"floor":43.0,"key":"HollowMod:LifeEnderRelic"}],"event_choices":[{"damage_healed":0.0,"max_hp_gain":0.0,"max_hp_loss":0.0,"gold_gain":0.0,"event_name":"Accursed Blacksmith","player_choice":"Forge","floor":3.0,"gold_loss":0.0,"damage_taken":0.0,"cards_upgraded":["somnambulantmod: PrimingPunch"]},{"damage_healed":0.0,"max_hp_gain":0.0,"max_hp_loss":0.0,"gold_gain":0.0,"event_name":"Ghosts","player_choice":"Ignored","floor":19.0,"gold_loss":0.0,"damage_taken":0.0},{"damage_healed":0.0,"max_hp_gain":0.0,"max_hp_loss":0.0,"gold_gain":99.0,"event_name":"betterThird:BetterNest","player_choice":"Steal","floor":21.0,"gold_loss":0.0,"damage_taken":0.0},{"damage_healed":0.0,"max_hp_gain":0.0,"max_hp_loss":6.0,"gold_gain":0.0,"event_name":"betterThird:BetterWriting","player_choice":"Simplicity","floor":27.0,"gold_loss":0.0,"damage_taken":0.0},{"cards_removed":["somnambulantmod: Defend_Somnambulant"],"damage_healed":0.0,"max_hp_gain":0.0,"max_hp_loss":0.0,"gold_gain":0.0,"event_name":"Designer","player_choice":"Upgrade and Remove","floor":37.0,"gold_loss":90.0,"damage_taken":0.0,"cards_upgraded":["somnambulantmod: LeechFears"]}],"is_beta":false,"boss_relics":[{"not_picked":["Tiny House","Runic Pyramid"],"picked":"Calling Bell"},{"not_picked":["Cursed Key","Velvet Choker"],"picked":"Empty Cage"}],"items_purged_floors":[11,25,38],"is_endless":false,"potions_floor_spawned":[1,2,10,12,13,16,20,29,41],"killed_by":"Writhing Mass","ascension_level":8}}