{"host":"mi0eibewekhugwl1","time":1607871745,"event":{"mods":["AchievementEnabler","BaseMod","Colored Map","Colored Powertips","DeckTracker","Keyboard Shortcuts","Minty Spire (QoL Compilation)","Quick Restart","Rare Cards Sparkle","Relic Stats","StSLib","SuperFastMode","everything is the same but u backflip on backflip"],"gold_per_floor":[114,128,53,328,345,374,449,85,85,85,135,153,153,217,217,217,217],"floor_reached":16,"playtime":297,"items_purged":["Regret"],"score":204,"play_id":"526cc70f-7a13-4636-9f32-bdbeccee4947","local_time":"20201214000225","is_ascension_mode":true,"campfire_choices":[{"floor":10,"key":"REST"},{"data":"HandOfGreed","floor":13,"key":"SMITH"},{"data":"Eruption","floor":15,"key":"SMITH"}],"circlet_count":0,"master_deck":["AscendersBane","Strike_P","Strike_P","Strike_P","Strike_P","Defend_P","Defend_P","Defend_P","Eruption+1","Vigilance","FlurryOfBlows","EmptyBody","Scrawl","HandOfGreed+1","FollowUp","FearNoEvil"],"relics":["PureWater","NeowsBlessing","WingedGreaves","Ice Cream"],"acts_visited":["Exordium"],"potions_floor_usage":[6,11,16,16],"damage_taken":[{"damage":0,"enemies":"Cultist","floor":1,"turns":1},{"damage":0,"enemies":"Small Slimes","floor":2,"turns":1},{"damage":0,"enemies":"Jaw Worm","floor":5,"turns":1},{"damage":37,"enemies":"Lagavulin","floor":6,"turns":4},{"damage":8,"enemies":"Lots of Slimes","floor":11,"turns":6},{"damage":0,"enemies":"Looter","floor":12,"turns":2},{"damage":0,"enemies":"Large Slime","floor":14,"turns":4},{"damage":22,"enemies":"Hexaghost","floor":16,"turns":6}],"seed_played":"-1022724870945455564","potions_obtained":[{"floor":1,"key":"GamblersBrew"},{"floor":5,"key":"BlessingOfTheForge"},{"floor":11,"key":"PowerPotion"},{"floor":12,"key":"EssenceOfSteel"}],"is_trial":false,"path_per_floor":["M","M","?","?","M","E","?","$","T","R","M","M","R","M","R","B"],"character_chosen":"WATCHER","items_purchased":["Scrawl","HandOfGreed"],"campfire_rested":1,"item_purchase_floors":[8,8],"current_hp_per_floor":[61,61,61,61,61,24,13,13,13,33,25,25,25,25,25,3,3],"gold":217,"neow_bonus":"THREE_ENEMY_KILL","is_daily":false,"chose_seed":false,"campfire_upgraded":2,"win_rate":0.0,"timestamp":1607871745,"path_taken":["M","?","?","?","?","E","?","$","T","R","M","M","R","M","R","BOSS"],"items_purchased_type":["Card","Card"],"build_version":"2020-11-30","purchased_purges":1,"victory":false,"max_hp_per_floor":[68,68,68,68,68,68,68,68,68,68,68,68,68,68,68,68,68],"relic_stats":{"counters":[8,25],"obtain_stats":[{"Ice Cream":9,"NeowsBlessing":0,"WingedGreaves":6,"PureWater":0},{"Ice Cream":4,"NeowsBlessing":0,"WingedGreaves":4,"PureWater":0},{"Ice Cream":7,"NeowsBlessing":0,"WingedGreaves":7,"PureWater":0}]},"card_choices":[{"not_picked":["BowlingBash","CutThroughFate"],"picked":"FlurryOfBlows","floor":1},{"not_picked":["WreathOfFlame","Crescendo"],"picked":"EmptyBody","floor":2},{"not_picked":["SandsOfTime","CutThroughFate","SashWhip"],"picked":"SKIP","floor":5},{"not_picked":["FlyingSleeves","Vengeance","ClearTheMind"],"picked":"SKIP","floor":6},{"not_picked":["Prostrate","InnerPeace"],"picked":"FollowUp","floor":11},{"not_picked":["InnerPeace","Crescendo"],"picked":"FearNoEvil","floor":12},{"not_picked":["Weave","InnerPeace","JustLucky"],"picked":"SKIP","floor":14}],"player_experience":1662675,"relics_obtained":[{"floor":6,"key":"WingedGreaves"},{"floor":9,"key":"Ice Cream"}],"event_choices":[{"cards_removed":["Defend_P"],"damage_healed":0,"gold_gain":0,"player_choice":"Card Removal","damage_taken":0,"max_hp_gain":0,"max_hp_loss":0,"event_name":"The Cleric","floor":3,"gold_loss":75},{"damage_healed":0,"gold_gain":275,"player_choice":"Desecrate","damage_taken":0,"max_hp_gain":0,"max_hp_loss":0,"event_name":"Golden Shrine","floor":4,"gold_loss":0,"cards_obtained":["Regret"]},{"damage_healed":0,"gold_gain":75,"player_choice":"Gather Gold","damage_taken":11,"max_hp_gain":0,"max_hp_loss":0,"event_name":"World of Goop","floor":7,"gold_loss":0}],"is_beta":false,"boss_relics":[],"items_purged_floors":[8],"is_endless":false,"potions_floor_spawned":[1,5,11,12],"killed_by":"Hexaghost","ascension_level":20}}