{"host":"m1ntkrf87179kmo6","time":1607878148,"event":{"mods":["BaseMod","Better Third Choice","Minty Spire (QoL Compilation)","Shade Mod","StSLib"],"gold_per_floor":[118,93,112,75,75,75,88,88,88,131,131,147,178,198,198,328,328,341,360,57,57,78,78,103,103,127,150,75,93,113,138,138,259,259,283,131,155,155,155,155,198,223,247,310,310,323,344,363,363,363,363,363,12,45,45,45],"floor_reached":55,"playtime":4781,"items_purged":["Injury"],"score":738,"play_id":"539b73aa-c76a-40b4-9da0-9fc0cfc1ee00","local_time":"20201213114908","is_ascension_mode":false,"campfire_choices":[{"floor":6,"key":"RECALL"},{"data":"Shade:ExtraLimbs","floor":8,"key":"SMITH"},{"floor":15,"key":"REST"},{"floor":23,"key":"REST"},{"data":"Shade:Brains","floor":25,"key":"SMITH"},{"data":"Shade:AnimateDead","floor":32,"key":"SMITH"},{"data":"Shade:TouchOfTheGrave","floor":40,"key":"SMITH"},{"floor":49,"key":"REST"},{"data":"Shade:ExtraLimbs","floor":52,"key":"SMITH"}],"circlet_count":0,"master_deck":["Shade:Strike_Shade","Shade:Strike_Shade","Shade:Strike_Shade","Shade:Defend_Shade+1","Shade:Defend_Shade","Shade:Defend_Shade","Shade:Defend_Shade+1","Shade:AnimateDead+1","Shade:CarefulCut","Shade:AncientSpear","Shade:ExtraLimbs+1","Shade:ClawBack","Shade:ScuttlingHand","Shade:Brains+1","Shade:ScuttlingHand","Shade:Brains+1","Shade:TouchOfTheGrave+1","Shade:FuneraryJewels","Shade:ClawBack+1","Writhe","Shade:ExtraLimbs+1","Shade:FuneraryArmor+1","Shade:OpenGraves+1","Shade:FuneraryArmor+1"],"relics":["Shade:YorickSkull","Golden Idol","Shuriken","White Beast Statue","CultistMask","Kunai","Black Star","Juzu Bracelet","Toy Ornithopter","CaptainsWheel","Busted Crown","The Courier","Boot","Peace Pipe","Sling","Ginger","Turnip","War Paint"],"acts_visited":["Exordium","TheCity","TheBeyond","TheEnding"],"potions_floor_usage":[10,13,16,22,24,30,31,33,33,41,42,42,42,46,48,48,50,50,55],"damage_taken":[{"damage":0,"enemies":"Cultist","floor":1,"turns":3},{"damage":0,"enemies":"2 Louse","floor":3,"turns":2},{"damage":2,"enemies":"Jaw Worm","floor":7,"turns":2},{"damage":0,"enemies":"Gremlin Nob","floor":10,"turns":3},{"damage":0,"enemies":"Exordium Wildlife","floor":12,"turns":2},{"damage":18,"enemies":"Lagavulin","floor":13,"turns":4},{"damage":2,"enemies":"Looter","floor":14,"turns":2},{"damage":22,"enemies":"Hexaghost","floor":16,"turns":5},{"damage":10,"enemies":"Shell Parasite","floor":18,"turns":5},{"damage":3,"enemies":"3 Byrds","floor":19,"turns":4},{"damage":0,"enemies":"Cultist and Chosen","floor":22,"turns":4},{"damage":0,"enemies":"Snecko","floor":24,"turns":4},{"damage":0,"enemies":"3 Cultists","floor":27,"turns":5},{"damage":0,"enemies":"Centurion and Healer","floor":29,"turns":6},{"damage":0,"enemies":"Shelled Parasite and Fungi","floor":30,"turns":4},{"damage":0,"enemies":"3 Cultists","floor":31,"turns":5},{"damage":0,"enemies":"Collector","floor":33,"turns":8},{"damage":0,"enemies":"Orb Walker","floor":35,"turns":3},{"damage":21,"enemies":"3 Darklings","floor":37,"turns":5},{"damage":44,"enemies":"Reptomancer","floor":41,"turns":7},{"damage":2,"enemies":"Transient","floor":42,"turns":5},{"damage":0,"enemies":"Mind Bloom Boss Battle","floor":44,"turns":3},{"damage":8,"enemies":"Jaw Worm Horde","floor":46,"turns":3},{"damage":3,"enemies":"Writhing Mass","floor":47,"turns":6},{"damage":1,"enemies":"Spire Growth","floor":48,"turns":3},{"damage":31,"enemies":"Donu and Deca","floor":50,"turns":6},{"damage":59,"enemies":"Shield and Spear","floor":54,"turns":5},{"damage":45,"enemies":"The Heart","floor":55,"turns":2}],"seed_played":"-6336039750552262137","potions_obtained":[{"floor":0,"key":"SpeedPotion"},{"floor":0,"key":"SkillPotion"},{"floor":0,"key":"Ancient Potion"},{"floor":3,"key":"Block Potion"},{"floor":10,"key":"Energy Potion"},{"floor":13,"key":"DistilledChaos"},{"floor":14,"key":"Block Potion"},{"floor":16,"key":"SpeedPotion"},{"floor":19,"key":"AttackPotion"},{"floor":22,"key":"Regen Potion"},{"floor":24,"key":"DuplicationPotion"},{"floor":30,"key":"Explosive Potion"},{"floor":31,"key":"SkillPotion"},{"floor":33,"key":"Swift Potion"},{"floor":35,"key":"Dexterity Potion"},{"floor":37,"key":"EssenceOfSteel"},{"floor":41,"key":"SpeedPotion"},{"floor":42,"key":"Weak Potion"},{"floor":44,"key":"Fire Potion"},{"floor":46,"key":"AttackPotion"},{"floor":47,"key":"CultistPotion"},{"floor":48,"key":"DuplicationPotion"},{"floor":54,"key":"ColorlessPotion"}],"is_trial":false,"path_per_floor":["M","$","M","$","?","R","M","R","T","E","?","M","E","M","R","B",null,"M","M","$","T","M","R","M","R","T","M","$","M","M","M","R","B",null,"M","$","M","?","?","R","E","M","T","?","?","M","M","M","R","B",null,"R","$","E","B"],"character_chosen":"SHADE","items_purchased":["Shade:ExtraLimbs","Shade:ScuttlingHand","Juzu Bracelet","Toy Ornithopter","Shade:TouchOfTheGrave","Shade:FuneraryJewels","Sling","Ginger"],"campfire_rested":3,"item_purchase_floors":[2,4,20,20,36,36,53,53],"current_hp_per_floor":[65,65,65,65,65,65,63,63,63,63,63,63,45,43,62,40,65,55,52,52,52,57,65,65,65,65,65,65,65,65,65,65,65,65,65,65,44,60,60,60,21,49,49,49,49,46,43,52,65,34,65,65,65,6,0,0],"gold":45,"neow_bonus":"THREE_SMALL_POTIONS","is_daily":false,"chose_seed":false,"campfire_upgraded":5,"win_rate":0.0,"timestamp":1607878148,"path_taken":["M","$","M","$","?","R","M","R","T","E","?","M","E","M","R","BOSS","M","M","$","?","M","R","M","R","T","M","$","M","M","M","R","BOSS","M","$","M","?","?","R","E","M","T","?","?","M","M","M","R","BOSS","R","$","E","BOSS"],"items_purchased_type":["Card","Card","Relic","Relic","Card","Card","Relic","Relic"],"build_version":"2020-11-30","purchased_purges":1,"victory":false,"max_hp_per_floor":[65,65,65,65,65,65,65,65,65,65,65,65,65,65,65,65,65,65,65,65,65,65,65,65,65,65,65,65,65,65,65,65,65,65,65,65,65,65,65,65,65,65,65,65,65,65,65,65,65,65,65,65,65,65,65,65],"card_choices":[{"not_picked":["Shade:GraveStillness","Shade:Doomsay"],"picked":"Shade:AncientSpear","floor":1},{"not_picked":["Shade:Frenzy","Shade:Bonestorm"],"picked":"Shade:ClawBack","floor":3},{"not_picked":["Shade:SelfBurial","Shade:CoffinDance"],"picked":"Shade:Brains","floor":7},{"not_picked":["Shade:GraveStillness","Shade:CommandSoldier"],"picked":"Shade:ScuttlingHand","floor":10},{"not_picked":["Shade:Trample","Shade:BoneShards","Shade:Carnophage"],"picked":"SKIP","floor":12},{"not_picked":["Shade:SkeletonHug","Shade:SoulToxin","Shade:CoffinDance"],"picked":"SKIP","floor":13},{"not_picked":["Shade:AuraOfUnlife","Shade:Bonestorm","Shade:Trample"],"picked":"SKIP","floor":14},{"not_picked":["Shade:CallOfTheGrave","Shade:Bonestorm","Shade:SkeletonHug"],"picked":"SKIP","floor":18},{"not_picked":["Shade:CallWraith","Shade:SkeletonHug"],"picked":"Shade:Brains+1","floor":19},{"not_picked":["Shade:Carnophage+1","Shade:SkeletonArmy","Shade:Asphyxiate"],"picked":"SKIP","floor":22},{"not_picked":["Shade:SkeletonHug","Shade:Frenzy+1","Shade:ExtraLimbs"],"picked":"SKIP","floor":24},{"not_picked":["Shade:Asphyxiate","Shade:Bonestorm","Shade:FleshToFlesh+1"],"picked":"SKIP","floor":27},{"not_picked":["Shade:DangerousRitual+1","Shade:Brains","Shade:CommandSoldier"],"picked":"SKIP","floor":29},{"not_picked":["Shade:Haruspicy","Shade:UnbarTheGrave","Shade:FreshBones"],"picked":"SKIP","floor":30},{"not_picked":["Shade:StitchTogether+1","Shade:SpectralStrikes","Shade:CloudOfShrapnel"],"picked":"SKIP","floor":31},{"not_picked":["Shade:FleshOffering+1"],"picked":"SKIP","floor":35},{"not_picked":[],"picked":"Shade:ClawBack+1","floor":37},{"not_picked":["Shade:CloudOfShrapnel"],"picked":"SKIP","floor":41},{"not_picked":[],"picked":"Shade:ExtraLimbs","floor":42},{"not_picked":[],"picked":"Shade:FuneraryArmor+1","floor":46},{"not_picked":["Shade:BoneShards+1"],"picked":"SKIP","floor":47},{"not_picked":[],"picked":"Shade:OpenGraves+1","floor":48},{"not_picked":[],"picked":"Shade:FuneraryArmor+1","floor":54}],"player_experience":995804,"relics_obtained":[{"floor":9,"key":"Shuriken"},{"floor":10,"key":"White Beast Statue"},{"floor":13,"key":"Kunai"},{"floor":21,"key":"CaptainsWheel"},{"floor":41,"key":"The Courier"},{"floor":43,"key":"Boot"},{"floor":44,"key":"Peace Pipe"},{"floor":54,"key":"Turnip"},{"floor":54,"key":"War Paint"}],"event_choices":[{"damage_healed":0,"gold_gain":0,"player_choice":"Take Wound","damage_taken":0,"relics_obtained":["Golden Idol"],"max_hp_gain":0,"max_hp_loss":0,"event_name":"Golden Idol","floor":5,"gold_loss":0,"cards_obtained":["Injury"]},{"damage_healed":0,"gold_gain":0,"player_choice":"Trade","damage_taken":0,"relics_obtained":["CultistMask"],"max_hp_gain":0,"max_hp_loss":0,"event_name":"FaceTrader","floor":11,"gold_loss":0},{"damage_healed":16,"gold_gain":0,"player_choice":"Writhe","damage_taken":0,"max_hp_gain":0,"max_hp_loss":0,"event_name":"Winding Halls","floor":38,"gold_loss":0,"cards_obtained":["Writhe"]},{"damage_healed":0,"gold_gain":0,"player_choice":"Ignored","damage_taken":0,"max_hp_gain":0,"max_hp_loss":0,"event_name":"Mysterious Sphere","floor":39,"gold_loss":0},{"damage_healed":0,"gold_gain":0,"player_choice":"Fight","damage_taken":0,"max_hp_gain":0,"max_hp_loss":0,"event_name":"MindBloom","floor":44,"gold_loss":0},{"cards_removed":["Shade:Strike_Shade"],"damage_healed":0,"gold_gain":0,"player_choice":"Removed Attack","damage_taken":0,"max_hp_gain":0,"max_hp_loss":0,"event_name":"Falling","floor":45,"gold_loss":0}],"is_beta":false,"boss_relics":[{"not_picked":["Coffee Dripper","Snecko Eye"],"picked":"Black Star"},{"not_picked":["Sozu","Astrolabe"],"picked":"Busted Crown"}],"items_purged_floors":[28],"is_endless":false,"potions_floor_spawned":[3,10,12,13,14,16,18,19,22,24,27,29,30,31,33,35,37,41,42,44,46,47,48,54],"killed_by":"The Heart","ascension_level":0}}