{"host":"udzsrhbqdxqtlypj","time":1607898719,"event":{"mods":["BaseMod","Minty Spire (QoL Compilation)","Relic Stats"],"gold_per_floor":[16,26,26,101,117,157,157,195,195,195,218,218,234,234,234],"floor_reached":14,"playtime":529,"items_purged":[],"score":150,"play_id":"e27f9eb1-41d7-44f5-994f-e9e82aba6925","local_time":"20201213163159","is_ascension_mode":true,"campfire_choices":[{"floor":7.0,"key":"REST"},{"data":"Zap","floor":10.0,"key":"SMITH"},{"data":"Dualcast","floor":12.0,"key":"SMITH"}],"circlet_count":0,"master_deck":["AscendersBane","Strike_B","Strike_B","Strike_B","Strike_B","Defend_B","Defend_B","Defend_B","Defend_B","Zap+1","Dualcast+1","Streamline","All For One","Hologram","Steam","Cold Snap","Rebound","FTL"],"relics":["Cracked Core","StoneCalendar","Golden Idol","StrikeDummy","Question Card","Mercury Hourglass"],"acts_visited":["Exordium"],"potions_floor_usage":[],"damage_taken":[{"damage":3.0,"enemies":"Small Slimes","floor":1.0,"turns":4.0},{"damage":1.0,"enemies":"Cultist","floor":2.0,"turns":3.0},{"damage":7.0,"enemies":"2 Louse","floor":5.0,"turns":2.0},{"damage":35.0,"enemies":"3 Sentries","floor":6.0,"turns":7.0},{"damage":10.0,"enemies":"Gremlin Nob","floor":8.0,"turns":4.0},{"damage":6.0,"enemies":"Looter","floor":11.0,"turns":2.0},{"damage":15.0,"enemies":"Gremlin Gang","floor":13.0,"turns":4.0},{"damage":20,"enemies":"Lagavulin","floor":14,"turns":4}],"seed_played":"-4179614512614464042","potions_obtained":[{"floor":2.0,"key":"PowerPotion"},{"floor":6.0,"key":"Block Potion"}],"is_trial":false,"path_per_floor":["M","M","?","?","M","E","R","E","T","R","M","R","M","E"],"character_chosen":"DEFECT","items_purchased":[],"campfire_rested":1,"item_purchase_floors":[],"current_hp_per_floor":[65,64,64,58,51,16,36,26,26,26,20,20,5,0,0],"gold":234,"neow_bonus":"ONE_RARE_RELIC","is_daily":false,"chose_seed":false,"campfire_upgraded":2,"win_rate":0.0,"timestamp":1607898719,"path_taken":["M","M","?","?","M","E","R","E","T","R","?","R","M","E"],"items_purchased_type":[],"build_version":"2020-11-30","purchased_purges":0,"victory":false,"max_hp_per_floor":[75,75,69,69,69,69,69,69,69,69,69,69,69,69,69],"relic_stats":{"counters":[8,29],"Golden Idol":27,"StoneCalendar":[5],"Question Card":2,"obtain_stats":[{"Golden Idol":3,"StoneCalendar":0,"Cracked Core":0,"StrikeDummy":6,"Question Card":8,"Mercury Hourglass":9},{"Golden Idol":2,"StoneCalendar":0,"Cracked Core":0,"StrikeDummy":4,"Question Card":5,"Mercury Hourglass":5},{"Golden Idol":7,"StoneCalendar":0,"Cracked Core":0,"StrikeDummy":16,"Question Card":20,"Mercury Hourglass":20}],"Mercury Hourglass":[31]},"card_choices":[{"not_picked":["Stack","Compile Driver"],"picked":"Streamline","floor":1.0},{"not_picked":["Redo","Leap"],"picked":"All For One","floor":2.0},{"not_picked":["Chaos","Rebound"],"picked":"Hologram","floor":5.0},{"not_picked":["Go for the Eyes","Stack"],"picked":"Steam","floor":6.0},{"not_picked":["Amplify","Static Discharge"],"picked":"Cold Snap","floor":8.0},{"not_picked":["Consume","Redo","Darkness"],"picked":"Rebound","floor":11.0},{"not_picked":["Sweeping Beam","Static Discharge","Blizzard"],"picked":"FTL","floor":13.0}],"player_experience":2618002,"relics_obtained":[{"floor":6.0,"key":"StrikeDummy"},{"floor":8.0,"key":"Question Card"},{"floor":9.0,"key":"Mercury Hourglass"}],"event_choices":[{"damage_healed":0.0,"max_hp_gain":0.0,"max_hp_loss":6.0,"gold_gain":0.0,"event_name":"Golden Idol","player_choice":"Lose Max HP","floor":3.0,"gold_loss":0.0,"damage_taken":0.0,"relics_obtained":["Golden Idol"]},{"damage_healed":0.0,"max_hp_gain":0.0,"max_hp_loss":0.0,"gold_gain":75.0,"event_name":"FaceTrader","player_choice":"Touch","floor":4.0,"gold_loss":0.0,"damage_taken":6.0}],"is_beta":false,"boss_relics":[],"items_purged_floors":[],"is_endless":false,"potions_floor_spawned":[2,6],"killed_by":"Lagavulin","ascension_level":10}}