{"host":"sv2o2io561l6x04h","time":1607902560,"event":{"mods":["BaseMod","Bestiary","Better Altar","Better Match","Better Note","Better Sensory Stone","Colored Map","Conspire","Custom Start","DeckTracker","Highlight Path","Hubris","Minty Spire (QoL Compilation)","Replay The Spire","Shop Mod","StSLib","The Hierophant","The Necromancer","The Runesmith"],"gold_per_floor":[112,128,27,45,55,84,84,100,124,124,49,49,49,49,49,144,144,154,169,184,196,26,26,26,26],"floor_reached":24,"playtime":5359,"items_purged":["Runesmith:Strike_RS","Runesmith:CraftFirestone"],"score":248,"play_id":"6247130c-aa91-4274-a2ee-322812bd14b2","local_time":"20201213183600","is_ascension_mode":false,"campfire_choices":[{"data":"Runesmith:MetallurgicalResearch","floor":7,"key":"SMITH"},{"data":"Runesmith:CraftProtectio","floor":13,"key":"SMITH"},{"data":"Runesmith:Firestorm","floor":15,"key":"SMITH"},{"floor":23,"key":"RECALL"}],"circlet_count":0,"master_deck":["Runesmith:Strike_RS","Runesmith:Strike_RS","Runesmith:Strike_RS","Runesmith:Defend_RS","Runesmith:Defend_RS","Runesmith:Defend_RS","Runesmith:Fortify","Runesmith:Grindstone","Runesmith:GrandSlam","Runesmith:HammerThrow+1","Runesmith:Firestorm+1","Runesmith:Grindstone","Runesmith:PoweredAnvil","Runesmith:MetallurgicalResearch+1","Runesmith:CraftProtectio+1","Runesmith:CraftVitae","Runesmith:CraftMagma","Runesmith:Repurpose+1","Runesmith:Repurpose+1","Runesmith:Firestorm"],"relics":["Runesmith:BrokenRuby","NeowsBlessing","Gambling Chip","Runesmith:MiniCore","Philosopher\u0027s Stone"],"acts_visited":["Exordium","TheCity"],"potions_floor_usage":[5,6,19,20,21,24],"damage_taken":[{"damage":0,"enemies":"Cultist","floor":1,"turns":2},{"damage":0,"enemies":"Small Slimes","floor":2,"turns":1},{"damage":0,"enemies":"2 Louse","floor":4,"turns":1},{"damage":4,"enemies":"Gremlin Gang","floor":5,"turns":5},{"damage":35,"enemies":"3 Sentries","floor":6,"turns":9},{"damage":8,"enemies":"Blue Slaver","floor":8,"turns":4},{"damage":0,"enemies":"Slime Boss","floor":16,"turns":6},{"damage":0,"enemies":"Chosen","floor":18,"turns":5},{"damage":21,"enemies":"3 Byrds","floor":19,"turns":3},{"damage":3,"enemies":"Sentry and Sphere","floor":20,"turns":7},{"damage":8,"enemies":"Chosen and Byrds","floor":21,"turns":7},{"damage":44,"enemies":"Gremlin Leader","floor":24,"turns":2}],"seed_played":"2116639438533931915","potions_obtained":[{"floor":2,"key":"Strength Potion"},{"floor":4,"key":"Languid Potion"},{"floor":6,"key":"DistilledChaos"},{"floor":8,"key":"SteroidPotion"},{"floor":18,"key":"Adrenaline Potion"},{"floor":19,"key":"Toxic Potion"}],"is_trial":false,"path_per_floor":["M","M","$","M","M","E","R","M","T","?","$","?","R","?","R","B",null,"M","M","M","M","$","R","E"],"character_chosen":"RUNESMITH_CLASS","items_purchased":["Runesmith:HammerThrow+1","Runesmith:Firestorm","Runesmith:Firestorm"],"campfire_rested":0,"item_purchase_floors":[3,3,22],"current_hp_per_floor":[70,70,70,70,66,31,31,23,23,46,46,46,46,46,46,46,70,70,49,46,38,38,38,0,0],"gold":26,"neow_bonus":"THREE_ENEMY_KILL","is_daily":false,"chose_seed":false,"campfire_upgraded":3,"win_rate":0.0,"timestamp":1607902560,"path_taken":["M","?","$","M","M","E","R","M","T","?","$","?","R","?","R","BOSS","M","M","M","?","$","R","E"],"items_purchased_type":["Card","Card","Card"],"build_version":"2020-11-30","purchased_purges":2,"victory":false,"max_hp_per_floor":[70,70,70,70,70,70,70,70,70,70,70,70,70,70,70,70,70,70,70,70,70,70,70,70,70],"card_choices":[{"not_picked":["Runesmith:EarthShield","Runesmith:ChaoticBlast"],"picked":"Runesmith:Grindstone","floor":1},{"not_picked":["Runesmith:Malloc","Runesmith:Grindstone"],"picked":"Runesmith:GrandSlam","floor":2},{"not_picked":["Runesmith:ChiselStab","Runesmith:Reinforce"],"picked":"Runesmith:Grindstone","floor":4},{"not_picked":["Runesmith:MakeshiftArmor","Runesmith:NanitesCloud"],"picked":"Runesmith:PoweredAnvil","floor":5},{"not_picked":["Runesmith:Permafrost","Runesmith:ElementalConversion"],"picked":"Runesmith:MetallurgicalResearch","floor":6},{"not_picked":["Runesmith:ChargedHammer","Runesmith:FrozenChisel"],"picked":"Runesmith:CraftProtectio","floor":8},{"not_picked":["Runesmith:HammerThrow+1","Runesmith:Grindstone"],"picked":"Runesmith:CraftVitae","floor":18},{"not_picked":["Runesmith:Overpower+1","Runesmith:EarthShield"],"picked":"Runesmith:CraftMagma","floor":19},{"not_picked":["Runesmith:DoubleUp","Runesmith:StaticCage"],"picked":"Runesmith:Repurpose+1","floor":20},{"not_picked":["Runesmith:RuneHurl","Runesmith:BackupBattery"],"picked":"Runesmith:Repurpose+1","floor":21}],"player_experience":176959,"relics_obtained":[{"floor":6,"key":"Gambling Chip"},{"floor":9,"key":"Runesmith:MiniCore"}],"event_choices":[{"damage_healed":23,"gold_gain":0,"player_choice":"Banana","damage_taken":0,"max_hp_gain":0,"max_hp_loss":0,"event_name":"Big Fish","floor":10,"gold_loss":0},{"damage_healed":0,"gold_gain":0,"player_choice":"Ignored","damage_taken":0,"max_hp_gain":0,"max_hp_loss":0,"event_name":"Liars Game","floor":12,"gold_loss":0},{"cards_removed":["Runesmith:Defend_RS"],"damage_healed":0,"gold_gain":0,"player_choice":"Offered Basic","damage_taken":0,"max_hp_gain":0,"max_hp_loss":0,"event_name":"Bonfire Elementals","floor":14,"gold_loss":0}],"is_beta":false,"boss_relics":[{"not_picked":["Abe\u0027s Treasure","hubris:GrandSneckoEye"],"picked":"Philosopher\u0027s Stone"}],"items_purged_floors":[11,22],"is_endless":false,"potions_floor_spawned":[2,4,6,8,18,19],"killed_by":"Gremlin Leader","ascension_level":0}}