{"host":"tpbmol9dayg75a5s","time":1607884449,"event":{"mods":["2.2 Compatiblity","BaseMod","Bestiary","Block Reminder","Colored Powertips","Downfall","Minty Spire (QoL Compilation)","Relic Stats","StSLib"],"gold_per_floor":[99,99,99,99,99,132,205,223,73,99,118,132,132,145,157,262,262,262,294,294,244,244,244,244,10,10,45,45,60,26,26,40,144,144,69,95,108,135,147,147,147,195,195,242,271,53,73,92,92,92,92,132,101,101,101],"floor_reached":56,"playtime":5837,"items_purged":["Flash of Steel"],"score":1797,"play_id":"167a45ad-5aaa-45a3-b975-072ff2cd86c1","local_time":"20201213153409","is_ascension_mode":true,"campfire_choices":[{"floor":1,"key":"RECALL"},{"data":"sneckomod:MorePower","floor":9,"key":"SMITH"},{"data":"sneckomod:SnekBite","floor":18,"key":"SMITH"},{"data":"sneckomod:DangerNoodle","floor":20,"key":"SMITH"},{"data":"sneckomod:WideSting","floor":23,"key":"SMITH"},{"data":"sneckomod:PureSnecko","floor":26,"key":"SMITH"},{"data":"sneckomod:UnknownUncommonPower","floor":35,"key":"SMITH"},{"data":"sneckomod:SoulDraw","floor":40,"key":"SMITH"},{"data":"sneckomod:UnknownStrength","floor":54,"key":"SMITH"}],"circlet_count":0,"master_deck":["sneckomod:Strike","sneckomod:Strike","sneckomod:Defend","sneckomod:Defend","sneckomod:Defend","sneckomod:TailWhip","sneckomod:SnekBite+1","sneckomod:Unknown","sneckomod:Unknown","sneckomod:MorePower+1","sneckomod:UnknownBlock","sneckomod:SoulDraw+1","sneckomod:UnknownClassGUARDIAN","sneckomod:UnknownRareSkill+1","sneckomod:UnknownUncommonPower+1","sneckomod:UnknownClassTHE_CHAMP_GRAY+1","sneckomod:PureSnecko+1","sneckomod:UnknownClassHEXA_GHOST_PURPLE+1","sneckomod:UnknownStrength+1","sneckomod:Unknown0Cost+1","sneckomod:WideSting+1","sneckomod:UnknownUncommonPower","sneckomod:UnknownRarePower+1","sneckomod:DangerNoodle+1","sneckomod:UnknownVulnerable+1","sneckomod:DiceBlock","sneckomod:UnknownRarePower+1","sneckomod:QuickMove+1","sneckomod:UnknownUncommonPower+1","sneckomod:UnknownClassPURPLE+1","sneckomod:DiceBlock+1","J.A.X.","sneckomod:CheapStock+1","sneckomod:UnknownClassRED+1","sneckomod:UnlimitedRolls+1","sneckomod:Mudshield+1","sneckomod:UnknownRarePower+1","sneckomod:UnknownX+1","sneckomod:UnknownUncommonPower+1","sneckomod:UnlimitedRolls+1","sneckomod:UnknownEthereal+1","sneckomod:DiceCrush+1","sneckomod:UnknownColorless+1","sneckomod:SoulDraw+1","sneckomod:Unknown3Cost+1","hexamod:FirstSeal","sneckomod:UnknownVulnerable+1","sneckomod:ImprovisedAttack","sneckomod:UnknownWeak+1","sneckomod:UnknownClassBLUE+1","sneckomod:UnknownStrength+1","sneckomod:CheapStock+1"],"relics":["sneckomod:SneckoSoul","downfall:HeartsMalice","PreservedInsect","Smiling Mask","Matryoshka","downfall:HeartBlessingRed","downfall:HeartBlessingGreen","Pantograph","Snecko Eye","Frozen Egg 2","Blue Candle","Guardian:PocketSentry","Mummified Hand","sneckomod:CleanMud","Nilry\u0027s Codex","SacredBark","downfall:HeartBlessingBlue","Ancient Tea Set","Du-Vu Doll","CeramicFish","Happy Flower","Bottled Tornado","White Beast Statue","ClockworkSouvenir","Medical Kit","Pocketwatch"],"acts_visited":["Exordium","TheCity","TheBeyond","TheEnding"],"potions_floor_usage":[16,33,45,49,55,55,55],"damage_taken":[{"damage":0,"enemies":"Small Slimes","floor":4,"turns":1},{"damage":0,"enemies":"2 Louse","floor":5,"turns":1},{"damage":0,"enemies":"3 Sentries","floor":6,"turns":1},{"damage":0,"enemies":"Cultist","floor":8,"turns":4},{"damage":13,"enemies":"Lagavulin","floor":10,"turns":5},{"damage":40,"enemies":"Exordium Wildlife","floor":11,"turns":8},{"damage":18,"enemies":"Large Slime","floor":12,"turns":5},{"damage":0,"enemies":"3 Louse","floor":14,"turns":1},{"damage":14,"enemies":"Blue Slaver","floor":15,"turns":8},{"damage":24,"enemies":"downfall:Ironclad","floor":16,"turns":6},{"damage":24,"enemies":"Slavers","floor":19,"turns":5},{"damage":0,"enemies":"downfall:FleeingMerchant","floor":25,"turns":4},{"damage":3,"enemies":"Gremlin Leader","floor":27,"turns":5},{"damage":11,"enemies":"Spheric Guardian","floor":29,"turns":3},{"damage":5,"enemies":"downfall:FleeingMerchant","floor":30,"turns":3},{"damage":1,"enemies":"3 Byrds","floor":32,"turns":4},{"damage":29,"enemies":"downfall:Defect","floor":33,"turns":7},{"damage":6,"enemies":"Giant Head","floor":36,"turns":6},{"damage":14,"enemies":"Orb Walker","floor":37,"turns":5},{"damage":25,"enemies":"Nemesis","floor":38,"turns":5},{"damage":15,"enemies":"3 Darklings","floor":39,"turns":4},{"damage":51,"enemies":"Reptomancer","floor":42,"turns":4},{"damage":18,"enemies":"Nemesis","floor":44,"turns":7},{"damage":13,"enemies":"4 Shapes","floor":45,"turns":4},{"damage":6,"enemies":"Spire Growth","floor":47,"turns":3},{"damage":10,"enemies":"3 Darklings","floor":48,"turns":2},{"damage":0,"enemies":"Sphere and 2 Shapes","floor":49,"turns":1},{"damage":17,"enemies":"downfall:Silent","floor":50,"turns":8},{"damage":24,"enemies":"downfall:CharBossMerchant","floor":52,"turns":6},{"damage":14,"enemies":"downfall:NeowBoss","floor":55,"turns":17}],"seed_played":"-7648008672241668900","potions_obtained":[{"floor":6,"key":"Swift Potion"},{"floor":8,"key":"SpeedPotion"},{"floor":14,"key":"champ:CounterPotion"},{"floor":19,"key":"Strength Potion"},{"floor":37,"key":"Dexterity Potion"},{"floor":42,"key":"EssenceOfSteel"},{"floor":45,"key":"SmokeBomb"}],"is_trial":false,"path_per_floor":["R","?","?","M","M","E","T","M","R","E","M","M","?","M","M","B",null,"R","E","R","?","?","R","T","$","R","E","?","M","$","?","M","B",null,"R","E","M","E","M","R","T","E","?","E","M","$","M","M","M","B",null,"E","$","R","B",null],"character_chosen":"THE_SNECKO","items_purchased":["Guardian:PocketSentry","sneckomod:UnknownUncommonPower+1","sneckomod:CleanMud","ClockworkSouvenir","sneckomod:ImprovisedAttack","sneckomod:CheapStock+1"],"campfire_rested":0,"item_purchase_floors":[25,25,30,46,46,53],"current_hp_per_floor":[81,69,69,70,70,71,71,73,73,68,30,13,13,14,21,25,82,82,58,58,93,93,93,93,95,95,93,93,82,77,61,61,57,93,103,101,88,64,69,69,69,29,29,40,50,50,45,36,36,51,106,90,90,90,108],"gold":101,"neow_bonus":"THREE_ENEMY_KILL","is_daily":false,"chose_seed":false,"campfire_upgraded":8,"win_rate":0.0,"timestamp":1607884449,"path_taken":["R","?","?","?","M","E","T","M","R","E","M","M","?","M","M","BOSS","R","E","R","?","?","R","T","$","R","E","?","?","?","?","M","BOSS","R","E","M","E","M","R","T","E","?","E","M","$","M","M","M","BOSS","E","$","R","BOSS"],"items_purchased_type":["Relic","Card","Relic","Relic","Card","Card"],"build_version":"2020-11-30","purchased_purges":1,"victory":true,"max_hp_per_floor":[90,90,90,91,91,92,92,94,94,95,97,98,98,99,100,101,101,101,101,101,101,101,101,101,103,103,104,104,104,104,104,105,105,105,115,116,117,118,119,119,119,120,120,121,122,122,123,124,124,124,124,125,125,125,125],"relic_stats":{"Happy Flower":[17],"counters":[30,137],"Mummified Hand":[260],"Pantograph":100,"Blue Candle":[2],"CeramicFish":90,"Snecko Eye":[173,195,194,172],"PreservedInsect":623,"Smiling Mask":25,"Medical Kit":[0],"obtain_stats":[{"Nilry\u0027s Codex":31,"SacredBark":34,"CeramicFish":41,"downfall:HeartBlessingGreen":9,"sneckomod:CleanMud":30,"Bottled Tornado":42,"sneckomod:SneckoSoul":0,"Smiling Mask":6,"Ancient Tea Set":36,"ClockworkSouvenir":46,"Matryoshka":7,"Mummified Hand":27,"downfall:HeartBlessingBlue":35,"Pantograph":10,"downfall:HeartBlessingRed":9,"Happy Flower":41,"Blue Candle":24,"downfall:HeartsMalice":0,"PreservedInsect":2,"Guardian:PocketSentry":25,"Frozen Egg 2":19,"Medical Kit":52,"White Beast Statue":44,"Du-Vu Doll":38,"Snecko Eye":17,"Pocketwatch":52},{"Nilry\u0027s Codex":15,"SacredBark":17,"CeramicFish":21,"downfall:HeartBlessingGreen":4,"sneckomod:CleanMud":15,"Bottled Tornado":22,"sneckomod:SneckoSoul":0,"Smiling Mask":3,"Ancient Tea Set":18,"ClockworkSouvenir":24,"Matryoshka":3,"Mummified Hand":13,"downfall:HeartBlessingBlue":17,"Pantograph":5,"downfall:HeartBlessingRed":4,"Happy Flower":21,"Blue Candle":11,"downfall:HeartsMalice":0,"PreservedInsect":0,"Guardian:PocketSentry":12,"Frozen Egg 2":11,"Medical Kit":29,"White Beast Statue":23,"Du-Vu Doll":20,"Snecko Eye":10,"Pocketwatch":29},{"Nilry\u0027s Codex":56,"SacredBark":66,"CeramicFish":86,"downfall:HeartBlessingGreen":4,"sneckomod:CleanMud":56,"Bottled Tornado":90,"sneckomod:SneckoSoul":0,"Smiling Mask":0,"Ancient Tea Set":72,"ClockworkSouvenir":100,"Matryoshka":0,"Mummified Hand":51,"downfall:HeartBlessingBlue":66,"Pantograph":9,"downfall:HeartBlessingRed":4,"Happy Flower":86,"Blue Candle":42,"downfall:HeartsMalice":0,"PreservedInsect":0,"Guardian:PocketSentry":46,"Frozen Egg 2":42,"Medical Kit":120,"White Beast Statue":96,"Du-Vu Doll":82,"Snecko Eye":37,"Pocketwatch":120}],"Pocketwatch":[3]},"card_choices":[{"not_picked":["sneckomod:IronFang","sneckomod:TrashToTreasure"],"picked":"sneckomod:UnknownBlock","floor":4},{"not_picked":["sneckomod:Unknown1Cost","sneckomod:RainOfDice"],"picked":"sneckomod:SoulDraw","floor":5},{"not_picked":["sneckomod:UnknownX","sneckomod:DiceBlock"],"picked":"sneckomod:UnknownClassGUARDIAN","floor":6},{"not_picked":["sneckomod:UnknownClassRED+1","sneckomod:Unknown+1"],"picked":"sneckomod:UnknownRareSkill+1","floor":8},{"not_picked":["sneckomod:SoulRoll","sneckomod:SoulDraw"],"picked":"sneckomod:UnknownUncommonPower","floor":8},{"not_picked":["sneckomod:UnknownVulnerable+1","sneckomod:UnknownExhaust+1"],"picked":"sneckomod:UnknownClassTHE_CHAMP_GRAY+1","floor":10},{"not_picked":["sneckomod:UnknownClassPURPLE","sneckomod:UnknownWeak"],"picked":"sneckomod:PureSnecko","floor":10},{"not_picked":["sneckomod:Unknown1Cost+1","sneckomod:UnknownExhaust+1"],"picked":"sneckomod:UnknownClassHEXA_GHOST_PURPLE+1","floor":11},{"not_picked":["sneckomod:UnknownVulnerable","sneckomod:DiceBlock"],"picked":"sneckomod:UnknownStrength","floor":11},{"not_picked":["sneckomod:UnknownWeak+1","sneckomod:Unknown1Cost+1"],"picked":"sneckomod:Unknown0Cost+1","floor":12},{"not_picked":["sneckomod:UnknownStrike","sneckomod:Rotation"],"picked":"sneckomod:WideSting","floor":12},{"not_picked":["sneckomod:RainOfDice","sneckomod:DiceCrush"],"picked":"sneckomod:UnknownUncommonPower","floor":14},{"not_picked":["sneckomod:Unknown+1","sneckomod:UnknownExhaust+1"],"picked":"sneckomod:UnknownRarePower+1","floor":15},{"not_picked":["sneckomod:SoulDraw","sneckomod:WideSting","sneckomod:UnknownClassHEXA_GHOST_PURPLE"],"picked":"SKIP","floor":15},{"not_picked":["sneckomod:UnknownRarePower","sneckomod:Unknown3Cost"],"picked":"sneckomod:DangerNoodle","floor":16},{"not_picked":["sneckomod:UnknownClassTHE_CHAMP_GRAY+1","sneckomod:UnknownCommonSkill+1"],"picked":"sneckomod:UnknownVulnerable+1","floor":16},{"not_picked":["sneckomod:UnknownCommonSkill","sneckomod:UnknownClassBLUE"],"picked":"sneckomod:DiceBlock","floor":19},{"not_picked":["sneckomod:Unknown3Cost+1","sneckomod:UnknownUncommonPower+1"],"picked":"sneckomod:UnknownRarePower+1","floor":25},{"not_picked":["sneckomod:SoulRoll+1","sneckomod:Unknown1Cost"],"picked":"sneckomod:QuickMove+1","floor":25},{"not_picked":["sneckomod:Unknown1Cost+1","sneckomod:UnknownEthereal+1"],"picked":"sneckomod:UnknownClassPURPLE+1","floor":27},{"not_picked":["sneckomod:UnknownStrike","sneckomod:QuickMove+1"],"picked":"sneckomod:DiceBlock+1","floor":27},{"not_picked":["sneckomod:WideSting","sneckomod:PureSnecko+1","sneckomod:UnknownWeak+1"],"picked":"SKIP","floor":29},{"not_picked":["sneckomod:UnknownUncommonAttack","sneckomod:WideSting"],"picked":"sneckomod:CheapStock+1","floor":30},{"not_picked":["sneckomod:UnknownCommonAttack","sneckomod:UnknownBlock"],"picked":"sneckomod:UnknownClassRED+1","floor":32},{"not_picked":["sneckomod:Unknown1Cost","sneckomod:UnknownStrike+1","sneckomod:UnknownClassGREEN"],"picked":"SKIP","floor":32},{"not_picked":["sneckomod:Mudshield+1","sneckomod:GlitteringGambit"],"picked":"sneckomod:UnlimitedRolls+1","floor":33},{"not_picked":["sneckomod:Transmogrify","sneckomod:MorePower+1"],"picked":"sneckomod:Mudshield+1","floor":33},{"not_picked":["sneckomod:UnknownClassTHE_CHAMP_GRAY","sneckomod:RainOfDice+1"],"picked":"sneckomod:UnknownRarePower+1","floor":36},{"not_picked":["sneckomod:UnknownBlock+1","sneckomod:Unknown2Cost+1"],"picked":"sneckomod:UnknownX+1","floor":37},{"not_picked":["sneckomod:WideSting","sneckomod:QuickBite+1"],"picked":"sneckomod:SnakeSap","floor":37},{"not_picked":["sneckomod:UnknownClassPURPLE+1","sneckomod:UnknownClassRED+1"],"picked":"sneckomod:UnknownUncommonPower+1","floor":38},{"not_picked":["sneckomod:UnknownClassRED+1","sneckomod:UnknownCommonAttack+1"],"picked":"sneckomod:UnlimitedRolls+1","floor":38},{"not_picked":["sneckomod:UnknownClassGUARDIAN+1","sneckomod:UnknownCommonAttack+1"],"picked":"sneckomod:UnknownEthereal+1","floor":39},{"not_picked":["sneckomod:UnknownCommonAttack","sneckomod:Transmogrify"],"picked":"sneckomod:DiceCrush+1","floor":39},{"not_picked":["sneckomod:Unknown2Cost+1","sneckomod:UnknownExhaust+1"],"picked":"sneckomod:UnknownColorless+1","floor":42},{"not_picked":["sneckomod:UnknownCommonAttack+1","sneckomod:UnknownWeak"],"picked":"sneckomod:SoulDraw+1","floor":42},{"not_picked":["sneckomod:UnknownVulnerable+1","sneckomod:Unknown+1"],"picked":"sneckomod:Unknown3Cost+1","floor":44},{"not_picked":["hexamod:SecondSeal","hexamod:SixthSeal"],"picked":"hexamod:FirstSeal","floor":44},{"not_picked":["sneckomod:UnknownClassBLUE","sneckomod:Cheat","sneckomod:UnknownClassGUARDIAN"],"picked":"SKIP","floor":44},{"not_picked":["sneckomod:MixItUp","sneckomod:QuickMove"],"picked":"sneckomod:UnknownVulnerable+1","floor":45},{"not_picked":["sneckomod:UnknownUncommonSkill","sneckomod:DiceCrush+1"],"picked":"sneckomod:UnknownWeak+1","floor":47},{"not_picked":["sneckomod:RainOfDice","sneckomod:UnknownWeak+1"],"picked":"sneckomod:UnknownClassBLUE+1","floor":48},{"not_picked":["sneckomod:UnknownClassPURPLE+1","sneckomod:UnknownBlock+1"],"picked":"sneckomod:UnknownStrength+1","floor":52},{"not_picked":["sneckomod:WideSting","sneckomod:UnknownCommonAttack","sneckomod:DefensiveFlair"],"picked":"SKIP","floor":52}],"player_experience":929025,"relics_obtained":[{"floor":6,"key":"Smiling Mask"},{"floor":7,"key":"Matryoshka"},{"floor":10,"key":"Pantograph"},{"floor":19,"key":"Frozen Egg 2"},{"floor":24,"key":"Blue Candle"},{"floor":27,"key":"Mummified Hand"},{"floor":31,"key":"Nilry\u0027s Codex"},{"floor":36,"key":"Ancient Tea Set"},{"floor":38,"key":"Du-Vu Doll"},{"floor":41,"key":"CeramicFish"},{"floor":41,"key":"Happy Flower"},{"floor":42,"key":"Bottled Tornado"},{"floor":44,"key":"White Beast Statue"},{"floor":52,"key":"Medical Kit"},{"floor":52,"key":"Pocketwatch"}],"event_choices":[{"damage_healed":0,"gold_gain":0,"player_choice":"Success","damage_taken":12,"relics_obtained":["PreservedInsect"],"max_hp_gain":0,"max_hp_loss":0,"event_name":"Scrap Ooze","floor":2,"gold_loss":0},{"damage_healed":0,"gold_gain":0,"cards_transformed":["sneckomod:Strike"],"player_choice":"Transformed","damage_taken":0,"max_hp_gain":0,"max_hp_loss":0,"event_name":"Transmorgrifier","floor":3,"gold_loss":0,"cards_obtained":["sneckomod:MorePower"]},{"damage_healed":0,"gold_gain":0,"player_choice":"Ignored","damage_taken":0,"max_hp_gain":0,"max_hp_loss":0,"event_name":"Vampires","floor":22,"gold_loss":0},{"damage_healed":0,"gold_gain":0,"player_choice":"Obtain J.A.X.","damage_taken":0,"max_hp_gain":0,"max_hp_loss":0,"event_name":"Drug Dealer","floor":28,"gold_loss":0,"cards_obtained":["J.A.X."]},{"cards_removed":["sneckomod:SnakeSap"],"damage_healed":0,"gold_gain":0,"player_choice":"Removed Attack","damage_taken":0,"max_hp_gain":0,"max_hp_loss":0,"event_name":"Falling","floor":43,"gold_loss":0}],"is_beta":false,"boss_relics":[{"not_picked":["Ectoplasm","Tiny House"],"picked":"Snecko Eye"},{"not_picked":["expansioncontent:StudyCardRelic","Coffee Dripper"],"picked":"SacredBark"}],"items_purged_floors":[30],"is_endless":false,"potions_floor_spawned":[6,8,14,15,19,29,32,37,39,42,45,47,48,49],"ascension_level":6}}