{"host":"ul103bh19qas5vs8","time":1607848728,"event":{"mods":["BaseMod","Googly Eyes","Minty Spire (QoL Compilation)","Replay The Spire","Shop Mod","StSLib","[IsaacMod]ÒÔÈö¼âËþ"],"gold_per_floor":[114,131,131,306,321,354,354,379,405,437,437,468,66,100,100,200,200,200,200],"floor_reached":18,"playtime":743,"items_purged":["Strike_R","Doubt"],"score":274,"play_id":"6815a16b-1589-442d-814b-952f0bee5a00","local_time":"20201213163848","is_ascension_mode":true,"campfire_choices":[{"data":"Barricade","floor":7.0,"key":"SMITH"},{"data":"BloodyBrimstone","floor":11.0,"key":"SMITH"},{"data":"Battle Trance","floor":15.0,"key":"SMITH"}],"circlet_count":0,"master_deck":["Strike_R","Strike_R","Strike_R","Strike_R","Defend_R","Defend_R","Defend_R","Bash","BloodyBrimstone+1","Shrug It Off","Barricade+1","Evolve","Battle Trance+1","Feel No Pain","Offering","Feed","AbeCurse","HandOfGreed"],"relics":["Burning Blood","HushsDoor","MoneyPower","NeowsBlessing","Art of War","Bronze Scales","Potion Belt","BookofShadows","UnicornStump","SharpPlug","Lantern","Abe\u0027s Treasure"],"acts_visited":["Exordium","TheCity"],"potions_floor_usage":[16,16,16],"damage_taken":[{"damage":0.0,"enemies":"Cultist","floor":1.0,"turns":1.0},{"damage":0.0,"enemies":"2 Louse","floor":2.0,"turns":1.0},{"damage":0.0,"enemies":"Small Slimes","floor":5.0,"turns":1.0},{"damage":2.0,"enemies":"3 Sentries","floor":6.0,"turns":4.0},{"damage":36.0,"enemies":"Lagavulin","floor":8.0,"turns":9.0},{"damage":26.0,"enemies":"Replay:BlueRogue","floor":10.0,"turns":5.0},{"damage":2.0,"enemies":"3 Sentries","floor":12.0,"turns":3.0},{"damage":21.0,"enemies":"Gremlin Nob","floor":14.0,"turns":6.0},{"damage":15,"enemies":"Slime Boss","floor":16,"turns":15},{"damage":7,"enemies":"Shell Parasite","floor":18,"turns":2}],"seed_played":"7885898253616697943","potions_obtained":[{"floor":1.0,"key":"Energy Potion"},{"floor":2.0,"key":"Strength Potion"},{"floor":5.0,"key":"Explosive Potion"},{"floor":10.0,"key":"SteroidPotion"}],"is_trial":false,"path_per_floor":["M","M","?","?","M","E","R","E","T","E","R","E","$","E","R","B",null,"M"],"character_chosen":"IRONCLAD","items_purchased":["Feel No Pain","SharpPlug","HandOfGreed"],"campfire_rested":0,"item_purchase_floors":[13,13,17],"current_hp_per_floor":[78,80,80,80,80,77,77,47,47,27,27,31,31,16,16,7,41,34,34],"gold":200,"neow_bonus":"THREE_ENEMY_KILL","is_daily":false,"chose_seed":false,"campfire_upgraded":3,"win_rate":0.0,"timestamp":1607848728,"path_taken":["M","?","?","?","M","E","R","E","T","E","R","E","?","E","R","BOSS","M"],"items_purchased_type":["Card","Relic","Card"],"build_version":"2020-11-30","purchased_purges":2,"victory":false,"max_hp_per_floor":[80,80,80,80,80,77,77,74,74,71,71,68,68,65,65,62,52,52,52],"card_choices":[{"not_picked":[],"picked":"BloodyBrimstone","floor":0.0},{"not_picked":["True Grit","Thunderclap"],"picked":"Shrug It Off","floor":1.0},{"not_picked":["Seeing Red","Warcry"],"picked":"Barricade","floor":2.0},{"not_picked":["Flex","Searing Blow","Metallicize"],"picked":"SKIP","floor":5.0},{"not_picked":["Iron Wave","Flex","Headbutt"],"picked":"SKIP","floor":6.0},{"not_picked":["Inflame","Intimidate","Armaments"],"picked":"SKIP","floor":8.0},{"not_picked":["Sever Soul","Reaper"],"picked":"Evolve","floor":10.0},{"not_picked":["Juggernaut","Perfected Strike"],"picked":"Battle Trance","floor":12.0},{"not_picked":["Havoc","Pommel Strike"],"picked":"Offering","floor":14.0},{"not_picked":["Exhume","Reaper"],"picked":"Feed","floor":16}],"player_experience":80852,"relics_obtained":[{"floor":6.0,"key":"Art of War"},{"floor":8.0,"key":"Bronze Scales"},{"floor":9.0,"key":"Potion Belt"},{"floor":10.0,"key":"BookofShadows"},{"floor":12.0,"key":"UnicornStump"},{"floor":14.0,"key":"Lantern"}],"event_choices":[{"damage_healed":0.0,"max_hp_gain":0.0,"max_hp_loss":0.0,"gold_gain":175.0,"event_name":"Liars Game","player_choice":"AGREE","floor":4.0,"gold_loss":0.0,"damage_taken":0.0,"cards_obtained":["Doubt"]}],"is_beta":false,"boss_relics":[{"not_picked":["Cursed Key","SacredBark"],"picked":"Abe\u0027s Treasure"},{"not_picked":[]}],"items_purged_floors":[13,17],"is_endless":false,"potions_floor_spawned":[1,2,5,10,12],"killed_by":"Shell Parasite","ascension_level":8}}