{"host":"04aht2z7d1qbuefv","time":1607841583,"event":{"mods":["AchievementEnabler","BaseMod","Downfall","Minty Spire (QoL Compilation)","StSLib","The Cursed","The Necromancer"],"gold_per_floor":[99,132,132,132,132,132,132,164,178,103,121,121,133,144,163,265,265,265,313,422,422,454,85,85,131,131,56,56,56,77,92,119,244,244,169,169,206,206,206],"floor_reached":38,"playtime":2181,"items_purged":["hexamod:Strike"],"score":500,"play_id":"342eaf69-d0a4-4784-a38d-8a3538433f36","local_time":"20201213033943","is_ascension_mode":false,"campfire_choices":[{"data":"hexamod:Float","floor":1,"key":"SMITH"},{"data":"hexamod:BurningTouch","floor":4,"key":"SMITH"},{"floor":10,"key":"REST"},{"floor":18,"key":"RECALL"},{"floor":21,"key":"REST"},{"data":"hexamod:SearingWound","floor":27,"key":"SMITH"},{"data":"hexamod:EmpoweringStance","floor":35,"key":"SMITH"}],"circlet_count":0,"master_deck":["hexamod:Strike","hexamod:Strike","hexamod:Defend","hexamod:Defend","hexamod:Defend","hexamod:Defend","hexamod:Sear","hexamod:Float+1","hexamod:GhostShield","hexamod:BurningTouch+1","hexamod:HauntingEcho","hexamod:Firestarter","hexamod:SpectersWail","hexamod:AdvancingGuard","hexamod:SwordOfDarkness","hexamod:HexaLevel","hexamod:SearingWound+1","hexamod:ParanormalForm","hexamod:SpectersWail","hexamod:FirstSeal","hexamod:Hexaguard+1","hexamod:Haunt+1","hexamod:GhostOfSpirePast","hexamod:GhostflameBarrier+1","hexamod:EmpoweringStance+1","hexamod:GhostflameInferno","hexamod:EmpoweredFlame"],"relics":["hexamod:SpiritBrand","downfall:HeartsMalice","Ancient Tea Set","Question Card","Mercury Hourglass","downfall:HeartBlessingBlue","Velvet Choker","CeramicFish","Unceasing Top","Eternal Feather","Thread and Needle","Pear","Pantograph","downfall:HeartBlessingGreen","Gambling Chip","Empty Cage","downfall:HeartBlessingRed","Happy Flower"],"acts_visited":["Exordium","TheCity","TheBeyond"],"potions_floor_usage":[16,16,16,16,16,20,25,25,26,32,33,37],"damage_taken":[{"damage":0,"enemies":"3 Sentries","floor":2,"turns":1},{"damage":0,"enemies":"Small Slimes","floor":3,"turns":1},{"damage":0,"enemies":"Jaw Worm","floor":6,"turns":1},{"damage":18,"enemies":"Gremlin Nob","floor":8,"turns":4},{"damage":0,"enemies":"Cultist","floor":9,"turns":3},{"damage":0,"enemies":"3 Louse","floor":11,"turns":3},{"damage":0,"enemies":"2 Fungi Beasts","floor":13,"turns":3},{"damage":7,"enemies":"Blue Slaver","floor":14,"turns":3},{"damage":0,"enemies":"2 Fungi Beasts","floor":15,"turns":2},{"damage":25,"enemies":"downfall:Silent","floor":16,"turns":6},{"damage":22,"enemies":"Gremlin Leader","floor":19,"turns":6},{"damage":26,"enemies":"Colosseum Nobs","floor":20,"turns":4},{"damage":5,"enemies":"Chosen","floor":22,"turns":3},{"damage":0,"enemies":"downfall:FleeingMerchant","floor":23,"turns":4},{"damage":24,"enemies":"Book of Stabbing","floor":25,"turns":5},{"damage":0,"enemies":"Snecko","floor":26,"turns":1},{"damage":33,"enemies":"Snake Plant","floor":30,"turns":4},{"damage":0,"enemies":"3 Cultists","floor":31,"turns":5},{"damage":29,"enemies":"Cultist and Chosen","floor":32,"turns":5},{"damage":31,"enemies":"downfall:Watcher","floor":33,"turns":9},{"damage":77,"enemies":"Nemesis","floor":37,"turns":9},{"damage":26,"enemies":"2 Orb Walkers","floor":38,"turns":3}],"seed_played":"5722149945526649051","potions_obtained":[{"floor":8,"key":"ColorlessPotion"},{"floor":11,"key":"SteroidPotion"},{"floor":13,"key":"AttackPotion"},{"floor":15,"key":"EntropicBrew"},{"floor":16,"key":"Fire Potion"},{"floor":20,"key":"Explosive Potion"},{"floor":22,"key":"Explosive Potion"},{"floor":30,"key":"Weak Potion"},{"floor":31,"key":"Ancient Potion"},{"floor":33,"key":"AttackPotion"}],"is_trial":false,"path_per_floor":["R","E","M","R","?","M","T","E","M","R","M","?","M","M","M","B",null,"R","E","?","R","M","$","T","E","M","R","?","T","M","M","M","B",null,"R","?","E","?"],"character_chosen":"THE_SPIRIT","items_purchased":["Thread and Needle"],"campfire_rested":2,"item_purchase_floors":[23],"current_hp_per_floor":[70,70,70,70,63,63,63,45,45,79,79,79,79,72,72,47,80,80,58,32,68,63,70,80,63,63,78,78,78,52,59,37,38,90,90,90,20,0,0],"gold":206,"neow_bonus":"THREE_ENEMY_KILL","is_daily":false,"chose_seed":false,"campfire_upgraded":4,"win_rate":0.0,"timestamp":1607841583,"path_taken":["R","E","M","R","?","M","T","E","M","R","M","?","M","M","M","BOSS","R","E","?","R","M","$","T","E","M","R","?","?","?","M","M","BOSS","R","?","E","?"],"items_purchased_type":["Relic"],"build_version":"2020-11-30","purchased_purges":1,"victory":false,"max_hp_per_floor":[70,70,70,70,70,70,70,70,70,80,80,80,80,80,80,80,80,80,80,80,80,80,80,90,90,90,90,90,90,90,90,90,90,90,90,90,90,90,90],"card_choices":[{"not_picked":["hexamod:NightmareStrike","hexamod:EtherealExpedition"],"picked":"hexamod:GhostShield","floor":2},{"not_picked":["hexamod:Haunt","hexamod:NightmareStrike"],"picked":"hexamod:BurningTouch","floor":3},{"not_picked":["hexamod:RainOfEmbers","hexamod:BurningTouch","hexamod:ShieldOfDarkness"],"picked":"hexamod:HauntingEcho","floor":6},{"not_picked":["hexamod:ShieldOfDarkness","hexamod:TurnItUp","hexamod:AdvancingGuard"],"picked":"hexamod:ThirdSeal","floor":8},{"not_picked":["hexamod:GhostShield","hexamod:NightmareStrike","hexamod:Rewind"],"picked":"hexamod:Firestarter","floor":9},{"not_picked":["hexamod:StepThrough","hexamod:RadiantFlame","hexamod:HeatShield","hexamod:Incineration"],"picked":"SKIP","floor":9},{"not_picked":["hexamod:Haunt","hexamod:HeatShield","hexamod:HauntingEcho"],"picked":"hexamod:SpectersWail","floor":11},{"not_picked":["hexamod:EtherealExpedition","hexamod:CatchUp","hexamod:ChargedBarrage"],"picked":"hexamod:AdvancingGuard","floor":11},{"not_picked":["hexamod:RecurringNightmare","hexamod:FirstSeal","hexamod:Rewind"],"picked":"hexamod:SwordOfDarkness","floor":13},{"not_picked":["hexamod:RadiantFlame","hexamod:NightmareGuise","hexamod:SpectralAdrenaline"],"picked":"hexamod:HexaLevel","floor":13},{"not_picked":["hexamod:Incineration","hexamod:SwordOfDarkness","hexamod:BacktrackSmack","hexamod:Firestarter"],"picked":"SKIP","floor":14},{"not_picked":["hexamod:Haunt","hexamod:PhantomFireball","hexamod:SpectralAdrenaline","hexamod:GhostflameBarrier"],"picked":"SKIP","floor":15},{"not_picked":["hexamod:UnleashSpirits","hexamod:TimeWarp","hexamod:FifthSeal"],"picked":"hexamod:SearingWound","floor":16},{"not_picked":["hexamod:TurnItUp","hexamod:VolcanoVisage","hexamod:TimeWarp"],"picked":"hexamod:ParanormalForm","floor":16},{"not_picked":["hexamod:NightmareStrike","hexamod:HeatMetal","hexamod:BacktrackSmack"],"picked":"hexamod:SecondSeal","floor":19},{"not_picked":["hexamod:BurningTouch","hexamod:ShieldOfDarkness","hexamod:RainOfEmbers"],"picked":"hexamod:SpectersWail","floor":19},{"not_picked":["hexamod:NecessarySacrifice","hexamod:GhostOfSpireFuture","hexamod:SwordOfDarkness+1"],"picked":"hexamod:FirstSeal","floor":20},{"not_picked":["hexamod:HeatMetal","hexamod:CrushingStance","hexamod:GhostShield"],"picked":"hexamod:Hexaguard+1","floor":22},{"not_picked":["hexamod:FourthSeal","hexamod:AdvancingGuard","hexamod:NightmareGuise+1","hexamod:ChargedBarrage"],"picked":"SKIP","floor":22},{"not_picked":["hexamod:EtherealExpedition","hexamod:FirstSeal","hexamod:PhantomCloak"],"picked":"hexamod:Haunt+1","floor":23},{"not_picked":["hexamod:NightmareGuise+1","hexamod:GhostShield+1","hexamod:StepThrough+1"],"picked":"hexamod:GhostOfSpirePast","floor":23},{"not_picked":["hexamod:PhantomFireball","hexamod:InspiringFlames","hexamod:EmpoweredFlame"],"picked":"hexamod:GhostflameBarrier+1","floor":25},{"not_picked":["hexamod:BacktrackSmack","hexamod:GhostShield+1","hexamod:GhostOfSpirePresent","hexamod:Rewind"],"picked":"SKIP","floor":25},{"not_picked":["hexamod:ThermalTransfer","hexamod:Firestarter","hexamod:SwordOfDarkness","hexamod:WildfireWeapon"],"picked":"SKIP","floor":30},{"not_picked":["hexamod:Again","hexamod:Hexaguard+1","hexamod:ShieldOfDarkness","hexamod:GhostOfSpireFuture"],"picked":"SKIP","floor":30},{"not_picked":["hexamod:RainOfEmbers+1","hexamod:StepThrough","hexamod:HauntingEcho","hexamod:SwordOfDarkness"],"picked":"SKIP","floor":31},{"not_picked":["hexamod:SpectersWail","hexamod:Hexaguard","hexamod:NightmareStrike+1","hexamod:GhostOfSpirePresent+1"],"picked":"SKIP","floor":31},{"not_picked":["hexamod:HauntingEcho","hexamod:EmpoweringStance","hexamod:FastForward","hexamod:NightmareStrike"],"picked":"SKIP","floor":32},{"not_picked":["hexamod:ThermalTransfer","hexamod:AdvancingGuard","hexamod:NightmareStrike","hexamod:SwordOfDarkness"],"picked":"SKIP","floor":32},{"not_picked":["hexamod:UnleashSpirits","hexamod:WildfireWeapon","hexamod:SearingWound"],"picked":"hexamod:EmpoweringStance","floor":33},{"not_picked":["hexamod:TurnItUp","hexamod:SearingWound","hexamod:VolcanoVisage"],"picked":"hexamod:GhostflameInferno","floor":33},{"not_picked":["hexamod:Firestarter+1","hexamod:EtherealExpedition+1","hexamod:NightmareStrike"],"picked":"hexamod:EmpoweredFlame","floor":37}],"player_experience":126976,"relics_obtained":[{"floor":2,"key":"Ancient Tea Set"},{"floor":8,"key":"Mercury Hourglass"},{"floor":19,"key":"CeramicFish"},{"floor":20,"key":"Unceasing Top"},{"floor":20,"key":"Eternal Feather"},{"floor":24,"key":"Pear"},{"floor":25,"key":"Pantograph"},{"floor":29,"key":"Gambling Chip"},{"floor":37,"key":"Happy Flower"}],"event_choices":[{"damage_healed":0,"gold_gain":0,"player_choice":"Success","damage_taken":7,"relics_obtained":["Question Card"],"max_hp_gain":0,"max_hp_loss":0,"event_name":"Scrap Ooze","floor":5,"gold_loss":0},{"cards_removed":["hexamod:Strike"],"damage_healed":0,"gold_gain":0,"player_choice":"Forget","damage_taken":0,"max_hp_gain":0,"max_hp_loss":0,"event_name":"Living Wall","floor":12,"gold_loss":0},{"damage_healed":0,"gold_gain":0,"player_choice":"Ignored","damage_taken":0,"max_hp_gain":0,"max_hp_loss":0,"event_name":"Vampires","floor":28,"gold_loss":0},{"damage_healed":0,"gold_gain":0,"player_choice":"Fight","damage_taken":0,"max_hp_gain":0,"max_hp_loss":0,"event_name":"Mysterious Sphere","floor":38,"gold_loss":0}],"is_beta":false,"boss_relics":[{"not_picked":["SacredBark","Cursed Key"],"picked":"Velvet Choker"},{"not_picked":["Astrolabe","Runic Pyramid"],"picked":"Empty Cage"}],"items_purged_floors":[23],"is_endless":false,"potions_floor_spawned":[8,11,13,15,16,20,22,26,30,31,33],"killed_by":"2 Orb Walkers","ascension_level":0}}