{"host":"sv2o2io561l6x04h","time":1607893941,"event":{"mods":["BaseMod","Bestiary","Better Altar","Better Match","Better Note","Better Sensory Stone","Colored Map","Conspire","Custom Start","DeckTracker","Highlight Path","Hubris","Minty Spire (QoL Compilation)","Replay The Spire","Shop Mod","StSLib","The Hierophant","The Necromancer","The Runesmith"],"gold_per_floor":[117,134,134,59,79,117,117,117,117,117,142,142,142,142,142,175,175,175,175],"floor_reached":18,"playtime":1185,"items_purged":["hierophant:Strike_Hierophant"],"score":108,"play_id":"fe8c9f4f-17c2-4d3c-bcd1-4ab2e80489b9","local_time":"20201213161221","is_ascension_mode":false,"campfire_choices":[{"data":"hierophant:ChurchCoffers","floor":7,"key":"SMITH"},{"data":"hierophant:FieryStrike","floor":10,"key":"SMITH"},{"data":"hierophant:Zeal","floor":13,"key":"SMITH"},{"data":"hierophant:Strike_Hierophant","floor":17,"key":"PURGE"}],"circlet_count":0,"master_deck":["hierophant:Strike_Hierophant","hierophant:Strike_Hierophant","hierophant:Punish","hierophant:Defend_Hierophant","hierophant:Defend_Hierophant","hierophant:Defend_Hierophant","hierophant:Defend_Hierophant","hierophant:ChurchCoffers+1","hierophant:Zeal+1","hierophant:FieryStrike+1","hierophant:Doubloon","hierophant:CursedGold+1","hierophant:DisplayOfPower","hubris:Envy","Predator"],"relics":["hierophant:PropheticMaskRelic","NeowsBlessing","Lantern","Mirror","PrismaticShard","Golden Idol"],"acts_visited":["Exordium"],"potions_floor_usage":[],"damage_taken":[{"damage":0.0,"enemies":"Cultist","floor":1.0,"turns":1.0},{"damage":0.0,"enemies":"Small Slimes","floor":2.0,"turns":1.0},{"damage":0,"enemies":"2 Louse","floor":5,"turns":1},{"damage":53,"enemies":"Replay:BlueRogue","floor":6,"turns":6},{"damage":2,"enemies":"2 Fungi Beasts","floor":16,"turns":3},{"damage":14,"enemies":"Fading Forest","floor":18,"turns":3}],"seed_played":"5401962442831109951","potions_obtained":[{"floor":2,"key":"Adrenaline Potion"}],"is_trial":false,"path_per_floor":["M","M","?","$","M","E","R","PTL","PTL","R","T","?","R","?","?","M","R_BF","B"],"character_chosen":"HIEROPHANT","items_purchased":[],"campfire_rested":0,"item_purchase_floors":[],"current_hp_per_floor":[75,75,75,75,75,22,22,22,22,22,22,22,22,22,4,2,2,0,0],"gold":175,"neow_bonus":"THREE_ENEMY_KILL","is_daily":false,"chose_seed":false,"campfire_upgraded":3,"win_rate":0.0,"timestamp":1607893941,"path_taken":["M","?","?","$","?","E","R","PTL","PTL","R","T","?","R","?","?","M","R_BF","BOSS"],"items_purchased_type":[],"build_version":"2020-11-30","purchased_purges":1,"victory":false,"max_hp_per_floor":[75,75,75,75,75,75,75,75,75,75,75,75,75,75,75,75,75,75,75],"card_choices":[{"not_picked":["hierophant:PassingBell","hierophant:Alms"],"picked":"hierophant:Zeal","floor":1.0},{"not_picked":["hierophant:Shelter","hierophant:Purify"],"picked":"hierophant:FieryStrike","floor":2},{"not_picked":["hierophant:HolyVerse","hierophant:Zeal"],"picked":"hierophant:CursedGold","floor":5},{"not_picked":["hierophant:Alms","hierophant:Purify"],"picked":"hierophant:DisplayOfPower","floor":6},{"not_picked":["Pandemic","Coolheaded"],"picked":"Predator","floor":16}],"player_experience":172564,"relics_obtained":[{"floor":6,"key":"Mirror"}],"event_choices":[{"damage_healed":0,"gold_gain":0,"player_choice":"Gave Potion","damage_taken":0,"relics_obtained":["Lantern"],"max_hp_gain":0,"max_hp_loss":0,"event_name":"WeMeetAgain","floor":3,"gold_loss":0},{"damage_healed":0,"gold_gain":0,"player_choice":"Take Damage","damage_taken":18,"relics_obtained":["Golden Idol"],"max_hp_gain":0,"max_hp_loss":0,"event_name":"Golden Idol","floor":15,"gold_loss":0}],"is_beta":false,"boss_relics":[],"items_purged_floors":[4],"is_endless":false,"potions_floor_spawned":[2],"killed_by":"Fading Forest","ascension_level":0}}