{"host":"640uue19m79c7wbt","time":1607828174,"event":{"mods":["BaseMod","Colored Map","Googly Eyes","Highlight Path","Minty Spire (QoL Compilation)","Quick Restart","StSLib"],"gold_per_floor":[115,115,40,10,10,10,29,67,67,91,5,45,45,2,2,98,98,111,111,159,159,65,65,65,65],"floor_reached":24,"playtime":913,"items_purged":[],"score":446,"play_id":"698b3032-90f7-4de0-894f-a234bdabc382","local_time":"20201212215614","is_ascension_mode":true,"campfire_choices":[{"data":"Dagger Spray","floor":6,"key":"SMITH"},{"floor":15,"key":"REST"},{"data":"Envenom","floor":23,"key":"SMITH"}],"circlet_count":0,"master_deck":["AscendersBane","Strike_G","Strike_G","Strike_G","Defend_G","Defend_G","Defend_G","Defend_G","Survivor","Neutralize","PiercingWail","Dagger Spray+1","Noxious Fumes","Choke","Infinite Blades","Predator","Blur","Neutralize","Bullet Time","Crippling Poison","Envenom+1","Dagger Spray+1","Blade Dance+1","Setup","Cloak And Dagger","Bouncing Flask"],"relics":["Ring of the Snake","NeowsBlessing","Golden Idol","Tiny Chest","Ancient Tea Set","Strawberry","Darkstone Periapt","Astrolabe","Bag of Marbles"],"acts_visited":["Exordium","TheCity"],"potions_floor_usage":[12],"damage_taken":[{"damage":0,"enemies":"Small Slimes","floor":1,"turns":1},{"damage":0,"enemies":"Jaw Worm","floor":7,"turns":1},{"damage":0,"enemies":"Lagavulin","floor":8,"turns":1},{"damage":0,"enemies":"Cultist","floor":10,"turns":2},{"damage":31,"enemies":"3 Sentries","floor":12,"turns":6},{"damage":45,"enemies":"Hexaghost","floor":16,"turns":10},{"damage":21,"enemies":"Spheric Guardian","floor":18,"turns":5},{"damage":42,"enemies":"Book of Stabbing","floor":24,"turns":5}],"seed_played":"5197735854973937215","potions_obtained":[{"floor":10,"key":"LiquidBronze"}],"is_trial":false,"path_per_floor":["M","?","?","$","T","R","M","E","T","M","$","E","?","$","R","B",null,"M","?","T","?","$","R","E"],"character_chosen":"THE_SILENT","items_purchased":["Dagger Spray","Predator","Crippling Poison","Cloak And Dagger","Bouncing Flask"],"campfire_rested":1,"item_purchase_floors":[4,11,14,22,22],"current_hp_per_floor":[59,59,59,59,59,59,59,59,66,66,66,35,35,35,56,11,58,37,42,42,42,42,42,0,0],"gold":65,"neow_bonus":"THREE_ENEMY_KILL","is_daily":false,"chose_seed":false,"campfire_upgraded":2,"win_rate":0.0,"timestamp":1607828174,"path_taken":["M","?","?","$","?","R","M","E","T","M","?","E","?","$","R","BOSS","M","?","?","?","$","R","E"],"items_purchased_type":["Card","Card","Card","Card","Card"],"build_version":"2020-11-30","purchased_purges":0,"victory":false,"max_hp_per_floor":[66,66,66,66,66,66,66,66,73,73,73,73,73,73,73,73,73,73,73,73,73,73,73,73,73],"card_choices":[{"not_picked":["Quick Slash","Footwork"],"picked":"PiercingWail","floor":1},{"not_picked":["Flying Knee","Dagger Spray"],"picked":"Noxious Fumes","floor":7},{"not_picked":["All Out Attack","Acrobatics"],"picked":"Choke","floor":8},{"not_picked":["Dagger Throw","Accuracy"],"picked":"Infinite Blades","floor":10},{"not_picked":["Tactician","Deflect"],"picked":"Blur","floor":12},{"not_picked":["Adrenaline","Phantasmal Killer"],"picked":"Envenom","floor":16},{"not_picked":["Flying Knee+1","Sucker Punch"],"picked":"Setup","floor":18}],"player_experience":1216613,"relics_obtained":[{"floor":5,"key":"Tiny Chest"},{"floor":8,"key":"Ancient Tea Set"},{"floor":9,"key":"Strawberry"},{"floor":12,"key":"Darkstone Periapt"},{"floor":20,"key":"Bag of Marbles"}],"event_choices":[{"damage_healed":0,"gold_gain":0,"player_choice":"Take Wound","damage_taken":0,"relics_obtained":["Golden Idol"],"max_hp_gain":0,"max_hp_loss":0,"event_name":"Golden Idol","floor":2,"gold_loss":0,"cards_obtained":["Injury"]},{"cards_removed":["Injury"],"damage_healed":0,"gold_gain":0,"player_choice":"Card Removal","damage_taken":0,"max_hp_gain":0,"max_hp_loss":0,"event_name":"The Cleric","floor":3,"gold_loss":75},{"damage_healed":0,"gold_gain":0,"player_choice":"2 cards matched","damage_taken":0,"max_hp_gain":0,"max_hp_loss":0,"event_name":"Match and Keep!","floor":13,"gold_loss":0,"cards_obtained":["Neutralize","Bullet Time"]},{"cards_removed":["Outmaneuver"],"damage_healed":5,"gold_gain":0,"player_choice":"Offered Common","damage_taken":0,"max_hp_gain":0,"max_hp_loss":0,"event_name":"Bonfire Elementals","floor":19,"gold_loss":0},{"cards_removed":["Outmaneuver"],"damage_healed":5,"gold_gain":0,"player_choice":"Offered Special","damage_taken":0,"max_hp_gain":0,"max_hp_loss":0,"event_name":"Bonfire Elementals","floor":19,"gold_loss":0},{"damage_healed":0,"gold_gain":0,"player_choice":"Ignored","damage_taken":0,"max_hp_gain":0,"max_hp_loss":0,"event_name":"Vampires","floor":21,"gold_loss":0}],"is_beta":false,"boss_relics":[{"not_picked":["Ring of the Serpent","Coffee Dripper"],"picked":"Astrolabe"}],"items_purged_floors":[],"is_endless":false,"potions_floor_spawned":[10],"killed_by":"Book of Stabbing","ascension_level":20}}