{"host":"kda2p2afd6bvz6qo","time":1607890078,"event":{"mods":["BaseMod","Colored Map","Minty Spire (QoL Compilation)","Relic Stats"],"gold_per_floor":[113,130,130,80,80,114,132,161,238,253,253,253,253],"floor_reached":12,"playtime":573,"items_purged":[],"score":106,"play_id":"70943467-6f07-4c55-81a1-c6b48bf6692c","local_time":"20201213200758","is_ascension_mode":true,"campfire_choices":[],"circlet_count":0,"master_deck":["Strike_G","Strike_G","Defend_G","Defend_G","Defend_G","Defend_G","Survivor+1","Neutralize","Deadly Poison+1","Poisoned Stab","Regret","Tools of the Trade","Bane","Bane"],"relics":["Empty Cage","Du-Vu Doll","War Paint","Mercury Hourglass","Letter Opener","Molten Egg 2"],"acts_visited":["Exordium"],"potions_floor_usage":[12],"damage_taken":[{"damage":0.0,"enemies":"Small Slimes","floor":1.0,"turns":3.0},{"damage":2.0,"enemies":"Jaw Worm","floor":2.0,"turns":5.0},{"damage":51.0,"enemies":"Gremlin Nob","floor":6.0,"turns":5.0},{"damage":0.0,"enemies":"2 Louse","floor":7.0,"turns":2.0},{"damage":14.0,"enemies":"Lagavulin","floor":8.0,"turns":9.0},{"damage":0.0,"enemies":"2 Fungi Beasts","floor":10.0,"turns":2.0},{"damage":11,"enemies":"3 Sentries","floor":12,"turns":2}],"seed_played":"-6459004315808990704","potions_obtained":[{"floor":7.0,"key":"Regen Potion"},{"floor":10.0,"key":"SneckoOil"}],"is_trial":false,"path_per_floor":["M","M","?","?","?","E","M","E","T","M","T","E"],"character_chosen":"THE_SILENT","items_purchased":[],"campfire_rested":0,"item_purchase_floors":[],"current_hp_per_floor":[70,68,61,61,61,10,10,11,11,11,11,0,0],"gold":253,"neow_bonus":"BOSS_RELIC","is_daily":false,"chose_seed":false,"campfire_upgraded":0,"win_rate":0.0,"timestamp":1607890078,"path_taken":["M","M","?","?","?","E","M","E","T","M","?","E"],"items_purchased_type":[],"build_version":"2020-11-30","purchased_purges":0,"victory":false,"max_hp_per_floor":[70,70,70,70,70,70,70,70,70,70,70,70,70],"relic_stats":{"counters":[7,28],"Letter Opener":[15],"War Paint":["Survivor","Deadly Poison"],"obtain_stats":[{"Du-Vu Doll":5,"Molten Egg 2":11,"Letter Opener":9,"War Paint":6,"Empty Cage":0,"Ring of the Snake":0,"Mercury Hourglass":8},{"Du-Vu Doll":2,"Molten Egg 2":6,"Letter Opener":5,"War Paint":3,"Empty Cage":0,"Ring of the Snake":0,"Mercury Hourglass":5},{"Du-Vu Doll":8,"Molten Egg 2":26,"Letter Opener":24,"War Paint":13,"Empty Cage":0,"Ring of the Snake":0,"Mercury Hourglass":24}],"Mercury Hourglass":[27]},"card_choices":[{"not_picked":["Backflip","Underhanded Strike"],"picked":"Deadly Poison","floor":1.0},{"not_picked":["Quick Slash","Dagger Throw"],"picked":"Poisoned Stab","floor":2.0},{"not_picked":["Blade Dance","Setup","Underhanded Strike"],"picked":"SKIP","floor":6.0},{"not_picked":["Backflip","Sucker Punch"],"picked":"Tools of the Trade","floor":7.0},{"not_picked":["Underhanded Strike","Well Laid Plans"],"picked":"Bane","floor":8.0},{"not_picked":["Deflect","Eviscerate"],"picked":"Bane","floor":10.0}],"player_experience":35011,"relics_obtained":[{"floor":6.0,"key":"War Paint"},{"floor":8.0,"key":"Mercury Hourglass"},{"floor":9.0,"key":"Letter Opener"},{"floor":11.0,"key":"Molten Egg 2"}],"event_choices":[{"cards_removed":["Strike_G"],"damage_healed":0.0,"max_hp_gain":0.0,"max_hp_loss":0.0,"gold_gain":0.0,"event_name":"Golden Wing","player_choice":"Card Removal","floor":3.0,"gold_loss":0.0,"damage_taken":7.0},{"cards_removed":["Strike_G"],"damage_healed":0.0,"max_hp_gain":0.0,"max_hp_loss":0.0,"gold_gain":0.0,"event_name":"The Cleric","player_choice":"Card Removal","floor":4.0,"gold_loss":50.0,"damage_taken":0.0},{"damage_healed":0.0,"max_hp_gain":0.0,"max_hp_loss":0.0,"gold_gain":0.0,"event_name":"Big Fish","player_choice":"Box","floor":5.0,"gold_loss":0.0,"damage_taken":0.0,"relics_obtained":["Du-Vu Doll"],"cards_obtained":["Regret"]}],"is_beta":false,"boss_relics":[],"items_purged_floors":[],"is_endless":false,"potions_floor_spawned":[7,10],"killed_by":"3 Sentries","ascension_level":4}}