{"host":"jv6ql3rcplqr94ru","time":1607853333,"event":{"mods":["AchievementEnabler","Act Like it!","BaseMod","Colored Map","Downfall","Minty Spire (QoL Compilation)","Rare Cards Sparkle","StSLib","everything is the same but u backflip on backflip","slay the spire mod where everything is the same but ironclad has a cowboy hat"],"gold_per_floor":[99,99,99,125,125,125,151,151,164,164,164,264,282,302,321,321,321],"floor_reached":16,"playtime":1139,"items_purged":[],"score":98,"play_id":"ec4a1f3f-f079-45e8-bd1d-75c5c122e761","local_time":"20201213105533","is_ascension_mode":false,"campfire_choices":[{"data":"Slimebound:Split","floor":1,"key":"SMITH"},{"data":"Slimebound:CorrosiveSpit","floor":3,"key":"SMITH"},{"data":"Slimebound:SplitBruiser","floor":6,"key":"SMITH"},{"floor":10,"key":"REST"}],"circlet_count":0,"master_deck":["Slimebound:Strike_Slimebound","Slimebound:Strike_Slimebound","Slimebound:Strike_Slimebound","Slimebound:Tackle","Slimebound:Defend_Slimebound","Slimebound:Defend_Slimebound","Slimebound:Defend_Slimebound","Slimebound:Defend_Slimebound","Slimebound:Split+1","Slimebound:CorrosiveSpit+1","Slimebound:SplitBruiser+1","Slimebound:SplitBruiser","Slimebound:SelfFormingGoo","Slimebound:PressTheAttack","Slimebound:SlimeSpikes"],"relics":["Slimebound:AbsorbEndCombat","Strawberry","Blue Candle","Pen Nib","Toy Ornithopter"],"acts_visited":["Exordium"],"potions_floor_usage":[16],"damage_taken":[{"damage":32,"enemies":"Lagavulin","floor":4,"turns":7},{"damage":8,"enemies":"2 Louse","floor":9,"turns":4},{"damage":0,"enemies":"Cultist","floor":11,"turns":1},{"damage":29,"enemies":"downfall:LadyInBlue","floor":12,"turns":5},{"damage":14,"enemies":"Jaw Worm","floor":13,"turns":3},{"damage":35,"enemies":"Exordium Thugs","floor":14,"turns":4},{"damage":11,"enemies":"2 Fungi Beasts","floor":15,"turns":2},{"damage":47,"enemies":"downfall:Defect","floor":16,"turns":4}],"seed_played":"8468594604427000100","potions_obtained":[{"floor":9,"key":"sneckomod:MuddlingPotion"},{"floor":12,"key":"sneckomod:MuddlingPotion"},{"floor":12,"key":"EntropicBrew"},{"floor":12,"key":"Slimebound:SlimyTonguePotion"},{"floor":14,"key":"champ:CounterPotion"}],"is_trial":false,"path_per_floor":["R","?","R","E","?","R","T","?","M","R","M","?","M","M","M","B"],"character_chosen":"SLIMEBOUND","items_purchased":[],"campfire_rested":1,"item_purchase_floors":[],"current_hp_per_floor":[67,67,67,47,47,47,47,47,51,67,67,54,50,37,34,0,0],"gold":321,"neow_bonus":"RANDOM_COMMON_RELIC","is_daily":false,"chose_seed":false,"campfire_upgraded":3,"win_rate":0.0,"timestamp":1607853333,"path_taken":["R","?","R","E","?","R","T","?","M","R","M","?","?","M","M","BOSS"],"items_purchased_type":[],"build_version":"2020-11-30","purchased_purges":0,"victory":false,"max_hp_per_floor":[67,67,67,67,67,67,67,67,67,67,67,67,67,67,67,67,67],"card_choices":[{"not_picked":["Slimebound:FinishingTackle","Slimebound:Grow"],"picked":"Slimebound:SplitBruiser","floor":4},{"not_picked":["Slimebound:SplitAcid","Slimebound:ComboTackle","Slimebound:LeechingTouch"],"picked":"SKIP","floor":9},{"not_picked":["Slimebound:SlimeBrawl","Slimebound:ViciousTackle"],"picked":"Slimebound:SplitBruiser","floor":11},{"not_picked":["Slimebound:FinishingTackle","Slimebound:LeechEnergy"],"picked":"Slimebound:SelfFormingGoo","floor":12},{"not_picked":["Slimebound:DisruptingSlam","Slimebound:Grow"],"picked":"Slimebound:PressTheAttack","floor":13},{"not_picked":["Slimebound:LeechingTouch","Slimebound:Nibble","Slimebound:SplitBruiser"],"picked":"SKIP","floor":14},{"not_picked":["Slimebound:Grow","Slimebound:FinishingTackle"],"picked":"Slimebound:SlimeSpikes","floor":15}],"player_experience":297714,"relics_obtained":[{"floor":4,"key":"Blue Candle"},{"floor":7,"key":"Pen Nib"},{"floor":12,"key":"Toy Ornithopter"}],"event_choices":[],"is_beta":false,"boss_relics":[],"items_purged_floors":[],"is_endless":false,"potions_floor_spawned":[9,14,15],"killed_by":"downfall:Defect","ascension_level":0}}