{"host":"a484oiac96svwyi6","time":1607843227,"event":{"mods":["2.2 Compatiblity","AchievementEnabler","Act Like it!","Astrologer","BaseMod","Better Altar","Better Match","Better Sensory Stone","Better Skull","Better Third Choice","Better-Laid Plans","BetterRewards","Block Reminder","Clawfect","Colored Map","Colored Powertips","Conjunction","Conspire","Custom Start","Dio Mod","Displayed Cursed Tome","Duelist Mod","GifTheSpireLib","Gold Saver","Googly Eyes","Hallownest","Hubris","Infinite Spire","Ironclad Rager","Jorbs\u0027s Wanderer Trilogy","Melee Mod","Menagerie","Minty Spire (QoL Compilation)","Quick Restart","RNG Fix","Random Character Button","Relic Filter","Relic Sorter","Relic Stats","Replay The Spire","Retaliation","Shop Mod","Small Relic Pack","Spikes Relics","Spire Birthday Party","StSLib","Stuff the Spire","SuperFastMode","The Fake Hero","The Necromancer","The Poker Player","TheHero","Transform Curses","Uncapped","Virulent Crown","[JumpMod]????","everything is the same but u backflip on backflip","vexMod"],"gold_per_floor":[811,811,824,824,844,879,393,423,473,473,499,517,568,568,568,665,665,681,691,493,493,505,534,534,390,390,390,464,464,489,489,489,506,506,601,601,612,612,612,612,631,656,656,682,682,698,718,751,751,835,835,885],"floor_reached":53,"playtime":7318,"items_purged":["Pain"],"score":1444,"play_id":"b03ccd38-fa0d-4b7e-9df5-83d155bdfec1","local_time":"20201213020707","is_ascension_mode":true,"campfire_choices":[{"data":"dioMod:MudaMudaMuda","floor":10.0,"key":"SMITH"},{"data":"dioMod:MudaMudaMuda","floor":15.0,"key":"SMITH"},{"data":"dioMod:DoubleTime","floor":24.0,"key":"SMITH"},{"data":"dioMod:DaggerToss","floor":29.0,"key":"SMITH"},{"floor":34,"key":"REST"},{"data":"dioMod:TheWalk","floor":43,"key":"SMITH"},{"data":"dioMod:ZaWarudo","floor":51,"key":"SMITH"}],"circlet_count":0,"master_deck":["AscendersBane","dioMod:Strike","dioMod:Strike","dioMod:Strike+1","dioMod:Strike","Bite","dioMod:Defend","dioMod:Defend","dioMod:Defend+1","dioMod:Defend","dioMod:DaggerToss+1","dioMod:MudaMudaMuda+1","dioMod:MudaMudaMuda+1","dioMod:Freeze","dioMod:LaserVision","dioMod:Hiss","dioMod:Donut","dioMod:DominatingPresence","dioMod:FlyAway","dioMod:ZaWarudo+1","dioMod:DoubleTime+1","dioMod:DaggerToss+1","dioMod:DominatingPresence","dioMod:Hiss+1","dioMod:DaggerToss+1","StuffTheSpire:PestControl+1","dioMod:ComposedMuda","hubris:NaturalOne","dioMod:PathToHeaven","dioMod:DoubleTime+1","AscendersBane","dioMod:TheWalk+1","dioMod:Muda","infinitespire:NeuralNetwork","dioMod:TheWalk"],"relics":["dioMod:VampireBlood","hubris:Icosahedron","HowToJump","conspire:DeflatedDodgeball","SnailShell","RoseTintedShades","Strange Spoon","Replay:Wax Seal","vexMod:CardConverter","hubris:Potato","WarpedTongs","Whetstone","Bottled Flame","conspire:TreasureMap","Replay:Rubber Ducky","White Beast Statue","StuffTheSpire:ForceGauntlet","Sozu","infinitespire:Bottled Soul","DollysMirror","conspire:BottledYoYo","Gremlin Food","vexMod:BigBerry","LugNut","hubris:DeckOfHolding","Bottled Lightning","Replay:Towering Pillar of Hats","Boot","relicPack:KazumaCape","hubris:BottledRain"],"acts_visited":["Exordium","TheCity","TheBeyond"],"potions_floor_usage":[],"damage_taken":[{"damage":8.0,"enemies":"Small Slimes","floor":1.0,"turns":6.0},{"damage":0.0,"enemies":"2 Louse","floor":3.0,"turns":4.0},{"damage":0.0,"enemies":"Jaw Worm","floor":5.0,"turns":5.0},{"damage":0.0,"enemies":"Lagavulin","floor":6.0,"turns":8.0},{"damage":9.0,"enemies":"3 Sentries","floor":8.0,"turns":6.0},{"damage":8.0,"enemies":"Gremlin Nob","floor":11.0,"turns":4.0},{"damage":0.0,"enemies":"conspire:2 RoseBushes","floor":12.0,"turns":4.0},{"damage":7.0,"enemies":"Fading Forest","floor":16.0,"turns":11.0},{"damage":0.0,"enemies":"3 Byrds","floor":18.0,"turns":5.0},{"damage":16.0,"enemies":"Shell Parasite","floor":19.0,"turns":6.0},{"damage":0.0,"enemies":"Centurion and Healer","floor":22.0,"turns":6.0},{"damage":0.0,"enemies":"theDuelist:KaibaA2","floor":23.0,"turns":5.0},{"damage":23.0,"enemies":"conspire:SneckoGhost","floor":30.0,"turns":4.0},{"damage":3,"enemies":"conspire:HollyBat","floor":33,"turns":5},{"damage":15,"enemies":"Collector","floor":35,"turns":7},{"damage":21,"enemies":"3 Darklings","floor":37,"turns":3},{"damage":0,"enemies":"3 Shapes","floor":41,"turns":1},{"damage":10,"enemies":"Giant Head","floor":42,"turns":5},{"damage":23,"enemies":"R_Hoarder","floor":44,"turns":6},{"damage":0,"enemies":"Sphere and 2 Shapes","floor":46,"turns":1},{"damage":0,"enemies":"4 Shapes","floor":47,"turns":1},{"damage":20,"enemies":"Nightmare","floor":48,"turns":5},{"damage":0,"enemies":"R_Hoarder","floor":50,"turns":4},{"damage":6,"enemies":"Replay:Hell Engine","floor":52,"turns":7}],"seed_played":"4892122615406566003","potions_obtained":[{"floor":3.0,"key":"BlessingOfTheForge"},{"floor":5.0,"key":"Flashbang"},{"floor":11.0,"key":"Strength Potion"},{"floor":16.0,"key":"Dexterity Potion"}],"is_trial":false,"path_per_floor":["M","T","M","?","M","E","$","E","T","R","E","M","?","?","R","B",null,"M","M","$","?","M","E","R","$","PTL","PTL","T","R","E","?","?","M","R_BF","B",null,"M","?","?","?","M","E","R","E","T","M","M","NM","AVR","E","R","B",null],"character_chosen":"THE_DEFAULT","items_purchased":["conspire:DeflatedDodgeball","SnailShell","dioMod:DaggerToss","RoseTintedShades","Strange Spoon","Replay:Wax Seal","vexMod:CardConverter","dioMod:MudaMudaMuda","dioMod:MudaMudaMuda","Bottled Flame","dioMod:DominatingPresence","conspire:TreasureMap","dioMod:DaggerToss","dioMod:DominatingPresence","DollysMirror"],"campfire_rested":1,"item_purchase_floors":[0,0,0,0,0,0,0,0,0,7,7,7,20,20,25],"current_hp_per_floor":[78,78,83,85,87,89,91,90,90,90,89,95,95,95,95,97,97,97,89,93,93,105,105,105,107,107,107,107,107,87,69,71,73,106,109,144,144,144,148,148,151,146,146,148,148,153,153,138,138,143,143,143],"gold":885,"neow_bonus":"","is_daily":false,"chose_seed":false,"campfire_upgraded":6,"win_rate":0.0,"timestamp":1607843227,"path_taken":["M","?","?","?","M","E","$","E","T","R","E","M","?","?","R","BOSS","M","M","$","?","M","E","R","$","PTL","PTL","T","R","E","?","?","M","R_BF","BOSS","M","?","?","?","M","E","R","E","T","?","M","NM","AVR","E","R","BOSS"],"items_purchased_type":["Relic","Relic","Card","Relic","Relic","Relic","Relic","Card","Card","Relic","Card","Relic","Card","Card","Relic"],"build_version":"2020-11-30","purchased_purges":1,"victory":true,"max_hp_per_floor":[81,81,83,85,87,89,91,93,93,93,95,95,95,95,95,97,97,97,99,103,103,105,105,105,107,107,107,107,107,107,109,111,111,111,115,145,147,147,151,151,151,151,151,151,151,153,153,155,155,157,157,157],"relic_stats":{"Sozu":4,"Strange Spoon":[39],"counters":[228,812],"Whetstone":["dioMod:Strike","dioMod:DaggerToss"],"Boot":[27],"obtain_stats":[{"infinitespire:BottledMercury":28,"Golden Egg":14,"StuffTheSpire:Barrel":11,"vexMod:MemoryStick":26,"StuffTheSpire:Rhapsscallions":38,"Whetstone":8,"Ginger":9,"Boot":0,"Sling":5,"Old Coin":23,"Replay:Wanted Poster":17,"Blood Vial":19,"vexMod:InvisibilityCloak":24,"hubris:AstralHammer":0,"Sundial":3,"infinitespire:Golems Mask":24,"MealTicket":20,"hubris:DeckOfHolding":44,"Kunai":10,"relicPack:AllForOne":37,"Replay:Bottled Steam":7,"MerchantsRug":0,"Counterbalance":7,"Pen Nib":45,"Akabeko":0,"relicPack:EdsArm":5,"SlaversCollar":34,"dioMod:VampireBlood":0,"Pandora\u0027s Box":34,"conspire:BottledYoYo":46,"vexMod:ImprovementManual":28,"infinitespire:PuzzleCube":42,"vexMod:BigBerry":34,"Lantern":0,"Regal Pillow":14,"Rawhide":11,"StuffTheSpire:EmeraldSignet":43,"Replay:Multitool":40,"Bag of Preparation":27,"StuffTheSpire:GrapeVine":0,"HeavenlyBonsai":32,"Smiling Mask":11,"Pet Ghost":2,"Replay:Rubber Ducky":9,"StuffTheSpire:RunicConfusion":17,"StuffTheSpire:Gunfinga":43,"Shovel":30,"Matryoshka":0,"Toolbox":0,"hubris:FunFungus":9,"Replay:Lucky Slots":28,"Potion Belt":17,"Golden Idol":5,"StuffTheSpire:Expresso":11,"StuffTheSpire:Saxophone":0,"conspire:RunicOctahedron":34,"Omamori":31,"infinitespire:CheckeredPen":0,"hubris:Towel":29,"MawBank":13,"Replay:Arrowhead":25,"Busted Crown":17,"StuffTheSpire:Mouthbags":43,"Ornamental Fan":13,"betterThird:SlimedRelic":3,"Bloody Idol":19,"dioMod:JoestarBlood":17,"Turnip":0,"SpikesRelics:DaevaFist":0,"Durian":9,"Bottled Lightning":28,"ReplayTheSpireMod:Lightbulb":8,"hubris:BottledRain":50,"Ice Cream":0,"Gremlin Horn":46,"CeramicFish":40,"Vajra":13,"relicPack:StarArrow":17,"DollysMirror":10,"Strawberry":26,"Philosopher\u0027s Stone":25,"LugNut":5,"conspire:Dentures":27,"Girya":20,"Happy Flower":6,"vexMod:ScavengeHelm":10,"Replay:Grab Bag":17,"StuffTheSpire:ForceGauntlet":11,"Oddly Smooth Stone":0,"infinitespire:Beetle Shell":0,"conspire:SlowCooker":0,"vexMod:PaidLearning":21,"Letter Opener":26,"BlackRope":0,"War Paint":4,"Question Card":24,"WarpedTongs":19,"Bottled Flame":45,"Replay:Baseball":50,"relicPack:KazumaCape":34,"ReplayTheSpireMod:Shallot":37,"Shuriken":8,"StuffTheSpire:DarkSteelAnvil":41,"Simple Rune":42,"Molten Egg 2":0,"ReplayTheSpireMod:TigerMarble":28,"infinitespire:EmpoweringShard":23,"StuffTheSpire:PointBlank":21,"ReplayTheSpireMod:DimensionalGlitch":38,"StuffTheSpire:OldFever":7,"Pocketwatch":40,"Meat on the Bone":27,"ReplayFunnel":0,"Darkstone Periapt":40,"SnailShell":38,"SacredBark":17,"RetroEgg":30,"conspire:SpecialSausage":17,"BrokenLever":0,"hubris:SlimyHat":0,"Juzu Bracelet":26,"Replay:Mystery Machine":6,"Empty Cage":17,"vexMod:Spyglass":0,"conspire:TopHat":47,"ReplayTheSpireMod:EnergyBall":36,"Frozen Eye":14,"Nunchaku":44,"Replay:Bandana":0,"hubris:Icosahedron":19,"Mummified Hand":0,"StuffTheSpire:HeavyRock":6,"MiniBlackHole":26,"Red Mask":19,"Gremlin Food":10,"BargainBundle":0,"HowToJump":0,"Replay:Towering Pillar of Hats":48,"Quantum Egg":9,"SuspiciousGoo":0,"vexMod:Dragonfruit":43,"Calling Bell":17,"Strange Spoon":28,"Pondfish Scales":26,"CaptainsWheel":9,"vexMod:BarristanHead":9,"StuffTheSpire:CocoNut":44,"Snack Pack":8,"Bag of Marbles":45,"StuffTheSpire:Kangaroo":34,"FossilizedHelix":42},{"infinitespire:BottledMercury":83,"Golden Egg":202,"StuffTheSpire:Barrel":72,"vexMod:MemoryStick":127,"StuffTheSpire:Rhapsscallions":108,"Whetstone":4,"Ginger":28,"Boot":25,"Sling":96,"Old Coin":81,"Replay:Wanted Poster":8,"Blood Vial":47,"vexMod:InvisibilityCloak":11,"hubris:AstralHammer":139,"Sundial":141,"infinitespire:Golems Mask":104,"MealTicket":176,"hubris:DeckOfHolding":223,"Kunai":99,"relicPack:AllForOne":154,"Replay:Bottled Steam":43,"MerchantsRug":66,"Counterbalance":97,"Pen Nib":62,"Akabeko":39,"relicPack:EdsArm":26,"SlaversCollar":55,"dioMod:VampireBlood":0,"Pandora\u0027s Box":153,"conspire:BottledYoYo":161,"vexMod:ImprovementManual":13,"infinitespire:PuzzleCube":188,"vexMod:BigBerry":131,"Lantern":66,"Regal Pillow":146,"Rawhide":28,"StuffTheSpire:EmeraldSignet":217,"Replay:Multitool":19,"Bag of Preparation":105,"StuffTheSpire:GrapeVine":115,"HeavenlyBonsai":152,"Smiling Mask":5,"Pet Ghost":116,"Replay:Rubber Ducky":4,"StuffTheSpire:RunicConfusion":8,"StuffTheSpire:Gunfinga":135,"Shovel":53,"Matryoshka":139,"Toolbox":25,"hubris:FunFungus":43,"Replay:Lucky Slots":105,"Potion Belt":122,"Golden Idol":117,"StuffTheSpire:Expresso":28,"StuffTheSpire:Saxophone":163,"conspire:RunicOctahedron":107,"Omamori":106,"infinitespire:CheckeredPen":115,"hubris:Towel":151,"MawBank":45,"Replay:Arrowhead":207,"Busted Crown":76,"StuffTheSpire:Mouthbags":20,"Ornamental Fan":74,"betterThird:SlimedRelic":1,"Bloody Idol":47,"dioMod:JoestarBlood":147,"Turnip":25,"SpikesRelics:DaevaFist":94,"Durian":171,"Bottled Lightning":208,"ReplayTheSpireMod:Lightbulb":43,"hubris:BottledRain":227,"Ice Cream":115,"Gremlin Horn":63,"CeramicFish":157,"Vajra":145,"relicPack:StarArrow":175,"DollysMirror":43,"Strawberry":82,"Philosopher\u0027s Stone":151,"LugNut":141,"conspire:Dentures":36,"Girya":9,"Happy Flower":97,"vexMod:ScavengeHelm":120,"Replay:Grab Bag":8,"StuffTheSpire:ForceGauntlet":200,"Oddly Smooth Stone":25,"infinitespire:Beetle Shell":139,"conspire:SlowCooker":168,"vexMod:PaidLearning":205,"Letter Opener":12,"BlackRope":66,"War Paint":41,"Question Card":35,"WarpedTongs":148,"Bottled Flame":21,"Replay:Baseball":65,"relicPack:KazumaCape":16,"ReplayTheSpireMod:Shallot":213,"Shuriken":71,"StuffTheSpire:DarkSteelAnvil":91,"Simple Rune":91,"Molten Egg 2":94,"ReplayTheSpireMod:TigerMarble":13,"infinitespire:EmpoweringShard":50,"StuffTheSpire:PointBlank":205,"ReplayTheSpireMod:DimensionalGlitch":18,"StuffTheSpire:OldFever":142,"Pocketwatch":110,"Meat on the Bone":208,"ReplayFunnel":94,"Darkstone Periapt":216,"SnailShell":18,"SacredBark":8,"RetroEgg":14,"conspire:SpecialSausage":31,"BrokenLever":94,"hubris:SlimyHat":66,"Juzu Bracelet":104,"Replay:Mystery Machine":118,"Empty Cage":8,"vexMod:Spyglass":66,"conspire:TopHat":219,"ReplayTheSpireMod:EnergyBall":88,"Frozen Eye":45,"Nunchaku":21,"Replay:Bandana":25,"hubris:Icosahedron":9,"Mummified Hand":192,"StuffTheSpire:HeavyRock":3,"MiniBlackHole":35,"Red Mask":205,"Gremlin Food":43,"BargainBundle":139,"HowToJump":0,"Replay:Towering Pillar of Hats":226,"Quantum Egg":142,"SuspiciousGoo":163,"vexMod:Dragonfruit":91,"Calling Bell":122,"Strange Spoon":208,"Pondfish Scales":51,"CaptainsWheel":71,"vexMod:BarristanHead":119,"StuffTheSpire:CocoNut":62,"Snack Pack":98,"Bag of Marbles":190,"StuffTheSpire:Kangaroo":211,"FossilizedHelix":60},{"infinitespire:BottledMercury":314,"Golden Egg":753,"StuffTheSpire:Barrel":284,"vexMod:MemoryStick":464,"StuffTheSpire:Rhapsscallions":395,"Whetstone":21,"Ginger":96,"Boot":81,"Sling":356,"Old Coin":309,"Replay:Wanted Poster":32,"Blood Vial":191,"vexMod:InvisibilityCloak":40,"hubris:AstralHammer":507,"Sundial":515,"infinitespire:Golems Mask":379,"MealTicket":654,"hubris:DeckOfHolding":794,"Kunai":364,"relicPack:AllForOne":561,"Replay:Bottled Steam":169,"MerchantsRug":269,"Counterbalance":359,"Pen Nib":254,"Akabeko":154,"relicPack:EdsArm":84,"SlaversCollar":227,"dioMod:VampireBlood":0,"Pandora\u0027s Box":559,"conspire:BottledYoYo":586,"vexMod:ImprovementManual":43,"infinitespire:PuzzleCube":708,"vexMod:BigBerry":478,"Lantern":269,"Regal Pillow":532,"Rawhide":96,"StuffTheSpire:EmeraldSignet":779,"Replay:Multitool":57,"Bag of Preparation":383,"StuffTheSpire:GrapeVine":415,"HeavenlyBonsai":552,"Smiling Mask":24,"Pet Ghost":418,"Replay:Rubber Ducky":21,"StuffTheSpire:RunicConfusion":32,"StuffTheSpire:Gunfinga":490,"Shovel":214,"Matryoshka":507,"Toolbox":81,"hubris:FunFungus":169,"Replay:Lucky Slots":383,"Potion Belt":440,"Golden Idol":421,"StuffTheSpire:Expresso":96,"StuffTheSpire:Saxophone":591,"conspire:RunicOctahedron":392,"Omamori":385,"infinitespire:CheckeredPen":415,"hubris:Towel":550,"MawBank":176,"Replay:Arrowhead":764,"Busted Crown":296,"StuffTheSpire:Mouthbags":61,"Ornamental Fan":291,"betterThird:SlimedRelic":3,"Bloody Idol":191,"dioMod:JoestarBlood":538,"Turnip":81,"SpikesRelics:DaevaFist":351,"Durian":629,"Bottled Lightning":765,"ReplayTheSpireMod:Lightbulb":169,"hubris:BottledRain":805,"Ice Cream":415,"Gremlin Horn":257,"CeramicFish":569,"Vajra":529,"relicPack:StarArrow":650,"DollysMirror":169,"Strawberry":312,"Philosopher\u0027s Stone":550,"LugNut":515,"conspire:Dentures":140,"Girya":35,"Happy Flower":359,"vexMod:ScavengeHelm":430,"Replay:Grab Bag":32,"StuffTheSpire:ForceGauntlet":749,"Oddly Smooth Stone":81,"infinitespire:Beetle Shell":507,"conspire:SlowCooker":609,"vexMod:PaidLearning":762,"Letter Opener":42,"BlackRope":269,"War Paint":160,"Question Card":137,"WarpedTongs":541,"Bottled Flame":66,"Replay:Baseball":263,"relicPack:KazumaCape":51,"ReplayTheSpireMod:Shallot":773,"Shuriken":281,"StuffTheSpire:DarkSteelAnvil":341,"Simple Rune":341,"Molten Egg 2":351,"ReplayTheSpireMod:TigerMarble":43,"infinitespire:EmpoweringShard":204,"StuffTheSpire:PointBlank":762,"ReplayTheSpireMod:DimensionalGlitch":53,"StuffTheSpire:OldFever":521,"Pocketwatch":400,"Meat on the Bone":765,"ReplayFunnel":351,"Darkstone Periapt":776,"SnailShell":53,"SacredBark":32,"RetroEgg":45,"conspire:SpecialSausage":114,"BrokenLever":351,"hubris:SlimyHat":269,"Juzu Bracelet":379,"Replay:Mystery Machine":424,"Empty Cage":32,"vexMod:Spyglass":269,"conspire:TopHat":781,"ReplayTheSpireMod:EnergyBall":331,"Frozen Eye":176,"Nunchaku":66,"Replay:Bandana":81,"hubris:Icosahedron":35,"Mummified Hand":727,"StuffTheSpire:HeavyRock":14,"MiniBlackHole":137,"Red Mask":762,"Gremlin Food":169,"BargainBundle":507,"HowToJump":0,"Replay:Towering Pillar of Hats":801,"Quantum Egg":521,"SuspiciousGoo":591,"vexMod:Dragonfruit":341,"Calling Bell":440,"Strange Spoon":765,"Pondfish Scales":207,"CaptainsWheel":281,"vexMod:BarristanHead":426,"StuffTheSpire:CocoNut":254,"Snack Pack":362,"Bag of Marbles":718,"StuffTheSpire:Kangaroo":771,"FossilizedHelix":249}],"WarpedTongs":[108]},"card_choices":[{"not_picked":["dioMod:CautiousMuda","dioMod:BlendIn"],"picked":"dioMod:Freeze","floor":1.0},{"not_picked":["dioMod:Roundabout","dioMod:Minions"],"picked":"dioMod:LaserVision","floor":3.0},{"not_picked":["dioMod:SadisticLaugh","dioMod:StreetSign"],"picked":"dioMod:Hiss","floor":5.0},{"not_picked":["dioMod:DaggerSpree","dioMod:CutDeep"],"picked":"dioMod:Donut","floor":6.0},{"not_picked":["dioMod:HeavyLifting","dioMod:CutDeep"],"picked":"dioMod:DarkRebirth","floor":8.0},{"not_picked":["dioMod:BlendIn","dioMod:BloodSplash"],"picked":"dioMod:FlyAway","floor":11.0},{"not_picked":["dioMod:StreetSign","dioMod:SlashThroughTime","dioMod:Pluck"],"picked":"SKIP","floor":12.0},{"not_picked":["dioMod:RoadRoller","dioMod:Despair"],"picked":"dioMod:ZaWarudo","floor":16.0},{"not_picked":["dioMod:BlendIn","dioMod:StreetSign","dioMod:ComposedMuda"],"picked":"SKIP","floor":18.0},{"not_picked":["dioMod:CutDeep+1","dioMod:FlyAway"],"picked":"dioMod:DoubleTime","floor":19.0},{"not_picked":["dioMod:GoodbyeJojo","dioMod:TripleThreat+1"],"picked":"dioMod:Hiss+1","floor":22.0},{"not_picked":["dioMod:ComposedMuda","dioMod:HeavyLifting","dioMod:Refresh"],"picked":"SKIP","floor":23.0},{"not_picked":["dioMod:Minions","dioMod:VengefulMuda","dioMod:FlyAway"],"picked":"SKIP","floor":30.0},{"not_picked":["dioMod:WRYYY","dioMod:Hiss","dioMod:BloodSplash"],"picked":"SKIP","floor":33},{"not_picked":["dioMod:GoldVial","dioMod:UltimateSacrifice"],"picked":"dioMod:PathToHeaven","floor":35},{"not_picked":["dioMod:BloodShield","dioMod:CautiousMuda+1"],"picked":"dioMod:DoubleTime+1","floor":37},{"not_picked":["dioMod:Roundabout","dioMod:TripleThreat+1","dioMod:WRYYY"],"picked":"SKIP","floor":41},{"not_picked":["dioMod:FlyAway+1","dioMod:RoadRoller","dioMod:SadisticLaugh+1"],"picked":"SKIP","floor":42},{"not_picked":["dioMod:TripleThreat+1","dioMod:BlendIn+1","dioMod:HeavyLifting"],"picked":"SKIP","floor":44},{"not_picked":["dioMod:Freeze+1","dioMod:VengefulMuda"],"picked":"dioMod:Muda","floor":46},{"not_picked":["dioMod:HeavyLifting+1","dioMod:Roundabout","dioMod:WRYYY"],"picked":"SKIP","floor":47},{"not_picked":["infinitespire:Execution","infinitespire:SevenWalls"],"picked":"infinitespire:NeuralNetwork","floor":48},{"not_picked":["dioMod:TripleThreat","dioMod:SadisticLaugh+1","dioMod:GoodbyeJojo"],"picked":"SKIP","floor":48},{"not_picked":["dioMod:CutDeep","dioMod:Roundabout+1"],"picked":"dioMod:TheWalk","floor":50}],"player_experience":313332,"relics_obtained":[{"floor":2.0,"key":"hubris:Potato"},{"floor":6.0,"key":"Whetstone"},{"floor":8.0,"key":"Replay:Rubber Ducky"},{"floor":9.0,"key":"White Beast Statue"},{"floor":11.0,"key":"StuffTheSpire:ForceGauntlet"},{"floor":23.0,"key":"infinitespire:Bottled Soul"},{"floor":28.0,"key":"conspire:BottledYoYo"},{"floor":30.0,"key":"Gremlin Food"},{"floor":42,"key":"LugNut"},{"floor":44,"key":"hubris:DeckOfHolding"},{"floor":45,"key":"Bottled Lightning"},{"floor":48,"key":"Replay:Towering Pillar of Hats"},{"floor":50,"key":"hubris:BottledRain"}],"event_choices":[{"damage_healed":0.0,"max_hp_gain":0.0,"max_hp_loss":0.0,"gold_gain":0.0,"event_name":"Accursed Blacksmith","player_choice":"Rummage","floor":4.0,"gold_loss":0.0,"damage_taken":0.0,"relics_obtained":["WarpedTongs"],"cards_obtained":["Pain"]},{"damage_healed":0.0,"max_hp_gain":0.0,"max_hp_loss":0.0,"gold_gain":51.0,"event_name":"Golden Wing","player_choice":"Gained Gold","floor":13.0,"gold_loss":0.0,"damage_taken":0.0},{"damage_healed":0.0,"max_hp_gain":0.0,"max_hp_loss":0.0,"gold_gain":0.0,"event_name":"conspire:Investor","player_choice":"Leave","floor":14.0,"gold_loss":0.0,"damage_taken":0.0},{"damage_healed":0.0,"max_hp_gain":0.0,"max_hp_loss":0.0,"gold_gain":0.0,"cards_transformed":["dioMod:DarkRebirth"],"event_name":"Transmorgrifier","player_choice":"Transformed","floor":32.0,"gold_loss":0.0,"damage_taken":0.0,"cards_obtained":["dioMod:ComposedMuda"]},{"damage_healed":0,"gold_gain":3,"player_choice":"3","damage_taken":0,"max_hp_gain":0,"max_hp_loss":0,"event_name":"betterStone:BetterStone","floor":39,"gold_loss":0,"cards_obtained":["dioMod:TheWalk"]}],"is_beta":false,"boss_relics":[{"not_picked":["conspire:RunicOctahedron","vexMod:FluxCapacitor"],"picked":"Sozu"},{"not_picked":["hubris:VirtuousBlindfold","hubris:BlackHole"],"picked":"vexMod:BigBerry"}],"items_purged_floors":[20],"is_endless":false,"potions_floor_spawned":[3,5,11,12,16,18,19,22,23,30,33,35,37,41,42,44,46,47,50],"ascension_level":10}}