{"host":"exexdi9os29xec1d","time":1607863150,"event":{"mods":["Act Like it!","BaseMod","Colored Map","Conspire","Downfall","Gensokyo","Hero for Fun","Hubris","Infinite Spire","Marisa（F雨　魔理沙）","Minty Spire (QoL Compilation)","READ ME - Guardian Mod","Remilia（蕾米莉亚）","Replay The Spire","Shop Mod","StSLib","The Animator","The Bug Knight","The Cursed","The Disciple","The Hierophant","The Necromancer","The Servant 0.9.4","Youmu（魂魄妖梦）","[地精首领爬塔]The Maniac"],"gold_per_floor":[115,133,143,218,218,218,218,234,234,249,249,264,264,276,276,276,276],"floor_reached":16,"playtime":1130,"items_purged":["hubris:Greed"],"score":94,"play_id":"49a45e15-114f-40a9-af8e-7f694f4f7a66","local_time":"20201213203910","is_ascension_mode":false,"campfire_choices":[{"data":"HollowMod:PogoStrike","floor":6,"key":"SMITH"},{"data":"HollowMod:VengefulVoid","floor":11,"key":"SMITH"},{"floor":13,"key":"REST"},{"floor":15,"key":"REST"}],"circlet_count":0,"master_deck":["HollowMod:NailStrikeStart","HollowMod:NailStrikeStart","HollowMod:NailStrikeStart","HollowMod:NailStrikeStart","HollowMod:QuickDashStart","HollowMod:QuickDashStart","HollowMod:QuickDashStart","HollowMod:FocusHealStart","HollowMod:PogoStrike+1","HollowMod:SiblingsShadow+1","HollowMod:SiblingsShadow","HollowMod:GoodIntentions","HollowMod:ElderbugsWisdom+1","Regret","HollowMod:VengefulVoid+1","HollowMod:CycloneSlash","HollowMod:CloakDash+1","HollowMod:DescendingDark"],"relics":["HollowMod:VesselMask","NeowsBlessing","ReplayTheSpireMod:CursedCoin","Gremlin Food","hubris:MedicalManual"],"acts_visited":["Exordium"],"potions_floor_usage":[16,16],"damage_taken":[{"damage":0,"enemies":"Jaw Worm","floor":1,"turns":1},{"damage":0,"enemies":"Small Slimes","floor":2,"turns":1},{"damage":0,"enemies":"2 Louse","floor":3,"turns":1},{"damage":23,"enemies":"Looter","floor":8,"turns":4},{"damage":4,"enemies":"Blue Slaver","floor":10,"turns":3},{"damage":17,"enemies":"Gremlin Gang","floor":12,"turns":3},{"damage":33,"enemies":"Exordium Thugs","floor":14,"turns":6},{"damage":53,"enemies":"HollowMod:FalseKnight","floor":16,"turns":6}],"seed_played":"-6799153888694636431","potions_obtained":[{"floor":1,"key":"Ancient Potion"},{"floor":10,"key":"SteroidPotion"},{"floor":12,"key":"Fire Potion"},{"floor":14,"key":"AttackPotion"}],"is_trial":false,"path_per_floor":["M","M","M","$","?","R","?","M","T","M","R","M","R","M","R","B"],"character_chosen":"THE_BUGKNIGHT","items_purchased":["ReplayTheSpireMod:CursedCoin"],"campfire_rested":2,"item_purchase_floors":[4],"current_hp_per_floor":[75,75,75,75,75,75,75,52,52,48,48,31,53,26,48,0,0],"gold":276,"neow_bonus":"THREE_ENEMY_KILL","is_daily":false,"chose_seed":false,"campfire_upgraded":2,"win_rate":0.0,"timestamp":1607863150,"path_taken":["M","M","M","$","?","R","?","M","T","M","R","M","R","M","R","BOSS"],"items_purchased_type":["Relic"],"build_version":"2020-11-30","purchased_purges":1,"victory":false,"max_hp_per_floor":[75,75,75,75,75,75,75,75,75,75,75,75,75,75,75,75,75],"card_choices":[{"not_picked":["HollowMod:VengefulSpirit","HollowMod:NewJinnsSoul"],"picked":"HollowMod:SiblingsShadow","floor":1},{"not_picked":["HollowMod:SoulEater","HollowMod:InfectedCysts"],"picked":"HollowMod:SiblingsShadow","floor":2},{"not_picked":["HollowMod:HeavyBlow","HollowMod:GrimmsGift"],"picked":"HollowMod:GoodIntentions","floor":3},{"not_picked":["HollowMod:BlackTendrils","HollowMod:SiblingsSouls"],"picked":"HollowMod:VengefulVoid","floor":8},{"not_picked":["HollowMod:DashSlash","HollowMod:LordofShades"],"picked":"HollowMod:CycloneSlash","floor":10},{"not_picked":["HollowMod:FallenFury","HollowMod:NewLittleFool"],"picked":"HollowMod:CloakDash","floor":12},{"not_picked":["HollowMod:MawleksShell","HollowMod:DashSlash"],"picked":"HollowMod:DescendingDark","floor":14}],"player_experience":29391,"relics_obtained":[{"floor":9,"key":"hubris:MedicalManual"}],"event_choices":[{"damage_healed":0,"gold_gain":0,"player_choice":"Box","damage_taken":0,"relics_obtained":["Gremlin Food"],"max_hp_gain":0,"max_hp_loss":0,"event_name":"Big Fish","floor":7,"gold_loss":0,"cards_obtained":["Regret"]}],"is_beta":false,"boss_relics":[],"items_purged_floors":[4],"is_endless":false,"potions_floor_spawned":[1,10,12,14],"killed_by":"HollowMod:FalseKnight","ascension_level":0}}