{"host":"6ko66ogg91i6g7xq","time":1607848731,"event":{"mods":["AchievementEnabler","Act Like it!","BaseMod","Colored Map","Colored Powertips","Downfall","Hermit","Minty Spire (QoL Compilation)","Quick Restart","Relic Stats","StSLib","The Jungle","everything is the same but u backflip on backflip"],"gold_per_floor":[112,11,11,11,27,58,58,87,87,118,137,149,149,168,168,266,266,277,277,206,206,54,85,102,135,213,213,213],"floor_reached":27,"playtime":1245,"items_purged":[],"score":351,"play_id":"551561bf-a318-4065-af2f-7148c0c0ad55","local_time":"20201213033851","is_ascension_mode":true,"campfire_choices":[{"floor":7,"key":"RECALL"},{"floor":15,"key":"REST"}],"circlet_count":0,"master_deck":["Strike_G","Strike_G","Strike_G","Defend_G","Defend_G","Defend_G","Defend_G","Survivor","Neutralize","Catalyst+1","Noxious Fumes","Deadly Poison","Dodge and Roll","Backflip","Caltrops","Corpse Explosion","Noxious Fumes","Noxious Fumes","Catalyst","Deadly Poison","Leg Sweep"],"relics":["Ring of the Snake","NeowsBlessing","Ornamental Fan","Matryoshka","Pen Nib","Sundial","Oddly Smooth Stone","Meat on the Bone","Empty Cage","The Courier","Happy Flower","Snake Skull","Kunai"],"acts_visited":["Exordium","TheCity"],"potions_floor_usage":[10,10,16,23,23],"damage_taken":[{"damage":0,"enemies":"Small Slimes","floor":1,"turns":1},{"damage":0,"enemies":"Jaw Worm","floor":5,"turns":1},{"damage":0,"enemies":"Lagavulin","floor":6,"turns":1},{"damage":28,"enemies":"Gremlin Nob","floor":8,"turns":5},{"damage":5,"enemies":"3 Sentries","floor":10,"turns":7},{"damage":0,"enemies":"Cultist","floor":11,"turns":3},{"damage":22,"enemies":"Lots of Slimes","floor":12,"turns":5},{"damage":0,"enemies":"Large Slime","floor":14,"turns":4},{"damage":21,"enemies":"The Guardian","floor":16,"turns":8},{"damage":0,"enemies":"Spheric Guardian","floor":18,"turns":3},{"damage":0,"enemies":"Slavers","floor":23,"turns":1},{"damage":10,"enemies":"Shell Parasite","floor":24,"turns":5},{"damage":59,"enemies":"Book of Stabbing","floor":25,"turns":6},{"damage":15,"enemies":"Slavers","floor":27,"turns":1}],"seed_played":"1760400520929612173","potions_obtained":[{"floor":1,"key":"Explosive Potion"},{"floor":8,"key":"PowerPotion"},{"floor":10,"key":"PowerPotion"},{"floor":11,"key":"Ancient Potion"},{"floor":14,"key":"PowerPotion"},{"floor":16,"key":"Dexterity Potion"},{"floor":18,"key":"Slimebound:ThreeZeroPotion"}],"is_trial":false,"path_per_floor":["M","$","?","?","M","E","R","E","T","E","M","M","?","M","R","B",null,"M","?","$","?","$","E","M","E","T","E"],"character_chosen":"THE_SILENT","items_purchased":["Noxious Fumes","Deadly Poison","Noxious Fumes","Noxious Fumes","Catalyst"],"campfire_rested":1,"item_purchase_floors":[2,2,20,22,22],"current_hp_per_floor":[70,70,67,67,67,67,67,39,39,34,46,36,36,36,57,36,70,70,70,70,70,70,70,60,13,13,0,0],"gold":213,"neow_bonus":"THREE_ENEMY_KILL","is_daily":false,"chose_seed":false,"campfire_upgraded":0,"win_rate":0.0,"timestamp":1607848731,"path_taken":["M","$","?","?","?","E","R","E","T","E","?","M","?","?","R","BOSS","M","?","$","?","$","E","M","E","T","E"],"items_purchased_type":["Card","Card","Card","Card","Card"],"build_version":"2020-11-30","purchased_purges":0,"victory":false,"max_hp_per_floor":[70,70,70,70,70,70,70,70,70,70,70,70,70,70,70,70,70,70,70,70,70,70,70,70,70,70,70,70],"relic_stats":{"Happy Flower":[0],"counters":[14,51],"Ornamental Fan":[20],"Sundial":[6],"Pen Nib":[4],"Snake Skull":[2],"Kunai":[0],"obtain_stats":[{"NeowsBlessing":0,"Happy Flower":25,"Oddly Smooth Stone":9,"Pen Nib":8,"The Courier":23,"Snake Skull":26,"Empty Cage":17,"Matryoshka":6,"Ornamental Fan":3,"Sundial":9,"Kunai":26,"Ring of the Snake":0,"Meat on the Bone":10},{"NeowsBlessing":0,"Happy Flower":13,"Oddly Smooth Stone":4,"Pen Nib":4,"The Courier":11,"Snake Skull":13,"Empty Cage":9,"Matryoshka":3,"Ornamental Fan":1,"Sundial":4,"Kunai":13,"Ring of the Snake":0,"Meat on the Bone":5},{"NeowsBlessing":0,"Happy Flower":50,"Oddly Smooth Stone":8,"Pen Nib":8,"The Courier":39,"Snake Skull":50,"Empty Cage":35,"Matryoshka":3,"Ornamental Fan":1,"Sundial":8,"Kunai":50,"Ring of the Snake":0,"Meat on the Bone":15}],"Ring of the Snake":[28],"Meat on the Bone":36},"card_choices":[{"not_picked":["Riddle With Holes","Sucker Punch"],"picked":"Catalyst","floor":1},{"not_picked":["Flechettes","Terror"],"picked":"Dodge and Roll","floor":5},{"not_picked":["Die Die Die","Bane","Escape Plan"],"picked":"SKIP","floor":6},{"not_picked":["Slice","Blade Dance","Terror"],"picked":"SKIP","floor":8},{"not_picked":["Slice","Concentrate","Tactician"],"picked":"SKIP","floor":10},{"not_picked":["Cloak And Dagger","Bane"],"picked":"Backflip","floor":11},{"not_picked":["Outmaneuver","Well Laid Plans","Flying Knee"],"picked":"SKIP","floor":12},{"not_picked":["Well Laid Plans","Setup"],"picked":"Caltrops","floor":14},{"not_picked":["Glass Knife","Doppelganger"],"picked":"Corpse Explosion","floor":16},{"not_picked":["Quick Slash","Cloak And Dagger","Blade Dance"],"picked":"SKIP","floor":18},{"not_picked":["Distraction","Unload","Finisher"],"picked":"SKIP","floor":23},{"not_picked":["Dagger Spray","Distraction"],"picked":"Deadly Poison","floor":24},{"not_picked":["Sucker Punch","Dagger Throw+1"],"picked":"Leg Sweep","floor":25}],"player_experience":264671,"relics_obtained":[{"floor":6,"key":"Matryoshka"},{"floor":8,"key":"Pen Nib"},{"floor":9,"key":"Sundial"},{"floor":9,"key":"Oddly Smooth Stone"},{"floor":10,"key":"Meat on the Bone"},{"floor":23,"key":"The Courier"},{"floor":25,"key":"Happy Flower"},{"floor":26,"key":"Snake Skull"},{"floor":26,"key":"Kunai"}],"event_choices":[{"damage_healed":0,"gold_gain":0,"player_choice":"Success","damage_taken":3,"relics_obtained":["Ornamental Fan"],"max_hp_gain":0,"max_hp_loss":0,"event_name":"Scrap Ooze","floor":3,"gold_loss":0},{"damage_healed":0,"gold_gain":0,"player_choice":"Upgraded","damage_taken":0,"max_hp_gain":0,"max_hp_loss":0,"event_name":"Upgrade Shrine","floor":4,"gold_loss":0,"cards_upgraded":["Catalyst"]},{"cards_removed":["Strike_G"],"damage_healed":0,"gold_gain":0,"player_choice":"Offered Basic","damage_taken":0,"max_hp_gain":0,"max_hp_loss":0,"event_name":"Bonfire Elementals","floor":13,"gold_loss":0},{"damage_healed":0,"gold_gain":0,"player_choice":"Ignored","damage_taken":0,"max_hp_gain":0,"max_hp_loss":0,"event_name":"Ghosts","floor":19,"gold_loss":0},{"damage_healed":0,"gold_gain":0,"player_choice":"Ignored","damage_taken":0,"max_hp_gain":0,"max_hp_loss":0,"event_name":"Vampires","floor":21,"gold_loss":0}],"is_beta":false,"boss_relics":[{"not_picked":["Busted Crown","WristBlade"],"picked":"Empty Cage"}],"items_purged_floors":[],"is_endless":false,"potions_floor_spawned":[1,8,10,11,14,16,18],"killed_by":"Slavers","ascension_level":2}}