{"host":"5jrzbyi7mr38r3qm","time":1607878635,"event":{"mods":["Abigail Mod","AchievementEnabler","Aspiration","Astrologer","Bard","Bartender","BaseMod","BetterRewards","Colored Map","Colored Powertips","Conspire","Downfall","Friendly Minions","GifTheSpireLib","Gold Saver","Halation","Hermit","Hubris","Jedi Mod","Jorbs\u0027s Wanderer Trilogy","Kiyohime????","Koishi","Mad Scientist","Magitek Elite","Marisa????????","Minty Spire (QoL Compilation)","Nova Terra(??·??)","Prisma Mod","READ ME - Guardian Mod","Rare Cards Sparkle","Relic Stats","Remilia??????","RumiaBox-????????","Shop Mod","Small Relic Pack","Spikes Relics","StSLib","Stuff the Spire","Td1madao Mod","The Administrix","The Alterego","The Animator","The Blackbeard","The Cursed","The Disciple","The Forsaken","The Gatherer","The Hierophant","The Mystic","The Necromancer","The Poker Player","The Runesmith","The Sage","The Showman","The Valiant","The Witch","TheBandit","TheSwordswoman","vexMod"],"gold_per_floor":[112,87,122,141,141,141,174,18,18,34,50,64,64,81,81,185,185,198,221,421,445,461,461,491,491,491,76,76,76,76,103,103,110,110],"floor_reached":33,"playtime":1649,"items_purged":["hermit:DeadMansHand"],"score":267,"play_id":"69a3d9ab-569a-438e-89b5-f6df6db6d601","local_time":"20201213165715","is_ascension_mode":false,"campfire_choices":[{"data":"hermit:Manifest","floor":6,"key":"SMITH"},{"data":"hermit:Maintenance","floor":13,"key":"SMITH"},{"data":"hermit:Quickdraw","floor":15,"key":"SMITH"},{"floor":23,"key":"REST"},{"floor":25,"key":"REST"},{"floor":32,"key":"REST"}],"circlet_count":0,"master_deck":["hermit:Strike_Hermit","hermit:Strike_Hermit","hermit:Strike_Hermit","hermit:Strike_Hermit","hermit:Defend_Hermit","hermit:Defend_Hermit","hermit:Defend_Hermit","hermit:Defend_Hermit","hermit:Snapshot","hermit:Covet","hermit:Manifest+1","hermit:Shortfuse","hermit:WideOpen","hermit:Spite","hermit:Quickdraw+1","hermit:Scavenge+1","hermit:SprayPray+1","hermit:Dissolve+1","hermit:Maintenance+1","hermit:Quickdraw","hermit:Magnum","CurseOfTheBell","hermit:Deadeye+1","hermit:BigShot","hermit:Vantage","hermit:Reprieve","hermit:EyeOfTheStorm","hermit:ShadowCloak","hermit:GhostlyPresence"],"relics":["hermit:Momento","GodSword5","Vajra","Lizard Tail","StuffTheSpire:SapphireSignet","Lee\u0027s Waffle","Bottled Flame","Calling Bell","Art of War","Prayer Beads","vexMod:HeadHunter","vexMod:BarristanHead","StuffTheSpire:PointBlank","hubris:HerbalPaste","Orichalcum","Darkstone Periapt","jedi:maincommand"],"acts_visited":["Exordium","TheCity"],"potions_floor_usage":[7,11,16,16,19,31],"damage_taken":[{"damage":6,"enemies":"Jaw Worm","floor":1,"turns":5},{"damage":20,"enemies":"conspire:MimicChest","floor":3,"turns":8},{"damage":0,"enemies":"Small Slimes","floor":4,"turns":2},{"damage":4,"enemies":"Lagavulin","floor":7,"turns":7},{"damage":0,"enemies":"2 Louse","floor":10,"turns":3},{"damage":0,"enemies":"Large Slime","floor":11,"turns":4},{"damage":0,"enemies":"Looter","floor":12,"turns":2},{"damage":0,"enemies":"3 Louse","floor":14,"turns":2},{"damage":52,"enemies":"Hexaghost","floor":16,"turns":9},{"damage":41,"enemies":"conspire:FuzzyDice","floor":18,"turns":5},{"damage":12,"enemies":"2 Thieves","floor":19,"turns":4},{"damage":26,"enemies":"Chosen and Byrds","floor":21,"turns":9},{"damage":0,"enemies":"Centurion and Healer","floor":22,"turns":9},{"damage":18,"enemies":"conspire:SneckoGhost","floor":24,"turns":8},{"damage":13,"enemies":"Shelled Parasite and Fungi","floor":31,"turns":6},{"damage":68,"enemies":"Collector","floor":33,"turns":8}],"seed_played":"3467116386775405294","potions_obtained":[{"floor":3,"key":"jedi:hoardpotion"},{"floor":4,"key":"Dexterity Potion"},{"floor":7,"key":"Ancient Potion"},{"floor":14,"key":"jedi:StrikingPotion"},{"floor":18,"key":"sneckomod:MuddlingPotion"},{"floor":24,"key":"Explosive Potion"}],"is_trial":false,"path_per_floor":["M","?","?","M","?","R","E","$","T","M","M","M","R","M","R","B",null,"M","M","?","M","M","R","E","R","T","$","T","?","$","M","R","B"],"character_chosen":"HERMIT","items_purchased":["Lee\u0027s Waffle","hubris:HerbalPaste","hermit:ShadowCloak","Orichalcum"],"campfire_rested":3,"item_purchase_floors":[8,27,27,27],"current_hp_per_floor":[76,76,56,56,49,49,45,89,89,89,89,89,89,89,89,37,89,48,36,36,10,16,48,30,62,62,62,62,55,55,50,82,22,22],"gold":110,"neow_bonus":"TEN_PERCENT_HP_BONUS","is_daily":false,"chose_seed":false,"campfire_upgraded":3,"win_rate":0.0,"timestamp":1607878635,"path_taken":["M","?","?","M","?","R","E","?","T","M","?","M","R","M","R","BOSS","M","?","?","?","?","R","E","R","T","$","?","?","$","M","R","BOSS"],"items_purchased_type":["Relic","Relic","Card","Relic"],"build_version":"2020-11-30","purchased_purges":1,"victory":false,"max_hp_per_floor":[82,82,82,82,82,82,82,89,89,89,89,89,89,89,89,89,89,89,89,89,89,89,89,89,89,89,89,89,89,89,89,89,89,89],"relic_stats":{"Darkstone Periapt":0,"Lizard Tail":55,"Lee\u0027s Waffle":44,"counters":[16,91],"Art of War":[4],"Orichalcum":[24],"obtain_stats":[{"Darkstone Periapt":28,"Lee\u0027s Waffle":8,"Prayer Beads":17,"Vajra":3,"Orichalcum":27,"StuffTheSpire:SapphireSignet":7,"Calling Bell":17,"Lizard Tail":5,"Bottled Flame":9,"vexMod:BarristanHead":24,"hubris:HerbalPaste":27,"vexMod:HeadHunter":17,"Art of War":17,"StuffTheSpire:PointBlank":26,"GodSword5":2,"jedi:maincommand":29,"hermit:Momento":0},{"Darkstone Periapt":14,"Lee\u0027s Waffle":4,"Prayer Beads":9,"Vajra":2,"Orichalcum":14,"StuffTheSpire:SapphireSignet":4,"Calling Bell":9,"Lizard Tail":3,"Bottled Flame":4,"vexMod:BarristanHead":14,"hubris:HerbalPaste":14,"vexMod:HeadHunter":9,"Art of War":9,"StuffTheSpire:PointBlank":14,"GodSword5":1,"jedi:maincommand":14,"hermit:Momento":0},{"Darkstone Periapt":77,"Lee\u0027s Waffle":22,"Prayer Beads":42,"Vajra":13,"Orichalcum":77,"StuffTheSpire:SapphireSignet":22,"Calling Bell":42,"Lizard Tail":15,"Bottled Flame":22,"vexMod:BarristanHead":77,"hubris:HerbalPaste":77,"vexMod:HeadHunter":42,"Art of War":42,"StuffTheSpire:PointBlank":77,"GodSword5":5,"jedi:maincommand":77,"hermit:Momento":0}]},"card_choices":[{"not_picked":["hermit:BodyArmor","hermit:LowProfile"],"picked":"hermit:Manifest","floor":1},{"not_picked":["hermit:LowProfile","hermit:Dive"],"picked":"hermit:Shortfuse","floor":3},{"not_picked":["hermit:Glare","hermit:Manifest"],"picked":"hermit:WideOpen","floor":4},{"not_picked":["hermit:NoHoldsBarred","hermit:Feint"],"picked":"hermit:Spite","floor":7},{"not_picked":["hermit:Scavenge","hermit:ItchyTrigger"],"picked":"hermit:Quickdraw","floor":10},{"not_picked":["hermit:HoleUp","hermit:Virtue"],"picked":"hermit:Maintenance","floor":12},{"not_picked":["hermit:Shortfuse","hermit:Desperado"],"picked":"hermit:Quickdraw","floor":14},{"not_picked":["hermit:BlackWind","hermit:HeroicBravado"],"picked":"hermit:Magnum","floor":16},{"not_picked":["hermit:Cheat","hermit:PistolWhip"],"picked":"hermit:Deadeye+1","floor":18},{"not_picked":["hermit:Manifest","hermit:HighCaliber"],"picked":"hermit:DeadMansHand","floor":19},{"not_picked":["hermit:Dive","hermit:Ricochet"],"picked":"hermit:BigShot","floor":21},{"not_picked":["hermit:Quickdraw","hermit:Deadeye"],"picked":"hermit:Vantage","floor":22},{"not_picked":["hermit:FromBeyond","hermit:HeroicBravado"],"picked":"hermit:Reprieve","floor":24},{"not_picked":["hermit:LuckOfTheDraw","hermit:Quickdraw"],"picked":"hermit:EyeOfTheStorm","floor":24},{"not_picked":["hermit:Midnight","hermit:Grudge"],"picked":"hermit:GhostlyPresence","floor":31}],"player_experience":437394,"relics_obtained":[{"floor":3,"key":"Vajra"},{"floor":7,"key":"StuffTheSpire:SapphireSignet"},{"floor":9,"key":"Bottled Flame"},{"floor":17,"key":"Art of War"},{"floor":17,"key":"Prayer Beads"},{"floor":17,"key":"vexMod:HeadHunter"},{"floor":24,"key":"vexMod:BarristanHead"},{"floor":26,"key":"StuffTheSpire:PointBlank"},{"floor":28,"key":"Darkstone Periapt"}],"event_choices":[{"damage_healed":0,"gold_gain":0,"player_choice":"Success","damage_taken":7,"relics_obtained":["Lizard Tail"],"max_hp_gain":0,"max_hp_loss":0,"event_name":"Scrap Ooze","floor":5,"gold_loss":0},{"damage_healed":0,"gold_gain":200,"player_choice":"Gold","damage_taken":0,"max_hp_gain":0,"max_hp_loss":0,"event_name":"Wheel of Change","floor":20,"gold_loss":0}],"is_beta":false,"boss_relics":[{"not_picked":["halation:Prosthetics","Ectoplasm"],"picked":"Calling Bell"}],"items_purged_floors":[27],"is_endless":false,"potions_floor_spawned":[3,4,7,14,18,24],"killed_by":"Collector","ascension_level":0}}