{"host":"daa8jqyg4gqfaysm","time":1607876577,"event":{"mods":["BaseMod","Colored Powertips","Minty Spire (QoL Compilation)","StSLib"],"gold_per_floor":[110,124,144,219,230,230,265,279,279,279,289,289,306,306,306],"floor_reached":14,"playtime":382,"items_purged":[],"score":165,"play_id":"0f5b0dfb-f7d2-4110-a58b-e4ff0458d265","local_time":"20201214002257","is_ascension_mode":true,"campfire_choices":[{"data":"Noxious Fumes","floor":6,"key":"SMITH"},{"data":"Crippling Poison","floor":10,"key":"SMITH"},{"data":"Bane","floor":12,"key":"SMITH"}],"circlet_count":0,"master_deck":["AscendersBane","Strike_G","Strike_G","Strike_G","Strike_G","Strike_G","Defend_G","Defend_G","Defend_G","Defend_G","Defend_G","Survivor","Neutralize","Crippling Poison+1","Noxious Fumes+1","Flying Knee","PiercingWail","Unload","Bane+1","Dagger Spray","Deflect"],"relics":["Ring of the Snake","Turnip","Pen Nib","Meat on the Bone"],"acts_visited":["Exordium"],"potions_floor_usage":[5,7,14,14],"damage_taken":[{"damage":0,"enemies":"2 Louse","floor":1,"turns":4},{"damage":1,"enemies":"Small Slimes","floor":2,"turns":4},{"damage":0,"enemies":"Cultist","floor":3,"turns":4},{"damage":2,"enemies":"3 Louse","floor":5,"turns":3},{"damage":18,"enemies":"Gremlin Nob","floor":7,"turns":4},{"damage":15,"enemies":"Gremlin Gang","floor":8,"turns":6},{"damage":8,"enemies":"Large Slime","floor":11,"turns":5},{"damage":5,"enemies":"Red Slaver","floor":13,"turns":3},{"damage":30,"enemies":"Lagavulin","floor":14,"turns":3}],"seed_played":"-7925596628594472887","potions_obtained":[{"floor":1,"key":"EssenceOfSteel"},{"floor":2,"key":"Poison Potion"},{"floor":8,"key":"Poison Potion"},{"floor":11,"key":"Weak Potion"},{"floor":13,"key":"AttackPotion"}],"is_trial":false,"path_per_floor":["M","M","M","?","M","R","E","M","T","R","M","R","M","E"],"character_chosen":"THE_SILENT","items_purchased":[],"campfire_rested":0,"item_purchase_floors":[],"current_hp_per_floor":[59,58,58,47,45,45,27,12,12,12,16,16,23,0,0],"gold":306,"neow_bonus":"ONE_RARE_RELIC","is_daily":false,"chose_seed":false,"campfire_upgraded":3,"win_rate":0.0,"timestamp":1607876577,"path_taken":["M","M","M","?","M","R","E","M","T","R","M","R","M","E"],"items_purchased_type":[],"build_version":"2020-11-30","purchased_purges":0,"victory":false,"max_hp_per_floor":[60,60,60,60,60,60,60,60,60,60,60,60,60,60,60],"card_choices":[{"not_picked":["Well Laid Plans","Quick Slash"],"picked":"Crippling Poison","floor":1},{"not_picked":["Tactician","Riddle With Holes"],"picked":"Noxious Fumes","floor":2},{"not_picked":["Blade Dance","Backflip"],"picked":"Flying Knee","floor":3},{"not_picked":["Dodge and Roll","Cloak And Dagger"],"picked":"PiercingWail","floor":5},{"not_picked":["Deflect","Calculated Gamble"],"picked":"Unload","floor":7},{"not_picked":["Flying Knee","Reflex"],"picked":"Bane","floor":8},{"not_picked":["Dodge and Roll","PiercingWail"],"picked":"Dagger Spray","floor":11},{"not_picked":["PiercingWail","Acrobatics"],"picked":"Deflect","floor":13}],"player_experience":671781,"relics_obtained":[{"floor":7,"key":"Pen Nib"},{"floor":9,"key":"Meat on the Bone"}],"event_choices":[{"damage_healed":0,"gold_gain":75,"player_choice":"Gather Gold","damage_taken":11,"max_hp_gain":0,"max_hp_loss":0,"event_name":"World of Goop","floor":4,"gold_loss":0}],"is_beta":false,"boss_relics":[],"items_purged_floors":[],"is_endless":false,"potions_floor_spawned":[1,2,8,11,13],"killed_by":"Lagavulin","ascension_level":15}}