{"host":"whyfdmrq1ty0e9zp","time":1607872949,"event":{"mods":["Act Like it!","BaseMod","Colored Map","Colored Powertips","Conspire","Gensokyo","LagranYue(拉格朗・月)","Marisa（F雨　魔理沙）","Minty Spire (QoL Compilation)","MostiFishMod","Prisma Mod","Quick Restart","Relic Stats","Remilia（蕾米莉亚）","Replay The Spire","StSLib","TestMod","vexMod","【遗物卡牌】REMEMod"],"gold_per_floor":[115,132,158,29,107,107,136,159,210,110,110,137,96,119,119,228,228,250,31,96,105,175,267,267,384,384,384,419,182,223,259,259,447,447,522,531,391,458,530,530,653,653,653,710,795,822,341,395,395,471],"floor_reached":51,"playtime":2563,"items_purged":["Strike_MRS","Strike_MRS","Strike_MRS","MasterSpark","Looming Evil","Defend_MRS+1"],"score":1311,"play_id":"a9b20451-27d8-4c79-87a3-cbfcdca5aebc","local_time":"20201213232229","is_ascension_mode":true,"campfire_choices":[{"data":"DragonMeteor","floor":6.0,"key":"SMITH"},{"data":"AsteroidBelt","floor":11.0,"key":"SMITH"},{"data":"IllusionStar","floor":15.0,"key":"SMITH"},{"data":"Strike_MRS","floor":24.0,"key":"PURGE"},{"data":"ShootingEcho","floor":27.0,"key":"SMITH"},{"data":"UltimateShortwave","floor":32.0,"key":"SMITH"},{"data":"Defend_MRS+1","floor":40.0,"key":"PURGE"},{"data":"UltimateShortwave","floor":49,"key":"SMITH"}],"circlet_count":0,"master_deck":["Defend_MRS","Defend_MRS","UpSweep","MostiFishMod:Mottled","ShootingEcho+1","MagicAbsorber+1","DragonMeteor+1","AsteroidBelt+1","Gensokyo:BlessingOfConstitution","IllusionStar+1","UltimateShortwave+1","Robbery+1","CurseOfTheBell","WitchLeyline","WitchLeyline","ManaConvection+1","UltimateShortwave+1","SuperNova","Acceleration+1","GalacticHalo+1","UltimateShortwave+1","SuperPerseids+1","WitchLeyline","DeepEcoloBomb+1"],"relics":["MiniHakkero","testmod-TestBox","DaveBox","REME_ComplimentaryCards","testmod-ConstraintPeriapt","Transparent","LagranYue:RandomDrawCardRelic","NeowsBlessing","Question Card","Replay:Bottled Eggs","CeramicFish","Pet Ghost","Blue Doll","Blood Vial","ImportantClient","Black Star","REME_CardOfGreed","testmod-Acrobat","testmod-TheFather","Divine Protection","Replay:Multitool","conspire:DecoderRing","conspire:TopHat","Boot","testmod-FatalChain","testmod-TurbochargingSystem","testmod-Fortitude","Art of War","ChiXiaoBlade","ReplayTheSpireMod:Ring of Addiction","ReplayTheSpireMod:Ring of Collecting","Chameleon Ring","Toy Ornithopter","DianPoetry","testmod-CrystalShield","Ornamental Fan","Ring of Fangs","Anchor","Simple Rune","Mirror","InkBottle","Toolbox"],"acts_visited":["Exordium","Gensokyo:Gensokyo","TheBeyond"],"potions_floor_usage":[],"damage_taken":[{"damage":7.0,"enemies":"Gensokyo:2_Kodama","floor":1.0,"turns":1.0},{"damage":7.0,"enemies":"Gensokyo:3_Fairies","floor":2.0,"turns":1.0},{"damage":14.0,"enemies":"Gensokyo:Cirno","floor":3.0,"turns":2.0},{"damage":28.0,"enemies":"Gensokyo:Cirno","floor":7.0,"turns":4.0},{"damage":7.0,"enemies":"Gensokyo:Python","floor":8.0,"turns":1.0},{"damage":21.0,"enemies":"Gensokyo:Mamizou","floor":12.0,"turns":3.0},{"damage":14.0,"enemies":"Gensokyo:VengefulSpirit","floor":14.0,"turns":2.0},{"damage":28.0,"enemies":"Gensokyo:Kokoro","floor":16.0,"turns":4.0},{"damage":13.0,"enemies":"Gensokyo:AngelMirror","floor":18.0,"turns":1.0},{"damage":14.0,"enemies":"Gensokyo:Chomper","floor":20.0,"turns":2.0},{"damage":6.0,"enemies":"Gensokyo:Slime_Group","floor":22.0,"turns":2.0},{"damage":13.0,"enemies":"Gensokyo:Koishi","floor":23.0,"turns":3.0},{"damage":6.0,"enemies":"Gensokyo:Reisen","floor":25.0,"turns":2.0},{"damage":0.0,"enemies":"Gensokyo:Swordslinger","floor":28.0,"turns":1.0},{"damage":0.0,"enemies":"Gensokyo:Chomper_and_Gloop","floor":30.0,"turns":1.0},{"damage":21.0,"enemies":"Gensokyo:Tenshi","floor":31.0,"turns":2.0},{"damage":69.0,"enemies":"Gensokyo:Eternal_Rivals","floor":33.0,"turns":4.0},{"damage":0.0,"enemies":"Orb Walker","floor":35.0,"turns":1.0},{"damage":0.0,"enemies":"3 Darklings","floor":38.0,"turns":1.0},{"damage":6.0,"enemies":"2 Orb Walkers","floor":39.0,"turns":2.0},{"damage":38.0,"enemies":"R_Hoarder","floor":41.0,"turns":3.0},{"damage":0.0,"enemies":"Sphere and 2 Shapes","floor":44.0,"turns":1.0},{"damage":6.0,"enemies":"Reptomancer","floor":45.0,"turns":2.0},{"damage":0.0,"enemies":"Jaw Worm Horde","floor":46.0,"turns":1.0},{"damage":10,"enemies":"Writhing Mass","floor":48,"turns":2},{"damage":51,"enemies":"conspire:OrnateMirror","floor":50,"turns":3}],"seed_played":"-6659010082332832135","potions_obtained":[{"floor":2.0,"key":"Strength Potion"},{"floor":8.0,"key":"Ancient Potion"},{"floor":12.0,"key":"PowerPotion"},{"floor":22.0,"key":"testmod-TestPotion"},{"floor":33.0,"key":"Dexterity Potion"},{"floor":36.0,"key":"testmod-TestPotion"},{"floor":44.0,"key":"Explosive Potion"},{"floor":45.0,"key":"SmokeBomb"},{"floor":46.0,"key":"AttackPotion"}],"is_trial":false,"path_per_floor":["M","M","?","$","?","R","E","M","T","$","R","E","?","M","R","B",null,"M","$","M","?","M","E","R","E","T","R","M","$","M","E","R","B",null,"M","?","$","M","?","R","E","R","T","M","E","M","$","M","R","B",null],"character_chosen":"MARISA","items_purchased":["MagicAbsorber+1","REME_CardOfGreed","testmod-TurbochargingSystem","InkBottle","Toolbox"],"campfire_rested":0,"item_purchase_floors":[4,19,29,47,47],"current_hp_per_floor":[75,75,75,75,57,57,75,75,75,75,75,75,75,75,75,75,75,75,75,75,75,75,75,75,75,75,75,75,75,75,75,75,75,75,75,75,75,75,75,73,73,73,73,73,73,73,73,73,71,69],"gold":471,"neow_bonus":"THREE_ENEMY_KILL","is_daily":false,"chose_seed":false,"campfire_upgraded":6,"win_rate":0.0,"timestamp":1607872949,"path_taken":["M","M","?","$","?","R","E","M","T","$","R","E","?","M","R","BOSS","M","$","M","?","M","E","R","E","T","R","M","$","M","E","R","BOSS","M","?","$","M","?","R","E","R","T","M","E","M","$","M","R","BOSS"],"items_purchased_type":["Card","Relic","Relic","Relic","Relic"],"build_version":"2020-11-30","purchased_purges":6,"victory":true,"max_hp_per_floor":[75,75,75,75,75,75,75,75,75,75,75,75,75,75,75,75,75,75,75,75,75,75,75,75,75,75,75,75,75,75,75,75,75,75,75,75,75,75,75,73,73,73,73,73,73,73,73,73,71,71],"relic_stats":{"Blood Vial":0,"counters":[26,52],"Ornamental Fan":[28],"CeramicFish":162,"Black Star":5,"Art of War":[0],"Question Card":30,"Boot":[78],"obtain_stats":[{"Divine Protection":21,"DaveBox":0,"LagranYue:RandomDrawCardRelic":0,"DianPoetry":39,"CeramicFish":5,"Blue Doll":9,"Replay:Multitool":23,"Boot":25,"Pet Ghost":7,"conspire:TopHat":25,"Blood Vial":12,"Frozen Eye":23,"testmod-CrystalShield":41,"Chameleon Ring":36,"Ring of Fangs":43,"conspire:DecoderRing":23,"Toolbox":47,"testmod-TheFather":21,"Replay:Bottled Eggs":3,"InkBottle":47,"ImportantClient":16,"testmod-TestBox":0,"NeowsBlessing":0,"testmod-FatalChain":26,"ReplayTheSpireMod:Ring of Addiction":36,"testmod-TurbochargingSystem":29,"testmod-ConstraintPeriapt":0,"Question Card":1,"Calling Bell":21,"testmod-Fortitude":31,"Anchor":43,"Transparent":0,"Ornamental Fan":41,"testmod-Acrobat":21,"ReplayTheSpireMod:Ring of Collecting":36,"ChiXiaoBlade":34,"Simple Rune":45,"Black Star":17,"Art of War":31,"MiniHakkero":0,"REME_CardOfGreed":19,"Mirror":45,"Toy Ornithopter":36,"REME_ComplimentaryCards":0},{"Divine Protection":10,"DaveBox":0,"LagranYue:RandomDrawCardRelic":0,"DianPoetry":20,"CeramicFish":3,"Blue Doll":5,"Replay:Multitool":12,"Boot":13,"Pet Ghost":4,"conspire:TopHat":13,"Blood Vial":6,"Frozen Eye":11,"testmod-CrystalShield":21,"Chameleon Ring":18,"Ring of Fangs":21,"conspire:DecoderRing":12,"Toolbox":24,"testmod-TheFather":10,"Replay:Bottled Eggs":3,"InkBottle":24,"ImportantClient":8,"testmod-TestBox":0,"NeowsBlessing":0,"testmod-FatalChain":13,"ReplayTheSpireMod:Ring of Addiction":18,"testmod-TurbochargingSystem":14,"testmod-ConstraintPeriapt":0,"Question Card":1,"Calling Bell":10,"testmod-Fortitude":16,"Anchor":21,"Transparent":0,"Ornamental Fan":21,"testmod-Acrobat":10,"ReplayTheSpireMod:Ring of Collecting":18,"ChiXiaoBlade":17,"Simple Rune":23,"Black Star":8,"Art of War":16,"MiniHakkero":0,"REME_CardOfGreed":9,"Mirror":23,"Toy Ornithopter":18,"REME_ComplimentaryCards":0},{"Divine Protection":21,"DaveBox":0,"LagranYue:RandomDrawCardRelic":0,"DianPoetry":40,"CeramicFish":4,"Blue Doll":9,"Replay:Multitool":26,"Boot":28,"Pet Ghost":8,"conspire:TopHat":28,"Blood Vial":12,"Frozen Eye":23,"testmod-CrystalShield":43,"Chameleon Ring":37,"Ring of Fangs":43,"conspire:DecoderRing":26,"Toolbox":47,"testmod-TheFather":21,"Replay:Bottled Eggs":4,"InkBottle":47,"ImportantClient":18,"testmod-TestBox":0,"NeowsBlessing":0,"testmod-FatalChain":28,"ReplayTheSpireMod:Ring of Addiction":37,"testmod-TurbochargingSystem":29,"testmod-ConstraintPeriapt":0,"Question Card":1,"Calling Bell":21,"testmod-Fortitude":32,"Anchor":43,"Transparent":0,"Ornamental Fan":43,"testmod-Acrobat":21,"ReplayTheSpireMod:Ring of Collecting":37,"ChiXiaoBlade":36,"Simple Rune":46,"Black Star":18,"Art of War":32,"MiniHakkero":0,"REME_CardOfGreed":19,"Mirror":46,"Toy Ornithopter":37,"REME_ComplimentaryCards":0}],"Toy Ornithopter":0,"InkBottle":[4]},"card_choices":[{"not_picked":["NonDirectionalLaser","MilkyWay"],"picked":"ShootingEcho","floor":1.0},{"not_picked":["AlicesGift","Singularity","EnergyRecoil","StarlightTyphoon"],"picked":"SKIP","floor":2.0},{"not_picked":["WitchLeyline","LuminesStrike","MilkyWay","BinaryStars"],"picked":"SKIP","floor":3.0},{"not_picked":["EarthLightRay","6A","MysteriousBeam"],"picked":"DragonMeteor","floor":5.0},{"not_picked":["DarkSpark","DC","DoubleSpark","MilkyWay"],"picked":"SKIP","floor":7.0},{"not_picked":["ShootingEcho","DoubleSpark","6A"],"picked":"AsteroidBelt","floor":8.0},{"not_picked":["Occultation","StarlightTyphoon","PowerUp","LuminesStrike"],"picked":"SKIP","floor":12.0},{"not_picked":["DC","DoubleSpark","GravityBeat"],"picked":"IllusionStar","floor":14.0},{"not_picked":["TreasureHunter","FinalSpark","SatelliteIllusion"],"picked":"UltimateShortwave","floor":16.0},{"not_picked":["DC","Singularity","6A+1"],"picked":"Robbery+1","floor":18.0},{"not_picked":["PowerUp","OpenUniverse","MeteoricShower+1","DC+1"],"picked":"SKIP","floor":20.0},{"not_picked":["BlazeAway+1","PropBag","AsteroidBelt","MeteoricShower"],"picked":"SKIP","floor":22.0},{"not_picked":["MaximisePower","WitchOfGreed","MysteriousBeam+1"],"picked":"WitchLeyline","floor":23.0},{"not_picked":["IllusionStar+1","SprinkleStarSeal+1","EnergyRecoil"],"picked":"WitchLeyline","floor":25.0},{"not_picked":["OrrerysSun","AsteroidBelt+1","GravityBeat"],"picked":"ManaConvection+1","floor":28.0},{"not_picked":["SuperPerseids","LuminesStrike","Acceleration"],"picked":"UltimateShortwave","floor":30.0},{"not_picked":["EnergyRecoil+1","PowerUp","BigCrunch","DC+1"],"picked":"SKIP","floor":31.0},{"not_picked":["MillisecondPulsars","EscapeVelocity","BigCrunch"],"picked":"SuperNova","floor":33.0},{"not_picked":["WitchOfGreed","MysteriousBeam","Occultation"],"picked":"Acceleration+1","floor":35.0},{"not_picked":["GalacticHalo","MysteriousBeam","EventHorizon","GrandCross+1"],"picked":"SKIP","floor":38.0},{"not_picked":["DoubleSpark+1","UnstableBomb","GrandCross+1"],"picked":"GalacticHalo+1","floor":39.0},{"not_picked":["IllusionStar","SporeBomb+1","ChargeUpSpray+1"],"picked":"UltimateShortwave","floor":41.0},{"not_picked":["Singularity+1","DoubleSpark","AsteroidBelt","OrrerysSun+1"],"picked":"SKIP","floor":44.0},{"not_picked":["PowerUp","ManaRampage","NonDirectionalLaser"],"picked":"SuperPerseids+1","floor":45.0},{"not_picked":["SporeBomb+1","DoubleSpark","GrandCross"],"picked":"WitchLeyline","floor":46.0},{"not_picked":["MilkyWay+1","Acceleration","SporeBomb+1"],"picked":"DeepEcoloBomb+1","floor":48}],"player_experience":409446,"relics_obtained":[{"floor":1.0,"key":"Question Card"},{"floor":3.0,"key":"Replay:Bottled Eggs"},{"floor":5.0,"key":"CeramicFish"},{"floor":7.0,"key":"Pet Ghost"},{"floor":9.0,"key":"Blue Doll"},{"floor":12.0,"key":"Blood Vial"},{"floor":16.0,"key":"ImportantClient"},{"floor":21.0,"key":"testmod-Acrobat"},{"floor":21.0,"key":"testmod-TheFather"},{"floor":21.0,"key":"Divine Protection"},{"floor":23.0,"key":"Replay:Multitool"},{"floor":23.0,"key":"conspire:DecoderRing"},{"floor":25.0,"key":"conspire:TopHat"},{"floor":25.0,"key":"Boot"},{"floor":26.0,"key":"testmod-FatalChain"},{"floor":31.0,"key":"testmod-Fortitude"},{"floor":31.0,"key":"Art of War"},{"floor":36.0,"key":"ReplayTheSpireMod:Ring of Addiction"},{"floor":36.0,"key":"ReplayTheSpireMod:Ring of Collecting"},{"floor":36.0,"key":"Chameleon Ring"},{"floor":36.0,"key":"Toy Ornithopter"},{"floor":39.0,"key":"DianPoetry"},{"floor":41.0,"key":"testmod-CrystalShield"},{"floor":41.0,"key":"Ornamental Fan"},{"floor":43.0,"key":"Ring of Fangs"},{"floor":43.0,"key":"Anchor"},{"floor":45.0,"key":"Simple Rune"},{"floor":45.0,"key":"Mirror"}],"event_choices":[{"damage_healed":0.0,"max_hp_gain":0.0,"max_hp_loss":0.0,"gold_gain":0.0,"event_name":"给自己的盒子","player_choice":"Swap Relic","floor":21.0,"relics_lost":["Calling Bell"],"gold_loss":0.0,"damage_taken":0.0,"relics_obtained":["Calling Bell"]},{"damage_healed":0.0,"max_hp_gain":0.0,"max_hp_loss":0.0,"gold_gain":0.0,"event_name":"Mysterious Sphere","player_choice":"Fight","floor":39.0,"gold_loss":0.0,"damage_taken":0.0}],"is_beta":false,"boss_relics":[{"not_picked":["Kintsugi","RhineFirstAidKit"],"picked":"Black Star"},{"not_picked":["testmod-Recursion","vexMod:RockOfEvil"],"picked":"ChiXiaoBlade"}],"items_purged_floors":[4,10,19,29,37,47],"is_endless":false,"potions_floor_spawned":[2,8,12,22,23,30,31,33,38,44,45,46,48],"ascension_level":6}}