{"host":"1sep654oresgee70","time":1607818366,"event":{"mods":["2.2 Compatiblity","Aspiration","BaseMod","Better Altar","Better Match","Better Note","Better Sensory Stone","Better Skull","Better Third Choice","Better Vampires","Better-Laid Plans","BetterRewards","Block Reminder","Conspire","Displayed Cursed Tome","Gold Saver","Hubris","Infinite Spire","Minty Spire (QoL Compilation)","Potion Indicator Mod","Quick Restart","Red Circlet Mod","Replay The Spire","Shop Mod","Spicy Shops","StSLib","Thieving Mod","Transform Curses","UnlockEverythingMod"],"gold_per_floor":[1876,1876,1921,46,91,91,136,161,211,211,301,346,0,45,45,345,345,390,16,16,61,106,106,196,241,266,311,261,306,306,351,351,651,651,696,822,930,188,233,233,296,341,366,411,456,456,27,52,52,52,52],"floor_reached":50,"playtime":2681,"items_purged":["Injury"],"score":716,"play_id":"b6f0c58b-87ce-4a47-93e3-a617f8113030","local_time":"20201213011246","daily_mods":["Chimera","ControlledChaos","Midas"],"is_ascension_mode":false,"campfire_choices":[{"floor":10,"key":"REST"},{"floor":23,"key":"REST"},{"floor":30,"key":"REST"},{"floor":32,"key":"REST"},{"floor":40,"key":"REST"},{"floor":46,"key":"REST"},{"floor":49,"key":"REST"}],"circlet_count":0,"master_deck":["Bash","Survivor","Zap","Eruption","Strike_R+1","Strike_G+1","Strike_B","Defend_R","Defend_G","Defend_P","Halt+1","PathToVictory+1","Replay:Sssssssssstrike+1","ForeignInfluence+1","ReachHeaven+1","Conclude+1","Nirvana+1","WreathOfFlame","Master of Strategy","JustLucky+1","ThirdEye","Vengeance","WheelKick+1","DevaForm+1","BowlingBash+1","Replay:BluntJabs+1","FollowUp+1","Omniscience+1","CutThroughFate+1","Mayhem+1","Crescendo","Omniscience+1","Bash+1","Survivor","Zap","Eruption+1","Strike_R+1","Strike_G+1","Strike_B+1","Defend_R+1","Defend_G","Defend_P","Halt+1","PathToVictory+1","Replay:Sssssssssstrike+1","ForeignInfluence+1","ReachHeaven+1","Conclude+1","Nirvana+1","WreathOfFlame+1","Master of Strategy","JustLucky+1","ThirdEye","Vengeance","WheelKick+1","DevaForm+1","BowlingBash+1","Replay:BluntJabs+1","FollowUp+1","Omniscience+1","CutThroughFate+1","Mayhem+1","Crescendo","Omniscience+1","BowlingBash+1","PathToVictory","InnerPeace","Swivel+1","Vengeance","Perseverance+1","MasterReality+1","ThirdEye","MasterReality+1","The Bomb","Tantrum+1","Replay:Bootleg Shield Generator","FlyingSleeves+1","WreathOfFlame","ForeignInfluence","ForeignInfluence+1","CrushJoints+1","Apotheosis","EmptyBody","CutThroughFate+1","LikeWater+1","JustLucky+1","Worship"],"relics":["PureWater","Frozen Eye","Frozen Egg 2","aspiration:ArtOfWarUpgrade","Molten Egg 2","Toolbox","ReplayTheSpireMod:TigerMarble","MerchantsRug","Omamori","Boot","Replay:WaspNest","Membership Card","Busted Crown","hubris:Metronome","Regal Pillow","DollysMirror","hubris:SphereOfDissonance","aspiration:TomeofQuesting","Calling Bell","Centennial Puzzle","Replay:Bottled Eggs","Gambling Chip","infinitespire:Satchel","War Paint","TungstenRod","infinitespire:ShieldingShard","HandDrill","infinitespire:Lucky Rock","PreservedInsect","Dream Catcher","Ancient Tea Set","Bag of Preparation","hubris:TenFootPole"],"acts_visited":["Exordium","TheCity","TheBeyond"],"potions_floor_usage":[11,24,24,27,27,31,33,39,42,50,50,50],"damage_taken":[{"damage":0,"enemies":"Jaw Worm","floor":1,"turns":3},{"damage":2,"enemies":"Small Slimes","floor":3,"turns":4},{"damage":0,"enemies":"Cultist","floor":5,"turns":2},{"damage":16,"enemies":"Large Slime","floor":7,"turns":3},{"damage":6,"enemies":"3 Sentries","floor":11,"turns":3},{"damage":0,"enemies":"Red Slaver","floor":12,"turns":3},{"damage":5,"enemies":"Exordium Wildlife","floor":14,"turns":4},{"damage":20,"enemies":"The Guardian","floor":16,"turns":4},{"damage":2,"enemies":"Spheric Guardian","floor":18,"turns":3},{"damage":3,"enemies":"2 Thieves","floor":21,"turns":3},{"damage":7,"enemies":"Snake Plant","floor":22,"turns":2},{"damage":51,"enemies":"Nightmare","floor":24,"turns":5},{"damage":0,"enemies":"Snecko","floor":25,"turns":2},{"damage":9,"enemies":"Centurion and Healer","floor":27,"turns":4},{"damage":0,"enemies":"Chosen and Byrds","floor":29,"turns":4},{"damage":0,"enemies":"Cultist and Chosen","floor":31,"turns":4},{"damage":48,"enemies":"Collector","floor":33,"turns":5},{"damage":0,"enemies":"3 Darklings","floor":35,"turns":3},{"damage":18,"enemies":"2 Orb Walkers","floor":36,"turns":3},{"damage":0,"enemies":"3 Shapes","floor":39,"turns":3},{"damage":0,"enemies":"conspire:MimicChest","floor":41,"turns":2},{"damage":2,"enemies":"Spire Growth","floor":42,"turns":2},{"damage":18,"enemies":"4 Shapes","floor":44,"turns":3},{"damage":21,"enemies":"Maw","floor":45,"turns":6},{"damage":127,"enemies":"Time Eater","floor":50,"turns":8}],"seed_played":"-2740983366772686195","potions_obtained":[{"floor":1,"key":"ColorlessPotion"},{"floor":3,"key":"FearPotion"},{"floor":14,"key":"PowerPotion"},{"floor":24,"key":"CultistPotion"},{"floor":31,"key":"FearPotion"},{"floor":36,"key":"Strength Potion"},{"floor":39,"key":"SkillPotion"},{"floor":44,"key":"SkillPotion"}],"is_trial":false,"path_per_floor":["M","?","M","$","M","R","M","T","T","R","E","M","$","M","R","B",null,"M","$","?","M","M","R","NM","M","T","M","?","M","R","M","R","B",null,"M","?","?","$","M","R","?","M","T","M","M","R","$","T","R","B"],"character_chosen":"WATCHER","items_purchased":["Whetstone","Art of War","Molten Egg 2","Toolbox","Replay:Sssssssssstrike+1","ForeignInfluence+1","ReachHeaven+1","Conclude+1","Nirvana+1","Guide Book","Dexterity Potion","ReplayTheSpireMod:TigerMarble","WreathOfFlame","Master of Strategy","MerchantsRug","DevaForm+1","Membership Card","BowlingBash+1","Replay:BluntJabs+1","Mayhem+1","Crescendo","hubris:Metronome","Regal Pillow","DollysMirror","MasterReality+1","The Bomb","War Paint","Tantrum+1","TungstenRod","Replay:Bootleg Shield Generator","infinitespire:ShieldingShard","HandDrill","Strength Potion","Energy Potion","FlyingSleeves+1","Dream Catcher","Apotheosis","EmptyBody","Ancient Tea Set","CutThroughFate+1","Bag of Preparation","LikeWater+1","JustLucky+1"],"campfire_rested":7,"item_purchase_floors":[4,4,4,4,4,4,4,4,4,4,4,4,4,4,4,13,13,13,13,19,19,19,19,19,38,38,38,38,38,38,38,38,38,38,38,47,47,47,47,47,47,47,47],"current_hp_per_floor":[72,72,70,70,70,70,54,54,54,72,66,66,66,61,61,41,72,70,70,70,67,60,72,21,21,21,12,12,12,48,48,72,24,72,72,54,32,32,32,68,68,66,66,48,27,63,63,63,72,0,0],"gold":52,"neow_bonus":"","is_daily":true,"chose_seed":false,"campfire_upgraded":0,"win_rate":0.0,"timestamp":1607818366,"path_taken":["M","?","M","$","M","R","M","?","T","R","E","M","$","M","R","BOSS","M","$","?","?","M","R","NM","M","T","M","?","?","R","M","R","BOSS","M","?","?","$","?","R","?","M","T","M","M","R","?","?","R","BOSS"],"items_purchased_type":["Relic","Relic","Relic","Relic","Card","Card","Card","Card","Card","Relic","Potion","Relic","Card","Card","Relic","Card","Relic","Card","Card","Card","Card","Relic","Relic","Relic","Card","Card","Relic","Card","Relic","Card","Relic","Relic","Potion","Potion","Card","Relic","Card","Card","Relic","Card","Relic","Card","Card"],"build_version":"2020-11-30","purchased_purges":1,"victory":false,"max_hp_per_floor":[72,72,72,72,72,72,72,72,72,72,72,72,72,72,72,72,72,72,72,72,72,72,72,72,72,72,72,72,72,72,72,72,72,72,72,72,72,72,72,72,72,72,72,72,72,72,72,72,72,72,72],"card_choices":[{"not_picked":["Replay:Anticipation","InnerPeace"],"picked":"Halt","floor":1},{"not_picked":["EmptyFist","EmptyBody"],"picked":"PathToVictory","floor":3},{"not_picked":["Nirvana+1","Replay:AtTheReady"],"picked":"JustLucky+1","floor":5},{"not_picked":["Replay:AtTheReady","Conclude+1"],"picked":"ThirdEye","floor":7},{"not_picked":["Replay:BluntJabs+1","EmptyFist+1"],"picked":"Vengeance","floor":11},{"not_picked":["FlyingSleeves+1","FlurryOfBlows+1"],"picked":"WheelKick+1","floor":12},{"not_picked":["Evaluate","Sanctity"],"picked":"FollowUp+1","floor":14},{"not_picked":["Establishment+1","Replay:LoomingThreat+1"],"picked":"Omniscience","floor":16},{"not_picked":[],"picked":"CutThroughFate+1","floor":18},{"not_picked":[],"picked":"BowlingBash+1","floor":21},{"not_picked":[],"picked":"PathToVictory","floor":22},{"not_picked":[],"picked":"InnerPeace","floor":24},{"not_picked":[],"picked":"Swivel+1","floor":25},{"not_picked":["Replay:ManipulateFuture"],"picked":"SKIP","floor":27},{"not_picked":[],"picked":"Vengeance","floor":29},{"not_picked":[],"picked":"Perseverance+1","floor":31},{"not_picked":[],"picked":"MasterReality+1","floor":33},{"not_picked":["Crescendo+1"],"picked":"SKIP","floor":35},{"not_picked":[],"picked":"ThirdEye","floor":36},{"not_picked":[],"picked":"WreathOfFlame","floor":39},{"not_picked":[],"picked":"ForeignInfluence","floor":41},{"not_picked":["Replay:Hum+1"],"picked":"SKIP","floor":42},{"not_picked":[],"picked":"ForeignInfluence+1","floor":44},{"not_picked":[],"picked":"CrushJoints+1","floor":45},{"not_picked":[],"picked":"Worship","floor":49}],"player_experience":2283497,"relics_obtained":[{"floor":8,"key":"Omamori"},{"floor":9,"key":"Boot"},{"floor":11,"key":"Replay:WaspNest"},{"floor":24,"key":"hubris:SphereOfDissonance"},{"floor":26,"key":"aspiration:TomeofQuesting"},{"floor":34,"key":"Centennial Puzzle"},{"floor":34,"key":"Replay:Bottled Eggs"},{"floor":36,"key":"Gambling Chip"},{"floor":41,"key":"infinitespire:Lucky Rock"},{"floor":43,"key":"PreservedInsect"},{"floor":48,"key":"hubris:TenFootPole"}],"event_choices":[{"damage_healed":0,"gold_gain":0,"player_choice":"Bet on Owner","damage_taken":0,"max_hp_gain":0,"max_hp_loss":0,"event_name":"The Joust","floor":28,"gold_loss":50},{"damage_healed":0,"gold_gain":0,"player_choice":"Fight","damage_taken":0,"max_hp_gain":0,"max_hp_loss":0,"event_name":"Mysterious Sphere","floor":36,"gold_loss":0},{"damage_healed":0,"gold_gain":108,"player_choice":"RE GO ","damage_taken":25,"relics_obtained":["infinitespire:Satchel"],"max_hp_gain":0,"max_hp_loss":0,"event_name":"betterSkull:BetterSkull","floor":37,"gold_loss":0,"cards_upgraded":[]}],"is_beta":false,"boss_relics":[{"not_picked":["VioletLotus","aspiration:SecretTechniqueScroll"],"picked":"Busted Crown"},{"not_picked":["hubris:TerracottaHorce","Pandora\u0027s Box"],"picked":"Calling Bell"}],"items_purged_floors":[4],"is_endless":true,"potions_floor_spawned":[1,3,7,14,18,22,24,31,36,39,41,44],"killed_by":"Time Eater","ascension_level":0}}