{"host":"9ndbo4kgsfoemf7y","time":1607847750,"event":{"mods":["AchievementEnabler","BaseMod","Colored Map","DeckTracker","Keyboard Shortcuts","Minty Spire (QoL Compilation)","Permanent Neow","Quick Restart","Relic Stats","StSLib","SuperFastMode"],"gold_per_floor":[112,112,127,52,52,52,66,66,66,80,80,230,230,259,259,259,259],"floor_reached":16,"playtime":482,"items_purged":["Shame"],"score":221,"play_id":"c57a92d7-da0f-4b44-b594-2304bb32474c","local_time":"20201213172230","is_ascension_mode":true,"campfire_choices":[{"floor":6.0,"key":"REST"},{"data":"Terror","floor":11.0,"key":"SMITH"},{"data":"Crippling Poison","floor":13.0,"key":"SMITH"},{"floor":15.0,"key":"REST"}],"circlet_count":0,"master_deck":["AscendersBane","Strike_G","Strike_G","Strike_G","Strike_G","Defend_G","Defend_G","Defend_G","Defend_G+1","Defend_G+1","Survivor","Neutralize","Grand Finale","Crippling Poison+1","Backflip","Backflip","Glass Knife","Terror+1","Doubt"],"relics":["Ring of the Snake","War Paint","Paper Crane","Bag of Marbles"],"acts_visited":["Exordium"],"potions_floor_usage":[],"damage_taken":[{"damage":21.0,"enemies":"Jaw Worm","floor":1.0,"turns":7.0},{"damage":6.0,"enemies":"2 Louse","floor":3.0,"turns":3.0},{"damage":2.0,"enemies":"Small Slimes","floor":7.0,"turns":5.0},{"damage":3.0,"enemies":"3 Louse","floor":10.0,"turns":3.0},{"damage":0.0,"enemies":"Lagavulin","floor":14.0,"turns":3.0},{"damage":59,"enemies":"The Guardian","floor":16,"turns":19}],"seed_played":"1631899831314721804","potions_obtained":[{"floor":7.0,"key":"Block Potion"}],"is_trial":false,"path_per_floor":["M","?","M","$","?","R","M","?","T","M","R","?","R","E","R","B"],"character_chosen":"THE_SILENT","items_purchased":[],"campfire_rested":2,"item_purchase_floors":[],"current_hp_per_floor":[38,43,37,37,19,40,38,38,38,35,35,35,35,35,56,0,0],"gold":259,"neow_bonus":"THREE_RARE_CARDS","is_daily":false,"chose_seed":false,"campfire_upgraded":2,"win_rate":0.0,"timestamp":1607847750,"path_taken":["M","?","M","$","?","R","M","?","T","M","R","?","R","E","R","BOSS"],"items_purchased_type":[],"build_version":"2020-11-30","purchased_purges":1,"victory":false,"max_hp_per_floor":[66,71,71,71,71,71,71,71,71,71,71,71,71,71,71,71,71],"relic_stats":{"counters":[6,40],"War Paint":["Defend_G","Defend_G"],"obtain_stats":[{"Bag of Marbles":14,"War Paint":5,"Paper Crane":9,"Ring of the Snake":0},{"Bag of Marbles":5,"War Paint":2,"Paper Crane":3,"Ring of the Snake":0},{"Bag of Marbles":21,"War Paint":10,"Paper Crane":15,"Ring of the Snake":0}],"Ring of the Snake":[12]},"card_choices":[{"not_picked":["Bullet Time","Corpse Explosion"],"picked":"Grand Finale","floor":0.0},{"not_picked":["Backflip","Expertise"],"picked":"Crippling Poison","floor":1.0},{"not_picked":["Flying Knee","Terror"],"picked":"Backflip","floor":3.0},{"not_picked":["PiercingWail","Bane"],"picked":"Backflip","floor":7.0},{"not_picked":["Catalyst","PiercingWail"],"picked":"Terror","floor":10.0},{"not_picked":["Dodge and Roll","Underhanded Strike","A Thousand Cuts"],"picked":"SKIP","floor":14.0}],"player_experience":676630,"relics_obtained":[{"floor":9.0,"key":"Paper Crane"},{"floor":14.0,"key":"Bag of Marbles"}],"event_choices":[{"damage_healed":0.0,"max_hp_gain":5.0,"max_hp_loss":0.0,"gold_gain":0.0,"event_name":"Big Fish","player_choice":"Donut","floor":2.0,"gold_loss":0.0,"damage_taken":0.0},{"damage_healed":0.0,"max_hp_gain":0.0,"max_hp_loss":0.0,"gold_gain":0.0,"event_name":"Scrap Ooze","player_choice":"Success","floor":5.0,"gold_loss":0.0,"damage_taken":18.0,"relics_obtained":["War Paint"]},{"damage_healed":0.0,"max_hp_gain":0.0,"max_hp_loss":0.0,"gold_gain":0.0,"cards_transformed":["Strike_G"],"event_name":"Living Wall","player_choice":"Change","floor":8.0,"gold_loss":0.0,"damage_taken":0.0,"cards_obtained":["Glass Knife"]},{"damage_healed":0.0,"max_hp_gain":0.0,"max_hp_loss":0.0,"gold_gain":150.0,"event_name":"Liars Game","player_choice":"AGREE","floor":12.0,"gold_loss":0.0,"damage_taken":0.0,"cards_obtained":["Doubt"]}],"is_beta":false,"boss_relics":[],"items_purged_floors":[4],"is_endless":false,"potions_floor_spawned":[7],"killed_by":"The Guardian","ascension_level":16}}