{"host":"90jl2h70xtuoeg0i","time":1607848051,"event":{"mods":["AchievementEnabler","BaseMod","Colored Map","Colored Powertips","Minty Spire (QoL Compilation)","Relic Stats","ojb\u0027s Better Paths Mod","ojb\u0027s Info Mod"],"gold_per_floor":[109,109,126,138,151,151,186,186,186,213,213,213,228,238,238,315,315,332,332,88,104,4,4,24,50,98,126,144,156,156,156],"floor_reached":30,"playtime":3899,"items_purged":["Strike_G","Strike_G"],"score":508,"play_id":"0f59d8ab-506c-4c43-9a5e-ab6013170d75","local_time":"20201213032731","is_ascension_mode":true,"campfire_choices":[{"floor":6.0,"key":"REST"},{"floor":12.0,"key":"REST"},{"floor":15.0,"key":"REST"},{"floor":23.0,"key":"REST"}],"circlet_count":0,"master_deck":["AscendersBane","Strike_G","Strike_G","Strike_G","Defend_G","Defend_G+1","Defend_G","Defend_G","Survivor","Neutralize","PiercingWail+1","Poisoned Stab","Unload","Quick Slash","Leg Sweep","Doppelganger","Dash","Bouncing Flask","Unload","Dash","Crippling Poison","Trip","Eviscerate","Underhanded Strike+1","Predator+1","Backflip+1"],"relics":["Philosopher\u0027s Stone","Regal Pillow","Art of War","Gremlin Horn","Darkstone Periapt","HoveringKite","NlothsMask","Sundial","Mummified Hand"],"acts_visited":["Exordium","TheCity"],"potions_floor_usage":[29],"damage_taken":[{"damage":4.0,"enemies":"2 Louse","floor":1.0,"turns":2.0},{"damage":0.0,"enemies":"Jaw Worm","floor":3.0,"turns":4.0},{"damage":0.0,"enemies":"Cultist","floor":4.0,"turns":4.0},{"damage":0.0,"enemies":"Looter","floor":5.0,"turns":3.0},{"damage":22.0,"enemies":"3 Sentries","floor":7.0,"turns":9.0},{"damage":24.0,"enemies":"Lagavulin","floor":10.0,"turns":7.0},{"damage":28.0,"enemies":"Exordium Thugs","floor":13.0,"turns":7.0},{"damage":3.0,"enemies":"Red Slaver","floor":14.0,"turns":2.0},{"damage":28.0,"enemies":"Slime Boss","floor":16.0,"turns":12.0},{"damage":5.0,"enemies":"Chosen","floor":18.0,"turns":4.0},{"damage":33.0,"enemies":"3 Byrds","floor":21.0,"turns":4.0},{"damage":0.0,"enemies":"Centurion and Healer","floor":24.0,"turns":6.0},{"damage":14.0,"enemies":"Slavers","floor":25.0,"turns":5.0},{"damage":28.0,"enemies":"Book of Stabbing","floor":27.0,"turns":4.0},{"damage":12,"enemies":"Sentry and Sphere","floor":28,"turns":5},{"damage":0,"enemies":"Cultist and Chosen","floor":29,"turns":4},{"damage":9,"enemies":"Snake Plant","floor":30,"turns":1}],"seed_played":"-9010077470086833194","potions_obtained":[{"floor":1.0,"key":"PowerPotion"},{"floor":4.0,"key":"LiquidMemories"},{"floor":13.0,"key":"LiquidBronze"},{"floor":16.0,"key":"BlessingOfTheForge"},{"floor":21.0,"key":"Fruit Juice"},{"floor":24.0,"key":"Fire Potion"},{"floor":28,"key":"DuplicationPotion"}],"is_trial":false,"path_per_floor":["M","?","M","M","M","R","E","T","T","E","?","R","M","M","R","B",null,"M","?","$","M","$","R","M","E","T","E","M","M","M"],"character_chosen":"THE_SILENT","items_purchased":["Crippling Poison","Trip"],"campfire_rested":4,"item_purchase_floors":[20,20],"current_hp_per_floor":[55,35,35,35,35,54,32,32,32,8,8,42,14,11,45,17,54,49,49,49,16,16,50,55,41,41,13,1,1,0,0],"gold":156,"neow_bonus":"BOSS_RELIC","is_daily":false,"chose_seed":false,"campfire_upgraded":0,"win_rate":0.0,"timestamp":1607848051,"path_taken":["M","?","M","M","M","R","E","?","T","E","?","R","M","?","R","BOSS","M","?","?","M","$","R","M","E","T","E","M","?","M"],"items_purchased_type":["Card","Card"],"build_version":"2020-11-30","purchased_purges":2,"victory":false,"max_hp_per_floor":[66,66,66,66,66,66,66,66,66,66,66,66,66,66,66,66,66,66,66,66,66,66,66,71,71,71,71,71,71,71,71],"relic_stats":{"Darkstone Periapt":0,"Regal Pillow":45,"Gremlin Horn":[11,11],"counters":[17,83],"Sundial":[0],"Mummified Hand":[0],"HoveringKite":[14],"Art of War":[6],"obtain_stats":[{"Darkstone Periapt":10,"Regal Pillow":7,"Gremlin Horn":9,"Sundial":25,"Mummified Hand":27,"HoveringKite":17,"Philosopher\u0027s Stone":0,"Art of War":8,"Ring of the Snake":0,"NlothsMask":19},{"Darkstone Periapt":6,"Regal Pillow":5,"Gremlin Horn":5,"Sundial":13,"Mummified Hand":14,"HoveringKite":9,"Philosopher\u0027s Stone":0,"Art of War":5,"Ring of the Snake":0,"NlothsMask":10},{"Darkstone Periapt":29,"Regal Pillow":22,"Gremlin Horn":22,"Sundial":69,"Mummified Hand":73,"HoveringKite":50,"Philosopher\u0027s Stone":0,"Art of War":22,"Ring of the Snake":0,"NlothsMask":54}]},"card_choices":[{"not_picked":["Blur","Acrobatics"],"picked":"PiercingWail","floor":1.0},{"not_picked":["Slice","Prepared"],"picked":"Poisoned Stab","floor":3.0},{"not_picked":["Bane","Prepared"],"picked":"Unload","floor":4.0},{"not_picked":["Prepared","Acrobatics"],"picked":"Quick Slash","floor":5.0},{"not_picked":["Outmaneuver","Well Laid Plans"],"picked":"Leg Sweep","floor":7.0},{"not_picked":["Quick Slash","Envenom"],"picked":"Doppelganger","floor":10.0},{"not_picked":["Quick Slash","Blur"],"picked":"Dash","floor":13.0},{"not_picked":["Dodge and Roll","Deadly Poison"],"picked":"Bouncing Flask","floor":14.0},{"not_picked":["Night Terror","After Image"],"picked":"Unload","floor":16.0},{"not_picked":["PiercingWail","Leg Sweep"],"picked":"Dash","floor":18.0},{"not_picked":["Outmaneuver","Dodge and Roll+1"],"picked":"Eviscerate","floor":21.0},{"not_picked":["Blade Dance","Eviscerate"],"picked":"Underhanded Strike+1","floor":24.0},{"not_picked":["Expertise","Acrobatics"],"picked":"Predator+1","floor":25.0},{"not_picked":["Underhanded Strike","Slice","Cloak And Dagger"],"picked":"SKIP","floor":27.0},{"not_picked":["Backstab","Bane"],"picked":"Backflip+1","floor":28},{"not_picked":["Bane","Sucker Punch","Calculated Gamble"],"picked":"SKIP","floor":29}],"player_experience":1259661,"relics_obtained":[{"floor":7.0,"key":"Regal Pillow"},{"floor":8.0,"key":"Art of War"},{"floor":9.0,"key":"Gremlin Horn"},{"floor":10.0,"key":"Darkstone Periapt"},{"floor":25.0,"key":"Sundial"},{"floor":27.0,"key":"Mummified Hand"}],"event_choices":[{"damage_healed":0.0,"max_hp_gain":0.0,"max_hp_loss":0.0,"gold_gain":0.0,"event_name":"Shining Light","player_choice":"Entered Light","floor":2.0,"gold_loss":0.0,"damage_taken":20.0,"cards_upgraded":["Defend_G","PiercingWail"]},{"cards_removed":["Defend_G"],"damage_healed":0.0,"max_hp_gain":0.0,"max_hp_loss":0.0,"gold_gain":0.0,"event_name":"Wheel of Change","player_choice":"Card Removal","floor":11.0,"gold_loss":0.0,"damage_taken":0.0},{"damage_healed":0.0,"max_hp_gain":0.0,"max_hp_loss":0.0,"gold_gain":0.0,"event_name":"FaceTrader","player_choice":"Trade","floor":19.0,"gold_loss":0.0,"damage_taken":0.0,"relics_obtained":["NlothsMask"]}],"is_beta":false,"boss_relics":[{"not_picked":["Coffee Dripper","Sozu"],"picked":"HoveringKite"}],"items_purged_floors":[20,22],"is_endless":false,"potions_floor_spawned":[1,4,13,16,21,24,28],"killed_by":"Snake Plant","ascension_level":16}}