{"host":"3z9xbwjeimmg738z","time":1607818890,"event":{"mods":["Act Like it!","BaseMod","Colored Powertips","Defuse TimeMaze Blight","Downfall","GifTheSpireLib","Minty Spire (QoL Compilation)","Pale of the Ancients","Rare Cards Sparkle","StSLib"],"gold_per_floor":[99,125,136,156,188,205,205,220,70,101,113,124,36,21,32,32,32],"floor_reached":16,"playtime":1582,"items_purged":[],"score":124,"play_id":"aef83582-1216-4c14-a53d-b1b43d71eaf1","local_time":"20201212162130","daily_mods":["ControlledChaos"],"is_ascension_mode":false,"campfire_choices":[{"floor":1.0,"key":"RECALL"},{"data":"champ:DefensiveStyle","floor":9,"key":"SMITH"}],"circlet_count":0,"master_deck":["champ:Strike","champ:Strike","champ:Strike","champ:Strike","champ:Defend","champ:Defend","champ:Defend","champ:Defend","champ:Execute","champ:Taunt","champ:BringItOn+1","champ:EndlessRage","champ:DefensiveStyle+1","champ:IronFortress"],"relics":["champ:ChampionCrown","Frozen Eye","Toxic Egg 2","Eternal Feather","downfall:HeartBlessingRed","downfall:HeartBlessingBlue","CeramicFish"],"acts_visited":["Exordium"],"potions_floor_usage":[5,14,14,15],"damage_taken":[{"damage":21.0,"enemies":"3 Sentries","floor":2.0,"turns":6.0},{"damage":15.0,"enemies":"2 Louse","floor":3.0,"turns":4.0},{"damage":20,"enemies":"Jaw Worm","floor":4,"turns":3},{"damage":41,"enemies":"Gremlin Nob","floor":5,"turns":5},{"damage":12,"enemies":"Small Slimes","floor":6,"turns":4},{"damage":6,"enemies":"2 Fungi Beasts","floor":8,"turns":4},{"damage":29,"enemies":"3 Sentries","floor":10,"turns":9},{"damage":8,"enemies":"Red Slaver","floor":11,"turns":4},{"damage":19,"enemies":"Lots of Slimes","floor":12,"turns":5},{"damage":8,"enemies":"downfall:FleeingMerchant","floor":13,"turns":4},{"damage":30,"enemies":"downfall:FleeingMerchant","floor":14,"turns":4},{"damage":14,"enemies":"2 Fungi Beasts","floor":15,"turns":4},{"damage":67,"enemies":"downfall:Ironclad","floor":16,"turns":9}],"seed_played":"5895506888958440482","potions_obtained":[{"floor":4,"key":"LiquidBronze"},{"floor":6,"key":"Guardian:BlockOnCardUsePotion"},{"floor":10,"key":"PowerPotion"},{"floor":11,"key":"Guardian:BlockOnCardUsePotion"},{"floor":12,"key":"ColorlessPotion"}],"is_trial":true,"path_per_floor":["R","E","M","M","E","M","T","M","R","E","M","M","$","$","M","B"],"character_chosen":"THE_CHAMP","items_purchased":["champ:IronFortress"],"campfire_rested":0,"item_purchase_floors":[13],"current_hp_per_floor":[90,82,74,74,73,70,70,64,80,56,54,41,41,51,48,0,0],"gold":32,"neow_bonus":"","is_daily":false,"chose_seed":false,"campfire_upgraded":1,"win_rate":0.0,"timestamp":1607818890,"path_taken":["R","E","M","M","E","M","T","M","R","E","M","M","$","$","M","BOSS"],"items_purchased_type":["Card"],"build_version":"2020-11-30","purchased_purges":0,"victory":false,"max_hp_per_floor":[90,90,90,90,90,90,90,90,100,100,100,100,100,100,100,100,100],"card_choices":[{"not_picked":["champ:BladeFlurry","champ:DefensiveShout+1","champ:FlashCut"],"picked":"SKIP","floor":2.0},{"not_picked":["champ:SwordSigil+1","champ:LastStand"],"picked":"champ:BringItOn+1","floor":3.0},{"not_picked":["champ:FalseCounter+1","champ:ShieldSigil+1"],"picked":"champ:EndlessRage","floor":4},{"not_picked":["champ:Improvising","champ:ShieldSigil+1","champ:RisingSlash"],"picked":"SKIP","floor":5},{"not_picked":["champ:EnGarde+1","champ:BladeFlurry"],"picked":"champ:DefensiveStyle","floor":6},{"not_picked":["champ:TornadoPunch","champ:Circumvent+1","champ:CheapShot"],"picked":"SKIP","floor":8},{"not_picked":["champ:FanOfKnives","champ:BerserkersShout+1","champ:Control+1"],"picked":"SKIP","floor":10},{"not_picked":["champ:GladiatorsShout+1","champ:FanOfKnives","champ:Encircle"],"picked":"SKIP","floor":11},{"not_picked":["champ:Haymaker","champ:RapidStrikes","champ:RisingSlash"],"picked":"SKIP","floor":12},{"not_picked":["champ:ShieldSigil+1","champ:Encircle","champ:PerfectedStrike"],"picked":"SKIP","floor":13},{"not_picked":["champ:RageSigil+1","champ:Balance+1","champ:SteelEdge"],"picked":"SKIP","floor":14},{"not_picked":["champ:BringItOn+1","champ:ShieldSigil+1","champ:PerfectedStrike"],"picked":"SKIP","floor":15}],"player_experience":130660,"relics_obtained":[{"floor":2.0,"key":"Toxic Egg 2"},{"floor":5,"key":"Eternal Feather"},{"floor":10,"key":"CeramicFish"}],"event_choices":[],"is_beta":false,"boss_relics":[],"items_purged_floors":[],"is_endless":false,"potions_floor_spawned":[4,6,10,11,12],"killed_by":"downfall:Ironclad","ascension_level":0}}