{"host":"2461dio7vetlq1z3","time":1607880125,"event":{"mods":["AchievementEnabler","Aspiration","BaseMod","Hermit","Lobotomy","Minty Spire (QoL Compilation)","Relic Stats","Spicy Shops","StSLib","Waifu the Spire"],"gold_per_floor":[118,118,135,2,13,13,42,42,122,122,149,164,164,180,180,253,253,264,0,18,68,78,108,108,133,201,201,215,240,240,255,255,334,334,349,401,221,241,27,27,53,53,53,65,82,82,117,146,158,170,182,194,39,74,74,74],"floor_reached":55,"playtime":3203,"items_purged":["Strike_R","Strike_R","Strike_R"],"score":1416,"play_id":"a3405625-54c6-4c4d-bb61-44b1d17cbcfd","local_time":"20201213182205","is_ascension_mode":true,"campfire_choices":[{"data":"Combust","floor":6.0,"key":"SMITH"},{"data":"Uppercut","floor":8.0,"key":"SMITH"},{"data":"Bash","floor":10.0,"key":"SMITH"},{"floor":13.0,"key":"REST"},{"data":"Metallicize","floor":15.0,"key":"SMITH"},{"floor":24.0,"key":"REST"},{"floor":27.0,"key":"REST"},{"data":"Juggernaut","floor":30.0,"key":"SMITH"},{"data":"Metallicize","floor":32.0,"key":"SMITH"},{"data":"True Grit","floor":40.0,"key":"SMITH"},{"data":"True Grit","floor":42.0,"key":"SMITH"},{"floor":49.0,"key":"RECALL"},{"data":"Secret Technique","floor":52.0,"key":"SMITH"}],"circlet_count":0,"master_deck":["AscendersBane","Strike_R","Defend_R","Defend_R","Defend_R","Defend_R+1","Bash+1","Battle Trance","Metallicize+1","Dual Wield+1","Combust+1","Uppercut+1","True Grit","Power Through","Metallicize+1","Juggernaut+1","Headbutt+1","Evolve","True Grit+1","True Grit+1","Havoc","Juggernaut","Metallicize","Dual Wield+1","Entrench+1","Secret Technique+1","Burning Pact"],"relics":["Philosopher\u0027s Stone","aspiration:FrozenJewel","War Paint","aspiration:FetidBarrel","aspiration:ChemicalBlood","Velvet Choker","Mummified Hand","Smiling Mask","Thread and Needle","Self Forming Clay","Paper Frog","Runic Pyramid","CaptainsWheel","Sling","DollysMirror","Turnip","MawBank","Gambling Chip"],"acts_visited":["Exordium","TheCity","TheBeyond","TheEnding"],"potions_floor_usage":[55,55,55,55],"damage_taken":[{"damage":5.0,"enemies":"2 Louse","floor":1.0,"turns":2.0},{"damage":0.0,"enemies":"Cultist","floor":3.0,"turns":4.0},{"damage":0.0,"enemies":"Jaw Worm","floor":5.0,"turns":4.0},{"damage":31.0,"enemies":"Gremlin Nob","floor":7.0,"turns":4.0},{"damage":13.0,"enemies":"3 Sentries","floor":11.0,"turns":5.0},{"damage":2.0,"enemies":"Exordium Thugs","floor":12.0,"turns":3.0},{"damage":0.0,"enemies":"3 Louse","floor":14.0,"turns":3.0},{"damage":32.0,"enemies":"Hexaghost","floor":16.0,"turns":10.0},{"damage":11.0,"enemies":"Spheric Guardian","floor":18.0,"turns":4.0},{"damage":13.0,"enemies":"Shell Parasite","floor":20.0,"turns":4.0},{"damage":6.0,"enemies":"3 Cultists","floor":22.0,"turns":4.0},{"damage":11.0,"enemies":"Slavers","floor":23.0,"turns":3.0},{"damage":21.0,"enemies":"Gremlin Leader","floor":25.0,"turns":7.0},{"damage":3.0,"enemies":"Snake Plant","floor":28.0,"turns":3.0},{"damage":20.0,"enemies":"Slavers","floor":29.0,"turns":4.0},{"damage":1.0,"enemies":"Cultist and Chosen","floor":31.0,"turns":4.0},{"damage":5.0,"enemies":"Automaton","floor":33.0,"turns":5.0},{"damage":0.0,"enemies":"Orb Walker","floor":35.0,"turns":4.0},{"damage":17.0,"enemies":"2 Orb Walkers","floor":36.0,"turns":5.0},{"damage":10.0,"enemies":"3 Darklings","floor":38.0,"turns":6.0},{"damage":47.0,"enemies":"Reptomancer","floor":41.0,"turns":5.0},{"damage":1.0,"enemies":"4 Shapes","floor":44.0,"turns":3.0},{"damage":0.0,"enemies":"Sphere and 2 Shapes","floor":45.0,"turns":4.0},{"damage":8.0,"enemies":"Nemesis","floor":47.0,"turns":5.0},{"damage":1.0,"enemies":"Maw","floor":48.0,"turns":6.0},{"damage":15.0,"enemies":"Donu and Deca","floor":50.0,"turns":10.0},{"damage":34.0,"enemies":"Shield and Spear","floor":54.0,"turns":8.0},{"damage":59,"enemies":"The Heart","floor":55,"turns":8}],"seed_played":"-6730465960180072922","potions_obtained":[{"floor":5.0,"key":"Dexterity Potion"},{"floor":14.0,"key":"LiquidBronze"},{"floor":16.0,"key":"Dexterity Potion"},{"floor":18.0,"key":"Ancient Potion"},{"floor":25.0,"key":"Fruit Juice"},{"floor":25.0,"key":"LiquidMemories"},{"floor":28.0,"key":"FairyPotion"},{"floor":29.0,"key":"Strength Potion"},{"floor":29.0,"key":"EssenceOfSteel"},{"floor":36.0,"key":"FairyPotion"},{"floor":41.0,"key":"Explosive Potion"},{"floor":41.0,"key":"GamblersBrew"},{"floor":41.0,"key":"SteroidPotion"},{"floor":50.0,"key":"FearPotion"},{"floor":54.0,"key":"Regen Potion"},{"floor":54.0,"key":"LiquidBronze"}],"is_trial":false,"path_per_floor":["M","?","M","$","M","R","E","R","T","R","E","M","R","M","R","B",null,"M","$","M","?","M","E","R","E","T","R","M","E","R","M","R","B",null,"M","?","$","M","$","R","E","R","T","M","M","?","E","M","R","B",null,"R","$","E","B"],"character_chosen":"IRONCLAD","items_purchased":["aspiration:FrozenJewel","Mummified Hand","Sling","DollysMirror","GamblersBrew"],"campfire_rested":3,"item_purchase_floors":[4,19,37,39,53],"current_hp_per_floor":[63,63,63,63,63,63,32,32,32,32,19,17,39,39,39,7,58,47,47,34,34,28,17,39,18,18,40,42,22,22,21,21,16,64,64,47,47,37,37,37,22,22,22,21,21,21,13,12,12,24,66,66,66,41,0,0],"gold":74,"neow_bonus":"BOSS_RELIC","is_daily":false,"chose_seed":false,"campfire_upgraded":9,"win_rate":0.0,"timestamp":1607880125,"path_taken":["M","?","M","$","M","R","E","R","T","R","E","?","R","M","R","BOSS","M","?","M","?","M","E","R","E","T","R","M","E","R","M","R","BOSS","M","?","$","M","$","R","E","R","T","M","M","?","E","M","R","BOSS","R","$","E","BOSS"],"items_purchased_type":["Relic","Relic","Relic","Relic","Potion"],"build_version":"2020-11-30","purchased_purges":3,"victory":false,"max_hp_per_floor":[75,75,75,75,75,75,75,75,75,75,75,75,75,75,75,75,75,75,75,75,75,75,75,75,75,75,75,80,80,80,80,80,80,80,80,80,80,80,80,80,80,80,80,80,80,80,80,80,80,80,80,80,80,80,80,80],"relic_stats":{"counters":[28,137],"Mummified Hand":[184],"Self Forming Clay":[144],"Gambling Chip":[7],"Turnip":[12],"War Paint":["Defend_R","Dual Wield"],"Smiling Mask":150,"MawBank":72,"obtain_stats":[{"aspiration:FetidBarrel":9,"Self Forming Clay":26,"Velvet Choker":17,"Thread and Needle":25,"War Paint":7,"Smiling Mask":23,"Sling":37,"MawBank":47,"Burning Blood":0,"aspiration:FrozenJewel":4,"CaptainsWheel":36,"Mummified Hand":19,"DollysMirror":39,"Gambling Chip":54,"Philosopher\u0027s Stone":0,"Turnip":41,"aspiration:ChemicalBlood":11,"Paper Frog":29,"Runic Pyramid":34},{"aspiration:FetidBarrel":4,"Self Forming Clay":13,"Velvet Choker":8,"Thread and Needle":13,"War Paint":4,"Smiling Mask":12,"Sling":19,"MawBank":24,"Burning Blood":0,"aspiration:FrozenJewel":2,"CaptainsWheel":19,"Mummified Hand":9,"DollysMirror":20,"Gambling Chip":27,"Philosopher\u0027s Stone":0,"Turnip":21,"aspiration:ChemicalBlood":5,"Paper Frog":15,"Runic Pyramid":17},{"aspiration:FetidBarrel":14,"Self Forming Clay":57,"Velvet Choker":35,"Thread and Needle":57,"War Paint":14,"Smiling Mask":50,"Sling":82,"MawBank":105,"Burning Blood":0,"aspiration:FrozenJewel":6,"CaptainsWheel":82,"Mummified Hand":39,"DollysMirror":88,"Gambling Chip":129,"Philosopher\u0027s Stone":0,"Turnip":93,"aspiration:ChemicalBlood":19,"Paper Frog":64,"Runic Pyramid":73}]},"card_choices":[{"not_picked":["Twin Strike","Clash"],"picked":"Battle Trance","floor":1.0},{"not_picked":["Intimidate","Shrug It Off"],"picked":"Dual Wield","floor":3.0},{"not_picked":["Heavy Blade","Rupture"],"picked":"Combust","floor":5.0},{"not_picked":["Berserk","Pommel Strike"],"picked":"Uppercut","floor":7.0},{"not_picked":["Headbutt","Thunderclap"],"picked":"True Grit","floor":11.0},{"not_picked":["Warcry","Rampage"],"picked":"Power Through","floor":12.0},{"not_picked":["Flex","Perfected Strike"],"picked":"Metallicize","floor":14.0},{"not_picked":["Exhume","Demon Form"],"picked":"Juggernaut","floor":16.0},{"not_picked":["Bloodletting","Twin Strike"],"picked":"Headbutt+1","floor":18.0},{"not_picked":["Shrug It Off","Havoc"],"picked":"Evolve","floor":20.0},{"not_picked":["Bludgeon","Shrug It Off"],"picked":"True Grit","floor":22.0},{"not_picked":["Infernal Blade","Blood for Blood","Pommel Strike+1"],"picked":"SKIP","floor":23.0},{"not_picked":["Sentinel","Clothesline"],"picked":"True Grit","floor":25.0},{"not_picked":["Warcry","Headbutt"],"picked":"Havoc","floor":28.0},{"not_picked":["Whirlwind","Anger+1","Clash+1"],"picked":"SKIP","floor":29.0},{"not_picked":["Fire Breathing","Havoc","Dropkick"],"picked":"SKIP","floor":31.0},{"not_picked":["Impervious","Demon Form"],"picked":"Juggernaut","floor":33.0},{"not_picked":["Entrench","Heavy Blade"],"picked":"Metallicize","floor":35.0},{"not_picked":["Clothesline+1","Sword Boomerang","True Grit"],"picked":"SKIP","floor":38.0},{"not_picked":["Entrench","Sword Boomerang+1","Pommel Strike"],"picked":"SKIP","floor":41.0},{"not_picked":["Uppercut","Wild Strike+1","Twin Strike"],"picked":"SKIP","floor":44.0},{"not_picked":["Armaments","Power Through"],"picked":"Entrench+1","floor":45.0},{"not_picked":["Transmutation","Good Instincts"],"picked":"Secret Technique","floor":46.0},{"not_picked":["Sword Boomerang+1","Carnage"],"picked":"Burning Pact","floor":47.0},{"not_picked":["Hemokinesis+1","Cleave","Anger+1"],"picked":"SKIP","floor":48.0},{"not_picked":["Searing Blow+1","Wild Strike","Entrench"],"picked":"SKIP","floor":54.0}],"player_experience":685967,"relics_obtained":[{"floor":7.0,"key":"War Paint"},{"floor":9.0,"key":"aspiration:FetidBarrel"},{"floor":11.0,"key":"aspiration:ChemicalBlood"},{"floor":23.0,"key":"Smiling Mask"},{"floor":25.0,"key":"Thread and Needle"},{"floor":26.0,"key":"Self Forming Clay"},{"floor":29.0,"key":"Paper Frog"},{"floor":36.0,"key":"CaptainsWheel"},{"floor":41.0,"key":"Turnip"},{"floor":47.0,"key":"MawBank"},{"floor":54.0,"key":"Gambling Chip"}],"event_choices":[{"damage_healed":0.0,"max_hp_gain":0.0,"max_hp_loss":0.0,"gold_gain":0.0,"cards_transformed":["Strike_R"],"event_name":"Transmorgrifier","player_choice":"Transformed","floor":2.0,"gold_loss":0.0,"damage_taken":0.0,"cards_obtained":["Metallicize"]},{"damage_healed":0.0,"max_hp_gain":0.0,"max_hp_loss":0.0,"gold_gain":50.0,"event_name":"Nest","player_choice":"Stole From Cult","floor":21.0,"gold_loss":0.0,"damage_taken":0.0},{"damage_healed":0.0,"max_hp_gain":0.0,"max_hp_loss":0.0,"gold_gain":0.0,"event_name":"Mysterious Sphere","player_choice":"Fight","floor":36.0,"gold_loss":0.0,"damage_taken":0.0},{"damage_healed":0.0,"max_hp_gain":0.0,"max_hp_loss":0.0,"gold_gain":0.0,"event_name":"SensoryStone","player_choice":"Memory 1","floor":46.0,"gold_loss":0.0,"damage_taken":0.0}],"is_beta":false,"boss_relics":[{"not_picked":["aspiration:SilentSkillbook","aspiration:RitualDagger"],"picked":"Velvet Choker"},{"not_picked":["Calling Bell","Tiny House"],"picked":"Runic Pyramid"}],"items_purged_floors":[37,37,39],"is_endless":false,"potions_floor_spawned":[5,14,16,22,25,28,29,31,33,36,41,44,45,54],"killed_by":"The Heart","ascension_level":18}}