{"host":"k6qwgpygxbgz06bg","time":1607821559,"event":{"mods":["BaseMod","Beaked The Cultist","Better Third Choice","BetterRewards","Clockwork Mod","Colored Map","Friendly Minions","Infinite Spire","Marisa????????","Minty Spire (QoL Compilation)","Replay The Spire","StSLib","The Administrix","The Bug Knight","The Cursed","The Gatherer","The Mystic","The Witch"],"gold_per_floor":[119,44,61,74,34,34,50,50,50,50,68,84,84,84,84,187,187,198,198,208,208,208,208,33,33,58,77,77,77,95,95,95,193,193,210,210,5,18,18,18,18,18],"floor_reached":41,"playtime":2641,"items_purged":["Clockwork:Strike","Clockwork:Shield+1","Clockwork:Shield+1"],"score":504,"play_id":"f61177f2-6ef7-4eeb-b6b9-1f8f1292da13","local_time":"20201213020559","is_ascension_mode":false,"campfire_choices":[{"data":"Clockwork:Tinker","floor":6,"key":"SMITH"},{"data":"Clockwork:ChargingBlade","floor":8,"key":"SMITH"},{"data":"Clockwork:ElasticNanites","floor":10,"key":"SMITH"},{"data":"Clockwork:AssemblyLine","floor":13,"key":"SMITH"},{"data":"infinitespire:Oblivion","floor":15,"key":"SMITH"},{"data":"Clockwork:Improve","floor":23,"key":"SMITH"},{"data":"Clockwork:LiteraryArmor","floor":25,"key":"SMITH"},{"data":"Clockwork:SiegeStrike","floor":29,"key":"SMITH"},{"data":"infinitespire:Gouge","floor":32,"key":"SMITH"},{"data":"Clockwork:LogisticRegression","floor":40,"key":"SMITH"}],"circlet_count":0,"master_deck":["Clockwork:Strike+1","Clockwork:Strike+1","Clockwork:Shield+1","Clockwork:Tinker+1","Clockwork:WarmUp","Clockwork:ElasticNanites","Clockwork:ChargingBlade+1","Clockwork:ElasticNanites+1","Clockwork:Enhance","Clockwork:Clone","Clockwork:AssemblyLine+1","infinitespire:Oblivion+1","Clockwork:SiegeStrike+1","AbeCurse","Clockwork:Improve+1","Clockwork:RevUp","Clockwork:SearingStrike","Clockwork:AssemblyLine","Clockwork:LiteraryArmor+1","Clockwork:InertialShield","Clockwork:Roundhouse+1","infinitespire:Gouge+1","Apotheosis","Clockwork:RevUp+1","Clockwork:RevUp","Clockwork:LogisticRegression+1"],"relics":["Clockwork:MomentumEngine","HollowMod:QueensCombRelic","Divine Protection","Replay:Bottled Snecko","Abe\u0027s Treasure","Clockwork:Varja","HollowMod:LifeEnderRelic","Eternal Feather","beaked:SacredDeck"],"acts_visited":["Exordium","TheCity","TheBeyond"],"potions_floor_usage":[3,16,30,30,38],"damage_taken":[{"damage":0,"enemies":"Small Slimes","floor":1,"turns":7},{"damage":2,"enemies":"Cultist","floor":3,"turns":6},{"damage":0,"enemies":"Jaw Worm","floor":4,"turns":7},{"damage":3,"enemies":"Blue Slaver","floor":7,"turns":7},{"damage":14,"enemies":"Large Slime","floor":11,"turns":9},{"damage":12,"enemies":"3 Louse","floor":12,"turns":5},{"damage":0,"enemies":"Slime Boss","floor":16,"turns":8},{"damage":4,"enemies":"Spheric Guardian","floor":18,"turns":5},{"damage":8,"enemies":"Chosen","floor":20,"turns":5},{"damage":17,"enemies":"Centurion and Healer","floor":27,"turns":9},{"damage":0,"enemies":"Cultist and Chosen","floor":30,"turns":8},{"damage":0,"enemies":"Champ","floor":33,"turns":9},{"damage":12,"enemies":"3 Darklings","floor":35,"turns":9},{"damage":35,"enemies":"Orb Walker","floor":38,"turns":6},{"damage":44,"enemies":"Nightmare","floor":41,"turns":7}],"seed_played":"9009148670535222485","potions_obtained":[{"floor":1,"key":"Toxic Potion"},{"floor":5,"key":"Adrenaline Potion"},{"floor":5,"key":"Languid Potion"},{"floor":5,"key":"SteroidPotion"},{"floor":7,"key":"Adrenaline Potion"},{"floor":27,"key":"LiquidMemories"}],"is_trial":false,"path_per_floor":["M","$","M","M","?","R","M","R","T","R","M","M","R","?","R","B",null,"M","?","M","?","?","R","$","R","T","M","?","R","M","AVR","R","B",null,"M","?","$","M","$","R","NM"],"character_chosen":"CLOCKWORK","items_purchased":["Clockwork:ElasticNanites","HollowMod:QueensCombRelic","Divine Protection","Clockwork:LiteraryArmor","Clockwork:RevUp"],"campfire_rested":0,"item_purchase_floors":[0,0,0,24,37],"current_hp_per_floor":[56,56,54,56,56,56,53,53,53,53,42,44,44,30,30,56,56,52,52,48,48,48,48,48,48,48,35,35,35,56,56,56,56,56,44,44,44,17,17,32,0,0],"gold":18,"neow_bonus":"","is_daily":false,"chose_seed":false,"campfire_upgraded":10,"win_rate":0.0,"timestamp":1607821559,"path_taken":["M","$","M","M","?","R","M","R","T","R","M","?","R","?","R","BOSS","M","?","M","?","?","R","$","R","T","M","?","R","M","AVR","R","BOSS","M","?","$","M","$","R","NM"],"items_purchased_type":["Card","Relic","Relic","Card","Card"],"build_version":"2020-11-30","purchased_purges":3,"victory":false,"max_hp_per_floor":[56,56,56,56,56,56,56,56,56,56,56,56,56,56,56,56,56,56,56,56,56,56,56,56,56,56,56,56,56,56,56,56,56,56,56,56,56,56,56,56,56,56],"card_choices":[{"not_picked":["Clockwork:AdaptiveCannon","Clockwork:SystemHardening"],"picked":"Clockwork:ChargingBlade","floor":1},{"not_picked":["Clockwork:Redundancy","Clockwork:Friction"],"picked":"Clockwork:ElasticNanites","floor":3},{"not_picked":["Clockwork:SystemHardening","Clockwork:Minimalism"],"picked":"Clockwork:Enhance","floor":4},{"not_picked":["Clockwork:SystemHardening","Clockwork:Redundancy","Clockwork:MechanicalBulk"],"picked":"SKIP","floor":7},{"not_picked":["Clockwork:CogToss","Clockwork:Pluck"],"picked":"Clockwork:Clone","floor":11},{"not_picked":["Clockwork:EnthusiasticStrike","Clockwork:Roundhouse"],"picked":"Clockwork:AssemblyLine","floor":12},{"not_picked":["infinitespire:FutureSight","infinitespire:Punishment"],"picked":"infinitespire:Oblivion","floor":14},{"not_picked":["Clockwork:UnlimitedCogworks","Clockwork:Strangle"],"picked":"Clockwork:SiegeStrike","floor":16},{"not_picked":["Clockwork:Pluck","Clockwork:CogToss+1"],"picked":"Clockwork:Improve","floor":18},{"not_picked":["Clockwork:RampUp+1","Clockwork:Friction"],"picked":"Clockwork:RevUp","floor":20},{"not_picked":["Clockwork:AdaptiveCannon","Clockwork:Minimalism"],"picked":"Clockwork:InertialShield","floor":27},{"not_picked":["Clockwork:EnthusiasticStrike+1","Clockwork:MechanicalBulk"],"picked":"Clockwork:Roundhouse+1","floor":30},{"not_picked":["Clockwork:AeonShield","Clockwork:Inspiration"],"picked":"Clockwork:WindupStrike","floor":33},{"not_picked":["Clockwork:SearchingStrike+1","Clockwork:AdaptiveCannon+1"],"picked":"Clockwork:RevUp+1","floor":35},{"not_picked":["Clockwork:SearingStrike","Clockwork:CogToss+1"],"picked":"Clockwork:LogisticRegression","floor":38}],"player_experience":178830,"relics_obtained":[{"floor":9,"key":"Replay:Bottled Snecko"}],"event_choices":[{"damage_healed":0,"gold_gain":0,"player_choice":"Bought 3 Potions","damage_taken":0,"max_hp_gain":0,"max_hp_loss":0,"event_name":"The Woman in Blue","floor":5,"gold_loss":0},{"damage_healed":0,"gold_gain":0,"player_choice":"Read","damage_taken":0,"max_hp_gain":0,"max_hp_loss":0,"event_name":"The Library","floor":19,"gold_loss":0,"cards_obtained":["Clockwork:CraftVarja"]},{"damage_healed":0,"gold_gain":0,"cards_transformed":["Clockwork:Strike","Clockwork:Shield"],"player_choice":"Became Test Subject","damage_taken":0,"max_hp_gain":0,"max_hp_loss":0,"event_name":"Drug Dealer","floor":21,"gold_loss":0,"cards_obtained":["Clockwork:SearingStrike","Clockwork:AssemblyLine"]},{"damage_healed":0,"gold_gain":0,"player_choice":"Simplicity","damage_taken":0,"max_hp_gain":0,"max_hp_loss":5,"event_name":"betterThird:BetterWriting","floor":22,"gold_loss":0},{"cards_removed":["Clockwork:WoundupStrike"],"damage_healed":0,"gold_gain":0,"player_choice":"Purged","damage_taken":0,"max_hp_gain":0,"max_hp_loss":0,"event_name":"Purifier","floor":36,"gold_loss":0}],"is_beta":false,"boss_relics":[{"not_picked":["Runic Pyramid","beaked:MawFillet"],"picked":"Abe\u0027s Treasure"},{"not_picked":["SlaversCollar","Tiny House"],"picked":"beaked:SacredDeck"}],"items_purged_floors":[2,24,37],"is_endless":false,"potions_floor_spawned":[1,7,27],"killed_by":"Nightmare","ascension_level":0}}