{"host":"kyy1kus4tsuq869y","time":1607852465,"event":{"mods":["BaseMod","Downfall","GifTheSpireLib","HololiveMod","Hubris","Jorbs\u0027s Wanderer Trilogy","Marisa£®ÏF”Í°°ƒß¿Ì…≥£©","Minty Spire (QoL Compilation)","Quick Restart","READ ME - Guardian Mod","READ ME - Snecko Mod","Reimu£®≤©¿ˆ¡È√Œ£©","Remilia£®¿Ÿ√◊¿Ú—«£©","Replay The Spire","StSLib","Td1madao Mod","The Administrix","The Animator","The Bug Knight","The Construct","The Cursed","The Hierophant","The Runesmith","The Senshi","The Servant 0.9.4","Youmu£®ªÍ∆«—˝√Œ£©"],"gold_per_floor":[119,119,65,90,90,124,84,84,110,129,129,152,152,167,167,261,261,279,279,279,28,53,53,53,53,107,107,107,107],"floor_reached":28,"playtime":481,"items_purged":[],"score":491,"play_id":"f8cebef3-d0cd-41fe-8677-fd6e9e4644c2","local_time":"20201213174105","is_ascension_mode":true,"campfire_choices":[{"data":"Combust","floor":8,"key":"SMITH"},{"data":"Combust","floor":11,"key":"SMITH"},{"data":"Combust","floor":13,"key":"SMITH"},{"data":"Corruption","floor":15,"key":"SMITH"},{"data":"Reaper","floor":23,"key":"SMITH"},{"floor":25,"key":"REST"},{"data":"Reaper","floor":27,"key":"SMITH"}],"circlet_count":0,"master_deck":["AscendersBane","Strike_R","Strike_R","Strike_R","Strike_R","Strike_R","Defend_R","Defend_R","Defend_R","Defend_R","Bash","Combust+1","Combust+1","Feel No Pain","Shrug It Off+1","Combust+1","Flame Barrier","Corruption+1","Reaper+1","Shrug It Off+1","Reaper+1","Combust","Impervious"],"relics":["Burning Blood","NeowsBlessing","Golden Idol","WingedGreaves","HollowMod:PaleOreRelic","hubris:HollowSoul","Vajra"],"acts_visited":["Exordium","TheCity"],"potions_floor_usage":[14],"damage_taken":[{"damage":0,"enemies":"Small Slimes","floor":1,"turns":1},{"damage":0,"enemies":"Jaw Worm","floor":4,"turns":1},{"damage":0,"enemies":"Gremlin Nob","floor":6,"turns":1},{"damage":17,"enemies":"2 Louse","floor":10,"turns":2},{"damage":16,"enemies":"Looter","floor":12,"turns":4},{"damage":4,"enemies":"Gremlin Gang","floor":14,"turns":2},{"damage":42,"enemies":"Slime Boss","floor":16,"turns":7},{"damage":16,"enemies":"Chosen","floor":18,"turns":5},{"damage":39,"enemies":"Spheric Guardian","floor":22,"turns":6},{"damage":40,"enemies":"Book of Stabbing","floor":28,"turns":5}],"seed_played":"-6932581877318991671","potions_obtained":[{"floor":6,"key":"DistilledChaos"},{"floor":10,"key":"Cursed Concoction"},{"floor":22,"key":"champ:CounterPotion"}],"is_trial":false,"path_per_floor":["M","?","$","M","?","E","$","R","T","M","R","M","R","M","R","B",null,"M","?","?","$","M","R","?","R","T","R","E"],"character_chosen":"IRONCLAD","items_purchased":["Combust","Shrug It Off+1","Combust","Impervious"],"campfire_rested":1,"item_purchase_floors":[3,7,21,21],"current_hp_per_floor":[74,68,68,68,73,73,73,73,73,62,62,52,52,54,54,18,59,53,53,53,53,20,20,16,37,37,37,3,3],"gold":107,"neow_bonus":"THREE_ENEMY_KILL","is_daily":false,"chose_seed":false,"campfire_upgraded":6,"win_rate":0.0,"timestamp":1607852465,"path_taken":["M","?","$","M","?","E","$","R","T","M","R","M","R","M","R","BOSS","M","?","?","$","?","R","?","R","T","R","E"],"items_purchased_type":["Card","Card","Card","Card"],"build_version":"2020-11-30","purchased_purges":0,"victory":false,"max_hp_per_floor":[75,68,68,68,73,73,73,73,73,73,73,73,73,73,73,73,73,73,73,73,73,73,73,73,73,73,73,73,73],"card_choices":[{"not_picked":["Flex","ReplayTheSpireMod:Strike From Hell","Body Slam"],"picked":"SKIP","floor":1},{"not_picked":["Armaments","hubris:CleavingFinish","Run Through"],"picked":"SKIP","floor":4},{"not_picked":["Clothesline","ReplayTheSpireMod:Strike From Hell"],"picked":"Feel No Pain","floor":6},{"not_picked":["Wild Strike","Burning Pact"],"picked":"Combust","floor":10},{"not_picked":["Body Slam","Wild Strike"],"picked":"Flame Barrier","floor":12},{"not_picked":["Heavy Blade","Inflame"],"picked":"Corruption","floor":14},{"not_picked":["Immolate","Replay:Many Hands"],"picked":"Reaper","floor":16},{"not_picked":["Bloodletting+1","ReplayTheSpireMod:Muscle Training"],"picked":"Shrug It Off+1","floor":18},{"not_picked":["Dual Wield","Cleave","Armaments"],"picked":"SKIP","floor":22}],"player_experience":454038,"relics_obtained":[{"floor":6,"key":"WingedGreaves"},{"floor":9,"key":"HollowMod:PaleOreRelic"},{"floor":26,"key":"Vajra"}],"event_choices":[{"damage_healed":0,"gold_gain":0,"player_choice":"Lose Max HP","damage_taken":0,"relics_obtained":["Golden Idol"],"max_hp_gain":0,"max_hp_loss":7,"event_name":"Golden Idol","floor":2,"gold_loss":0},{"damage_healed":0,"gold_gain":0,"player_choice":"Donut","damage_taken":0,"max_hp_gain":5,"max_hp_loss":0,"event_name":"Big Fish","floor":5,"gold_loss":0},{"damage_healed":0,"gold_gain":0,"player_choice":"Copied","damage_taken":0,"max_hp_gain":0,"max_hp_loss":0,"event_name":"Duplicator","floor":20,"gold_loss":0,"cards_obtained":["Reaper"]},{"damage_healed":0,"gold_gain":0,"player_choice":"Bought 0 Potions","damage_taken":0,"max_hp_gain":0,"max_hp_loss":0,"event_name":"The Woman in Blue","floor":24,"gold_loss":0}],"is_beta":false,"boss_relics":[{"not_picked":["Busted Crown","Replay:Drink Me"],"picked":"hubris:HollowSoul"}],"items_purged_floors":[],"is_endless":false,"potions_floor_spawned":[6,10,22],"killed_by":"Book of Stabbing","ascension_level":19}}