{"host":"v8tku0dz2yrqv7cn","time":1607818756,"event":{"mods":["Bard","BaseMod","Better Third Choice","Gremlin Mod","Hermit","Mad Scientist","Mimic Mod","Minty Spire (QoL Compilation)","READ ME - Guardian Mod","Relic Stats","StSLib","The Bladedancer","The Cursed","The Mystic","The Necromancer","The Runesmith","The Servant 0.9.4"],"gold_per_floor":[117,117,135,145,158,190,205,155,155,166,199,210,285,285,285,285,285],"floor_reached":16,"playtime":785,"items_purged":[],"score":104,"play_id":"7d7adbf8-6502-474b-9f79-04c61be58929","local_time":"20201212181916","is_ascension_mode":false,"campfire_choices":[{"floor":15,"key":"REST"}],"circlet_count":0,"master_deck":["Strike_S","Strike_S","Defend_S","Defend_S","Defend_S+1","Defend_S","KidneyShot","Exchange","Luminosity+1","FastForward","Moonlight","TimeWarp","TimeWarp","BottledTime","FastForward","TimeTheft","Injury"],"relics":["Uniform","Oddly Smooth Stone","Regal Pillow","MealTicket","Golden Idol"],"acts_visited":["Exordium"],"potions_floor_usage":[6,16],"damage_taken":[{"damage":1,"enemies":"Jaw Worm","floor":1,"turns":4},{"damage":0,"enemies":"2 Louse","floor":3,"turns":2},{"damage":0,"enemies":"Small Slimes","floor":4,"turns":3},{"damage":1,"enemies":"Exordium Thugs","floor":5,"turns":4},{"damage":20,"enemies":"Gremlin Nob","floor":6,"turns":6},{"damage":1,"enemies":"Blue Slaver","floor":7,"turns":3},{"damage":9,"enemies":"Large Slime","floor":10,"turns":5},{"damage":0,"enemies":"Exordium Wildlife","floor":11,"turns":7},{"damage":0,"enemies":"Exordium Wildlife","floor":12,"turns":3},{"damage":43,"enemies":"Slime Boss","floor":16,"turns":12}],"seed_played":"3955365944951663141","potions_obtained":[{"floor":1,"key":"EssenceOfSteel"},{"floor":5,"key":"Weak Potion"},{"floor":7,"key":"BlessingOfTheForge"},{"floor":12,"key":"DistilledChaos"}],"is_trial":false,"path_per_floor":["M","?","M","M","M","E","M","?","T","M","MIM","M","?","?","R","B"],"character_chosen":"THE_SERVANT","items_purchased":[],"campfire_rested":1,"item_purchase_floors":[],"current_hp_per_floor":[64,51,51,51,50,30,29,29,29,20,20,20,9,9,43,0,0],"gold":285,"neow_bonus":"REMOVE_CARD","is_daily":false,"chose_seed":false,"campfire_upgraded":0,"win_rate":0.0,"timestamp":1607818756,"path_taken":["M","?","M","M","M","E","M","?","T","M","?","?","?","?","R","BOSS"],"items_purchased_type":[],"build_version":"2020-11-30","purchased_purges":0,"victory":false,"max_hp_per_floor":[65,65,65,65,65,65,65,65,65,65,65,65,65,65,65,65,65],"relic_stats":{"Regal Pillow":15,"counters":[10,49],"Golden Idol":0,"MealTicket":0,"obtain_stats":[{"Regal Pillow":9,"Golden Idol":14,"Oddly Smooth Stone":6,"MealTicket":11,"Uniform":0},{"Regal Pillow":6,"Golden Idol":9,"Oddly Smooth Stone":5,"MealTicket":8,"Uniform":0},{"Regal Pillow":22,"Golden Idol":37,"Oddly Smooth Stone":19,"MealTicket":34,"Uniform":0}]},"card_choices":[{"not_picked":["BottledTime","Replace"],"picked":"Luminosity","floor":1},{"not_picked":["StarChef","Replace"],"picked":"FastForward","floor":3},{"not_picked":["Ricochet","Starlight"],"picked":"Moonlight","floor":4},{"not_picked":["Alleviate","Deny"],"picked":"TimeWarp","floor":5},{"not_picked":["DoubleEdge","FastForward"],"picked":"TimeWarp","floor":6},{"not_picked":["Deadline","Snipe"],"picked":"BottledTime","floor":7},{"not_picked":["Defy","DoubleEdge"],"picked":"FastForward","floor":10},{"not_picked":["Defy","FanOfKnives"],"picked":"TimeTheft","floor":11},{"not_picked":["BottledTime","Read","Rewind"],"picked":"SKIP","floor":12}],"player_experience":140489,"relics_obtained":[{"floor":6,"key":"Oddly Smooth Stone"},{"floor":9,"key":"Regal Pillow"},{"floor":11,"key":"MealTicket"}],"event_choices":[{"damage_healed":64,"gold_gain":0,"player_choice":"Upgrade","damage_taken":13,"max_hp_gain":0,"max_hp_loss":65,"event_name":"betterThird:BetterShining","floor":2,"gold_loss":0,"cards_upgraded":["Defend_S","Luminosity"]},{"cards_removed":["Strike_S"],"damage_healed":0,"gold_gain":0,"player_choice":"Card Removal","damage_taken":0,"max_hp_gain":0,"max_hp_loss":0,"event_name":"The Cleric","floor":8,"gold_loss":50},{"damage_healed":0,"gold_gain":75,"player_choice":"Gold","damage_taken":11,"max_hp_gain":0,"max_hp_loss":0,"event_name":"betterThird:BetterGoop","floor":13,"gold_loss":0},{"damage_healed":0,"gold_gain":0,"player_choice":"Take Wound","damage_taken":0,"relics_obtained":["Golden Idol"],"max_hp_gain":0,"max_hp_loss":0,"event_name":"Golden Idol","floor":14,"gold_loss":0,"cards_obtained":["Injury"]}],"is_beta":false,"boss_relics":[],"items_purged_floors":[],"is_endless":false,"potions_floor_spawned":[1,5,7,12],"killed_by":"Slime Boss","ascension_level":0}}