{"host":"w6oy2nru13p3os12","time":1607900562,"event":{"mods":["BaseMod","BetterRewards","Colored Powertips","Conspire","Energized Spire","GungeonMod","Halation","Hubris","Mimic Mod","Minty Spire (QoL Compilation)","Permanent Neow","Quick Restart","Replay The Spire","Reworked Bosses","Spikes Relics","StSLib","The Jungle","Wandering Minibosses"],"gold_per_floor":[11,26,26,42,42,81,81,81,105,105,125,146,146,165,165,165,165],"floor_reached":16,"playtime":383,"items_purged":[],"score":194,"play_id":"c81b0a1b-feb2-4d96-ae1b-c37d5034180f","local_time":"20201213180242","is_ascension_mode":true,"campfire_choices":[{"floor":7,"key":"REST"},{"data":"Chaos","floor":13,"key":"SMITH"},{"floor":15,"key":"REST"}],"circlet_count":0,"master_deck":["AscendersBane","Strike_B","Strike_B","Strike_B","Strike_B","Defend_B","Defend_B","Defend_B","Defend_B","Zap","Dualcast","Mirror Shield","Ball Lightning","Consume","Capacitor","Streamline","Coolheaded","Chaos+1","White Noise"],"relics":["Cracked Core","Golden Idol","Toy Ornithopter","hubris:SlimyHat"],"acts_visited":["Exordium"],"potions_floor_usage":[6,11],"damage_taken":[{"damage":0,"enemies":"Jaw Worm","floor":1,"turns":4},{"damage":0,"enemies":"2 Louse","floor":2,"turns":3},{"damage":1,"enemies":"Cultist","floor":4,"turns":3},{"damage":59,"enemies":"Gremlin Nob","floor":6,"turns":6},{"damage":1,"enemies":"Blue Slaver","floor":11,"turns":3},{"damage":2,"enemies":"Large Slime","floor":12,"turns":6},{"damage":24,"enemies":"Exordium Wildlife","floor":14,"turns":6},{"damage":34,"enemies":"The Guardian","floor":16,"turns":2}],"seed_played":"-4511193842518604729","potions_obtained":[{"floor":2,"key":"Adrenaline Potion"},{"floor":6,"key":"DemoMod:LeadSkinPotion"}],"is_trial":false,"path_per_floor":["M","M","?","M","$","E","R","?","T","?","M","M","R","M","R","B"],"character_chosen":"DEFECT","items_purchased":[],"campfire_rested":2,"item_purchase_floors":[],"current_hp_per_floor":[64,64,64,63,63,4,25,25,25,25,29,27,27,3,24,0,0],"gold":165,"neow_bonus":"THREE_RARE_CARDS","is_daily":false,"chose_seed":false,"campfire_upgraded":1,"win_rate":0.0,"timestamp":1607900562,"path_taken":["M","M","?","M","$","E","R","?","T","?","?","M","R","M","R","BOSS"],"items_purchased_type":[],"build_version":"2020-11-30","purchased_purges":0,"victory":false,"max_hp_per_floor":[71,71,71,71,71,71,71,71,71,71,71,71,71,71,71,71,71],"card_choices":[{"not_picked":["ReplayTheSpireMod:Omega Cannon","Reboot"],"picked":"Mirror Shield","floor":0},{"not_picked":["Beam Cell","Cold Snap"],"picked":"Ball Lightning","floor":1},{"not_picked":["Redo","Skim"],"picked":"Consume","floor":2},{"not_picked":["ReplayTheSpireMod:Reroute Power","Coolheaded"],"picked":"Capacitor","floor":4},{"not_picked":["Barrage","Panic Button"],"picked":"Streamline","floor":6},{"not_picked":["Barrage","Meteor Strike"],"picked":"Coolheaded","floor":11},{"not_picked":["Coolheaded","Hologram"],"picked":"Chaos","floor":12},{"not_picked":["Barrage","Steam"],"picked":"White Noise","floor":14}],"player_experience":335974,"relics_obtained":[{"floor":6,"key":"Toy Ornithopter"},{"floor":9,"key":"hubris:SlimyHat"}],"event_choices":[{"damage_healed":0,"gold_gain":0,"player_choice":"Take Wound","damage_taken":0,"relics_obtained":["Golden Idol"],"max_hp_gain":0,"max_hp_loss":0,"event_name":"Golden Idol","floor":3,"gold_loss":0,"cards_obtained":["Injury"]},{"damage_healed":0,"gold_gain":0,"player_choice":"Ignored","damage_taken":0,"max_hp_gain":0,"max_hp_loss":0,"event_name":"Liars Game","floor":8,"gold_loss":0},{"cards_removed":["Injury"],"damage_healed":0,"gold_gain":0,"player_choice":"Purged","damage_taken":0,"max_hp_gain":0,"max_hp_loss":0,"event_name":"Purifier","floor":10,"gold_loss":0}],"is_beta":false,"boss_relics":[],"items_purged_floors":[],"is_endless":false,"potions_floor_spawned":[2,6],"killed_by":"The Guardian","ascension_level":18}}