{"host":"cwd5s03r1oaxs6mx","time":1607859278,"event":{"mods":["Act Like it!","BaseMod","Better Third Choice","BetterRewards","CapriCore","Card Filter","Colored Map","Custom Start","DeckTracker","Friendly Minions","Hubris","Infinite Spire","Minty Spire (QoL Compilation)","Quick Restart","Relic Stats","Shop Mod","Spicy Shops","StSLib","SuperFastMode"],"gold_per_floor":[115,15,31,48,63,97,112,123,123,123,142,156,62,73,73,149,149,166,81,81,81,91,91,101,101,101,101,136,136,147,65,65,65,65],"floor_reached":33,"playtime":1456,"items_purged":["Strike_R","Strike_R"],"score":592,"play_id":"0207aaf3-5f37-474a-95af-a90fb1a26b99","local_time":"20201213203438","is_ascension_mode":true,"campfire_choices":[{"data":"infinitespire:OneForAll","floor":10.0,"key":"SMITH"},{"floor":15.0,"key":"REST"},{"data":"Flash of Steel","floor":23.0,"key":"SMITH"},{"data":"Deep Breath","floor":25.0,"key":"SMITH"},{"data":"Rage","floor":29,"key":"SMITH"},{"data":"Flash of Steel","floor":32,"key":"SMITH"}],"circlet_count":0,"master_deck":["AscendersBane","Strike_R","Strike_R","Strike_R","Defend_R","Defend_R","Defend_R","Defend_R","Bash","Flash of Steel+1","Rage+1","Flash of Steel+1","infinitespire:OneForAll+1","Shrug It Off","Deep Breath+1","Double Tap","Exhume","Deep Breath"],"relics":["Burning Blood","infinitespire:BottledMercury","DollysMirror","PreservedInsect","Omamori","infinitespire:CheckeredPen","Sozu","infinitespire:WardingShard","hubris:BottledHeart","The Courier","Nunchaku"],"acts_visited":["Exordium","TheCity"],"potions_floor_usage":[],"damage_taken":[{"damage":0.0,"enemies":"Cultist","floor":1.0,"turns":3.0},{"damage":3.0,"enemies":"Jaw Worm","floor":3.0,"turns":3.0},{"damage":0.0,"enemies":"2 Louse","floor":4.0,"turns":3.0},{"damage":22.0,"enemies":"Red Slaver","floor":5.0,"turns":5.0},{"damage":68.0,"enemies":"3 Sentries","floor":6.0,"turns":17.0},{"damage":0.0,"enemies":"Exordium Wildlife","floor":7.0,"turns":6.0},{"damage":0.0,"enemies":"2 Fungi Beasts","floor":8.0,"turns":4.0},{"damage":13.0,"enemies":"Exordium Thugs","floor":11.0,"turns":4.0},{"damage":6.0,"enemies":"Looter","floor":12.0,"turns":2.0},{"damage":9.0,"enemies":"Lots of Slimes","floor":14.0,"turns":5.0},{"damage":29.0,"enemies":"Hexaghost","floor":16.0,"turns":10.0},{"damage":32.0,"enemies":"Chosen","floor":18.0,"turns":6.0},{"damage":0.0,"enemies":"Shell Parasite","floor":22.0,"turns":5.0},{"damage":0.0,"enemies":"Shelled Parasite and Fungi","floor":24.0,"turns":3.0},{"damage":0,"enemies":"Slavers","floor":28,"turns":6},{"damage":0,"enemies":"3 Cultists","floor":30,"turns":4},{"damage":7,"enemies":"Champ","floor":33,"turns":7}],"seed_played":"-5068540665907175660","potions_obtained":[{"floor":3.0,"key":"Weak Potion"},{"floor":5.0,"key":"Regen Potion"},{"floor":6.0,"key":"AttackPotion"}],"is_trial":false,"path_per_floor":["M","$","M","M","M","E","M","M","T","R","M","M","$","M","R","B",null,"M","?","?","$","M","R","M","R","T","?","E","R","M","$","R","B"],"character_chosen":"IRONCLAD","items_purchased":["Flash of Steel","Rage","infinitespire:BottledMercury","DollysMirror","PreservedInsect","Deep Breath","Deep Breath"],"campfire_rested":1,"item_purchase_floors":[0,0,0,0,0,13,31],"current_hp_per_floor":[74,74,75,75,59,12,18,24,24,24,17,17,17,14,36,13,60,34,34,1,1,1,1,1,1,1,1,1,1,1,1,1,0,0],"gold":65,"neow_bonus":"","is_daily":false,"chose_seed":false,"campfire_upgraded":5,"win_rate":0.0,"timestamp":1607859278,"path_taken":["M","$","M","M","M","E","M","M","T","R","M","?","?","M","R","BOSS","M","?","?","$","M","R","M","R","T","?","E","R","M","$","R","BOSS"],"items_purchased_type":["Card","Card","Relic","Relic","Relic","Card","Card"],"build_version":"2020-11-30","purchased_purges":2,"victory":false,"max_hp_per_floor":[75,75,75,75,75,75,75,75,75,75,75,75,75,75,75,75,75,75,75,1,1,1,1,1,1,1,1,1,1,1,1,1,1,1],"relic_stats":{"Sozu":3,"Nunchaku":[3],"counters":[245,916],"PreservedInsect":73,"obtain_stats":[{"infinitespire:BottledMercury":0,"Ginger":47,"Whetstone":48,"Bottled Tornado":0,"hubris:MysteriousPyramids":7,"Sling":54,"Blood Vial":27,"infinitespire:ShieldingShard":9,"Sundial":54,"MealTicket":30,"Kunai":55,"MerchantsRug":53,"Pear":39,"hubris:SphereOfDissonance":9,"Velvet Choker":17,"Eternal Feather":28,"Pen Nib":9,"infinitespire:Magic Flask":0,"Akabeko":47,"Runic Dome":17,"SlaversCollar":17,"hubris:BottledHeart":20,"CultistMask":10,"Mark of Pain":34,"StrikeDummy":27,"Unceasing Top":8,"infinitespire:PuzzleCube":40,"infinitespire:Cupcake":33,"hubris:Reverence":0,"hubris:Metronome":12,"Regal Pillow":25,"Singing Bowl":26,"Torii":40,"Magic Flower":43,"StoneCalendar":0,"Bag of Preparation":0,"Smiling Mask":9,"Burning Blood":0,"hubris:Backtick":17,"Shovel":12,"infinitespire:Bottled Soul":17,"Toolbox":54,"Chemical X":0,"hubris:ChampionShield":41,"hubris:GlazedTorus":0,"NeowsBlessing":0,"Golden Idol":5,"Thread and Needle":26,"PreservedInsect":20,"The Courier":26,"Omamori":30,"infinitespire:Lucky Rock":23,"infinitespire:CheckeredPen":9,"hubris:Towel":4,"Frozen Egg 2":7,"MawBank":13,"hubris:Spice":0,"Turnip":54,"Art of War":54,"Champion Belt":0,"Bottled Lightning":43,"hubris:CrackedHourglass":17,"Toy Ornithopter":12,"hubris:CrystalStatue":9,"Calipers":0,"Vajra":0,"Sozu":17,"Centennial Puzzle":7,"Lizard Tail":39,"HornCleat":43,"DollysMirror":0,"Strawberry":37,"Prayer Wheel":10,"Toxic Egg 2":0,"hubris:Teleporter":0,"Astrolabe":17,"Oddly Smooth Stone":45,"Charon\u0027s Ashes":0,"hubris:HollowSoul":34,"Letter Opener":17,"War Paint":46,"Question Card":23,"hubris:Zylophone":11,"Bronze Scales":9,"Molten Egg 2":0,"hubris:PeanutButter":48,"Nloth\u0027s Gift":19,"Black Star":17,"infinitespire:EmpoweringShard":25,"hubris:ToyBattleship":26,"Enchiridion":19,"Black Blood":34,"hubris:SlimyHat":0,"Incense Burner":29,"Empty Cage":17,"ClockworkSouvenir":28,"Nunchaku":40,"Mummified Hand":14,"Pantograph":6,"hubris:IronBody":41,"Red Mask":20,"Red Skull":7,"infinitespire:CursedDice":40,"infinitespire:FocusingShard":9,"Orichalcum":35,"Medical Kit":14,"White Beast Statue":44,"Mercury Hourglass":53,"Peace Pipe":25,"Strange Spoon":14,"Anchor":47,"infinitespire:WardingShard":19,"infinitespire:Satchel":0,"Bag of Marbles":54,"Membership Card":0,"hubris:Potato":26,"FossilizedHelix":0,"hubris:OldNail":6},{"infinitespire:BottledMercury":87,"Ginger":59,"Whetstone":111,"Bottled Tornado":20,"hubris:MysteriousPyramids":40,"Sling":62,"Blood Vial":33,"infinitespire:ShieldingShard":219,"Sundial":62,"MealTicket":102,"Kunai":202,"MerchantsRug":85,"Pear":192,"hubris:SphereOfDissonance":118,"Velvet Choker":178,"Eternal Feather":50,"Pen Nib":40,"infinitespire:Magic Flask":64,"Akabeko":83,"Runic Dome":44,"SlaversCollar":151,"hubris:BottledHeart":240,"CultistMask":6,"Mark of Pain":160,"StrikeDummy":99,"Unceasing Top":6,"infinitespire:PuzzleCube":163,"infinitespire:Cupcake":77,"hubris:Reverence":170,"hubris:Metronome":26,"Regal Pillow":126,"Singing Bowl":74,"Torii":80,"Magic Flower":81,"StoneCalendar":64,"Bag of Preparation":36,"Smiling Mask":17,"Burning Blood":0,"hubris:Backtick":27,"Shovel":175,"infinitespire:Bottled Soul":95,"Toolbox":201,"Chemical X":87,"hubris:ChampionShield":109,"hubris:GlazedTorus":64,"NeowsBlessing":0,"Golden Idol":67,"Thread and Needle":74,"PreservedInsect":96,"The Courier":242,"Omamori":158,"infinitespire:Lucky Rock":156,"infinitespire:CheckeredPen":235,"hubris:Towel":67,"Frozen Egg 2":91,"MawBank":18,"hubris:Spice":64,"Turnip":86,"Art of War":168,"Champion Belt":64,"Bottled Lightning":164,"hubris:CrackedHourglass":9,"Toy Ornithopter":209,"hubris:CrystalStatue":6,"Calipers":64,"Vajra":87,"Sozu":239,"Centennial Puzzle":16,"Lizard Tail":55,"HornCleat":109,"DollysMirror":36,"Strawberry":106,"Prayer Wheel":25,"Toxic Egg 2":141,"hubris:Teleporter":64,"Astrolabe":121,"Oddly Smooth Stone":58,"Charon\u0027s Ashes":12,"hubris:HollowSoul":53,"Letter Opener":27,"War Paint":110,"Question Card":31,"hubris:Zylophone":41,"Bronze Scales":24,"Molten Egg 2":36,"hubris:PeanutButter":166,"Nloth\u0027s Gift":10,"Black Star":72,"infinitespire:EmpoweringShard":74,"hubris:ToyBattleship":98,"Enchiridion":73,"Black Blood":130,"hubris:SlimyHat":141,"Incense Burner":186,"Empty Cage":224,"ClockworkSouvenir":33,"Nunchaku":193,"Mummified Hand":26,"Pantograph":173,"hubris:IronBody":135,"Red Mask":180,"Red Skull":146,"infinitespire:CursedDice":80,"infinitespire:FocusingShard":68,"Orichalcum":78,"Medical Kit":8,"White Beast Statue":196,"Mercury Hourglass":201,"Peace Pipe":48,"Strange Spoon":26,"Anchor":136,"infinitespire:WardingShard":240,"infinitespire:Satchel":112,"Bag of Marbles":201,"Membership Card":20,"hubris:Potato":32,"FossilizedHelix":64,"hubris:OldNail":218},{"infinitespire:BottledMercury":335,"Ginger":184,"Whetstone":432,"Bottled Tornado":76,"hubris:MysteriousPyramids":151,"Sling":188,"Blood Vial":132,"infinitespire:ShieldingShard":782,"Sundial":188,"MealTicket":395,"Kunai":701,"MerchantsRug":321,"Pear":672,"hubris:SphereOfDissonance":461,"Velvet Choker":641,"Eternal Feather":174,"Pen Nib":151,"infinitespire:Magic Flask":194,"Akabeko":307,"Runic Dome":167,"SlaversCollar":551,"hubris:BottledHeart":891,"CultistMask":18,"Mark of Pain":585,"StrikeDummy":380,"Unceasing Top":18,"infinitespire:PuzzleCube":597,"infinitespire:Cupcake":271,"hubris:Reverence":628,"hubris:Metronome":99,"Regal Pillow":480,"Singing Bowl":248,"Torii":287,"Magic Flower":294,"StoneCalendar":194,"Bag of Preparation":141,"Smiling Mask":57,"Burning Blood":0,"hubris:Backtick":105,"Shovel":635,"infinitespire:Bottled Soul":368,"Toolbox":699,"Chemical X":335,"hubris:ChampionShield":423,"hubris:GlazedTorus":194,"NeowsBlessing":0,"Golden Idol":203,"Thread and Needle":248,"PreservedInsect":373,"The Courier":899,"Omamori":578,"infinitespire:Lucky Rock":572,"infinitespire:CheckeredPen":864,"hubris:Towel":203,"Frozen Egg 2":347,"MawBank":63,"hubris:Spice":194,"Turnip":328,"Art of War":619,"Champion Belt":194,"Bottled Lightning":602,"hubris:CrackedHourglass":26,"Toy Ornithopter":727,"hubris:CrystalStatue":18,"Calipers":194,"Vajra":335,"Sozu":885,"Centennial Puzzle":54,"Lizard Tail":180,"HornCleat":423,"DollysMirror":141,"Strawberry":411,"Prayer Wheel":93,"Toxic Egg 2":522,"hubris:Teleporter":194,"Astrolabe":470,"Oddly Smooth Stone":183,"Charon\u0027s Ashes":39,"hubris:HollowSoul":177,"Letter Opener":105,"War Paint":427,"Question Card":120,"hubris:Zylophone":156,"Bronze Scales":89,"Molten Egg 2":141,"hubris:PeanutButter":610,"Nloth\u0027s Gift":30,"Black Star":238,"infinitespire:EmpoweringShard":248,"hubris:ToyBattleship":378,"Enchiridion":242,"Black Blood":488,"hubris:SlimyHat":522,"Incense Burner":658,"Empty Cage":807,"ClockworkSouvenir":132,"Nunchaku":675,"Mummified Hand":99,"Pantograph":633,"hubris:IronBody":501,"Red Mask":644,"Red Skull":537,"infinitespire:CursedDice":287,"infinitespire:FocusingShard":208,"Orichalcum":273,"Medical Kit":23,"White Beast Statue":683,"Mercury Hourglass":699,"Peace Pipe":172,"Strange Spoon":99,"Anchor":504,"infinitespire:WardingShard":891,"infinitespire:Satchel":445,"Bag of Marbles":699,"Membership Card":76,"hubris:Potato":123,"FossilizedHelix":194,"hubris:OldNail":778}],"Burning Blood":1109},"card_choices":[{"not_picked":["Flex","Wild Strike","Cleave"],"picked":"SKIP","floor":1.0},{"not_picked":["Warcry","Twin Strike","Perfected Strike"],"picked":"SKIP","floor":3.0},{"not_picked":["Perfected Strike","Feel No Pain"],"picked":"infinitespire:OneForAll","floor":4.0},{"not_picked":["Iron Wave","Cleave","Sever Soul"],"picked":"SKIP","floor":5.0},{"not_picked":["Limit Break","Twin Strike","Searing Blow"],"picked":"SKIP","floor":6.0},{"not_picked":["Clothesline","Dark Embrace","Twin Strike"],"picked":"SKIP","floor":7.0},{"not_picked":["True Grit","Cleave","Shrug It Off"],"picked":"SKIP","floor":8.0},{"not_picked":["True Grit","Cleave"],"picked":"Shrug It Off","floor":8.0},{"not_picked":["Sword Boomerang","Heavy Blade","Flex"],"picked":"SKIP","floor":11.0},{"not_picked":["Dark Embrace","True Grit","Armaments"],"picked":"SKIP","floor":12.0},{"not_picked":["Corruption","Shrug It Off","Flex"],"picked":"SKIP","floor":14.0},{"not_picked":["Barricade","Corruption"],"picked":"Double Tap","floor":16.0},{"not_picked":["Heavy Blade","Thunderclap","Burning Pact"],"picked":"SKIP","floor":18.0},{"not_picked":["Pommel Strike","Limit Break","Cleave"],"picked":"SKIP","floor":22.0},{"not_picked":["Iron Wave+1","Perfected Strike+1","Cleave"],"picked":"SKIP","floor":24.0},{"not_picked":["Anger","Searing Blow"],"picked":"Exhume","floor":28},{"not_picked":["Thunderclap+1","Sword Boomerang","True Grit"],"picked":"SKIP","floor":30}],"player_experience":900646,"relics_obtained":[{"floor":6.0,"key":"Omamori"},{"floor":9.0,"key":"infinitespire:CheckeredPen"},{"floor":26.0,"key":"The Courier"},{"floor":28,"key":"Nunchaku"}],"event_choices":[{"damage_healed":0.0,"max_hp_gain":0.0,"max_hp_loss":0.0,"gold_gain":0.0,"event_name":"Addict","player_choice":"Obtained Relic","floor":19.0,"gold_loss":85.0,"damage_taken":0.0,"relics_obtained":["infinitespire:WardingShard"]},{"damage_healed":0,"gold_gain":0,"player_choice":"0 cards matched","damage_taken":0,"max_hp_gain":0,"max_hp_loss":0,"event_name":"Match and Keep!","floor":27,"gold_loss":0,"cards_obtained":[]}],"is_beta":false,"boss_relics":[{"not_picked":["infinitespire:Burning Sword","Ectoplasm"],"picked":"Sozu"}],"items_purged_floors":[0,2],"is_endless":false,"potions_floor_spawned":[3,5,6,7,14,18,24,28],"killed_by":"Champ","ascension_level":20}}