{"host":"nukjzc0ca34w6eem","time":1607836810,"event":{"mods":["2.2 Compatiblity","AchievementEnabler","BaseMod","Colored Powertips","Minty Spire (QoL Compilation)","StSLib","The Animator"],"gold_per_floor":[111,111,36,111,125,159,185,210,210,220,220,249,265,292,292,393,393,413,91,118,133,150,150,150],"floor_reached":23,"playtime":1837,"items_purged":["animator:Strike","animator:Strike"],"score":341,"play_id":"ba8b5073-1572-48bc-b537-15cc5f23ef8c","local_time":"20201212212010","is_ascension_mode":true,"campfire_choices":[{"data":"animator:Millim","floor":15.0,"key":"SMITH"}],"circlet_count":0,"master_deck":["animator:Strike_Fate","animator:Defend_Fate","animator:Strike","animator:Defend","animator:Defend+1","animator:Defend+1","animator:Alexander","animator:Rider","animator:Shion","animator:Cocytus","animator:KrulTepes","animator:Berserker","animator:Kaijin","animator:Sebas+1","animator:Millim+1","animator:Albedo","animator:Illya","animator:EmiyaShirou"],"relics":["animator:LivingPicture","animator:TheMissingPiece","animator:PurgingStone","NeowsBlessing","Centennial Puzzle","Blood Vial","Shuriken","animator:OldCoffin","Anchor","Blood Vial","War Paint","Blood Vial","Sundial","Sozu","Membership Card","Question Card"],"acts_visited":["Exordium","TheCity"],"potions_floor_usage":[],"damage_taken":[{"damage":0.0,"enemies":"2 Louse","floor":1.0,"turns":1.0},{"damage":0.0,"enemies":"Cultist","floor":5.0,"turns":1.0},{"damage":0.0,"enemies":"3 Sentries","floor":6.0,"turns":2.0},{"damage":4.0,"enemies":"Jaw Worm","floor":7.0,"turns":3.0},{"damage":0.0,"enemies":"Gremlin Nob","floor":8.0,"turns":2.0},{"damage":22.0,"enemies":"Red Slaver","floor":10.0,"turns":4.0},{"damage":8.0,"enemies":"Lagavulin","floor":12.0,"turns":5.0},{"damage":8.0,"enemies":"Exordium Thugs","floor":13.0,"turns":3.0},{"damage":2.0,"enemies":"3 Sentries","floor":14.0,"turns":6.0},{"damage":29.0,"enemies":"Hexaghost","floor":16.0,"turns":8.0},{"damage":2.0,"enemies":"Chosen","floor":18.0,"turns":3.0},{"damage":18,"enemies":"Shell Parasite","floor":20,"turns":4},{"damage":5,"enemies":"Snecko","floor":21,"turns":3},{"damage":25,"enemies":"Shelled Parasite and Fungi","floor":22,"turns":6},{"damage":35,"enemies":"Gremlin Leader","floor":23,"turns":5}],"seed_played":"-9099171821760197371","potions_obtained":[{"floor":2.0,"key":"SmokeBomb"},{"floor":2.0,"key":"EntropicBrew"},{"floor":2.0,"key":"SkillPotion"},{"floor":7.0,"key":"LiquidMemories"},{"floor":10.0,"key":"LiquidMemories"},{"floor":12.0,"key":"SneckoOil"},{"floor":13.0,"key":"Block Potion"}],"is_trial":false,"path_per_floor":["M","?","$","?","M","E","M","E","T","M","T","E","M","E","R","B",null,"M","$","M","M","M","E"],"character_chosen":"THE_ANIMATOR","items_purchased":["Membership Card","Question Card"],"campfire_rested":0,"item_purchase_floors":[19,19],"current_hp_per_floor":[66,66,66,60,60,60,56,56,56,36,36,30,26,28,28,5,51,56,56,44,45,26,0,0],"gold":150,"neow_bonus":"THREE_ENEMY_KILL","is_daily":false,"chose_seed":false,"campfire_upgraded":1,"win_rate":0.0,"timestamp":1607836810,"path_taken":["M","?","?","?","M","E","M","E","T","?","?","E","M","E","R","BOSS","M","$","M","M","M","E"],"items_purchased_type":["Relic","Relic"],"build_version":"2020-11-30","purchased_purges":2,"victory":false,"max_hp_per_floor":[66,66,66,66,66,66,66,66,66,66,66,66,66,66,66,66,66,67,67,67,67,67,67,67],"card_choices":[{"not_picked":["animator:Mitsuba","animator:Guy"],"picked":"animator:Shion","floor":1.0},{"not_picked":["animator:Millim","animator:KyokoSakura"],"picked":"animator:Cocytus","floor":5.0},{"not_picked":["animator:Raven","animator:AcuraAkari"],"picked":"animator:KrulTepes","floor":6.0},{"not_picked":["animator:ShinjiMatou","animator:Rider"],"picked":"animator:Berserker","floor":7.0},{"not_picked":["animator:DwarfShaman","animator:Souei"],"picked":"animator:Kaijin","floor":8.0},{"not_picked":["animator:PandorasActor","animator:RoyMustang"],"picked":"animator:Sebas","floor":10.0},{"not_picked":["animator:Chris","animator:SuzuneAmano"],"picked":"animator:Millim","floor":12.0},{"not_picked":["animator:Aqua","animator:Laby","animator:Darkness"],"picked":"SKIP","floor":14.0},{"not_picked":["animator:Wiz","animator:Shiro"],"picked":"animator:Albedo","floor":16.0},{"not_picked":["animator:Kuribayashi","animator:ZankiKiguchi"],"picked":"animator:Illya","floor":18.0},{"not_picked":["animator:Gillette","animator:ChaikaTrabant","animator:Layla"],"picked":"animator:EmiyaShirou","floor":20},{"not_picked":["animator:Verdia+1","animator:Melzalgald+1","animator:Bozes","animator:Raven"],"picked":"SKIP","floor":22}],"player_experience":302264,"relics_obtained":[{"floor":6.0,"key":"Centennial Puzzle"},{"floor":8.0,"key":"Blood Vial"},{"floor":8.0,"key":"Shuriken"},{"floor":9.0,"key":"animator:OldCoffin"},{"floor":11.0,"key":"Anchor"},{"floor":12.0,"key":"Blood Vial"},{"floor":12.0,"key":"War Paint"},{"floor":14.0,"key":"Blood Vial"},{"floor":14.0,"key":"Sundial"}],"event_choices":[{"damage_healed":0.0,"max_hp_gain":0.0,"max_hp_loss":0.0,"gold_gain":0.0,"event_name":"Lab","player_choice":"Got Potions","floor":2.0,"gold_loss":0.0,"damage_taken":0.0},{"damage_healed":0.0,"max_hp_gain":0.0,"max_hp_loss":0.0,"gold_gain":75.0,"event_name":"FaceTrader","player_choice":"Touch","floor":4.0,"gold_loss":0.0,"damage_taken":6.0}],"is_beta":false,"boss_relics":[{"not_picked":["Tiny House","animator:CursedBlade"],"picked":"Sozu"}],"items_purged_floors":[3,19],"is_endless":false,"potions_floor_spawned":[5,7,10,12,13,20,21,22],"killed_by":"Gremlin Leader","ascension_level":5}}