{"host":"x5ow3h9y3elojghk","time":1607852977,"event":{"mods":["BaseMod","Downfall","Duelist Mod","KinomotoSakuraMod(ƒæ÷Æ±æ”£)","Marisa£®ÏF”Í°°ƒß¿Ì…≥£©","Minty Spire (QoL Compilation)","Reimu£®≤©¿ˆ¡È√Œ£©","Remilia£®¿Ÿ√◊¿Ú—«£©","StSLib","The Administrix","The Bug Knight","The Construct","The Cursed","The Hierophant","The Poker Player","The Runesmith","The Senshi","The Servant 0.9.4","Youmu£®ªÍ∆«—˝√Œ£©","[IsaacMod]“‘»ˆº‚À˛"],"gold_per_floor":[110,110,126,136,148,173,173,173,173,173,348,348,361,376,376],"floor_reached":14,"playtime":497,"items_purged":[],"score":90,"play_id":"9890f743-e4f9-4bdf-ab47-4375233a8fa5","local_time":"20201213174937","is_ascension_mode":false,"campfire_choices":[{"data":"HollowMod:theNailsmith","floor":8,"key":"SMITH"},{"data":"HollowMod:AwokenDreamNail","floor":12,"key":"SMITH"}],"circlet_count":0,"master_deck":["HollowMod:NailStrikeStart","HollowMod:NailStrikeStart","HollowMod:NailStrikeStart","HollowMod:NailStrikeStart","HollowMod:QuickDashStart","HollowMod:QuickDashStart","HollowMod:QuickDashStart","HollowMod:QuickDashStart","HollowMod:FocusHealStart","HollowMod:PogoStrike","BettingIsNotGood","HollowMod:theNailsmith+1","HollowMod:BrokenVessel","HollowMod:AwokenDreamNail+1","HollowMod:MothsMistake+1","Doubt"],"relics":["HollowMod:VesselMask","HushsDoor","NeowsBlessing","GnawedLeaf","HollowMod:LumaflyLanternRelic","DeathBook"],"acts_visited":["Exordium"],"potions_floor_usage":[4,14,14,14],"damage_taken":[{"damage":0,"enemies":"Jaw Worm","floor":1,"turns":1},{"damage":0,"enemies":"Cultist","floor":3,"turns":1},{"damage":0,"enemies":"Small Slimes","floor":4,"turns":1},{"damage":15,"enemies":"Looter","floor":5,"turns":3},{"damage":56,"enemies":"3 Sentries","floor":6,"turns":7},{"damage":0,"enemies":"3 Louse","floor":13,"turns":1},{"damage":43,"enemies":"Lagavulin","floor":14,"turns":6}],"seed_played":"1393538489783955759","potions_obtained":[{"floor":1,"key":"DistilledChaos"},{"floor":5,"key":"Weak Potion"},{"floor":6,"key":"Regen Potion"},{"floor":13,"key":"DuplicationPotion"}],"is_trial":false,"path_per_floor":["M","?","M","M","M","E","?","R","T","?","?","R","M","E"],"character_chosen":"THE_BUGKNIGHT","items_purchased":[],"campfire_rested":0,"item_purchase_floors":[],"current_hp_per_floor":[75,75,75,75,60,10,10,10,10,10,10,10,10,0,0],"gold":376,"neow_bonus":"THREE_ENEMY_KILL","is_daily":false,"chose_seed":false,"campfire_upgraded":2,"win_rate":0.0,"timestamp":1607852977,"path_taken":["M","?","M","?","M","E","?","R","T","?","?","R","M","E"],"items_purchased_type":[],"build_version":"2020-11-30","purchased_purges":0,"victory":false,"max_hp_per_floor":[75,75,75,75,75,75,75,75,75,75,75,75,75,75,75],"card_choices":[{"not_picked":[],"picked":"BettingIsNotGood","floor":0},{"not_picked":["HollowMod:DescendingDark","HollowMod:HeavyBlow","HollowMod:ChannelNail"],"picked":"SKIP","floor":1},{"not_picked":["HollowMod:HowlingWraiths","HollowMod:WraithStrike"],"picked":"HollowMod:BrokenVessel","floor":3},{"not_picked":["HollowMod:DoubleDash","HollowMod:CornifersMapStart","HollowMod:NewJinnsSoul"],"picked":"SKIP","floor":4},{"not_picked":["HollowMod:InfectionAssault","HollowMod:GreatSlash"],"picked":"HollowMod:AwokenDreamNail","floor":5},{"not_picked":["HollowMod:HowlingWraiths","HollowMod:FallenFury"],"picked":"HollowMod:MothsMistake","floor":6},{"not_picked":["HollowMod:NewLittleFool","HollowMod:GreatSlash","HollowMod:HeavyBlow"],"picked":"SKIP","floor":13}],"player_experience":278772,"relics_obtained":[{"floor":6,"key":"HollowMod:LumaflyLanternRelic"},{"floor":9,"key":"DeathBook"}],"event_choices":[{"damage_healed":0,"gold_gain":0,"player_choice":"1 cards matched","damage_taken":0,"max_hp_gain":0,"max_hp_loss":0,"event_name":"Match and Keep!","floor":2,"gold_loss":0,"cards_obtained":["HollowMod:theNailsmith"]},{"damage_healed":0,"gold_gain":0,"player_choice":"Grow","damage_taken":0,"max_hp_gain":0,"max_hp_loss":0,"event_name":"Living Wall","floor":7,"gold_loss":0,"cards_upgraded":["HollowMod:MothsMistake"]},{"damage_healed":0,"gold_gain":175,"player_choice":"AGREE","damage_taken":0,"max_hp_gain":0,"max_hp_loss":0,"event_name":"Liars Game","floor":11,"gold_loss":0,"cards_obtained":["Doubt"]}],"is_beta":false,"boss_relics":[],"items_purged_floors":[],"is_endless":false,"potions_floor_spawned":[1,5,6,13],"killed_by":"Lagavulin","ascension_level":0}}