{"host":"ow9msrs9p2ctkx99","time":1607864965,"event":{"mods":["AchievementEnabler","BaseMod","Colored Map","Colored Powertips","Minty Spire (QoL Compilation)","Permanent Neow","Quick Restart","SuperFastMode"],"gold_per_floor":[218,236,11,186,186,186,216,216,286,298,298,331,331,343,343,444,444,424,424,439,81,97,97,107,107,153,153,171,151,98,133,133,230,230,250,300,300,317,317,317,340,340,340,103,103,26,44,63,63,63,63,63,18,45,45,45],"floor_reached":55,"playtime":1379,"items_purged":["Strike_B"],"score":1132,"play_id":"8c083b20-61e3-4695-b760-ec1b502d9f60","local_time":"20201213140925","is_ascension_mode":true,"campfire_choices":[{"data":"Defragment","floor":6,"key":"SMITH"},{"data":"Coolheaded","floor":8,"key":"SMITH"},{"floor":15,"key":"REST"},{"data":"Defragment","floor":23,"key":"SMITH"},{"data":"Turbo","floor":27,"key":"SMITH"},{"data":"Dualcast","floor":32,"key":"SMITH"},{"floor":40,"key":"RECALL"},{"data":"Lockon","floor":49,"key":"SMITH"},{"floor":52,"key":"REST"}],"circlet_count":0,"master_deck":["AscendersBane","Zap","Dualcast+1","Cold Snap","Lockon+1","Defragment+1","Coolheaded+1","Steam","BootSequence","Self Repair","All For One","Glacier","Genetic Algorithm","Genetic Algorithm","Chill","Defragment+1","Gash","Steam Power+1","Skim","Master of Strategy","Panacea","Turbo+1","Doom and Gloom+1","FTL","Conserve Battery","Leap","Defragment+1","Core Surge","Redo+1","Fusion+1","Tempest+1","Master of Strategy","Heatsinks","Defragment+1","Compile Driver+1","Melter+1","Static Discharge","Skim+1"],"relics":["Cracked Core","Membership Card","Potion Belt","Symbiotic Virus","InkBottle","DataDisk","Pandora\u0027s Box","OrangePellets","Question Card","Juzu Bracelet","Nuclear Battery","WingedGreaves","Bag of Marbles","Bottled Flame","Oddly Smooth Stone","Cables","DollysMirror","Du-Vu Doll"],"acts_visited":["Exordium","TheCity","TheBeyond","TheEnding"],"potions_floor_usage":[12,24,31,33,50,50,54,55,55],"damage_taken":[{"damage":8,"enemies":"Small Slimes","floor":1,"turns":4},{"damage":8,"enemies":"2 Louse","floor":2,"turns":2},{"damage":20,"enemies":"3 Sentries","floor":7,"turns":8},{"damage":2,"enemies":"Cultist","floor":10,"turns":3},{"damage":2,"enemies":"Gremlin Nob","floor":12,"turns":3},{"damage":0,"enemies":"Looter","floor":14,"turns":3},{"damage":29,"enemies":"Slime Boss","floor":16,"turns":8},{"damage":22,"enemies":"2 Thieves","floor":18,"turns":4},{"damage":0,"enemies":"Shell Parasite","floor":20,"turns":5},{"damage":1,"enemies":"Snecko","floor":22,"turns":5},{"damage":0,"enemies":"Centurion and Healer","floor":24,"turns":7},{"damage":0,"enemies":"3 Cultists","floor":28,"turns":4},{"damage":34,"enemies":"Gremlin Leader","floor":31,"turns":7},{"damage":22,"enemies":"Champ","floor":33,"turns":9},{"damage":9,"enemies":"Orb Walker","floor":35,"turns":6},{"damage":6,"enemies":"Mind Bloom Boss Battle","floor":36,"turns":8},{"damage":0,"enemies":"3 Darklings","floor":38,"turns":8},{"damage":1,"enemies":"Spire Growth","floor":47,"turns":4},{"damage":5,"enemies":"Jaw Worm Horde","floor":48,"turns":3},{"damage":57,"enemies":"Donu and Deca","floor":50,"turns":9},{"damage":26,"enemies":"Shield and Spear","floor":54,"turns":7},{"damage":52,"enemies":"The Heart","floor":55,"turns":3}],"seed_played":"4429630357346368841","potions_obtained":[{"floor":2,"key":"GamblersBrew"},{"floor":7,"key":"Fire Potion"},{"floor":10,"key":"FearPotion"},{"floor":24,"key":"Ancient Potion"},{"floor":31,"key":"ColorlessPotion"},{"floor":33,"key":"LiquidMemories"},{"floor":36,"key":"PowerPotion"},{"floor":47,"key":"SkillPotion"}],"is_trial":false,"path_per_floor":["M","M","$","?","?","R","E","R","T","M","?","E","?","M","R","B",null,"M","?","M","$","M","R","M","?","T","R","M","$","$","E","R","B",null,"M","?","?","M","?","R","T","?","T","$","?","$","M","M","R","B",null,"R","$","E","B"],"character_chosen":"DEFECT","items_purchased":["Membership Card","Defragment","OrangePellets","Skim","Question Card","Master of Strategy","Panacea","FTL","Conserve Battery","Leap","Oddly Smooth Stone","Cables","Heatsinks","DollysMirror","Static Discharge","AttackPotion"],"campfire_rested":2,"item_purchase_floors":[3,3,21,21,21,21,21,29,30,30,44,44,44,46,53,53],"current_hp_per_floor":[60,52,52,52,52,52,32,32,32,30,27,25,25,25,47,25,63,48,75,75,75,75,75,75,75,75,75,75,75,75,48,48,33,65,63,64,64,71,71,71,71,71,71,71,71,71,71,71,71,21,59,71,71,52,0,0],"gold":45,"neow_bonus":"HUNDRED_GOLD","is_daily":false,"chose_seed":false,"campfire_upgraded":6,"win_rate":0.0,"timestamp":1607864965,"path_taken":["M","M","$","?","?","R","E","R","T","?","?","E","?","?","R","BOSS","M","?","M","$","M","R","?","?","T","R","?","?","$","E","R","BOSS","M","?","?","M","?","R","?","?","T","$","?","$","M","M","R","BOSS","R","$","E","BOSS"],"items_purchased_type":["Relic","Card","Relic","Card","Relic","Card","Card","Card","Card","Card","Relic","Relic","Card","Relic","Card","Potion"],"build_version":"2020-11-30","purchased_purges":1,"victory":false,"max_hp_per_floor":[75,75,75,75,75,75,75,75,75,75,75,75,75,75,75,75,75,75,75,75,75,75,75,75,75,75,75,75,75,75,75,75,75,75,75,75,75,75,75,75,75,75,75,75,71,71,71,71,71,71,71,71,71,71,71,71],"card_choices":[{"not_picked":["Steam","Auto Shields"],"picked":"Cold Snap","floor":1},{"not_picked":["Leap","Streamline"],"picked":"Lockon","floor":2},{"not_picked":["Blizzard","Redo"],"picked":"Coolheaded","floor":7},{"not_picked":["Ball Lightning","Stack"],"picked":"Steam","floor":10},{"not_picked":["Meteor Strike","Storm"],"picked":"BootSequence","floor":12},{"not_picked":["Gash","Consume"],"picked":"Self Repair","floor":14},{"not_picked":["Hyperbeam","Fission"],"picked":"All For One","floor":16},{"not_picked":["Streamline","Sweeping Beam"],"picked":"Steam Power+1","floor":18},{"not_picked":["Scrape","Double Energy","Streamline"],"picked":"SKIP","floor":20},{"not_picked":["Steam+1","Beam Cell","Hyperbeam"],"picked":"Turbo","floor":22},{"not_picked":["Leap+1","Fusion","Barrage"],"picked":"Doom and Gloom+1","floor":24},{"not_picked":["Turbo","Coolheaded","Leap","Chaos"],"picked":"SKIP","floor":28},{"not_picked":["Redo","Coolheaded","Ball Lightning"],"picked":"Defragment+1","floor":31},{"not_picked":["Creative AI","Hyperbeam","Multi-Cast"],"picked":"Core Surge","floor":33},{"not_picked":["Scrape","Ball Lightning+1","Steam"],"picked":"Redo+1","floor":35},{"not_picked":["Sweeping Beam","Steam Power+1","Redo+1"],"picked":"Fusion+1","floor":36},{"not_picked":["Hologram","Reinforced Body","Steam+1"],"picked":"Tempest+1","floor":38},{"not_picked":["Barrage","Stack+1","Double Energy"],"picked":"Compile Driver+1","floor":47},{"not_picked":["Go for the Eyes","Reprogram","Machine Learning"],"picked":"Melter+1","floor":48},{"not_picked":["Genetic Algorithm","Turbo","Sweeping Beam"],"picked":"Skim+1","floor":54}],"player_experience":1013391,"relics_obtained":[{"floor":7,"key":"Potion Belt"},{"floor":9,"key":"Symbiotic Virus"},{"floor":12,"key":"DataDisk"},{"floor":31,"key":"Juzu Bracelet"},{"floor":36,"key":"WingedGreaves"},{"floor":41,"key":"Bag of Marbles"},{"floor":43,"key":"Bottled Flame"},{"floor":54,"key":"Du-Vu Doll"}],"event_choices":[{"damage_healed":0,"gold_gain":175,"player_choice":"AGREE","damage_taken":0,"max_hp_gain":0,"max_hp_loss":0,"event_name":"Liars Game","floor":4,"gold_loss":0,"cards_obtained":["Doubt"]},{"damage_healed":0,"gold_gain":0,"player_choice":"0 cards matched","damage_taken":0,"max_hp_gain":0,"max_hp_loss":0,"event_name":"Match and Keep!","floor":5,"gold_loss":0,"cards_obtained":[]},{"damage_healed":0,"gold_gain":0,"player_choice":"Success","damage_taken":3,"relics_obtained":["InkBottle"],"max_hp_gain":0,"max_hp_loss":0,"event_name":"Scrap Ooze","floor":11,"gold_loss":0},{"cards_removed":["Doubt"],"damage_healed":0,"gold_gain":0,"player_choice":"Purged","damage_taken":0,"max_hp_gain":0,"max_hp_loss":0,"event_name":"Purifier","floor":13,"gold_loss":0},{"cards_removed":["White Noise"],"damage_healed":27,"gold_gain":0,"player_choice":"Offered Uncommon","damage_taken":0,"max_hp_gain":0,"max_hp_loss":0,"event_name":"Bonfire Elementals","floor":19,"gold_loss":0},{"damage_healed":0,"gold_gain":0,"player_choice":"Bought 0 Potions","damage_taken":0,"max_hp_gain":0,"max_hp_loss":0,"event_name":"The Woman in Blue","floor":25,"gold_loss":0},{"damage_healed":0,"gold_gain":0,"player_choice":"Fight","damage_taken":0,"max_hp_gain":0,"max_hp_loss":0,"event_name":"MindBloom","floor":36,"gold_loss":0},{"damage_healed":0,"gold_gain":0,"player_choice":"Ignored","damage_taken":0,"max_hp_gain":0,"max_hp_loss":0,"event_name":"Tomb of Lord Red Mask","floor":37,"gold_loss":0},{"damage_healed":0,"gold_gain":0,"player_choice":"Ignored","damage_taken":0,"max_hp_gain":0,"max_hp_loss":0,"event_name":"Mysterious Sphere","floor":39,"gold_loss":0},{"damage_healed":0,"gold_gain":0,"player_choice":"Copied","damage_taken":0,"max_hp_gain":0,"max_hp_loss":0,"event_name":"Duplicator","floor":42,"gold_loss":0,"cards_obtained":["Master of Strategy"]},{"damage_healed":0,"gold_gain":0,"player_choice":"Max HP","damage_taken":0,"max_hp_gain":0,"max_hp_loss":4,"event_name":"Winding Halls","floor":45,"gold_loss":0}],"is_beta":false,"boss_relics":[{"not_picked":["Busted Crown","Cursed Key"],"picked":"Pandora\u0027s Box"},{"not_picked":["Fusion Hammer","Black Star"],"picked":"Nuclear Battery"}],"items_purged_floors":[3],"is_endless":false,"potions_floor_spawned":[2,7,10,24,31,33,36,47],"killed_by":"The Heart","ascension_level":11}}