{"host":"x1qj4d8ympd5jdqh","time":1607855229,"event":{"mods":["AchievementEnabler","AlwaysNeverKeys","BaseMod","Colored Map","Custom Start","DeckTracker","Highlight Path","Minty Spire (QoL Compilation)","StSLib","SuperFastMode"],"gold_per_floor":[119,136,136,61,80,109,109,119,164,182,162,5,20,34,34,34,34],"floor_reached":16,"playtime":286,"items_purged":["Defend_G"],"score":208,"play_id":"9b55bf58-1b88-4ed4-aac6-e40667fbf7ff","local_time":"20201213192709","is_ascension_mode":true,"campfire_choices":[{"data":"Dagger Spray","floor":7,"key":"SMITH"},{"data":"Neutralize","floor":15,"key":"SMITH"}],"circlet_count":0,"master_deck":["AscendersBane","Strike_G","Strike_G","Strike_G","Strike_G","Defend_G","Defend_G","Defend_G","Defend_G","Survivor","Neutralize+1","Flying Knee","Dagger Spray+1","After Image","Blade Dance+1","Escape Plan+1","Calculated Gamble+1"],"relics":["Ring of the Snake","NeowsBlessing","Toxic Egg 2","Ancient Tea Set","Membership Card"],"acts_visited":["Exordium"],"potions_floor_usage":[6,6],"damage_taken":[{"damage":0,"enemies":"Jaw Worm","floor":1,"turns":1},{"damage":0,"enemies":"Cultist","floor":2,"turns":1},{"damage":0,"enemies":"2 Louse","floor":5,"turns":1},{"damage":30,"enemies":"Gremlin Nob","floor":6,"turns":4},{"damage":12,"enemies":"Red Slaver","floor":8,"turns":4},{"damage":0,"enemies":"Looter","floor":10,"turns":3},{"damage":0,"enemies":"Gremlin Gang","floor":13,"turns":2},{"damage":1,"enemies":"Blue Slaver","floor":14,"turns":4},{"damage":0,"enemies":"Hexaghost","floor":16,"turns":3}],"seed_played":"-5789483437309885665","potions_obtained":[{"floor":2,"key":"Poison Potion"},{"floor":5,"key":"AttackPotion"},{"floor":8,"key":"SneckoOil"},{"floor":11,"key":"DuplicationPotion"},{"floor":13,"key":"LiquidMemories"}],"is_trial":false,"path_per_floor":["M","M","?","$","M","E","R","M","T","M","?","$","M","M","R","B"],"character_chosen":"THE_SILENT","items_purchased":["Membership Card"],"campfire_rested":0,"item_purchase_floors":[12],"current_hp_per_floor":[59,59,59,59,59,29,29,17,17,17,17,17,17,16,16,16,16],"gold":34,"neow_bonus":"THREE_ENEMY_KILL","is_daily":false,"chose_seed":false,"campfire_upgraded":2,"win_rate":0.0,"timestamp":1607855229,"path_taken":["M","M","?","$","?","E","R","?","T","M","?","$","M","M","R","BOSS"],"items_purchased_type":["Relic"],"build_version":"2020-11-30","purchased_purges":1,"victory":false,"max_hp_per_floor":[66,66,66,66,66,66,66,66,66,66,66,66,66,66,66,66,66],"card_choices":[{"not_picked":["Cloak And Dagger","Flechettes"],"picked":"Flying Knee","floor":1},{"not_picked":["Expertise","Caltrops","Bane"],"picked":"SKIP","floor":2},{"not_picked":["Poisoned Stab","Sucker Punch"],"picked":"Dagger Spray","floor":5},{"not_picked":["Skewer","Leg Sweep+1"],"picked":"After Image","floor":6},{"not_picked":["Acrobatics+1","Dodge and Roll+1"],"picked":"Blade Dance+1","floor":8},{"not_picked":["Endless Agony","Quick Slash"],"picked":"Escape Plan+1","floor":10},{"not_picked":["Flying Knee","Skewer"],"picked":"Calculated Gamble+1","floor":13},{"not_picked":["Underhanded Strike","Slice","Sucker Punch"],"picked":"SKIP","floor":14}],"player_experience":1212511,"relics_obtained":[{"floor":6,"key":"Toxic Egg 2"},{"floor":9,"key":"Ancient Tea Set"}],"event_choices":[{"cards_removed":["Strike_G"],"damage_healed":0,"gold_gain":0,"player_choice":"Purged","damage_taken":0,"max_hp_gain":0,"max_hp_loss":0,"event_name":"Purifier","floor":3,"gold_loss":0},{"damage_healed":0,"gold_gain":0,"player_choice":"Bought 1 Potion","damage_taken":0,"max_hp_gain":0,"max_hp_loss":0,"event_name":"The Woman in Blue","floor":11,"gold_loss":0}],"is_beta":false,"boss_relics":[],"items_purged_floors":[4],"is_endless":false,"potions_floor_spawned":[2,5,8,13],"killed_by":"Hexaghost","ascension_level":20}}