{"host":"exexdi9os29xec1d","time":1607860714,"event":{"mods":["Act Like it!","BaseMod","Colored Map","Conspire","Downfall","Gensokyo","Hero for Fun","Hubris","Infinite Spire","Marisa（F雨　魔理沙）","Minty Spire (QoL Compilation)","READ ME - Guardian Mod","Remilia（蕾米莉亚）","Replay The Spire","Shop Mod","StSLib","The Animator","The Bug Knight","The Cursed","The Disciple","The Hierophant","The Necromancer","The Servant 0.9.4","Youmu（魂魄妖梦）","[地精首领爬塔]The Maniac"],"gold_per_floor":[119,136,168,179,75,75,101,113,113,113,113,125,136,89,89,184,184,198,0,12,24,24,24,43,62,85,85,85],"floor_reached":27,"playtime":3644,"items_purged":[],"score":217,"play_id":"1cc3ac2b-0474-465f-ac1e-d11396c29f4a","local_time":"20201213195834","is_ascension_mode":false,"campfire_choices":[{"data":"HollowMod:PogoStrike","floor":6.0,"key":"SMITH"},{"data":"HollowMod:DashSlash","floor":11.0,"key":"SMITH"},{"data":"HollowMod:LordofShades","floor":15.0,"key":"SMITH"},{"floor":23,"key":"REST"}],"circlet_count":0,"master_deck":["HollowMod:NailStrikeStart","HollowMod:NailStrikeStart","HollowMod:NailStrikeStart","HollowMod:NailStrikeStart","HollowMod:QuickDashStart","HollowMod:QuickDashStart","HollowMod:QuickDashStart","HollowMod:QuickDashStart","HollowMod:PogoStrike+1","HollowMod:DashSlash+1","HollowMod:DescendingDark","HollowMod:CloakDash","HollowMod:DescendingDark","HollowMod:PerfectDash","HollowMod:SlysStrikes","HollowMod:CloakDash","HollowMod:DashSlash","HollowMod:LordofShades+1","HollowMod:ZotesMagnificence","HollowMod:CloakDash","HollowMod:MantisMark+1","HollowMod:WraithStrike","HollowMod:LifebloodCocoon"],"relics":["HollowMod:VesselMask","NeowsBlessing","Ancient Tea Set","Replay:PocketPolymizer","hubris:MysteriousPyramids","conspire:SlowCooker","Vajra","Boot"],"acts_visited":["Exordium","TheCity"],"potions_floor_usage":[],"damage_taken":[{"damage":0.0,"enemies":"Small Slimes","floor":1.0,"turns":1.0},{"damage":0.0,"enemies":"2 Louse","floor":2.0,"turns":1.0},{"damage":0.0,"enemies":"conspire:MimicChest","floor":3.0,"turns":1.0},{"damage":1.0,"enemies":"Cultist","floor":4.0,"turns":3.0},{"damage":44.0,"enemies":"Lagavulin","floor":7.0,"turns":8.0},{"damage":7.0,"enemies":"Red Slaver","floor":8.0,"turns":2.0},{"damage":0.0,"enemies":"Looter","floor":12.0,"turns":2.0},{"damage":16.0,"enemies":"Blue Slaver","floor":13.0,"turns":3.0},{"damage":21.0,"enemies":"HollowMod:FalseKnight","floor":16.0,"turns":10.0},{"damage":10,"enemies":"Chosen","floor":18,"turns":4},{"damage":18,"enemies":"Shell Parasite","floor":20,"turns":6},{"damage":26,"enemies":"Cultist and Chosen","floor":21,"turns":7},{"damage":4,"enemies":"Snecko","floor":24,"turns":3},{"damage":7,"enemies":"conspire:HollyBat","floor":25,"turns":7},{"damage":14,"enemies":"Colosseum Slavers","floor":27,"turns":4},{"damage":18,"enemies":"Colosseum Nobs","floor":27,"turns":2}],"seed_played":"-8551572362782586201","potions_obtained":[{"floor":2.0,"key":"PowerPotion"},{"floor":4.0,"key":"Venom Potion"},{"floor":7.0,"key":"PowerPotion"},{"floor":12.0,"key":"Fire Potion"},{"floor":18,"key":"Explosive Potion"}],"is_trial":false,"path_per_floor":["M","M","?","M","$","R","E","M","T","?","R","M","M","$","R","B",null,"M","$","M","M","?","R","M","M","T","?"],"character_chosen":"THE_BUGKNIGHT","items_purchased":["HollowMod:CloakDash","HollowMod:DescendingDark","HollowMod:DashSlash","Vajra","HollowMod:CloakDash"],"campfire_rested":1,"item_purchase_floors":[5,5,14,19,19],"current_hp_per_floor":[75,75,75,74,74,74,36,29,29,75,75,75,59,59,59,38,75,65,65,47,21,21,43,39,32,32,0,0],"gold":85,"neow_bonus":"THREE_ENEMY_KILL","is_daily":false,"chose_seed":false,"campfire_upgraded":3,"win_rate":0.0,"timestamp":1607860714,"path_taken":["M","M","?","?","?","R","E","M","T","?","R","M","M","$","R","BOSS","M","$","M","M","?","R","M","M","T","?"],"items_purchased_type":["Card","Card","Card","Relic","Card"],"build_version":"2020-11-30","purchased_purges":0,"victory":false,"max_hp_per_floor":[75,75,75,75,75,75,75,75,75,75,75,75,75,75,75,75,75,75,75,75,75,75,75,75,75,75,75,75],"card_choices":[{"not_picked":["HollowMod:MothsMistake","HollowMod:SharpenedNail","HollowMod:QuirrelsAssistance"],"picked":"SKIP","floor":1.0},{"not_picked":["HollowMod:TaintedHusks","HollowMod:SharpenedNail","HollowMod:InfectionAssault"],"picked":"SKIP","floor":2.0},{"not_picked":["HollowMod:MawleksShell","HollowMod:HeavyBlow"],"picked":"HollowMod:DashSlash","floor":3.0},{"not_picked":["HollowMod:SoulStrike","HollowMod:SiblingsSouls"],"picked":"HollowMod:DescendingDark","floor":4.0},{"not_picked":["HollowMod:BrokenVessel","HollowMod:TaintedHusks","HollowMod:NewJinnsSoul"],"picked":"SKIP","floor":7.0},{"not_picked":["HollowMod:NewLittleFool","HollowMod:ChannelNail"],"picked":"HollowMod:PerfectDash","floor":8.0},{"not_picked":["HollowMod:LifebloodCocoon","HollowMod:WraithStrike"],"picked":"HollowMod:SlysStrikes","floor":12.0},{"not_picked":["HollowMod:InfectedCysts","HollowMod:MothsMistake"],"picked":"HollowMod:CloakDash","floor":13.0},{"not_picked":["HollowMod:SoulMaster","HollowMod:LordofShades"],"picked":"HollowMod:ZotesMagnificence","floor":16.0},{"not_picked":["HollowMod:CornifersMapStart","HollowMod:ChannelNail"],"picked":"HollowMod:DreamGate","floor":18},{"not_picked":["HollowMod:BaldurShell+1","HollowMod:AbyssShriek"],"picked":"HollowMod:MantisMark+1","floor":20},{"not_picked":["HollowMod:CloakDash+1","HollowMod:ShapeofUnn"],"picked":"HollowMod:WraithStrike","floor":21},{"not_picked":["HollowMod:DesolateDive","HollowMod:HeavyBlow","HollowMod:NewLittleFool+1"],"picked":"SKIP","floor":24},{"not_picked":["HollowMod:QuirrelsAssistance","HollowMod:BaldurShell","HollowMod:MawleksShell+1"],"picked":"SKIP","floor":25}],"player_experience":24995,"relics_obtained":[{"floor":3.0,"key":"Ancient Tea Set"},{"floor":7.0,"key":"Replay:PocketPolymizer"},{"floor":9.0,"key":"hubris:MysteriousPyramids"},{"floor":26,"key":"Boot"}],"event_choices":[{"damage_healed":46.0,"max_hp_gain":0.0,"max_hp_loss":0.0,"gold_gain":0.0,"event_name":"Wheel of Change","player_choice":"Full Heal","floor":10.0,"gold_loss":0.0,"damage_taken":0.0},{"damage_healed":0,"gold_gain":0,"player_choice":"Fight","damage_taken":0,"max_hp_gain":0,"max_hp_loss":0,"event_name":"Colosseum","floor":27,"gold_loss":0},{"damage_healed":0,"gold_gain":0,"player_choice":"Fought Nobs","damage_taken":0,"max_hp_gain":0,"max_hp_loss":0,"event_name":"Colosseum","floor":27,"gold_loss":0}],"is_beta":false,"boss_relics":[{"not_picked":["Ectoplasm","hubris:CrackedHourglass"],"picked":"conspire:SlowCooker"}],"items_purged_floors":[],"is_endless":false,"potions_floor_spawned":[2,4,7,12,18,20],"killed_by":"Colosseum Nobs","ascension_level":0}}