{"host":"dntw6kil9p09eemm","time":1607890257,"event":{"mods":["BaseMod","Colored Powertips","Downfall","Minty Spire (QoL Compilation)","StSLib"],"gold_per_floor":[99,274,285,385,685,696,696,714,746,596,596,614,624,642,654,757,807,807,826,859,859,869,887,913,913,928,956,981,981,999,1014,1028,1123,1123,1048,1048,1048,1048,1068,1097,1097,1110,1120,1137,1137,1137,1154,1174,1184,1184,1184,1184,1184,1184,1184],"floor_reached":56,"playtime":478,"items_purged":[],"score":1702,"play_id":"8dcad747-cc44-45f3-a85d-ce0816d140aa","local_time":"20201214051057","is_ascension_mode":false,"campfire_choices":[{"floor":1,"key":"RECALL"},{"floor":10,"key":"REST"},{"floor":18,"key":"REST"},{"floor":25,"key":"REST"},{"floor":35,"key":"REST"},{"floor":54,"key":"REST"}],"circlet_count":0,"master_deck":["Slimebound:Strike_Slimebound","Slimebound:Strike_Slimebound","Slimebound:Tackle+1","Slimebound:Defend_Slimebound","Slimebound:Defend_Slimebound","Slimebound:Defend_Slimebound","Slimebound:Defend_Slimebound+1","Slimebound:Split","Slimebound:CorrosiveSpit+1","Doubt","Slimebound:Darklings"],"relics":["Slimebound:AbsorbEndCombat","War Paint","downfall:HeartBlessingRed","downfall:HeartBlessingBlue","Tiny House","Slimebound:AggressiveSlimeRelic","Smiling Mask","PreservedInsect","Oddly Smooth Stone","Busted Crown","downfall:HeartBlessingGreen","Slimebound:MaxSlimesRelic"],"acts_visited":["Exordium","TheCity","TheBeyond","TheEnding"],"potions_floor_usage":[17],"damage_taken":[{"damage":0,"enemies":"Jaw Worm","floor":3,"turns":1},{"damage":0,"enemies":"downfall:FleeingMerchant","floor":5,"turns":1},{"damage":0,"enemies":"Small Slimes","floor":6,"turns":1},{"damage":0,"enemies":"Cultist","floor":8,"turns":1},{"damage":0,"enemies":"3 Sentries","floor":9,"turns":1},{"damage":0,"enemies":"Exordium Wildlife","floor":12,"turns":1},{"damage":0,"enemies":"Gremlin Gang","floor":13,"turns":1},{"damage":0,"enemies":"Exordium Thugs","floor":14,"turns":1},{"damage":0,"enemies":"2 Fungi Beasts","floor":15,"turns":1},{"damage":0,"enemies":"downfall:Silent","floor":16,"turns":1},{"damage":0,"enemies":"Shell Parasite","floor":19,"turns":1},{"damage":0,"enemies":"Slavers","floor":20,"turns":1},{"damage":0,"enemies":"Snake Plant","floor":22,"turns":1},{"damage":0,"enemies":"Shelled Parasite and Fungi","floor":23,"turns":1},{"damage":0,"enemies":"Cultist and Chosen","floor":26,"turns":1},{"damage":0,"enemies":"Gremlin Leader","floor":27,"turns":1},{"damage":0,"enemies":"Snecko","floor":30,"turns":1},{"damage":4,"enemies":"Snake Plant","floor":31,"turns":1},{"damage":0,"enemies":"Shelled Parasite and Fungi","floor":32,"turns":1},{"damage":4,"enemies":"downfall:Watcher","floor":33,"turns":1},{"damage":4,"enemies":"Orb Walker","floor":39,"turns":1},{"damage":0,"enemies":"Giant Head","floor":40,"turns":1},{"damage":0,"enemies":"3 Darklings","floor":42,"turns":1},{"damage":0,"enemies":"Transient","floor":43,"turns":1},{"damage":0,"enemies":"Sphere and 2 Shapes","floor":44,"turns":1},{"damage":0,"enemies":"4 Shapes","floor":47,"turns":1},{"damage":0,"enemies":"Maw","floor":48,"turns":1},{"damage":0,"enemies":"Spire Growth","floor":49,"turns":1},{"damage":0,"enemies":"downfall:Ironclad","floor":50,"turns":1},{"damage":8,"enemies":"downfall:CharBossMerchant","floor":52,"turns":1},{"damage":20,"enemies":"downfall:NeowBoss","floor":55,"turns":7}],"seed_played":"6509929509173740021","potions_obtained":[{"floor":17,"key":"Fruit Juice"},{"floor":27,"key":"Dexterity Potion"},{"floor":32,"key":"SkillPotion"}],"is_trial":false,"path_per_floor":["R","?","M","?","$","M","T","M","E","R","$","M","M","M","M","B",null,"R","M","E","?","M","M","T","R","M","E","T","?","M","M","M","B",null,"R","?","?","?","M","E","T","M","M","M","$","?","M","M","M","B",null,"E","$","R","B",null],"character_chosen":"SLIMEBOUND","items_purchased":[],"campfire_rested":5,"item_purchase_floors":[],"current_hp_per_floor":[66,66,66,66,66,66,66,66,66,76,76,76,76,76,76,76,86,86,86,86,86,86,86,86,86,86,86,86,86,86,86,86,86,86,86,86,86,86,86,86,86,86,86,86,86,86,86,86,86,86,86,86,86,86,82],"gold":1184,"neow_bonus":"TEN_PERCENT_HP_BONUS","is_daily":false,"chose_seed":false,"campfire_upgraded":0,"win_rate":0.0,"timestamp":1607890257,"path_taken":["R","?","M","?","$","M","T","M","E","R","$","M","?","M","M","BOSS","R","M","E","?","?","M","T","R","M","E","?","?","M","M","M","BOSS","R","?","?","?","M","E","T","M","M","M","$","?","M","M","M","BOSS","E","$","R","BOSS"],"items_purchased_type":[],"build_version":"2020-11-30","purchased_purges":0,"victory":true,"max_hp_per_floor":[66,66,66,66,66,66,66,66,66,76,76,76,76,76,76,76,86,86,86,86,86,86,86,86,86,86,86,86,86,86,86,86,86,86,86,86,86,86,86,86,86,86,86,86,86,86,86,86,86,86,86,86,86,86,86],"card_choices":[{"not_picked":["Slimebound:TongueLash","Slimebound:LeechingTouch","Slimebound:PressTheAttack"],"picked":"SKIP","floor":3},{"not_picked":["Slimebound:GoopSpray","Slimebound:Schlurp","Slimebound:LeechEnergy"],"picked":"SKIP","floor":5},{"not_picked":["Slimebound:FormOfPuddle","Slimebound:SamplingLick","Slimebound:FinishingTackle"],"picked":"SKIP","floor":6},{"not_picked":["Slimebound:Chomp","Slimebound:RollThrough","Slimebound:SlimeSpikes"],"picked":"SKIP","floor":8},{"not_picked":["Slimebound:SplitMire","Slimebound:Replication","Slimebound:ServeAndProtect"],"picked":"SKIP","floor":9},{"not_picked":["Slimebound:Grow","Slimebound:SamplingLick","Slimebound:LeechEnergy"],"picked":"SKIP","floor":12},{"not_picked":["Slimebound:SplitLeeching","Slimebound:MinionMaster","Slimebound:SlimeBrawl"],"picked":"SKIP","floor":13},{"not_picked":["Slimebound:LeechEnergy","Slimebound:FinishingTackle","Slimebound:PressTheAttack"],"picked":"SKIP","floor":14},{"not_picked":["Slimebound:GoopSpray","Slimebound:HungryTackle","Slimebound:SlimeBarrage"],"picked":"SKIP","floor":15},{"not_picked":["Slimebound:CheckThePlaybook","Slimebound:OozeBath"],"picked":"Slimebound:Darklings","floor":16},{"not_picked":["Slimebound:ViciousTackle","Slimebound:ComboTackle","Slimebound:LeechEnergy"],"picked":"SKIP","floor":19},{"not_picked":["Slimebound:ItLooksTasty","Slimebound:LeechingTouch","Slimebound:DisruptingSlam+1"],"picked":"SKIP","floor":20},{"not_picked":["Slimebound:Equalize","Slimebound:ComboTackle+1","Slimebound:RainOfGoop+1"],"picked":"SKIP","floor":22},{"not_picked":["Slimebound:SplitMire","Slimebound:DivideAndConquer","Slimebound:Schlurp"],"picked":"SKIP","floor":23},{"not_picked":["Slimebound:TongueLash","Slimebound:PressTheAttack","Slimebound:Nibble"],"picked":"SKIP","floor":26},{"not_picked":["Slimebound:LeechLife","Slimebound:TongueLash+1","Slimebound:ForwardTackle"],"picked":"SKIP","floor":27},{"not_picked":["Slimebound:FinishingTackle","Slimebound:ServeAndProtect","Slimebound:RollThrough+1"],"picked":"SKIP","floor":30},{"not_picked":["Slimebound:Prepare","Slimebound:LivingWall+1","Slimebound:RollThrough+1"],"picked":"SKIP","floor":31},{"not_picked":["Slimebound:SlimeTap","Slimebound:MegaLick","Slimebound:DisruptingSlam"],"picked":"SKIP","floor":32},{"not_picked":["Slimebound:RejuvenatingLick"],"picked":"SKIP","floor":39},{"not_picked":["Slimebound:LeechEnergy+1"],"picked":"SKIP","floor":40},{"not_picked":["Slimebound:BestDefense"],"picked":"SKIP","floor":42},{"not_picked":["Slimebound:SlimeSpikes"],"picked":"SKIP","floor":43},{"not_picked":["Slimebound:SplitAcid+1"],"picked":"SKIP","floor":44},{"not_picked":["Slimebound:LeechLife"],"picked":"SKIP","floor":47},{"not_picked":["Slimebound:ForwardTackle+1"],"picked":"SKIP","floor":48},{"not_picked":["Slimebound:RejuvenatingLick+1"],"picked":"SKIP","floor":49},{"not_picked":["Slimebound:FirmFortitude"],"picked":"SKIP","floor":52}],"player_experience":294501,"relics_obtained":[{"floor":9,"key":"War Paint"},{"floor":20,"key":"Slimebound:AggressiveSlimeRelic"},{"floor":24,"key":"Smiling Mask"},{"floor":27,"key":"PreservedInsect"},{"floor":28,"key":"Oddly Smooth Stone"},{"floor":41,"key":"Slimebound:MaxSlimesRelic"}],"event_choices":[{"damage_healed":0,"gold_gain":0,"player_choice":"Ignored","damage_taken":0,"max_hp_gain":0,"max_hp_loss":0,"event_name":"Accursed Blacksmith","floor":21,"gold_loss":0},{"cards_removed":["Slimebound:Strike_Slimebound"],"damage_healed":0,"gold_gain":0,"player_choice":"Removed Attack","damage_taken":0,"max_hp_gain":0,"max_hp_loss":0,"event_name":"Falling","floor":36,"gold_loss":0},{"damage_healed":0,"gold_gain":0,"player_choice":"Ignored","damage_taken":0,"max_hp_gain":0,"max_hp_loss":0,"event_name":"Mysterious Sphere","floor":46,"gold_loss":0}],"is_beta":false,"boss_relics":[{"not_picked":["Astrolabe","Empty Cage"],"picked":"Tiny House"},{"not_picked":["SacredBark","Philosopher\u0027s Stone"],"picked":"Busted Crown"}],"items_purged_floors":[],"is_endless":false,"potions_floor_spawned":[3,6,9,13,14,19,22,27,32,33,39,40,44,47,48],"ascension_level":0}}