{"host":"1mv6gj0zv8k9e9tz","time":1607897900,"event":{"mods":["AchievementEnabler","BaseMod","Better Third Choice","Colored Map","KOR Keyword Fix","Minty Spire (QoL Compilation)","Permanent Neow","Rare Cards Sparkle","StSLib"],"gold_per_floor":[110,122,122,122,133,133,159,159,159,159,176,101,120,120,120,195,195,209,209,209],"floor_reached":19,"playtime":722,"items_purged":["Strike_G"],"score":301,"play_id":"a8c0d411-830e-4415-b2d0-6c876b178a2a","local_time":"20201214071820","is_ascension_mode":true,"campfire_choices":[{"data":"Noxious Fumes","floor":6.0,"key":"SMITH"},{"floor":10.0,"key":"REST"},{"data":"Backflip","floor":15.0,"key":"SMITH"}],"circlet_count":0,"master_deck":["AscendersBane","Strike_G","Strike_G","Strike_G","Strike_G+1","Defend_G","Defend_G+1","Defend_G","Defend_G","Defend_G","Survivor","Neutralize","Dagger Spray+1","Acrobatics","Noxious Fumes+1","Backflip+1","Dodge and Roll","Adrenaline","Leg Sweep"],"relics":["Sozu","Tingsha","CultistMask","Black Star"],"acts_visited":["Exordium","TheCity"],"potions_floor_usage":[],"damage_taken":[{"damage":0.0,"enemies":"Small Slimes","floor":1.0,"turns":3.0},{"damage":9.0,"enemies":"2 Louse","floor":2.0,"turns":3.0},{"damage":3.0,"enemies":"Cultist","floor":5.0,"turns":4.0},{"damage":22.0,"enemies":"Lagavulin","floor":7.0,"turns":6.0},{"damage":0.0,"enemies":"3 Louse","floor":11.0,"turns":2.0},{"damage":0.0,"enemies":"Lots of Slimes","floor":13.0,"turns":1.0},{"damage":13.0,"enemies":"The Guardian","floor":16.0,"turns":14.0},{"damage":23,"enemies":"Spheric Guardian","floor":18,"turns":6},{"damage":38,"enemies":"Masked Bandits","floor":19,"turns":3}],"seed_played":"8882894607282517583","potions_obtained":[],"is_trial":false,"path_per_floor":["M","M","?","?","M","R","E","?","T","R","M","$","M","?","R","B",null,"M","?"],"character_chosen":"THE_SILENT","items_purchased":[],"campfire_rested":1,"item_purchase_floors":[],"current_hp_per_floor":[59,50,30,30,27,27,5,5,5,24,24,24,24,24,24,11,52,29,0,0],"gold":209,"neow_bonus":"BOSS_RELIC","is_daily":false,"chose_seed":false,"campfire_upgraded":2,"win_rate":0.0,"timestamp":1607897900,"path_taken":["M","M","?","?","?","R","E","?","T","R","?","$","M","?","R","BOSS","M","?"],"items_purchased_type":[],"build_version":"2020-11-30","purchased_purges":1,"victory":false,"max_hp_per_floor":[66,66,66,66,66,66,66,66,66,66,66,66,66,66,66,66,66,66,66,66],"card_choices":[{"not_picked":["Backflip","Calculated Gamble"],"picked":"Dagger Spray","floor":1.0},{"not_picked":["Deflect","Distraction"],"picked":"Acrobatics","floor":2.0},{"not_picked":["Blur","Flechettes"],"picked":"Noxious Fumes","floor":5.0},{"not_picked":["Acrobatics","Cloak And Dagger","Infinite Blades"],"picked":"SKIP","floor":7.0},{"not_picked":["Heel Hook","Concentrate"],"picked":"Backflip","floor":11.0},{"not_picked":["Acrobatics","Well Laid Plans"],"picked":"Dodge and Roll","floor":13.0},{"not_picked":["Unload","After Image"],"picked":"Adrenaline","floor":16.0},{"not_picked":["Outmaneuver","Well Laid Plans+1"],"picked":"Leg Sweep","floor":18}],"player_experience":470972,"relics_obtained":[{"floor":7.0,"key":"Tingsha"}],"event_choices":[{"damage_healed":50.0,"max_hp_gain":0.0,"max_hp_loss":66.0,"gold_gain":0.0,"event_name":"betterThird:BetterShining","player_choice":"Upgrade","floor":3.0,"gold_loss":0.0,"damage_taken":20.0,"cards_upgraded":["Strike_G","Defend_G"]},{"damage_healed":0.0,"max_hp_gain":0.0,"max_hp_loss":0.0,"gold_gain":0.0,"event_name":"Accursed Blacksmith","player_choice":"Forge","floor":4.0,"gold_loss":0.0,"damage_taken":0.0,"cards_upgraded":["Dagger Spray"]},{"damage_healed":0.0,"max_hp_gain":0.0,"max_hp_loss":0.0,"gold_gain":0.0,"event_name":"FaceTrader","player_choice":"Trade","floor":8.0,"gold_loss":0.0,"damage_taken":0.0,"relics_obtained":["CultistMask"]},{"damage_healed":0.0,"max_hp_gain":0.0,"max_hp_loss":0.0,"gold_gain":0.0,"event_name":"Dead Adventurer","player_choice":"Searched \u00270\u0027 times","floor":14.0,"gold_loss":0.0,"damage_taken":0.0},{"damage_healed":0,"gold_gain":0,"player_choice":"Fought Bandits","damage_taken":0,"max_hp_gain":0,"max_hp_loss":0,"event_name":"Masked Bandits","floor":19,"gold_loss":0}],"is_beta":false,"boss_relics":[{"not_picked":["Busted Crown","Calling Bell"],"picked":"Black Star"}],"items_purged_floors":[12],"is_endless":false,"potions_floor_spawned":[2,11,16,18],"killed_by":"Masked Bandits","ascension_level":16}}