{"host":"p6y17sixyu8q9v1f","time":1607868347,"event":{"mods":["BaseMod","Colored Map","Minty Spire (QoL Compilation)"],"gold_per_floor":[109,184,359,359,370,399,243,263,290,290,290,310,310,323,323,323,323],"floor_reached":16,"playtime":708,"items_purged":["Doubt"],"score":120,"play_id":"7b51f19c-ac41-4845-812c-940b5a713a7c","local_time":"20201213080547","is_ascension_mode":true,"campfire_choices":[{"data":"Genetic Algorithm","floor":10,"key":"SMITH"},{"floor":15,"key":"REST"}],"circlet_count":0,"master_deck":["Strike_B+1","Strike_B+1","Strike_B","Strike_B","Defend_B","Defend_B","Defend_B","Defend_B","Zap+1","Dualcast","Gash","Conserve Battery","Gash","Core Surge","Scrape","Genetic Algorithm+1","Conserve Battery"],"relics":["Cracked Core","Anchor","TungstenRod","DataDisk"],"acts_visited":["Exordium"],"potions_floor_usage":[6,16,16],"damage_taken":[{"damage":9,"enemies":"Jaw Worm","floor":1,"turns":3},{"damage":0,"enemies":"Small Slimes","floor":5,"turns":3},{"damage":30,"enemies":"3 Sentries","floor":6,"turns":6},{"damage":0,"enemies":"2 Louse","floor":8,"turns":2},{"damage":8,"enemies":"Lots of Slimes","floor":12,"turns":3},{"damage":0,"enemies":"3 Louse","floor":14,"turns":3},{"damage":28,"enemies":"Slime Boss","floor":16,"turns":6}],"seed_played":"8006399172551510663","potions_obtained":[{"floor":5,"key":"AttackPotion"},{"floor":6,"key":"CultistPotion"},{"floor":14,"key":"Dexterity Potion"}],"is_trial":false,"path_per_floor":["M","?","?","T","M","E","$","M","T","R","?","M","?","M","R","B"],"character_chosen":"DEFECT","items_purchased":["Scrape"],"campfire_rested":1,"item_purchase_floors":[7],"current_hp_per_floor":[66,55,55,55,55,25,25,25,25,25,11,3,3,3,25,0,0],"gold":323,"neow_bonus":"THREE_CARDS","is_daily":false,"chose_seed":false,"campfire_upgraded":1,"win_rate":0.0,"timestamp":1607868347,"path_taken":["M","?","?","?","M","E","$","M","T","R","?","M","?","M","R","BOSS"],"items_purchased_type":["Card"],"build_version":"2020-11-30","purchased_purges":1,"victory":false,"max_hp_per_floor":[75,75,75,75,75,75,75,75,75,75,75,75,75,75,75,75,75],"card_choices":[{"not_picked":["Tempest","Hologram"],"picked":"Gash","floor":0},{"not_picked":["Coolheaded","Heatsinks"],"picked":"Conserve Battery","floor":1},{"not_picked":["Steam","Redo"],"picked":"Gash","floor":5},{"not_picked":["Rebound","Redo"],"picked":"Core Surge","floor":6},{"not_picked":["Compile Driver","Hello World"],"picked":"Genetic Algorithm","floor":8},{"not_picked":["FTL","Loop"],"picked":"Conserve Battery","floor":12},{"not_picked":["Barrage","Compile Driver","Hello World"],"picked":"SKIP","floor":14}],"player_experience":744572,"relics_obtained":[{"floor":4,"key":"Anchor"},{"floor":6,"key":"TungstenRod"},{"floor":9,"key":"DataDisk"}],"event_choices":[{"damage_healed":0,"gold_gain":75,"player_choice":"Gather Gold","damage_taken":11,"max_hp_gain":0,"max_hp_loss":0,"event_name":"World of Goop","floor":2,"gold_loss":0},{"damage_healed":0,"gold_gain":175,"player_choice":"AGREE","damage_taken":0,"max_hp_gain":0,"max_hp_loss":0,"event_name":"Liars Game","floor":3,"gold_loss":0,"cards_obtained":["Doubt"]},{"damage_healed":0,"gold_gain":0,"player_choice":"Entered Light","damage_taken":15,"max_hp_gain":0,"max_hp_loss":0,"event_name":"Shining Light","floor":11,"gold_loss":0,"cards_upgraded":["Strike_B","Strike_B"]},{"damage_healed":0,"gold_gain":0,"player_choice":"Forge","damage_taken":0,"max_hp_gain":0,"max_hp_loss":0,"event_name":"Accursed Blacksmith","floor":13,"gold_loss":0,"cards_upgraded":["Zap"]}],"is_beta":false,"boss_relics":[],"items_purged_floors":[7],"is_endless":false,"potions_floor_spawned":[5,6,14],"killed_by":"Slime Boss","ascension_level":4}}