{"host":"3iouabftir4t7z56","time":1607820881,"event":{"mods":["Astrologer","Bard","BaseMod","Colored Map","Conspire","Downfall","Minty Spire (QoL Compilation)","StSLib","The Cursed","The Witch"],"gold_per_floor":[112,112,35,50,325,325,358,374,401,401,418,418,418,444,444,444,444],"floor_reached":16,"playtime":1679,"items_purged":[],"score":133,"play_id":"25b6001a-a963-4ee5-adcb-ca03517a9bf7","local_time":"20201213015441","is_ascension_mode":false,"campfire_choices":[{"data":"bard:Sift","floor":6,"key":"SMITH"},{"data":"bard:DervishDance","floor":10,"key":"SMITH"},{"floor":15,"key":"REST"}],"circlet_count":0,"master_deck":["bard:Strike+1","bard:Strike","bard:Strike+1","bard:Strike+1","bard:Defend","bard:Defend","bard:Defend","bard:Defend","bard:Riposte+1","bard:Inspire","bard:Blink+1","bard:MantleOfInspiration","bard:Sift+1","Regret","bard:DervishDance+1","bard:DiscordantVoice","bard:HideousLaughter"],"relics":["bard:PitchPipe","bard:BagPipes","NeowsBlessing","Whetstone","Bronze Scales"],"acts_visited":["Exordium"],"potions_floor_usage":[16,16],"damage_taken":[{"damage":2,"enemies":"conspire:RoseBush","floor":1,"turns":1},{"damage":0,"enemies":"Cultist","floor":4,"turns":1},{"damage":3,"enemies":"3 Sentries","floor":7,"turns":2},{"damage":12,"enemies":"Jaw Worm","floor":8,"turns":5},{"damage":15,"enemies":"Lots of Slimes","floor":11,"turns":3},{"damage":36,"enemies":"Gremlin Nob","floor":14,"turns":5},{"damage":32,"enemies":"Hexaghost","floor":16,"turns":9}],"seed_played":"-9201397436762902934","potions_obtained":[{"floor":4,"key":"Strength Potion"},{"floor":11,"key":"EssenceOfSteel"},{"floor":14,"key":"EssenceOfSteel"}],"is_trial":false,"path_per_floor":["M","?","$","M","?","R","E","M","T","R","M","?","?","E","R","B"],"character_chosen":"BARD","items_purchased":["bard:MantleOfInspiration"],"campfire_rested":1,"item_purchase_floors":[3],"current_hp_per_floor":[68,68,68,68,68,68,65,53,53,53,38,24,47,11,32,0,0],"gold":444,"neow_bonus":"THREE_ENEMY_KILL","is_daily":false,"chose_seed":false,"campfire_upgraded":2,"win_rate":0.0,"timestamp":1607820881,"path_taken":["M","?","$","?","?","R","E","M","T","R","?","?","?","E","R","BOSS"],"items_purchased_type":["Card"],"build_version":"2020-11-30","purchased_purges":0,"victory":false,"max_hp_per_floor":[70,70,70,70,70,70,70,70,70,70,70,70,70,70,70,70,70],"card_choices":[{"not_picked":["bard:BucklerBash","bard:BestowCurse"],"picked":"bard:Blink","floor":1},{"not_picked":["bard:InspiringSong","bard:MantleOfInspiration"],"picked":"bard:Sift","floor":4},{"not_picked":["bard:TinyHut","bard:BucklerBash","bard:Fermata"],"picked":"SKIP","floor":7},{"not_picked":["bard:OffKey","bard:Parry"],"picked":"bard:DervishDance","floor":8},{"not_picked":["bard:FirstStrike","bard:Flourish"],"picked":"bard:DiscordantVoice","floor":11},{"not_picked":["bard:PrismaticSpray","bard:LingeringEcho"],"picked":"bard:HideousLaughter","floor":14}],"player_experience":592929,"relics_obtained":[{"floor":7,"key":"Whetstone"},{"floor":14,"key":"Bronze Scales"}],"event_choices":[{"damage_healed":0,"gold_gain":0,"player_choice":"Upgraded","damage_taken":0,"max_hp_gain":0,"max_hp_loss":0,"event_name":"Upgrade Shrine","floor":2,"gold_loss":0,"cards_upgraded":["bard:Blink"]},{"damage_healed":0,"gold_gain":275,"player_choice":"Desecrate","damage_taken":0,"max_hp_gain":0,"max_hp_loss":0,"event_name":"Golden Shrine","floor":5,"gold_loss":0,"cards_obtained":["Regret"]},{"damage_healed":0,"gold_gain":0,"player_choice":"Entered Light","damage_taken":14,"max_hp_gain":0,"max_hp_loss":0,"event_name":"Shining Light","floor":12,"gold_loss":0,"cards_upgraded":["bard:Riposte","bard:Strike"]},{"damage_healed":23,"gold_gain":0,"player_choice":"Banana","damage_taken":0,"max_hp_gain":0,"max_hp_loss":0,"event_name":"Big Fish","floor":13,"gold_loss":0}],"is_beta":false,"boss_relics":[],"items_purged_floors":[],"is_endless":false,"potions_floor_spawned":[4,11,14],"killed_by":"Hexaghost","ascension_level":0}}