{"host":"gdt3r9fmwl0zcuhi","time":1607898634,"event":{"mods":["Aspiration","BaseMod","Better Altar","Better Match","Better Note","Better Third Choice","Better Vampires","BetterRewards","Card Forge","ChefMod","Clockwork Mod","Conspire","Downfall","Energized Spire","Gremlin Mod","GungeonMod","Hermit","Highlight Path","Hubris","Jedi Mod","Mimic Mod","Minty Spire (QoL Compilation)","Permanent Neow","Potionbrewer","Relic Sorter","Replay The Spire","Shedinja","Shop Mod","Spicy Shops","Spikes Relics","Spire Birthday Party","StSLib","Thieving Mod","Unceasing Turn Reminder","everything is the same but u backflip on backflip","slay the spire mod where everything is the same but ironclad has a cowboy hat","themimic","vexMod"],"gold_per_floor":[349,359,22,50,68,68,68,88,122,47,63,38,23,43,53,158,158,83,112,112,118,118,118,156,169,7,26,27,46,46,161,128,326,326,251,251,67,117,117,152,199,36,48,48,62,92,104,123,136,136,136,161,60,60,53],"floor_reached":56,"playtime":6568,"items_purged":["champ:Defend"],"score":1429,"play_id":"7756861b-e80b-4241-b2ef-6cf84ed5755a","local_time":"20201213173034","is_ascension_mode":false,"campfire_choices":[{"data":"champ:Execute","floor":1,"key":"SMITH"},{"floor":6,"key":"REST"},{"floor":10,"key":"RECALL"},{"data":"champ:PerfectForm","floor":22,"key":"SMITH"},{"data":"champ:SteelEdge","floor":39,"key":"SMITH"},{"data":"Apotheosis","floor":44,"key":"SMITH"},{"data":"Crow Ritual","floor":54,"key":"SMITH"}],"circlet_count":0,"master_deck":["champ:Strike","champ:Strike","champ:Defend","champ:Defend","champ:Execute+1","champ:Taunt","champ:CrookedStrike","champ:PerfectForm+1","champ:SteelEdge","champ:BerserkerStyle","champ:BerserkerStyle","champ:Shatter","champ:Encircle","champ:Circumvent","champ:StanceDance","champ:Devastate","champ:SteelEdge+1","champ:BladeFlurry","champ:BerserkersShout","champ:Lariat","champ:ArenaPreparation","Alpha+1","champ:StanceDance","champ:IgnorePain","champ:IronFortress","champ:HeartStrike+1","champ:ArenaPreparation+1","champ:SteelEdge","champ:HeavySlash","jedi:LeechingStrike","champ:SkillfulDodge","Apotheosis+1","champ:CalledShot","Replay:SS_hec_1","Crow Ritual+1"],"relics":["champ:ChampionCrown","jedi:matchstick","DemoMod:ChaffGrenade","hubris:Icosahedron","Hammer of Thor","Seething Fire","Anvil of the Gods","Onion Ring","SpikesRelics:ToyHorsey","hubris:CrystalStatue","downfall:HeartBlessingGreen","vexMod:DeviousBotling","downfall:HeartBlessingRed","DemoMod:Metronome","hubris:MysteriousPyramids","Lizard Tail","DemoMod:RiddleOfLead","downfall:HeartBlessingBlue","hubris:Towel","hubris:Spice","Toy Ornithopter","Thread and Needle","potionbrewer:Keyblade"],"acts_visited":["Exordium","TheCity","TheBeyond","TheEnding"],"potions_floor_usage":[9,16,19,19,26,27,28,33,33,33,49,55,55],"damage_taken":[{"damage":0,"enemies":"2 Louse","floor":2,"turns":2},{"damage":5,"enemies":"downfall:FleeingMerchant","floor":3,"turns":4},{"damage":38,"enemies":"3 Sentries","floor":4,"turns":5},{"damage":4,"enemies":"Jaw Worm","floor":5,"turns":2},{"damage":5,"enemies":"conspire:RoseBush","floor":8,"turns":2},{"damage":33,"enemies":"Lagavulin","floor":9,"turns":6},{"damage":9,"enemies":"Blue Slaver","floor":11,"turns":2},{"damage":16,"enemies":"downfall:FleeingMerchant","floor":13,"turns":5},{"damage":7,"enemies":"Lots of Slimes","floor":14,"turns":3},{"damage":5,"enemies":"2 Fungi Beasts","floor":15,"turns":2},{"damage":44,"enemies":"downfall:Defect","floor":16,"turns":5},{"damage":26,"enemies":"Replay:Snechameleon","floor":19,"turns":4},{"damage":17,"enemies":"Chosen","floor":21,"turns":5},{"damage":18,"enemies":"Shell Parasite","floor":24,"turns":3},{"damage":51,"enemies":"Shell Parasite","floor":25,"turns":4},{"damage":8,"enemies":"downfall:FleeingMerchant","floor":26,"turns":2},{"damage":29,"enemies":"conspire:SneckoGhost","floor":27,"turns":3},{"damage":16,"enemies":"Shelled Parasite and Fungi","floor":28,"turns":3},{"damage":13,"enemies":"Snecko","floor":29,"turns":2},{"damage":19,"enemies":"Chosen and Byrds","floor":31,"turns":3},{"damage":10,"enemies":"Centurion and Healer","floor":32,"turns":3},{"damage":18,"enemies":"downfall:Silent","floor":33,"turns":4},{"damage":47,"enemies":"Mind Bloom Boss Battle","floor":38,"turns":7},{"damage":49,"enemies":"Giant Head","floor":40,"turns":5},{"damage":33,"enemies":"3 Darklings","floor":43,"turns":3},{"damage":26,"enemies":"3 Shapes","floor":45,"turns":3},{"damage":26,"enemies":"conspire:MimicChest","floor":46,"turns":2},{"damage":3,"enemies":"Sphere and 2 Shapes","floor":47,"turns":1},{"damage":7,"enemies":"4 Shapes","floor":48,"turns":2},{"damage":55,"enemies":"Transient","floor":49,"turns":5},{"damage":21,"enemies":"downfall:Watcher","floor":50,"turns":4},{"damage":39,"enemies":"downfall:CharBossMerchant","floor":52,"turns":3},{"damage":73,"enemies":"downfall:NeowBoss","floor":55,"turns":14}],"seed_played":"-3421143618810270330","potions_obtained":[{"floor":2,"key":"Milkshake"},{"floor":5,"key":"DemoMod:LeadSkinPotion"},{"floor":15,"key":"CultistPotion"},{"floor":16,"key":"potionbrewer:ToxicPotion"},{"floor":19,"key":"potionbrewer:SplittingPotion"},{"floor":25,"key":"ColorlessPotion"},{"floor":27,"key":"Adrenaline Potion"},{"floor":31,"key":"BlessingOfTheForge"},{"floor":32,"key":"AttackPotion"},{"floor":40,"key":"potionbrewer:CleansingPotion"},{"floor":45,"key":"SkillPotion"},{"floor":48,"key":"Weak Potion"}],"is_trial":false,"path_per_floor":["R","M","$","E","M","R","T","M","E","R","M","?","$","M","M","B",null,"R","E","?","M","R","?","MIM","M","$","E","M","M","?","M","M","B",null,"R","?","$","?","R","E","T","$","M","R","M","?","M","M","M","B",null,"E","$","R","B",null],"character_chosen":"THE_CHAMP","items_purchased":["champ:SteelEdge","champ:BerserkerStyle","Onion Ring","hubris:MysteriousPyramids","champ:IgnorePain","jedi:LeechingStrike","Apotheosis","Replay:SS_hec_1","Crow Ritual"],"campfire_rested":1,"item_purchase_floors":[3,3,3,26,26,37,42,53,53],"current_hp_per_floor":[63,63,63,37,35,62,62,62,46,46,46,46,46,44,41,10,90,90,76,76,66,66,66,66,36,36,36,35,35,35,35,35,35,100,110,110,110,100,100,106,106,106,116,116,118,118,118,118,100,113,118,126,126,126,126],"gold":53,"neow_bonus":"TWO_FIFTY_GOLD","is_daily":false,"chose_seed":false,"campfire_upgraded":5,"win_rate":0.0,"timestamp":1607898634,"path_taken":["R","M","$","E","M","R","T","M","E","R","M","?","?","M","M","BOSS","R","E","?","M","R","?","MIM","M","$","E","?","M","?","M","M","BOSS","R","?","$","?","R","E","T","$","M","R","M","?","M","?","M","BOSS","E","$","R","BOSS"],"items_purchased_type":["Card","Card","Relic","Relic","Card","Card","Card","Card","Card"],"build_version":"2020-11-30","purchased_purges":1,"victory":true,"max_hp_per_floor":[90,90,90,90,90,90,90,90,90,90,90,90,90,90,90,90,90,90,90,90,90,90,90,90,90,90,90,90,90,90,90,90,90,100,110,110,110,110,110,118,118,118,118,118,118,118,118,118,118,118,118,126,126,126,126],"card_choices":[{"not_picked":["champ:Haymaker","champ:FanOfKnives"],"picked":"champ:CrookedStrike","floor":2},{"not_picked":["champ:Backstep","champ:FocusedGladiator"],"picked":"champ:PerfectForm","floor":3},{"not_picked":["champ:CrookedStrike","champ:BringItOn"],"picked":"champ:Shatter","floor":4},{"not_picked":["champ:FocusedDefense","champ:BerserkerStyle"],"picked":"champ:Encircle","floor":5},{"not_picked":["champ:DefensiveShout","champ:LastStand"],"picked":"champ:Circumvent","floor":8},{"not_picked":["champ:BerserkersShout","champ:Encircle"],"picked":"champ:StanceDance","floor":9},{"not_picked":["champ:BringItOn","champ:Haymaker","champ:CrookedStrike"],"picked":"SKIP","floor":11},{"not_picked":["champ:PerfectedStrike","champ:StanceDance","champ:Circumvent"],"picked":"SKIP","floor":13},{"not_picked":["champ:BerserkersShout","champ:CrookedStrike","champ:FlashCut"],"picked":"SKIP","floor":14},{"not_picked":["champ:RecklessLeap","champ:IronFortress"],"picked":"champ:Devastate","floor":15},{"not_picked":["champ:DancingMaster","champ:SwordThrow"],"picked":"champ:SteelEdge","floor":16},{"not_picked":["champ:FanOfKnives","champ:EnGarde"],"picked":"champ:BerserkersShout","floor":19},{"not_picked":["champ:Backstep+1","champ:BerserkersShout"],"picked":"champ:ArenaPreparation","floor":21},{"not_picked":["champ:GutPunch","champ:PerfectedStrike"],"picked":"champ:StanceDance","floor":24},{"not_picked":["champ:GutPunch","champ:Encircle","champ:FalseCounter"],"picked":"SKIP","floor":25},{"not_picked":["champ:BringItOn","champ:Riposte","champ:DeathBlow+1"],"picked":"SKIP","floor":26},{"not_picked":["champ:Circumvent","champ:FocusedDefense"],"picked":"champ:IronFortress","floor":27},{"not_picked":["champ:FlashCut+1","champ:FanOfKnives+1","champ:DefensiveShout"],"picked":"SKIP","floor":28},{"not_picked":["champ:AdrenalArmor","champ:BerserkersShout"],"picked":"champ:HeartStrike+1","floor":29},{"not_picked":["champ:AdrenalArmor","champ:BringItOn+1","champ:CrookedStrike+1"],"picked":"SKIP","floor":31},{"not_picked":["champ:Backstep","champ:DefensiveShout"],"picked":"champ:ArenaPreparation+1","floor":32},{"not_picked":["champ:ShieldSlam","champ:DancingMaster"],"picked":"champ:SteelEdge","floor":33},{"not_picked":["champ:BerserkersShout","champ:EnGarde+1"],"picked":"champ:SkillfulDodge","floor":38},{"not_picked":["champ:Riposte+1","champ:BerserkersShout+1","champ:ArenaPreparation"],"picked":"SKIP","floor":40},{"not_picked":["champ:HeartStrike+1","champ:ArenaPreparation","champ:AdrenalArmor"],"picked":"SKIP","floor":43},{"not_picked":["champ:BringItOn","champ:PreciseThrust","champ:HeartStrike"],"picked":"SKIP","floor":45},{"not_picked":["champ:BringItOn","champ:EnGarde+1"],"picked":"champ:CalledShot","floor":47},{"not_picked":["champ:BladeFlurry+1","champ:Encircle+1","champ:Circumvent+1"],"picked":"SKIP","floor":48},{"not_picked":["champ:HeartStrike+1","champ:AdrenalArmor+1","champ:Shatter"],"picked":"SKIP","floor":49},{"not_picked":["champ:Backstep+1","champ:BringItOn","champ:RisingSlash+1"],"picked":"SKIP","floor":52}],"player_experience":5515187,"relics_obtained":[{"floor":4,"key":"SpikesRelics:ToyHorsey"},{"floor":7,"key":"hubris:CrystalStatue"},{"floor":9,"key":"DemoMod:ChaffGrenade"},{"floor":19,"key":"DemoMod:Metronome"},{"floor":27,"key":"Lizard Tail"},{"floor":38,"key":"jedi:matchstick"},{"floor":40,"key":"hubris:Spice"},{"floor":41,"key":"Toy Ornithopter"},{"floor":46,"key":"Thread and Needle"},{"floor":52,"key":"potionbrewer:Keyblade"},{"floor":52,"key":"hubris:Spice"}],"event_choices":[{"damage_healed":0,"gold_gain":0,"cards_transformed":["champ:Strike"],"player_choice":"Transformed","damage_taken":0,"max_hp_gain":0,"max_hp_loss":0,"event_name":"Transmorgrifier","floor":20,"gold_loss":0,"cards_obtained":["champ:Lariat"]},{"cards_removed":["champ:BerserkerStyle"],"damage_healed":0,"gold_gain":0,"player_choice":"Take \u0026 Give","damage_taken":0,"max_hp_gain":0,"max_hp_loss":0,"event_name":"betterNote:BetterNote","floor":23,"gold_loss":0,"cards_obtained":["Alpha"]}],"is_beta":false,"boss_relics":[{"not_picked":["Sandwich","vexMod:RockOfEvil"],"picked":"vexMod:DeviousBotling"},{"not_picked":["aspiration:WatcherSkillbook","Abe\u0027s Treasure"],"picked":"DemoMod:RiddleOfLead"}],"items_purged_floors":[26],"is_endless":false,"potions_floor_spawned":[2,5,15,16,19,25,27,31,32,40,45,48],"ascension_level":0}}