{"host":"fhujvjnj99vjue08","time":1607877620,"event":{"mods":["2.2 Compatiblity","AchievementEnabler","Aspiration","Astrologer","BaseMod","Beaked The Cultist","BetterRewards","CatGirl Mod","Colored Map","Colored Powertips","Conjunction","Conspire","Custom Start","Friendly Minions","GifTheSpireLib","Googly Eyes","Halation","Highlight Path","Hubris","Hyrulean Relics","Infinite Spire","Magitek Elite","Mimic Mod","Minty Spire (QoL Compilation)","Replay The Spire","Reworked Bosses","Shop Mod","StSLib","Strawberry Spire","Stuff the Spire","The Bug Knight","The Factory","The Gatherer","The Jungle","The Servant 0.9.4","TheBandit","TheFirefly","egg","thorton","vexMod"],"gold_per_floor":[115,115,135,153,165,196,196,224,248,248,248],"floor_reached":10,"playtime":394,"items_purged":[],"score":90,"play_id":"daf55f2c-1196-43d5-9f83-8caede080eba","local_time":"20201213164020","is_ascension_mode":true,"campfire_choices":[{"floor":7,"key":"REST"}],"circlet_count":0,"master_deck":["Strike_G","Strike_G","Strike_G","Strike_G","Strike_G","Defend_G","Defend_G","Defend_G","Defend_G","Defend_G","Survivor","Neutralize","Bane","Blade Dance","Atom Bomb+1"],"relics":["Ring of the Snake","NeowsBlessing","hubris:Icosahedron","Golden Egg","Pet Ghost","Blood Vial"],"acts_visited":["Exordium"],"potions_floor_usage":[6,6],"damage_taken":[{"damage":0,"enemies":"2 Louse","floor":1,"turns":1},{"damage":0,"enemies":"Jaw Worm","floor":3,"turns":1},{"damage":0,"enemies":"Small Slimes","floor":4,"turns":1},{"damage":17,"enemies":"Blue Slaver","floor":5,"turns":7},{"damage":31,"enemies":"3 Sentries","floor":6,"turns":10},{"damage":15,"enemies":"Lagavulin","floor":8,"turns":4},{"damage":30,"enemies":"3 Sentries","floor":10,"turns":6}],"seed_played":"9217203942708069001","potions_obtained":[{"floor":4,"key":"Block Potion"},{"floor":5,"key":"Adrenaline Potion"},{"floor":8,"key":"SpeedPotion"}],"is_trial":false,"path_per_floor":["M","?","M","M","M","E","R","E","T","E"],"character_chosen":"THE_SILENT","items_purchased":[],"campfire_rested":1,"item_purchase_floors":[],"current_hp_per_floor":[70,70,70,70,53,22,43,28,28,0,0],"gold":248,"neow_bonus":"THREE_ENEMY_KILL","is_daily":false,"chose_seed":false,"campfire_upgraded":0,"win_rate":0.0,"timestamp":1607877620,"path_taken":["M","?","M","M","M","E","R","E","T","E"],"items_purchased_type":[],"build_version":"2020-11-30","purchased_purges":0,"victory":false,"max_hp_per_floor":[70,70,70,70,70,70,70,70,70,70,70],"card_choices":[{"not_picked":["Acrobatics","Slice"],"picked":"Bane","floor":1},{"not_picked":["hubris:SlightOfHand","strawberrySpire:HopSkipAndJump","StuffTheSpire:ClusterCrunch"],"picked":"SKIP","floor":3},{"not_picked":["StuffTheSpire:Repulse","Riddle With Holes","StuffTheSpire:ClusterCrunch"],"picked":"SKIP","floor":4},{"not_picked":["Sucker Punch","Riddle With Holes"],"picked":"Blade Dance","floor":5},{"not_picked":["Deadly Poison","Flying Knee"],"picked":"Atom Bomb","floor":6},{"not_picked":["Setup","PiercingWail","Catalyst"],"picked":"SKIP","floor":8}],"player_experience":295347,"relics_obtained":[{"floor":6,"key":"Golden Egg"},{"floor":8,"key":"Pet Ghost"},{"floor":9,"key":"Blood Vial"}],"event_choices":[],"is_beta":false,"boss_relics":[],"items_purged_floors":[],"is_endless":false,"potions_floor_spawned":[4,5,8],"killed_by":"3 Sentries","ascension_level":3}}