{"host":"wuk1ltmmka824l9y","time":1607830170,"event":{"mods":["AchievementEnabler","BaseMod","Custom Start","DeckTracker","Minty Spire (QoL Compilation)","Quick Restart","StSLib","SuperFastMode"],"gold_per_floor":[117,129,129,54,129,139,150,1,27,55,71,71,89,14,14,87,137,154,154,167,21,34,34,60,60,60],"floor_reached":25,"playtime":750,"items_purged":["Strike_R","Strike_R"],"score":390,"play_id":"d1baf9a2-01e9-4e17-bc10-107fb22789ef","local_time":"20201213122930","is_ascension_mode":true,"campfire_choices":[{"floor":12,"key":"REST"},{"data":"Flame Barrier","floor":15,"key":"SMITH"},{"floor":23,"key":"REST"}],"circlet_count":0,"master_deck":["AscendersBane","Strike_R","Strike_R+1","Defend_R","Defend_R","Defend_R","Defend_R","Bash+1","Fire Breathing","Body Slam+1","Cleave","Shrug It Off","Flame Barrier+1","Impervious+1","Dual Wield","Power Through"],"relics":["Burning Blood","Bronze Scales","Whetstone","Potion Belt","Tiny House","CultistMask","Membership Card","Thread and Needle"],"acts_visited":["TheCity"],"potions_floor_usage":[10,16,16,16,16,24],"damage_taken":[{"damage":10.0,"enemies":"2 Louse","floor":1.0,"turns":3.0},{"damage":6.0,"enemies":"Small Slimes","floor":2.0,"turns":4.0},{"damage":12.0,"enemies":"Jaw Worm","floor":6.0,"turns":3.0},{"damage":27.0,"enemies":"Exordium Thugs","floor":7.0,"turns":5.0},{"damage":30,"enemies":"Lagavulin","floor":10,"turns":7},{"damage":0,"enemies":"Blue Slaver","floor":11,"turns":3},{"damage":9,"enemies":"3 Louse","floor":13,"turns":2},{"damage":28,"enemies":"Slime Boss","floor":16,"turns":7},{"damage":26,"enemies":"Spheric Guardian","floor":18,"turns":6},{"damage":33,"enemies":"2 Thieves","floor":20,"turns":5},{"damage":17,"enemies":"Snecko","floor":22,"turns":6},{"damage":56,"enemies":"Gremlin Leader","floor":24,"turns":7},{"damage":23,"enemies":"Cultist and Chosen","floor":25,"turns":6}],"seed_played":"1038947868100459000","potions_obtained":[{"floor":2.0,"key":"SteroidPotion"},{"floor":6.0,"key":"Regen Potion"},{"floor":7.0,"key":"EntropicBrew"},{"floor":16,"key":"ElixirPotion"},{"floor":17,"key":"SpeedPotion"},{"floor":22,"key":"FearPotion"},{"floor":24,"key":"DistilledChaos"}],"is_trial":false,"path_per_floor":["M","M","?","$","?","M","M","$","T","E","M","R","M","?","R","B",null,"M","?","M","$","M","R","E","M"],"character_chosen":"IRONCLAD","items_purchased":["Shrug It Off","Membership Card"],"campfire_rested":2,"item_purchase_floors":[8,21],"current_hp_per_floor":[64,64,59,59,48,42,21,21,21,12,18,40,37,37,37,15,65,45,45,18,18,7,31,16,0,0],"gold":60,"neow_bonus":"UPGRADE_CARD","is_daily":false,"chose_seed":false,"campfire_upgraded":1,"win_rate":0.0,"timestamp":1607830170,"path_taken":["M","M","?","$","?","M","M","$","T","E","M","R","M","?","R","BOSS","M","?","?","$","M","R","E","M"],"items_purchased_type":["Card","Relic"],"build_version":"2020-11-30","purchased_purges":2,"victory":false,"max_hp_per_floor":[75,75,75,75,75,75,75,75,75,75,75,75,75,75,75,75,80,80,80,80,80,80,80,80,80,80],"card_choices":[{"not_picked":["Clash","Reckless Charge"],"picked":"Fire Breathing","floor":1.0},{"not_picked":["Anger","Sword Boomerang"],"picked":"Body Slam","floor":2.0},{"not_picked":["Thunderclap","Anger","Whirlwind"],"picked":"SKIP","floor":6.0},{"not_picked":["Combust","Heavy Blade"],"picked":"Cleave","floor":7.0},{"not_picked":["Heavy Blade","Corruption"],"picked":"Flame Barrier","floor":10},{"not_picked":["Hemokinesis","Spot Weakness","Twin Strike"],"picked":"SKIP","floor":11},{"not_picked":["Dark Embrace","Reckless Charge","Disarm"],"picked":"SKIP","floor":13},{"not_picked":["Reaper","Corruption"],"picked":"Impervious","floor":16},{"not_picked":["Seeing Red","Clothesline"],"picked":"Dual Wield","floor":17},{"not_picked":["Entrench","Shrug It Off+1"],"picked":"Power Through","floor":18},{"not_picked":["Sword Boomerang","Dual Wield+1","Flex"],"picked":"SKIP","floor":20},{"not_picked":["Pommel Strike","Metallicize","Warcry"],"picked":"SKIP","floor":22},{"not_picked":["Seeing Red","Wild Strike","Combust+1"],"picked":"SKIP","floor":24}],"player_experience":313810,"relics_obtained":[{"floor":9.0,"key":"Whetstone"},{"floor":10,"key":"Potion Belt"},{"floor":24,"key":"Thread and Needle"}],"event_choices":[{"damage_healed":0.0,"max_hp_gain":0.0,"max_hp_loss":0.0,"gold_gain":0.0,"event_name":"Scrap Ooze","player_choice":"Success","floor":3.0,"gold_loss":0.0,"damage_taken":5.0,"relics_obtained":["Bronze Scales"]},{"damage_healed":0.0,"max_hp_gain":0.0,"max_hp_loss":0.0,"gold_gain":75.0,"event_name":"World of Goop","player_choice":"Gather Gold","floor":5.0,"gold_loss":0.0,"damage_taken":11.0},{"cards_removed":["Strike_R"],"damage_healed":0,"gold_gain":0,"player_choice":"Card Removal","damage_taken":0,"max_hp_gain":0,"max_hp_loss":0,"event_name":"The Cleric","floor":14,"gold_loss":75},{"damage_healed":0,"gold_gain":0,"player_choice":"Trade","damage_taken":0,"relics_obtained":["CultistMask"],"max_hp_gain":0,"max_hp_loss":0,"event_name":"FaceTrader","floor":19,"gold_loss":0}],"is_beta":false,"boss_relics":[{"not_picked":["Runic Dome","Sozu"],"picked":"Tiny House"}],"items_purged_floors":[4,8],"is_endless":false,"potions_floor_spawned":[2,6,7,16,22,24],"killed_by":"Cultist and Chosen","ascension_level":15}}