{"host":"ow9msrs9p2ctkx99","time":1607848039,"event":{"mods":["AchievementEnabler","BaseMod","Colored Map","Colored Powertips","Minty Spire (QoL Compilation)","Permanent Neow","Quick Restart","SuperFastMode"],"gold_per_floor":[109,121,171,191,191,220,240,265,265,265,265,286,26,55,55,180,180,194,194,194,217,231,231,256,256,256,256,86,107,107,107],"floor_reached":30,"playtime":629,"items_purged":["Strike_B","Strike_B"],"score":360,"play_id":"35fe7eba-40b0-422d-82b2-53820085f76f","local_time":"20201213092719","is_ascension_mode":true,"campfire_choices":[{"data":"Coolheaded","floor":11,"key":"SMITH"},{"floor":15,"key":"REST"},{"data":"1","floor":23,"key":"LIFT"},{"floor":25,"key":"REST"},{"data":"2","floor":27,"key":"LIFT"}],"circlet_count":0,"master_deck":["AscendersBane","Strike_B","Strike_B","Defend_B","Defend_B","Defend_B","Defend_B","Zap","Dualcast+1","Melter","Coolheaded+1","Ball Lightning","Turbo","Glacier","The Bomb","Biased Cognition","CurseOfTheBell","Steam","Darkness","Beam Cell+1","BootSequence","Defragment","Sweeping Beam"],"relics":["Cracked Core","Lizard Tail","Pen Nib","Ornamental Fan","Golden Idol","Odd Mushroom","Calling Bell","Omamori","White Beast Statue","Girya","Necronomicon","Letter Opener"],"acts_visited":["Exordium","TheCity"],"potions_floor_usage":[6,6,6,6,6,8,12,29,30],"damage_taken":[{"damage":7,"enemies":"Small Slimes","floor":1,"turns":3},{"damage":7,"enemies":"Jaw Worm","floor":2,"turns":3},{"damage":0,"enemies":"Cultist","floor":4,"turns":3},{"damage":24,"enemies":"3 Sentries","floor":6,"turns":14},{"damage":10,"enemies":"Looter","floor":7,"turns":3},{"damage":37,"enemies":"Gremlin Nob","floor":8,"turns":4},{"damage":10,"enemies":"Exordium Thugs","floor":12,"turns":4},{"damage":11,"enemies":"The Mushroom Lair","floor":14,"turns":5},{"damage":31,"enemies":"The Guardian","floor":16,"turns":11},{"damage":31,"enemies":"Shell Parasite","floor":18,"turns":5},{"damage":7,"enemies":"Chosen","floor":21,"turns":4},{"damage":36,"enemies":"Snake Plant","floor":22,"turns":4},{"damage":9,"enemies":"3 Cultists","floor":24,"turns":4},{"damage":17,"enemies":"Centurion and Healer","floor":29,"turns":5},{"damage":34,"enemies":"Book of Stabbing","floor":30,"turns":5}],"seed_played":"-7727924179715081670","potions_obtained":[{"floor":1,"key":"ColorlessPotion"},{"floor":2,"key":"PotionOfCapacity"},{"floor":5,"key":"EntropicBrew"},{"floor":5,"key":"SneckoOil"},{"floor":8,"key":"Block Potion"},{"floor":12,"key":"Fire Potion"},{"floor":18,"key":"Regen Potion"},{"floor":21,"key":"LiquidBronze"},{"floor":29,"key":"FearPotion"}],"is_trial":false,"path_per_floor":["M","M","?","M","?","E","M","E","T","?","R","M","$","?","R","B",null,"M","?","?","M","M","R","M","R","T","R","$","M","E"],"character_chosen":"DEFECT","items_purchased":["The Bomb","Defragment"],"campfire_rested":2,"item_purchase_floors":[13,28],"current_hp_per_floor":[61,54,54,54,54,30,20,37,37,37,37,27,27,16,36,5,53,22,6,69,62,26,26,17,37,37,37,37,20,0,0],"gold":107,"neow_bonus":"UPGRADE_CARD","is_daily":false,"chose_seed":false,"campfire_upgraded":1,"win_rate":0.0,"timestamp":1607848039,"path_taken":["M","M","?","M","?","E","?","E","T","?","R","M","?","?","R","BOSS","M","?","?","?","M","R","M","R","T","R","$","M","E"],"items_purchased_type":["Card","Card"],"build_version":"2020-11-30","purchased_purges":2,"victory":false,"max_hp_per_floor":[75,75,75,75,75,75,75,75,75,69,69,69,69,69,69,69,69,69,69,69,69,69,69,69,69,69,69,69,69,69,69],"card_choices":[{"not_picked":["Redo","Hello World"],"picked":"Melter","floor":1},{"not_picked":["Steam","Barrage"],"picked":"Coolheaded","floor":2},{"not_picked":["Go for the Eyes","Storm","Stack"],"picked":"SKIP","floor":4},{"not_picked":["Sweeping Beam","Reboot"],"picked":"Ball Lightning","floor":6},{"not_picked":["Hologram","Leap"],"picked":"Turbo","floor":7},{"not_picked":["Force Field","Stack","Streamline"],"picked":"SKIP","floor":8},{"not_picked":["Streamline","Turbo"],"picked":"Glacier","floor":12},{"not_picked":["Stack","Doom and Gloom"],"picked":"Tempest","floor":14},{"not_picked":["Machine Learning","Fission"],"picked":"Biased Cognition","floor":16},{"not_picked":["Force Field","Coolheaded"],"picked":"Steam","floor":18},{"not_picked":["Sunder","Redo"],"picked":"Darkness","floor":21},{"not_picked":["Streamline","Chill"],"picked":"Beam Cell+1","floor":22},{"not_picked":["Glacier","Conserve Battery"],"picked":"BootSequence","floor":24},{"not_picked":["Tempest","Machine Learning"],"picked":"Sweeping Beam","floor":29}],"player_experience":997736,"relics_obtained":[{"floor":6,"key":"Lizard Tail"},{"floor":8,"key":"Pen Nib"},{"floor":9,"key":"Ornamental Fan"},{"floor":14,"key":"Odd Mushroom"},{"floor":17,"key":"Omamori"},{"floor":17,"key":"White Beast Statue"},{"floor":17,"key":"Girya"},{"floor":19,"key":"Necronomicon"},{"floor":26,"key":"Letter Opener"}],"event_choices":[{"damage_healed":0,"gold_gain":50,"player_choice":"Gained Gold","damage_taken":0,"max_hp_gain":0,"max_hp_loss":0,"event_name":"Golden Wing","floor":3,"gold_loss":0},{"damage_healed":0,"gold_gain":0,"player_choice":"Got Potions","damage_taken":0,"max_hp_gain":0,"max_hp_loss":0,"event_name":"Lab","floor":5,"gold_loss":0},{"damage_healed":0,"gold_gain":0,"player_choice":"Lose Max HP","damage_taken":0,"relics_obtained":["Golden Idol"],"max_hp_gain":0,"max_hp_loss":6,"event_name":"Golden Idol","floor":10,"gold_loss":0},{"damage_healed":0,"gold_gain":0,"player_choice":"Fought Mushrooms","damage_taken":0,"max_hp_gain":0,"max_hp_loss":0,"event_name":"Mushrooms","floor":14,"gold_loss":0},{"damage_healed":0,"gold_gain":0,"player_choice":"Obtained Book","damage_taken":16,"max_hp_gain":0,"max_hp_loss":0,"event_name":"Cursed Tome","floor":19,"gold_loss":0},{"cards_removed":["Tempest"],"damage_healed":63,"gold_gain":0,"player_choice":"Offered Uncommon","damage_taken":0,"max_hp_gain":0,"max_hp_loss":0,"event_name":"Bonfire Elementals","floor":20,"gold_loss":0}],"is_beta":false,"boss_relics":[{"not_picked":["SlaversCollar","Empty Cage"],"picked":"Calling Bell"}],"items_purged_floors":[13,28],"is_endless":false,"potions_floor_spawned":[1,2,8,12,18,21,22,24,29],"killed_by":"Book of Stabbing","ascension_level":10}}