{"host":"v0dnu0zs4qo0v13s","time":1607835734,"event":{"mods":["BaseMod","Colored Map","Colored Powertips","Minty Spire (QoL Compilation)","Relic Stats","StSLib","SuperFastMode","everything is the same but u backflip on backflip"],"gold_per_floor":[115,115,190,216,232,262,326,326,397,28,28,43,63,103,103,227,227,242,266,541,565,40,40,55,76,103,144,165,165,184,184,184,305,305,326,326,340,361,386,386,420,420,420,451,499,200,200,50,50,50],"floor_reached":51,"playtime":6009,"items_purged":["Strike_R"],"score":1226,"play_id":"58842179-89bc-41fa-b2be-2a48f2f75a17","local_time":"20201213000214","is_ascension_mode":true,"campfire_choices":[{"data":"Metallicize","floor":8.0,"key":"SMITH"},{"data":"Metallicize","floor":15.0,"key":"SMITH"},{"data":"True Grit","floor":23.0,"key":"SMITH"},{"data":"Rupture","floor":29.0,"key":"SMITH"},{"data":"Power Through","floor":32.0,"key":"SMITH"},{"data":"Feel No Pain","floor":40,"key":"SMITH"},{"data":"Evolve","floor":42,"key":"SMITH"},{"data":"Feel No Pain","floor":47,"key":"SMITH"},{"data":"Offering","floor":49,"key":"SMITH"}],"circlet_count":0,"master_deck":["AscendersBane","Bash+1","Disarm","Evolve+1","Headbutt","Sentinel","Metallicize+1","Metallicize+1","Metallicize+1","Rupture+1","True Grit+1","Reaper","Brutality","Second Wind","Power Through+1","Bloodletting","Dark Embrace","Shockwave","Intimidate","Uppercut+1","Immolate","Reckless Charge","Thunderclap+1","Juggernaut","Rampage","Bloodletting","Heavy Blade","Feel No Pain+1","Fiend Fire","Juggernaut","Clash","Dropkick","Feel No Pain+1","Burning Pact","Burning Pact+1","Corruption","Body Slam+1","Offering+1"],"relics":["Burning Blood","NeowsBlessing","PreservedInsect","Akabeko","Gambling Chip","Eternal Feather","DollysMirror","Tiny Chest","Golden Idol","Ancient Tea Set","Coffee Dripper","Red Skull","Pen Nib","Art of War","Omamori","Pandora\u0027s Box","Bag of Preparation","Blue Candle","Toy Ornithopter","Bronze Scales","Whetstone","MealTicket"],"acts_visited":["Exordium","TheCity","TheBeyond"],"potions_floor_usage":[41,44,50],"damage_taken":[{"damage":0.0,"enemies":"Small Slimes","floor":1.0,"turns":1.0},{"damage":0.0,"enemies":"Jaw Worm","floor":5.0,"turns":1.0},{"damage":0.0,"enemies":"3 Sentries","floor":6.0,"turns":2.0},{"damage":20.0,"enemies":"3 Sentries","floor":7.0,"turns":8.0},{"damage":2.0,"enemies":"2 Louse","floor":12.0,"turns":3.0},{"damage":6.0,"enemies":"Blue Slaver","floor":13.0,"turns":4.0},{"damage":19.0,"enemies":"Lagavulin","floor":14.0,"turns":10.0},{"damage":30.0,"enemies":"The Guardian","floor":16.0,"turns":19.0},{"damage":23.0,"enemies":"3 Byrds","floor":18.0,"turns":9.0},{"damage":34.0,"enemies":"Spheric Guardian","floor":19.0,"turns":8.0},{"damage":23.0,"enemies":"Cultist and Chosen","floor":21.0,"turns":11.0},{"damage":46.0,"enemies":"3 Cultists","floor":24.0,"turns":8.0},{"damage":37.0,"enemies":"Centurion and Healer","floor":25.0,"turns":11.0},{"damage":26.0,"enemies":"Slavers","floor":27.0,"turns":7.0},{"damage":6.0,"enemies":"Snecko","floor":28.0,"turns":8.0},{"damage":28.0,"enemies":"Cultist and Chosen","floor":30.0,"turns":5.0},{"damage":40.0,"enemies":"Champ","floor":33.0,"turns":10.0},{"damage":61.0,"enemies":"3 Darklings","floor":35.0,"turns":5.0},{"damage":18.0,"enemies":"Orb Walker","floor":37.0,"turns":6.0},{"damage":11.0,"enemies":"Maw","floor":38.0,"turns":6.0},{"damage":10,"enemies":"Jaw Worm Horde","floor":39,"turns":6},{"damage":32,"enemies":"Reptomancer","floor":41,"turns":6},{"damage":43,"enemies":"Nemesis","floor":44,"turns":8},{"damage":61,"enemies":"Awakened One","floor":50,"turns":7}],"seed_played":"8702789599487813230","potions_obtained":[{"floor":5.0,"key":"SpeedPotion"},{"floor":6.0,"key":"HeartOfIron"},{"floor":7.0,"key":"Fire Potion"},{"floor":18.0,"key":"DistilledChaos"},{"floor":25.0,"key":"SteroidPotion"},{"floor":28.0,"key":"Dexterity Potion"},{"floor":41,"key":"Regen Potion"}],"is_trial":false,"path_per_floor":["M","?","?","T","M","E","?","R","T","$","?","M","M","E","R","B",null,"M","M","?","M","$","R","M","M","T","E","M","R","M","T","R","B",null,"M","?","M","M","M","R","E","R","T","E","T","$","R","$","R","B",null],"character_chosen":"IRONCLAD","items_purchased":["DollysMirror","Tiny Chest","Metallicize","Red Skull","Bloodletting","Dark Embrace","Regen Potion","Shockwave","Whetstone","MealTicket","Offering"],"campfire_rested":0,"item_purchase_floors":[10,10,10,22,22,22,22,22,46,46,48],"current_hp_per_floor":[78,78,67,67,73,79,65,65,65,65,65,69,69,56,68,50,73,63,42,42,32,32,47,45,40,40,44,64,80,80,80,80,66,77,22,22,39,41,37,58,55,76,76,53,53,53,74,80,80,76],"gold":50,"neow_bonus":"THREE_ENEMY_KILL","is_daily":false,"chose_seed":false,"campfire_upgraded":9,"win_rate":0.0,"timestamp":1607835734,"path_taken":["M","?","?","?","M","E","?","R","T","$","?","?","M","E","R","BOSS","M","M","?","M","$","R","M","M","T","E","M","R","M","?","R","BOSS","M","?","?","M","?","R","E","R","T","E","?","$","R","$","R","BOSS"],"items_purchased_type":["Relic","Relic","Card","Relic","Card","Card","Potion","Card","Relic","Relic","Card"],"build_version":"2020-11-30","purchased_purges":1,"victory":true,"max_hp_per_floor":[80,80,80,80,80,80,80,80,80,80,80,80,80,80,80,80,80,80,80,80,80,80,80,80,80,80,80,80,80,80,80,80,80,80,80,80,80,80,80,80,80,80,80,80,80,80,80,80,80,80],"relic_stats":{"counters":[24,169],"Golden Idol":153,"Blue Candle":[0],"Eternal Feather":106,"PreservedInsect":213,"Pen Nib":[9],"Bag of Preparation":[4],"Whetstone":["Thunderclap","Bash"],"Burning Blood":144,"Gambling Chip":[55],"Bronze Scales":[33],"Tiny Chest":2,"Pandora\u0027s Box":["Rampage","Bloodletting","Heavy Blade","Feel No Pain","Fiend Fire","Juggernaut","Clash"],"MealTicket":6,"Art of War":[21],"obtain_stats":[{"NeowsBlessing":0,"Golden Idol":11,"Blue Candle":43,"Eternal Feather":9,"PreservedInsect":4,"Pen Nib":26,"Omamori":31,"Bag of Preparation":41,"Whetstone":46,"Ancient Tea Set":14,"Burning Blood":0,"Akabeko":6,"DollysMirror":10,"Gambling Chip":7,"Bronze Scales":45,"Tiny Chest":10,"Pandora\u0027s Box":34,"MealTicket":46,"Coffee Dripper":17,"Art of War":27,"Red Skull":22,"Toy Ornithopter":44},{"NeowsBlessing":0,"Golden Idol":4,"Blue Candle":22,"Eternal Feather":4,"PreservedInsect":1,"Pen Nib":13,"Omamori":16,"Bag of Preparation":22,"Whetstone":23,"Ancient Tea Set":7,"Burning Blood":0,"Akabeko":3,"DollysMirror":4,"Gambling Chip":4,"Bronze Scales":23,"Tiny Chest":4,"Pandora\u0027s Box":17,"MealTicket":23,"Coffee Dripper":8,"Art of War":14,"Red Skull":11,"Toy Ornithopter":23},{"NeowsBlessing":0,"Golden Idol":12,"Blue Candle":154,"Eternal Feather":12,"PreservedInsect":1,"Pen Nib":95,"Omamori":115,"Bag of Preparation":154,"Whetstone":162,"Ancient Tea Set":29,"Burning Blood":0,"Akabeko":4,"DollysMirror":12,"Gambling Chip":12,"Bronze Scales":162,"Tiny Chest":12,"Pandora\u0027s Box":125,"MealTicket":162,"Coffee Dripper":48,"Art of War":102,"Red Skull":76,"Toy Ornithopter":162}],"Toy Ornithopter":5},"card_choices":[{"not_picked":["Shrug It Off","Bloodletting"],"picked":"Disarm","floor":1.0},{"not_picked":["Whirlwind","Body Slam"],"picked":"Headbutt","floor":5.0},{"not_picked":["Juggernaut","Clash"],"picked":"Sentinel","floor":6.0},{"not_picked":["Twin Strike","Perfected Strike"],"picked":"Metallicize","floor":7.0},{"not_picked":["Entrench","Havoc"],"picked":"Rupture","floor":12.0},{"not_picked":["Ghostly Armor","Havoc"],"picked":"True Grit","floor":13.0},{"not_picked":["Entrench","Heavy Blade"],"picked":"Reaper","floor":14.0},{"not_picked":["Fiend Fire","Limit Break"],"picked":"Brutality","floor":16.0},{"not_picked":["Searing Blow","Clothesline"],"picked":"Second Wind","floor":18.0},{"not_picked":["Bloodletting","True Grit"],"picked":"Power Through","floor":19.0},{"not_picked":["Clash","Seeing Red+1","Shrug It Off"],"picked":"SKIP","floor":21.0},{"not_picked":["Thunderclap","Evolve"],"picked":"Intimidate","floor":24.0},{"not_picked":["Blood for Blood","Sword Boomerang"],"picked":"Uppercut+1","floor":25.0},{"not_picked":["Pummel","Dark Embrace"],"picked":"Immolate","floor":27.0},{"not_picked":["Body Slam","Thunderclap"],"picked":"Reckless Charge","floor":28.0},{"not_picked":["Infernal Blade+1","Clash+1"],"picked":"Thunderclap","floor":30.0},{"not_picked":["Bludgeon","Double Tap"],"picked":"Juggernaut","floor":33.0},{"not_picked":["Bloodletting","Disarm+1"],"picked":"Dropkick","floor":35.0},{"not_picked":["Clash","Infernal Blade"],"picked":"Feel No Pain","floor":37.0},{"not_picked":["Warcry","Clash"],"picked":"Burning Pact","floor":38.0},{"not_picked":["Iron Wave+1","Headbutt"],"picked":"Burning Pact+1","floor":39},{"not_picked":["Twin Strike","Sentinel"],"picked":"Corruption","floor":41},{"not_picked":["Carnage","Perfected Strike"],"picked":"Body Slam+1","floor":44}],"player_experience":566107,"relics_obtained":[{"floor":4.0,"key":"PreservedInsect"},{"floor":6.0,"key":"Akabeko"},{"floor":7.0,"key":"Gambling Chip"},{"floor":9.0,"key":"Eternal Feather"},{"floor":14.0,"key":"Ancient Tea Set"},{"floor":26.0,"key":"Pen Nib"},{"floor":27.0,"key":"Art of War"},{"floor":31.0,"key":"Omamori"},{"floor":41,"key":"Bag of Preparation"},{"floor":43,"key":"Blue Candle"},{"floor":44,"key":"Toy Ornithopter"},{"floor":45,"key":"Bronze Scales"}],"event_choices":[{"damage_healed":0.0,"max_hp_gain":0.0,"max_hp_loss":0.0,"gold_gain":0.0,"cards_transformed":["Defend_R"],"event_name":"Living Wall","player_choice":"Change","floor":2.0,"gold_loss":0.0,"damage_taken":0.0,"cards_obtained":["Evolve"]},{"damage_healed":0.0,"max_hp_gain":0.0,"max_hp_loss":0.0,"gold_gain":75.0,"event_name":"World of Goop","player_choice":"Gather Gold","floor":3.0,"gold_loss":0.0,"damage_taken":11.0},{"damage_healed":0.0,"max_hp_gain":0.0,"max_hp_loss":0.0,"gold_gain":0.0,"event_name":"Dead Adventurer","player_choice":"Searched \u00272\u0027 times","floor":7.0,"gold_loss":0.0,"damage_taken":0.0},{"damage_healed":0.0,"max_hp_gain":0.0,"max_hp_loss":0.0,"gold_gain":0.0,"event_name":"Golden Idol","player_choice":"Take Wound","floor":11.0,"gold_loss":0.0,"damage_taken":0.0,"relics_obtained":["Golden Idol"],"cards_obtained":["Injury"]},{"damage_healed":0.0,"max_hp_gain":0.0,"max_hp_loss":0.0,"gold_gain":275.0,"event_name":"Golden Shrine","player_choice":"Desecrate","floor":20.0,"gold_loss":0.0,"damage_taken":0.0,"cards_obtained":["Regret"]},{"cards_removed":["Regret","Injury"],"damage_healed":0.0,"max_hp_gain":0.0,"max_hp_loss":0.0,"gold_gain":0.0,"event_name":"Fountain of Cleansing","player_choice":"Removed Curses","floor":36.0,"gold_loss":0.0,"damage_taken":0.0}],"is_beta":false,"boss_relics":[{"not_picked":["Runic Dome","Ectoplasm"],"picked":"Coffee Dripper"},{"not_picked":["SacredBark","Sozu"],"picked":"Pandora\u0027s Box"}],"items_purged_floors":[22],"is_endless":false,"potions_floor_spawned":[5,6,7,18,25,28,33,39,41],"ascension_level":12}}