{"host":"3a1ypf1irl30q4k8","time":1607857081,"event":{"mods":["AchievementEnabler","BaseMod","Bestiary","Colored Map","Minty Spire (QoL Compilation)","Relic Stats"],"gold_per_floor":[113,123,133,133,11,41,17,35,89,89,100,100,131,144,144,144,144],"floor_reached":16,"playtime":777,"items_purged":[],"score":182,"play_id":"239815da-75cd-466f-9cb2-318f49b2c014","local_time":"20201213105801","is_ascension_mode":true,"campfire_choices":[{"floor":12,"key":"REST"},{"data":"Fusion","floor":15,"key":"SMITH"}],"circlet_count":0,"master_deck":["Strike_B","Strike_B","Strike_B","Defend_B","Defend_B","Defend_B","Defend_B","Zap","Dualcast","Cold Snap","Redo","Compile Driver","Cold Snap","Compile Driver","Turbo","Fission","Redo","Self Repair","Auto Shields","Fusion+1"],"relics":["Cracked Core","Pear","Bag of Preparation","Toy Ornithopter","MealTicket"],"acts_visited":["Exordium"],"potions_floor_usage":[11,16],"damage_taken":[{"damage":2,"enemies":"Jaw Worm","floor":1,"turns":3},{"damage":5,"enemies":"2 Louse","floor":2,"turns":2},{"damage":0,"enemies":"Cultist","floor":3,"turns":3},{"damage":28,"enemies":"Gremlin Nob","floor":6,"turns":4},{"damage":0,"enemies":"Large Slime","floor":8,"turns":5},{"damage":5,"enemies":"2 Fungi Beasts","floor":11,"turns":3},{"damage":22,"enemies":"3 Sentries","floor":13,"turns":10},{"damage":6,"enemies":"Looter","floor":14,"turns":4},{"damage":56,"enemies":"Hexaghost","floor":16,"turns":13}],"seed_played":"7747828949484412568","potions_obtained":[{"floor":6,"key":"Dexterity Potion"},{"floor":11,"key":"SteroidPotion"},{"floor":13,"key":"AttackPotion"},{"floor":14,"key":"Explosive Potion"}],"is_trial":false,"path_per_floor":["M","M","M","?","$","E","$","M","T","?","M","R","E","M","R","B"],"character_chosen":"DEFECT","items_purchased":["Cold Snap","Compile Driver","Turbo","Redo"],"campfire_rested":1,"item_purchase_floors":[5,5,5,7],"current_hp_per_floor":[73,68,68,61,61,43,43,43,43,31,38,65,50,51,51,0,0],"gold":144,"neow_bonus":"TEN_PERCENT_HP_BONUS","is_daily":false,"chose_seed":false,"campfire_upgraded":1,"win_rate":0.0,"timestamp":1607857081,"path_taken":["M","M","M","?","$","E","$","M","T","?","M","R","E","M","R","BOSS"],"items_purchased_type":["Card","Card","Card","Card"],"build_version":"2020-11-30","purchased_purges":0,"victory":false,"max_hp_per_floor":[82,82,82,82,82,92,92,92,92,92,92,92,92,92,92,92,92],"relic_stats":{"counters":[9,47],"MealTicket":0,"Bag of Preparation":[8],"obtain_stats":[{"Pear":6,"MealTicket":13,"Bag of Preparation":9,"Cracked Core":0,"Toy Ornithopter":10},{"Pear":4,"MealTicket":7,"Bag of Preparation":5,"Cracked Core":0,"Toy Ornithopter":5},{"Pear":12,"MealTicket":30,"Bag of Preparation":17,"Cracked Core":0,"Toy Ornithopter":17}],"Toy Ornithopter":10},"card_choices":[{"not_picked":["Rebound","Streamline"],"picked":"Cold Snap","floor":1},{"not_picked":["Reinforced Body","Turbo"],"picked":"Redo","floor":2},{"not_picked":["Beam Cell","White Noise"],"picked":"Compile Driver","floor":3},{"not_picked":["Rip and Tear","Streamline"],"picked":"Fission","floor":6},{"not_picked":["Go for the Eyes","Steam"],"picked":"Self Repair","floor":8},{"not_picked":["Rebound","Heatsinks"],"picked":"Auto Shields","floor":11},{"not_picked":["Auto Shields","Sunder","Rebound"],"picked":"SKIP","floor":13},{"not_picked":["Sunder","Streamline"],"picked":"Fusion","floor":14}],"player_experience":834359,"relics_obtained":[{"floor":6,"key":"Pear"},{"floor":9,"key":"Bag of Preparation"},{"floor":13,"key":"MealTicket"}],"event_choices":[{"cards_removed":["Strike_B"],"damage_healed":0,"gold_gain":0,"player_choice":"Card Removal","damage_taken":7,"max_hp_gain":0,"max_hp_loss":0,"event_name":"Golden Wing","floor":4,"gold_loss":0},{"damage_healed":0,"gold_gain":0,"player_choice":"Success","damage_taken":12,"relics_obtained":["Toy Ornithopter"],"max_hp_gain":0,"max_hp_loss":0,"event_name":"Scrap Ooze","floor":10,"gold_loss":0}],"is_beta":false,"boss_relics":[],"items_purged_floors":[],"is_endless":false,"potions_floor_spawned":[6,11,13,14],"killed_by":"Hexaghost","ascension_level":8}}