{"host":"is2s59edl8twrhoj","time":1607895831,"event":{"mods":["BaseMod","Colored Map","Colored Powertips","DeckTracker","Minty Spire (QoL Compilation)","StSLib"],"gold_per_floor":[115,65,240,240,240,272,272,297,297,297,297,317,18,37,37,141,141,156,156,173,207,222,222,147,147,147,166,166,192,192,208,208,312,312,332,343,243,543,555,555,572,572,572,572,3,3,16,34,34,34],"floor_reached":51,"playtime":1747,"items_purged":["Strike_B","Strike_B","Strike_B"],"score":1118,"play_id":"26ba6de4-d788-402b-b751-3cbabd88136d","local_time":"20201213214351","is_ascension_mode":true,"campfire_choices":[{"data":"Defragment","floor":7.0,"key":"SMITH"},{"data":"Ball Lightning","floor":10.0,"key":"SMITH"},{"data":"Leap","floor":15.0,"key":"SMITH"},{"floor":23.0,"key":"REST"},{"data":"Zap","floor":25.0,"key":"SMITH"},{"data":"Redo","floor":28.0,"key":"SMITH"},{"floor":32.0,"key":"REST"},{"floor":40.0,"key":"REST"},{"data":"Buffer","floor":42,"key":"SMITH"},{"data":"Defragment","floor":46,"key":"SMITH"},{"floor":49,"key":"REST"}],"circlet_count":0,"master_deck":["AscendersBane","Defend_B","Defend_B","Defend_B","Defend_B","Zap+1","Dualcast","Ball Lightning+1","Defragment+1","Leap+1","Electrodynamics","Redo+1","Conserve Battery","Conserve Battery","Defragment+1","Buffer+1","Tempest","Capacitor+1","Conserve Battery+1"],"relics":["Cracked Core","Orichalcum","Oddly Smooth Stone","Dream Catcher","Mercury Hourglass","Ice Cream","Runic Pyramid","Red Mask","Lizard Tail","Ginger","Nloth\u0027s Gift","Busted Crown","Bottled Lightning","Runic Capacitor","FossilizedHelix"],"acts_visited":["Exordium","TheCity","TheBeyond"],"potions_floor_usage":[],"damage_taken":[{"damage":0.0,"enemies":"2 Louse","floor":1.0,"turns":1.0},{"damage":0.0,"enemies":"3 Sentries","floor":6.0,"turns":1.0},{"damage":0.0,"enemies":"Gremlin Nob","floor":8.0,"turns":1.0},{"damage":1.0,"enemies":"Jaw Worm","floor":12.0,"turns":3.0},{"damage":0.0,"enemies":"Small Slimes","floor":14.0,"turns":3.0},{"damage":14.0,"enemies":"The Guardian","floor":16.0,"turns":8.0},{"damage":19.0,"enemies":"2 Thieves","floor":18.0,"turns":3.0},{"damage":5.0,"enemies":"Spheric Guardian","floor":20.0,"turns":4.0},{"damage":6.0,"enemies":"Masked Bandits","floor":21.0,"turns":2.0},{"damage":17.0,"enemies":"3 Cultists","floor":22.0,"turns":4.0},{"damage":3.0,"enemies":"Chosen and Byrds","floor":27.0,"turns":4.0},{"damage":27.0,"enemies":"Book of Stabbing","floor":29.0,"turns":5.0},{"damage":0.0,"enemies":"Snecko","floor":31.0,"turns":5.0},{"damage":51.0,"enemies":"Champ","floor":33.0,"turns":11.0},{"damage":2.0,"enemies":"Orb Walker","floor":35.0,"turns":4.0},{"damage":29.0,"enemies":"3 Darklings","floor":36.0,"turns":3.0},{"damage":10.0,"enemies":"Writhing Mass","floor":39.0,"turns":5.0},{"damage":16,"enemies":"Spire Growth","floor":41,"turns":5},{"damage":0,"enemies":"Maw","floor":47,"turns":6},{"damage":0,"enemies":"4 Shapes","floor":48,"turns":4},{"damage":14,"enemies":"Time Eater","floor":50,"turns":8}],"seed_played":"349851094552992493","potions_obtained":[{"floor":6.0,"key":"Ancient Potion"},{"floor":8.0,"key":"PotionOfCapacity"},{"floor":27.0,"key":"ColorlessPotion"},{"floor":33.0,"key":"Swift Potion"},{"floor":47,"key":"Swift Potion"}],"is_trial":false,"path_per_floor":["M","?","?","?","?","E","R","E","T","R","?","M","$","M","R","B",null,"M","?","M","?","M","R","$","R","T","M","R","E","?","M","R","B",null,"M","M","$","?","M","R","M","R","T","?","$","R","M","M","R","B",null],"character_chosen":"DEFECT","items_purchased":["Ice Cream","Runic Capacitor","FossilizedHelix"],"campfire_rested":4,"item_purchase_floors":[13,45,45],"current_hp_per_floor":[68,68,68,73,66,66,66,66,66,66,66,65,65,65,65,51,73,54,54,49,43,26,50,50,50,50,47,47,20,20,20,44,40,70,68,39,39,39,29,53,37,37,37,37,37,37,37,37,61,47],"gold":34,"neow_bonus":"THREE_ENEMY_KILL","is_daily":false,"chose_seed":false,"campfire_upgraded":7,"win_rate":0.0,"timestamp":1607895831,"path_taken":["M","?","?","?","?","E","R","E","T","R","?","M","$","M","R","BOSS","M","?","M","?","M","R","$","R","T","M","R","E","?","?","R","BOSS","M","M","$","?","M","R","?","R","T","?","$","R","M","M","R","BOSS"],"items_purchased_type":["Relic","Relic","Relic"],"build_version":"2020-11-30","purchased_purges":3,"victory":true,"max_hp_per_floor":[75,75,75,80,80,80,80,80,80,80,80,80,80,80,80,80,80,80,80,80,80,80,80,80,80,80,80,80,80,80,80,80,80,80,80,80,80,80,80,80,80,80,80,80,80,80,80,80,80,80],"card_choices":[{"not_picked":["Turbo","Compile Driver"],"picked":"Ball Lightning","floor":1.0},{"not_picked":["Chaos","Sweeping Beam"],"picked":"Defragment","floor":6.0},{"not_picked":["Streamline","Compile Driver","Scrape"],"picked":"SKIP","floor":8.0},{"not_picked":["Beam Cell","Turbo"],"picked":"Leap","floor":12.0},{"not_picked":["Force Field","Streamline","Coolheaded"],"picked":"SKIP","floor":14.0},{"not_picked":["Seek","Amplify"],"picked":"Electrodynamics","floor":16.0},{"not_picked":["Cold Snap","Hologram+1"],"picked":"Redo","floor":18.0},{"not_picked":["Darkness","Stack+1"],"picked":"Conserve Battery","floor":20.0},{"not_picked":["Reinforced Body","Barrage"],"picked":"Conserve Battery","floor":21.0},{"not_picked":["Go for the Eyes","Gash","Coolheaded"],"picked":"SKIP","floor":22.0},{"not_picked":["Ball Lightning+1","Compile Driver"],"picked":"Defragment","floor":23.0},{"not_picked":["Rebound","Coolheaded","Genetic Algorithm+1"],"picked":"SKIP","floor":27.0},{"not_picked":["Rebound","Creative AI","Compile Driver"],"picked":"SKIP","floor":29.0},{"not_picked":["Beam Cell","Force Field+1","Biased Cognition"],"picked":"SKIP","floor":31.0},{"not_picked":["Core Surge","Machine Learning"],"picked":"Buffer","floor":33.0},{"not_picked":["Streamline+1"],"picked":"SKIP","floor":35.0},{"not_picked":[],"picked":"Tempest","floor":36.0},{"not_picked":["Darkness+1"],"picked":"SKIP","floor":39.0},{"not_picked":[],"picked":"Capacitor+1","floor":40.0},{"not_picked":["Skim+1"],"picked":"SKIP","floor":41},{"not_picked":["Steam+1"],"picked":"SKIP","floor":47},{"not_picked":["Cold Snap+1"],"picked":"SKIP","floor":48},{"not_picked":[],"picked":"Conserve Battery+1","floor":49}],"player_experience":608357,"relics_obtained":[{"floor":6.0,"key":"Oddly Smooth Stone"},{"floor":8.0,"key":"Dream Catcher"},{"floor":9.0,"key":"Mercury Hourglass"},{"floor":21.0,"key":"Red Mask"},{"floor":26.0,"key":"Lizard Tail"},{"floor":29.0,"key":"Ginger"},{"floor":43,"key":"Bottled Lightning"}],"event_choices":[{"cards_removed":["Strike_B"],"damage_healed":0.0,"max_hp_gain":0.0,"max_hp_loss":0.0,"gold_gain":0.0,"event_name":"The Cleric","player_choice":"Card Removal","floor":2.0,"gold_loss":50.0,"damage_taken":0.0},{"damage_healed":0.0,"max_hp_gain":0.0,"max_hp_loss":0.0,"gold_gain":175.0,"event_name":"Liars Game","player_choice":"AGREE","floor":3.0,"gold_loss":0.0,"damage_taken":0.0,"cards_obtained":["Doubt"]},{"damage_healed":0.0,"max_hp_gain":5.0,"max_hp_loss":0.0,"gold_gain":0.0,"event_name":"Big Fish","player_choice":"Donut","floor":4.0,"gold_loss":0.0,"damage_taken":0.0},{"damage_healed":0.0,"max_hp_gain":0.0,"max_hp_loss":0.0,"gold_gain":0.0,"event_name":"Scrap Ooze","player_choice":"Success","floor":5.0,"gold_loss":0.0,"damage_taken":7.0,"relics_obtained":["Orichalcum"]},{"cards_removed":["Doubt"],"damage_healed":0.0,"max_hp_gain":0.0,"max_hp_loss":0.0,"gold_gain":0.0,"event_name":"Living Wall","player_choice":"Forget","floor":11.0,"gold_loss":0.0,"damage_taken":0.0},{"damage_healed":0.0,"max_hp_gain":0.0,"max_hp_loss":0.0,"gold_gain":0.0,"event_name":"The Mausoleum","player_choice":"Ignored","floor":19.0,"gold_loss":0.0,"damage_taken":0.0},{"damage_healed":0.0,"max_hp_gain":0.0,"max_hp_loss":0.0,"gold_gain":0.0,"event_name":"Masked Bandits","player_choice":"Fought Bandits","floor":21.0,"gold_loss":0.0,"damage_taken":0.0},{"damage_healed":0.0,"max_hp_gain":0.0,"max_hp_loss":0.0,"gold_gain":0.0,"event_name":"N\u0027loth","player_choice":"Traded Relic","floor":30.0,"relics_lost":["NeowsBlessing"],"gold_loss":0.0,"damage_taken":0.0,"relics_obtained":["Nloth\u0027s Gift"]},{"damage_healed":0.0,"max_hp_gain":0.0,"max_hp_loss":0.0,"gold_gain":300.0,"event_name":"Wheel of Change","player_choice":"Gold","floor":38.0,"gold_loss":0.0,"damage_taken":0.0},{"damage_healed":0,"gold_gain":0,"player_choice":"Ignored","damage_taken":0,"max_hp_gain":0,"max_hp_loss":0,"event_name":"SecretPortal","floor":44,"gold_loss":0}],"is_beta":false,"boss_relics":[{"not_picked":["Fusion Hammer","Astrolabe"],"picked":"Runic Pyramid"},{"not_picked":["SacredBark","Pandora\u0027s Box"],"picked":"Busted Crown"}],"items_purged_floors":[24,37,45],"is_endless":false,"potions_floor_spawned":[6,8,16,18,27,33,47,48],"ascension_level":11}}