{"host":"htqwg582tjjtn9p7","time":1607819034,"event":{"mods":["2.2 Compatiblity","AchievementEnabler","Act Like it!","Aspiration","BaseMod","Better Third Choice","Colored Map","Conspire","Curses Come First","Displayed Cursed Tome","Energized Spire","Force Act Four","GifTheSpireLib","Hermit","Highlight Path","JesterMod","Mad Scientist","Minty Spire (QoL Compilation)","Pale of the Ancients","Permanent Neow","Random Character Button","Relic Stats","Replay The Spire","Robot Space Explorer","Somnambulant","Spicy Shops","Spikes Relics","StSLib","Stuff the Spire","The Blue Laboratory","The Disciple","The Dragon Tamer","The Forsaken","The Gatherer","The Judge","The Jungle","The Runesmith","The Servant 0.9.4"],"gold_per_floor":[115,163,178,196,43,78,78,110,133,185,260,285,285,285,285,392,392,418,418,444,30,60,60,105,130,199,199,42,42,70,104,104,211,211,240,63,91,91,124,136,136],"floor_reached":40,"playtime":1824,"items_purged":[],"score":511,"play_id":"b7bc014f-d897-4ea2-8c7f-d417cf08a201","local_time":"20201213012354","is_ascension_mode":true,"campfire_choices":[{"data":"hermit:Brawl","floor":7,"key":"SMITH"},{"floor":13,"key":"REST"},{"data":"hermit:Brawl+1","floor":15,"key":"SMITH"},{"floor":23,"key":"REST"},{"floor":27,"key":"REST"},{"data":"hermit:Brawl+2","floor":29,"key":"SMITH"},{"floor":32,"key":"REST"}],"circlet_count":0,"master_deck":["hermit:Strike_Hermit","hermit:Strike_Hermit","hermit:Strike_Hermit","hermit:Strike_Hermit","hermit:Defend_Hermit","hermit:Defend_Hermit","hermit:Defend_Hermit","hermit:Defend_Hermit","hermit:Snapshot","hermit:Covet","hermit:Brawl+3","ReplayTheSpireMod:Splinters","hermit:Quickdraw","hermit:GoldenBullet","hermit:Vantage","hermit:Horror","hermit:Brawl","Pain","hermit:Manifest+1","hermit:SprayPray+1","hermit:Vantage","Reforge","hermit:BodyArmor+1"],"relics":["hermit:Momento","aspiration:Nostalgia","m_MercuryCore","Akabeko","Nunchaku","conspire:InfiniteJournal","Question Card","Replay:Bandana","StuffTheSpire:Mouthbags","energizedSpire:MagnifyingGlass","WarpedTongs","Bottled Tornado","Shuriken","Lee\u0027s Waffle","CosmicIsotope"],"acts_visited":["Exordium","TheCity","TheBeyond"],"potions_floor_usage":[6,6,10,18,24,25,35,40],"damage_taken":[{"damage":0,"enemies":"Cultist","floor":1,"turns":3},{"damage":0,"enemies":"conspire:RoseBush","floor":3,"turns":3},{"damage":6,"enemies":"Jaw Worm","floor":4,"turns":3},{"damage":21,"enemies":"Gremlin Nob","floor":6,"turns":4},{"damage":5,"enemies":"Replay:BlueRogue","floor":8,"turns":5},{"damage":10,"enemies":"3 Sentries","floor":10,"turns":5},{"damage":0,"enemies":"Red Slaver","floor":12,"turns":1},{"damage":11,"enemies":"Slime Boss","floor":16,"turns":8},{"damage":14,"enemies":"2 Thieves","floor":18,"turns":4},{"damage":32,"enemies":"conspire:FuzzyDice","floor":20,"turns":7},{"damage":6,"enemies":"Centurion and Healer","floor":22,"turns":5},{"damage":29,"enemies":"conspire:Head Lice","floor":24,"turns":6},{"damage":13,"enemies":"Snake Plant","floor":25,"turns":3},{"damage":13,"enemies":"Cultist and Chosen","floor":30,"turns":6},{"damage":26,"enemies":"Snecko","floor":31,"turns":6},{"damage":41,"enemies":"Champ","floor":33,"turns":10},{"damage":12,"enemies":"3 Shapes","floor":35,"turns":5},{"damage":29,"enemies":"3 Darklings","floor":37,"turns":6},{"damage":23,"enemies":"Transient","floor":39,"turns":5},{"damage":41,"enemies":"Nemesis","floor":40,"turns":6}],"seed_played":"-2932729718728237902","potions_obtained":[{"floor":1,"key":"blueLaboratory:NullPotion"},{"floor":2,"key":"Weak Potion"},{"floor":8,"key":"AttackPotion"},{"floor":10,"key":"blueLaboratory:BottleOfRum"},{"floor":16,"key":"SkillPotion"},{"floor":20,"key":"BlessingOfTheForge"},{"floor":24,"key":"blueLaboratory:BubblePotion"},{"floor":25,"key":"Dexterity Potion"},{"floor":35,"key":"blueLaboratory:NullPotion"}],"is_trial":false,"path_per_floor":["M","?","M","M","$","E","R","E","T","E","?","M","R","?","R","B",null,"M","?","M","$","M","R","E","M","T","R","$","R","M","M","R","B",null,"M","$","M","?","M","E"],"character_chosen":"HERMIT","items_purchased":["Nunchaku","Regen Potion","FairyPotion","Bottled Tornado","Lee\u0027s Waffle","Reforge"],"campfire_rested":4,"item_purchase_floors":[5,21,21,21,28,36],"current_hp_per_floor":[75,75,75,69,69,48,48,43,43,33,26,26,48,56,56,45,75,61,61,29,29,23,45,31,18,18,40,82,82,69,43,67,26,82,70,70,41,33,10,0,0],"gold":136,"neow_bonus":"NOSTALGIA","is_daily":false,"chose_seed":false,"campfire_upgraded":3,"win_rate":0.0,"timestamp":1607819034,"path_taken":["M","?","?","M","$","E","R","E","T","E","?","?","R","?","R","BOSS","M","?","M","$","?","R","E","M","T","R","?","R","M","M","R","BOSS","M","$","M","?","?","E"],"items_purchased_type":["Relic","Potion","Potion","Relic","Relic","Card"],"build_version":"2020-11-30","purchased_purges":0,"victory":false,"max_hp_per_floor":[75,75,75,75,75,75,75,75,75,75,75,75,75,75,75,75,75,75,75,75,75,75,75,75,75,75,75,82,82,82,82,82,82,82,82,82,82,82,82,82,82],"relic_stats":{"Nunchaku":[14],"Lee\u0027s Waffle":42,"counters":[20,101],"Shuriken":[8],"Question Card":14,"obtain_stats":[{"Lee\u0027s Waffle":28,"aspiration:Nostalgia":0,"Bottled Tornado":21,"Question Card":8,"Akabeko":2,"conspire:InfiniteJournal":6,"WarpedTongs":19,"m_MercuryCore":0,"Nunchaku":5,"Replay:Bandana":9,"StuffTheSpire:Mouthbags":10,"Shuriken":24,"energizedSpire:MagnifyingGlass":17,"CosmicIsotope":34,"hermit:Momento":0},{"Lee\u0027s Waffle":13,"aspiration:Nostalgia":0,"Bottled Tornado":10,"Question Card":5,"Akabeko":1,"conspire:InfiniteJournal":4,"WarpedTongs":9,"m_MercuryCore":0,"Nunchaku":3,"Replay:Bandana":5,"StuffTheSpire:Mouthbags":6,"Shuriken":12,"energizedSpire:MagnifyingGlass":8,"CosmicIsotope":16,"hermit:Momento":0},{"Lee\u0027s Waffle":57,"aspiration:Nostalgia":0,"Bottled Tornado":43,"Question Card":18,"Akabeko":3,"conspire:InfiniteJournal":13,"WarpedTongs":36,"m_MercuryCore":0,"Nunchaku":9,"Replay:Bandana":18,"StuffTheSpire:Mouthbags":23,"Shuriken":54,"energizedSpire:MagnifyingGlass":32,"CosmicIsotope":79,"hermit:Momento":0}],"WarpedTongs":[62]},"card_choices":[{"not_picked":["hermit:LuckOfTheDraw","hermit:ItchyTrigger"],"picked":"hermit:Brawl","floor":1},{"not_picked":["hermit:WideOpen","hermit:Glare"],"picked":"hermit:Quickdraw","floor":2},{"not_picked":["hermit:HighCaliber","hermit:Ricochet"],"picked":"hermit:Vantage","floor":2},{"not_picked":["LockedMercury","hermit:TrackingShot","hermit:ItchyTrigger"],"picked":"SKIP","floor":3},{"not_picked":["hermit:ItchyTrigger","hermit:Desperado","hermit:TakeCover"],"picked":"SKIP","floor":4},{"not_picked":["hermit:HighCaliber","hermit:EternalForm"],"picked":"hermit:GoldenBullet","floor":6},{"not_picked":["hermit:Glare","hermit:Desperado","hermit:Headshot"],"picked":"SKIP","floor":8},{"not_picked":["hermit:Enervate","hermit:Spite","hermit:CalledShot"],"picked":"hermit:Horror","floor":10},{"not_picked":["hermit:ItchyTrigger","hermit:DeadMansHand","hermit:Ricochet"],"picked":"hermit:Brawl","floor":12},{"not_picked":["hermit:Headshot","hermit:Shortfuse","hermit:ShadowCloak","hermit:Virtue"],"picked":"SKIP","floor":18},{"not_picked":["hermit:SprayPray","hermit:Quickdraw","hermit:WideOpen"],"picked":"hermit:Manifest+1","floor":20},{"not_picked":["hermit:NoHoldsBarred","hermit:EyeOfTheStorm+1","hermit:Snipe","hermit:HighCaliber+1"],"picked":"SKIP","floor":22},{"not_picked":["hermit:Showdown+1","hermit:Determination","hermit:Ricochet"],"picked":"hermit:SprayPray+1","floor":24},{"not_picked":["hermit:Cheat","hermit:Desperado","hermit:Coalescence"],"picked":"hermit:Vantage","floor":25},{"not_picked":["hermit:Brawl","hermit:TrackingShot","hermit:Deadeye+1","hermit:Glare"],"picked":"SKIP","floor":30},{"not_picked":["hermit:LowProfile+1","hermit:Roughhouse","hermit:Horror","hermit:Glare+1"],"picked":"SKIP","floor":31},{"not_picked":["hermit:GoldenBullet+1","hermit:Ricochet+1","hermit:Cheat+1","hermit:Roulette+1"],"picked":"SKIP","floor":35},{"not_picked":["hermit:BodyArmor+1","hermit:HighCaliber","hermit:GhostlyPresence","hermit:WideOpen+1"],"picked":"SKIP","floor":37},{"not_picked":["hermit:CalledShot+1","hermit:Spite+1","hermit:TrackingShot+1"],"picked":"hermit:BodyArmor+1","floor":39}],"player_experience":1656229,"relics_obtained":[{"floor":2,"key":"Akabeko"},{"floor":6,"key":"conspire:InfiniteJournal"},{"floor":8,"key":"Question Card"},{"floor":9,"key":"Replay:Bandana"},{"floor":10,"key":"StuffTheSpire:Mouthbags"},{"floor":24,"key":"Shuriken"}],"event_choices":[{"damage_healed":0,"gold_gain":75,"player_choice":"Touch","damage_taken":7,"max_hp_gain":0,"max_hp_loss":0,"event_name":"FaceTrader","floor":11,"gold_loss":0},{"damage_healed":0,"gold_gain":0,"player_choice":"Rummage","damage_taken":0,"relics_obtained":["WarpedTongs"],"max_hp_gain":0,"max_hp_loss":0,"event_name":"Accursed Blacksmith","floor":19,"gold_loss":0,"cards_obtained":["Pain"]},{"damage_healed":0,"gold_gain":0,"player_choice":"Damaged","damage_taken":8,"max_hp_gain":0,"max_hp_loss":0,"event_name":"Wheel of Change","floor":38,"gold_loss":0}],"is_beta":false,"boss_relics":[{"not_picked":["energizedSpire:StickyHand","aspiration:SecretTechniqueScroll"],"picked":"energizedSpire:MagnifyingGlass"},{"not_picked":["energizedSpire:HugeHouse","aspiration:FutureDiary"],"picked":"CosmicIsotope"}],"items_purged_floors":[],"is_endless":false,"potions_floor_spawned":[1,8,10,16,20,24,25,35],"killed_by":"Nemesis","ascension_level":4}}