{"host":"k88fqnqg39joo1wf","time":1607826741,"event":{"mods":["Act Like it!","BaseMod","Colored Powertips","Downfall","Highlight Path","Hubris","Infinite Spire","Mimic Mod","Minty Spire (QoL Compilation)","Pale of the Ancients","StSLib","Wandering Minibosses"],"gold_per_floor":[99,99,99,133,133,133,172,204,54,86,99,99,119,31,41,140,140,65,77,77,77,88,88,118,118,145,145,165,265,281,16,29,126,126,126,142,161,161,161,98,129,140,140,140,140,140,140,152,165,165,165],"floor_reached":50,"playtime":3736,"items_purged":[],"score":676,"play_id":"54fb2c55-c0e4-4e39-9ecf-8375bceda0e1","local_time":"20201212203221","is_ascension_mode":false,"campfire_choices":[{"data":"champ:Taunt","floor":1,"key":"SMITH"},{"data":"champ:FocusedDefense","floor":3,"key":"SMITH"},{"floor":5,"key":"RECALL"},{"floor":9,"key":"DIG"},{"floor":18,"key":"DIG"},{"data":"champ:CalledShot","floor":20,"key":"SMITH"},{"data":"champ:Duel","floor":27,"key":"SMITH"},{"data":"champ:CheapShot","floor":35,"key":"SMITH"},{"floor":44,"key":"DIG"}],"circlet_count":0,"master_deck":["champ:Strike","champ:Strike","champ:Defend","champ:Defend","champ:Defend","champ:Defend","champ:Execute+1","champ:Taunt+1","champ:FocusedDefense+1","champ:VampiricStrike+1","champ:SkillfulDodge","champ:GutPunch","champ:IronFortress","champ:CalledShot+1","champ:Circumvent","champ:ShieldWall","champ:ArenaPreparation","champ:Improvising","champ:DefensiveShout","infinitespire:Punishment","champ:SkillfulDodge+1","champ:Duel+1","champ:BringItOn","champ:TornadoPunch+1","champ:Duel+1","champ:CheapShot+1","champ:ShieldThrow","CurseOfTheBell","champ:StanceDance+1","champ:ArenaPreparation+1","champ:IronFortress+1","champ:DefensiveShout+1","champ:ShieldSlam","champ:DefensiveShout","champ:DefensiveStyle+1","champ:FightOn","champ:HeavySlash","champ:EnGarde+1","champ:BringItOn+1"],"relics":["champ:ChampionCrown","downfall:HeartsMalice","Happy Flower","Shovel","downfall:HeartBlessingRed","downfall:HeartBlessingBlue","champ:DefensiveTrainingManual","hubris:OldNail","hubris:Towel","hubris:ScarierMask","downfall:HeartBlessingGreen","hubris:TenFootPole","PreservedInsect","Bag of Preparation","infinitespire:FocusingShard","Matryoshka","Calling Bell","Juzu Bracelet","infinitespire:CheckeredPen","Prayer Wheel","wanderingMiniBosses:OtherGremlinHorn","Bottled Lightning","InkBottle","Whetstone","Omamori","Lantern","downfall:TeleportStone","paleoftheancients:Timepiece","paleoftheancients:KeyRelic","Sozu","Bronze Scales"],"acts_visited":["Exordium","TheCity","TheBeyond","paleoftheancients:PaleOfTheAncients"],"potions_floor_usage":[11,16,25,31,31,37],"damage_taken":[{"damage":0,"enemies":"2 Louse","floor":2,"turns":1},{"damage":0,"enemies":"Gremlin Nob","floor":4,"turns":1},{"damage":0,"enemies":"Small Slimes","floor":6,"turns":1},{"damage":9,"enemies":"Jaw Worm","floor":7,"turns":8},{"damage":37,"enemies":"Lagavulin","floor":8,"turns":5},{"damage":61,"enemies":"Gremlin Nob","floor":10,"turns":6},{"damage":6,"enemies":"Jaw Worm","floor":11,"turns":3},{"damage":12,"enemies":"Red Slaver","floor":13,"turns":3},{"damage":13,"enemies":"downfall:FleeingMerchant","floor":14,"turns":4},{"damage":47,"enemies":"Large Slime","floor":15,"turns":6},{"damage":10,"enemies":"downfall:Silent","floor":16,"turns":1},{"damage":29,"enemies":"Spheric Guardian","floor":19,"turns":4},{"damage":33,"enemies":"3 Byrds","floor":22,"turns":6},{"damage":10,"enemies":"Cultist and Chosen","floor":24,"turns":2},{"damage":30,"enemies":"Gremlin Leader","floor":26,"turns":5},{"damage":11,"enemies":"Cultist and Chosen","floor":28,"turns":3},{"damage":0,"enemies":"Snake Plant","floor":30,"turns":2},{"damage":48,"enemies":"downfall:FleeingMerchant","floor":31,"turns":5},{"damage":20,"enemies":"Centurion and Healer","floor":32,"turns":2},{"damage":16,"enemies":"downfall:Defect","floor":33,"turns":6},{"damage":1,"enemies":"3 Shapes","floor":36,"turns":3},{"damage":68,"enemies":"3 Darklings","floor":37,"turns":6},{"damage":5,"enemies":"downfall:FleeingMerchant","floor":40,"turns":4},{"damage":10,"enemies":"Transient","floor":41,"turns":2},{"damage":45,"enemies":"Transient","floor":42,"turns":5},{"damage":17,"enemies":"Spire Growth","floor":48,"turns":3},{"damage":8,"enemies":"3 Darklings","floor":49,"turns":2},{"damage":81,"enemies":"downfall:Ironclad","floor":50,"turns":9}],"seed_played":"367832604386596180","potions_obtained":[{"floor":4,"key":"AttackPotion"},{"floor":8,"key":"Block Potion"},{"floor":10,"key":"infinitespire:BlackPotion"},{"floor":11,"key":"Fruit Juice"},{"floor":13,"key":"EssenceOfSteel"},{"floor":16,"key":"Swift Potion"},{"floor":25,"key":"Fruit Juice"},{"floor":25,"key":"LiquidMemories"},{"floor":32,"key":"Swift Potion"},{"floor":33,"key":"Weak Potion"},{"floor":37,"key":"SkillPotion"},{"floor":49,"key":"LiquidMemories"}],"is_trial":false,"path_per_floor":["R","M","R","E","R","M","MIM","E","R","E","M","?","M","$","M","B",null,"R","M","R","?","M","?","MIM","?","E","R","M","?","M","$","M","B",null,"R","M","M","?","?","$","MIM","M","?","R","?","?","?","M","M","B"],"character_chosen":"THE_CHAMP","items_purchased":["champ:ArenaPreparation","Matryoshka","champ:DefensiveShout"],"campfire_rested":0,"item_purchase_floors":[14,31,40],"current_hp_per_floor":[90,90,90,90,90,90,90,73,83,42,65,65,93,103,102,102,105,105,105,105,105,105,92,105,110,110,110,110,110,110,94,110,107,110,110,110,86,86,120,120,120,98,98,98,98,98,96,97,107,120,120],"gold":165,"neow_bonus":"THREE_ENEMY_KILL","is_daily":false,"chose_seed":false,"campfire_upgraded":5,"win_rate":0.0,"timestamp":1607826741,"path_taken":["R","M","R","E","R","M","MIM","E","R","E","M","?","M","$","M","BOSS","R","M","R","?","?","?","MIM","?","E","R","?","?","?","$","M","BOSS","R","M","M","?","?","?","MIM","M","?","R","?","?","?","M","M","BOSS"],"items_purchased_type":["Card","Relic","Card"],"build_version":"2020-11-30","purchased_purges":0,"victory":false,"max_hp_per_floor":[90,90,90,90,90,90,90,90,100,100,105,105,105,105,105,105,105,105,105,105,105,105,105,105,110,110,110,110,110,110,110,110,110,110,110,110,110,110,120,120,120,120,120,120,120,120,120,120,120,120,120],"card_choices":[{"not_picked":["champ:Lariat","champ:Backstep"],"picked":"champ:FocusedDefense","floor":2},{"not_picked":["champ:BringItOn","champ:DefensiveShout"],"picked":"champ:VampiricStrike","floor":4},{"not_picked":["champ:BringItOn","champ:BerserkerStyle"],"picked":"champ:SkillfulDodge","floor":6},{"not_picked":["champ:BringItOn","champ:Encircle"],"picked":"champ:GutPunch","floor":7},{"not_picked":["champ:AdrenalArmor","champ:PerfectedStrike"],"picked":"champ:IronFortress","floor":8},{"not_picked":["champ:CrookedStrike","champ:Backstep"],"picked":"champ:CalledShot","floor":10},{"not_picked":["champ:RapidStrikes","champ:StanceDance"],"picked":"champ:Circumvent","floor":11},{"not_picked":["champ:ViciousMockery","champ:BerserkersShout","champ:PerfectedStrike"],"picked":"SKIP","floor":13},{"not_picked":["champ:FocusedGladiator","champ:DeathBlow"],"picked":"champ:ShieldWall","floor":14},{"not_picked":["champ:SkillfulDodge","champ:Encircle"],"picked":"champ:Improvising","floor":15},{"not_picked":["champ:SwordThrow","champ:ShieldThrow"],"picked":"champ:VampiricStrike","floor":16},{"not_picked":["champ:GladiatorsShout","champ:TornadoPunch"],"picked":"champ:DefensiveShout","floor":19},{"not_picked":["champ:BerserkersShout+1","champ:BerserkerStyle","champ:CalledShot"],"picked":"SKIP","floor":22},{"not_picked":["infinitespire:DeathsTouch","infinitespire:SealOfDarkness+"],"picked":"infinitespire:Punishment","floor":23},{"not_picked":["champ:Haymaker+1","champ:PerfectedStrike"],"picked":"champ:SkillfulDodge+1","floor":24},{"not_picked":["champ:RecklessLeap","champ:Haymaker"],"picked":"champ:Duel","floor":26},{"not_picked":["champ:DefensiveStyle","champ:TornadoPunch"],"picked":"champ:BringItOn","floor":28},{"not_picked":["champ:DeathBlow","champ:StanceDance"],"picked":"champ:TornadoPunch+1","floor":30},{"not_picked":["champ:Backstep","champ:BringItOn"],"picked":"champ:Duel+1","floor":31},{"not_picked":["champ:Encircle+1","champ:BladeFlurry"],"picked":"champ:CheapShot","floor":32},{"not_picked":["champ:HeavySlash","champ:IgnorePain"],"picked":"champ:ShieldThrow","floor":33},{"not_picked":["champ:Improvising","champ:Haymaker+1"],"picked":"champ:StanceDance+1","floor":36},{"not_picked":["champ:Lariat","champ:Encircle"],"picked":"champ:ArenaPreparation+1","floor":36},{"not_picked":["champ:Encircle+1","champ:AdrenalArmor+1"],"picked":"champ:IronFortress+1","floor":37},{"not_picked":["champ:PerfectedStrike","champ:GladiatorsShout+1"],"picked":"champ:DefensiveShout+1","floor":37},{"not_picked":["champ:AdrenalArmor+1","champ:FalseCounter"],"picked":"champ:ShieldSlam","floor":40},{"not_picked":["champ:FocusedBerserking+1","champ:RisingSlash"],"picked":"champ:DefensiveStyle+1","floor":42},{"not_picked":["champ:FaceSlap","champ:BladeFlurry"],"picked":"champ:FightOn","floor":42},{"not_picked":["champ:GladiatorStyle+1","champ:StanceDance+1"],"picked":"champ:HeavySlash","floor":48},{"not_picked":["champ:BerserkersShout","champ:Haymaker+1"],"picked":"champ:EnGarde+1","floor":48},{"not_picked":["champ:GladiatorsShout+1","champ:PreciseThrust"],"picked":"champ:BringItOn+1","floor":49},{"not_picked":["champ:IronFortress","champ:Haymaker+1","champ:CrookedStrike+1"],"picked":"SKIP","floor":49}],"player_experience":234974,"relics_obtained":[{"floor":4,"key":"Happy Flower"},{"floor":8,"key":"Shovel"},{"floor":9,"key":"champ:DefensiveTrainingManual"},{"floor":10,"key":"hubris:OldNail"},{"floor":18,"key":"hubris:TenFootPole"},{"floor":24,"key":"PreservedInsect"},{"floor":24,"key":"Bag of Preparation"},{"floor":26,"key":"infinitespire:FocusingShard"},{"floor":34,"key":"Juzu Bracelet"},{"floor":34,"key":"infinitespire:CheckeredPen"},{"floor":34,"key":"Prayer Wheel"},{"floor":37,"key":"wanderingMiniBosses:OtherGremlinHorn"},{"floor":41,"key":"Bottled Lightning"},{"floor":41,"key":"InkBottle"},{"floor":41,"key":"Whetstone"},{"floor":41,"key":"Omamori"},{"floor":44,"key":"Lantern"}],"event_choices":[{"cards_removed":["champ:Strike"],"damage_healed":0,"gold_gain":0,"player_choice":"Purged","damage_taken":0,"max_hp_gain":0,"max_hp_loss":0,"event_name":"Purifier","floor":21,"gold_loss":0},{"damage_healed":0,"gold_gain":0,"player_choice":"Got Potions","damage_taken":0,"max_hp_gain":0,"max_hp_loss":0,"event_name":"Lab","floor":25,"gold_loss":0},{"cards_removed":["champ:Strike"],"damage_healed":0,"gold_gain":0,"player_choice":"Purged","damage_taken":0,"max_hp_gain":0,"max_hp_loss":0,"event_name":"Purifier","floor":38,"gold_loss":0},{"cards_removed":["champ:VampiricStrike"],"damage_healed":24,"gold_gain":0,"player_choice":"Offered Rare","damage_taken":0,"max_hp_gain":10,"max_hp_loss":0,"event_name":"Bonfire Elementals","floor":39,"gold_loss":0},{"damage_healed":0,"gold_gain":0,"player_choice":"Ignored","damage_taken":0,"max_hp_gain":0,"max_hp_loss":0,"event_name":"NoteForYourself","floor":43,"gold_loss":0}],"is_beta":false,"boss_relics":[{"not_picked":["Runic Pyramid","Philosopher\u0027s Stone"],"picked":"hubris:ScarierMask"},{"not_picked":["Snecko Eye","hubris:BlackHole"],"picked":"Calling Bell"}],"items_purged_floors":[],"is_endless":false,"potions_floor_spawned":[4,8,10,11,13,16,19,22,32,33,36,37,42,49],"ascension_level":0}}