{"host":"li2oyy8xcjugrjw6","time":1607849814,"event":{"mods":["AchievementEnabler","BaseMod","Colored Map","Minty Spire (QoL Compilation)","Permanent Neow","Replay The Spire","StSLib"],"gold_per_floor":[111,128,128,147,164,199,199,227,227,2,2,77,77,77,77,77,77],"floor_reached":16,"playtime":669,"items_purged":["Strike_R"],"score":162,"play_id":"544da13d-c675-4a69-8c4c-cf5dce57d385","local_time":"20201213005654","is_ascension_mode":true,"campfire_choices":[{"data":"Spot Weakness","floor":7,"key":"SMITH"},{"data":"Spot Weakness","floor":11,"key":"SMITH"},{"data":"Replay:Undeath\u0027s Touch","floor":13,"key":"SMITH"},{"data":"True Grit","floor":15,"key":"SMITH"}],"circlet_count":0,"master_deck":["AscendersBane","Strike_R","Strike_R","Strike_R","Strike_R","Defend_R","Defend_R","Defend_R","Defend_R","Bash","Rupture","Spot Weakness+1","Replay:Undeath\u0027s Touch+1","Cleave","Shrug It Off","Spot Weakness+1","True Grit+1","Feed"],"relics":["Burning Blood","Pet Ghost","Toy Ornithopter","Replay:Bottled Steam","Iron Hammer","Eternal Feather","Juzu Bracelet"],"acts_visited":["Exordium"],"potions_floor_usage":[8],"damage_taken":[{"damage":6,"enemies":"Cultist","floor":1,"turns":4},{"damage":0,"enemies":"Small Slimes","floor":2,"turns":6},{"damage":0,"enemies":"2 Louse","floor":4,"turns":5},{"damage":18,"enemies":"Red Slaver","floor":5,"turns":3},{"damage":35,"enemies":"3 Sentries","floor":6,"turns":7},{"damage":30,"enemies":"Lagavulin","floor":8,"turns":5},{"damage":38,"enemies":"Slime Boss","floor":16,"turns":3}],"seed_played":"4339616133096746223","potions_obtained":[{"floor":1,"key":"Elixir"},{"floor":6,"key":"BlessingOfTheForge"}],"is_trial":false,"path_per_floor":["M","M","?","M","M","E","R","E","T","$","R","?","R","?","R","B"],"character_chosen":"IRONCLAD","items_purchased":["Juzu Bracelet"],"campfire_rested":0,"item_purchase_floors":[10],"current_hp_per_floor":[72,78,66,72,60,31,31,12,12,12,21,10,19,19,28,0,0],"gold":77,"neow_bonus":"RANDOM_COMMON_RELIC","is_daily":false,"chose_seed":false,"campfire_upgraded":4,"win_rate":0.0,"timestamp":1607849814,"path_taken":["M","M","?","M","M","E","R","E","T","$","R","?","R","?","R","BOSS"],"items_purchased_type":["Relic"],"build_version":"2020-11-30","purchased_purges":1,"victory":false,"max_hp_per_floor":[80,80,80,80,80,80,80,80,80,80,80,80,80,80,80,80,80],"card_choices":[{"not_picked":["Flex","Run Through"],"picked":"Rupture","floor":1},{"not_picked":["Rage","Pommel Strike"],"picked":"Spot Weakness","floor":2},{"not_picked":["Pommel Strike","Second Wind"],"picked":"Replay:Undeath\u0027s Touch","floor":4},{"not_picked":["Perfected Strike","Clash"],"picked":"Cleave","floor":5},{"not_picked":["Sentinel","Thunderclap"],"picked":"Shrug It Off","floor":6},{"not_picked":["Shockwave","Havoc"],"picked":"Spot Weakness","floor":8}],"player_experience":923326,"relics_obtained":[{"floor":6,"key":"Replay:Bottled Steam"},{"floor":8,"key":"Iron Hammer"},{"floor":9,"key":"Eternal Feather"}],"event_choices":[{"damage_healed":0,"gold_gain":0,"player_choice":"Success","damage_taken":12,"relics_obtained":["Toy Ornithopter"],"max_hp_gain":0,"max_hp_loss":0,"event_name":"Scrap Ooze","floor":3,"gold_loss":0},{"damage_healed":0,"gold_gain":75,"player_choice":"Gather Gold","damage_taken":11,"max_hp_gain":0,"max_hp_loss":0,"event_name":"World of Goop","floor":12,"gold_loss":0},{"damage_healed":0,"gold_gain":0,"player_choice":"2 cards matched","damage_taken":0,"max_hp_gain":0,"max_hp_loss":0,"event_name":"Match and Keep!","floor":14,"gold_loss":0,"cards_obtained":["True Grit","Feed"]}],"is_beta":false,"boss_relics":[],"items_purged_floors":[10],"is_endless":false,"potions_floor_spawned":[1,6],"killed_by":"Slime Boss","ascension_level":10}}