{"host":"wnbfov91sqg45vrw","time":1607903825,"event":{"mods":["BaseMod","Downfall","GifTheSpireLib","Marisa????????","Minty Spire (QoL Compilation)","StSLib","The Jungle","The Necromancer","The Servant 0.9.4"],"gold_per_floor":[99,99,99,125,150,150,150,184,204,240,240],"floor_reached":10,"playtime":338,"items_purged":[],"score":132,"play_id":"4684123f-2ec6-48d3-9c80-dc45708f1e2b","local_time":"20201213175705","is_ascension_mode":false,"campfire_choices":[{"data":"champ:Taunt","floor":1,"key":"SMITH"},{"data":"champ:GutPunch","floor":6,"key":"SMITH"}],"circlet_count":0,"master_deck":["champ:Strike","champ:Strike","champ:Strike","champ:Strike","champ:Defend","champ:Defend","champ:Defend","champ:Defend","champ:Execute","champ:Taunt+1","champ:CrookedStrike","champ:GutPunch+1","champ:ShieldWall","champ:Circumvent","champ:SteelEdge"],"relics":["champ:ChampionCrown","downfall:HeartsMalice","Gambling Chip","Ancient Tea Set","TungstenRod","Incense Burner","StoneCalendar","CeramicFish"],"acts_visited":["Exordium"],"potions_floor_usage":[9],"damage_taken":[{"damage":0,"enemies":"Cultist","floor":3,"turns":1},{"damage":0,"enemies":"Gremlin Nob","floor":5,"turns":1},{"damage":0,"enemies":"3 Sentries","floor":8,"turns":1},{"damage":9,"enemies":"Jaw Worm","floor":9,"turns":3},{"damage":27,"enemies":"Lagavulin","floor":10,"turns":7}],"seed_played":"8768423559311885680","potions_obtained":[{"floor":5,"key":"hexamod:EctoCoolerPotion"},{"floor":9,"key":"SkillPotion"}],"is_trial":false,"path_per_floor":["R","?","M","T","E","R","T","E","M","E"],"character_chosen":"THE_CHAMP","items_purchased":[],"campfire_rested":0,"item_purchase_floors":[],"current_hp_per_floor":[90,83,83,83,83,83,83,83,79,71,71],"gold":240,"neow_bonus":"THREE_ENEMY_KILL","is_daily":false,"chose_seed":false,"campfire_upgraded":2,"win_rate":0.0,"timestamp":1607903825,"path_taken":["R","?","M","?","E","R","T","E","M","E"],"items_purchased_type":[],"build_version":"2020-12-13","purchased_purges":0,"victory":false,"max_hp_per_floor":[90,90,90,90,90,90,90,90,90,90,90],"card_choices":[{"not_picked":["champ:Shatter","champ:TornadoPunch"],"picked":"champ:CrookedStrike","floor":3},{"not_picked":["champ:BladeFlurry","champ:StanceDance"],"picked":"champ:GutPunch","floor":5},{"not_picked":["champ:StanceDance","champ:FlashCut"],"picked":"champ:ShieldWall","floor":8},{"not_picked":["champ:Haymaker","champ:CrookedStrike"],"picked":"champ:Circumvent","floor":9},{"not_picked":["champ:FaceSlap","champ:FlashCut"],"picked":"champ:SteelEdge","floor":10}],"player_experience":1733131,"relics_obtained":[{"floor":4,"key":"Ancient Tea Set"},{"floor":5,"key":"TungstenRod"},{"floor":7,"key":"Incense Burner"},{"floor":8,"key":"StoneCalendar"},{"floor":10,"key":"CeramicFish"}],"event_choices":[{"damage_healed":0,"gold_gain":0,"player_choice":"Success","damage_taken":7,"relics_obtained":["Gambling Chip"],"max_hp_gain":0,"max_hp_loss":0,"event_name":"Scrap Ooze","floor":2,"gold_loss":0}],"is_beta":false,"boss_relics":[],"items_purged_floors":[],"is_endless":false,"potions_floor_spawned":[5,9],"killed_by":"Lagavulin","ascension_level":0}}