{"host":"o5or1zybx7au40zl","time":1607898075,"event":{"mods":["2.2 Compatiblity","Act Like it!","BaseMod","Better Third Choice","Conspire","Dota2Spire","GifTheSpireLib","Hubris","Infinite Spire","Minty Spire (QoL Compilation)","Replay The Spire","StSLib","The Bug Knight"],"gold_per_floor":[116,66,78,78,78,78,105,123,123,123,123,141,41,53,53,53,53],"floor_reached":16,"playtime":364,"items_purged":[],"score":100,"play_id":"b1a155dc-ae29-44dd-a7e2-df1e7c85c6e5","local_time":"20201213232115","is_ascension_mode":false,"campfire_choices":[{"floor":6,"key":"RECALL"},{"floor":10,"key":"REST"},{"floor":15,"key":"REST"}],"circlet_count":0,"master_deck":["HollowMod:NailStrikeStart","HollowMod:NailStrikeStart","HollowMod:NailStrikeStart","HollowMod:NailStrikeStart","HollowMod:QuickDashStart","HollowMod:QuickDashStart","HollowMod:QuickDashStart","HollowMod:QuickDashStart","HollowMod:PogoStrike","HollowMod:WraithStrike","HollowMod:ShadowDash","Disarm","HollowMod:BlackTendrils","HollowMod:WraithStrike+1","HollowMod:HowlingWraiths+1","Ghostly"],"relics":["hubris:Backtick","FossilizedHelix","hubris:DisguiseKit","Dota2Spire:AghanimScepter","Molten Egg 2"],"acts_visited":["Exordium"],"potions_floor_usage":[7,7],"damage_taken":[{"damage":0,"enemies":"Cultist","floor":1,"turns":3},{"damage":0,"enemies":"Small Slimes","floor":3,"turns":3},{"damage":55,"enemies":"Lagavulin","floor":7,"turns":7},{"damage":0,"enemies":"2 Louse","floor":8,"turns":3},{"damage":0,"enemies":"2 Fungi Beasts","floor":12,"turns":3},{"damage":10,"enemies":"3 Louse","floor":14,"turns":3},{"damage":68,"enemies":"Slime Boss","floor":16,"turns":10}],"seed_played":"-6139952179891322878","potions_obtained":[{"floor":1,"key":"Dexterity Potion"},{"floor":3,"key":"Adrenaline Potion"},{"floor":8,"key":"LiquidBronze"},{"floor":14,"key":"Dexterity Potion"}],"is_trial":false,"path_per_floor":["M","?","M","?","?","R","E","M","T","R","?","M","?","M","R","B"],"character_chosen":"THE_BUGKNIGHT","items_purchased":[],"campfire_rested":2,"item_purchase_floors":[],"current_hp_per_floor":[75,75,75,75,75,75,20,20,20,42,42,44,44,36,58,0,0],"gold":53,"neow_bonus":"BOSS_RELIC","is_daily":false,"chose_seed":false,"campfire_upgraded":0,"win_rate":0.0,"timestamp":1607898075,"path_taken":["M","?","M","?","?","R","E","M","T","R","?","M","?","M","R","BOSS"],"items_purchased_type":[],"build_version":"2020-11-30","purchased_purges":0,"victory":false,"max_hp_per_floor":[75,75,75,75,75,75,75,75,75,75,75,75,75,75,75,75,75],"card_choices":[{"not_picked":["HollowMod:DashSlash","HollowMod:MonarchWings"],"picked":"HollowMod:WraithStrike","floor":1},{"not_picked":["HollowMod:NewLittleFool","HollowMod:TaintedHusks"],"picked":"HollowMod:ShadowDash","floor":3},{"not_picked":["HollowMod:ChannelNail","HollowMod:SoulSplash","HollowMod:InfectedCysts"],"picked":"Disarm","floor":7},{"not_picked":["HollowMod:SoulMaster","HollowMod:DoubleDash","Twin Strike"],"picked":"HollowMod:BlackTendrils","floor":8},{"not_picked":["HollowMod:QuirrelsAssistance+1","HollowMod:DoubleDash","Anger"],"picked":"HollowMod:HowlingWraiths+1","floor":12},{"not_picked":["HollowMod:MawleksShell","HollowMod:DoubleDash","HollowMod:PerfectDash","Body Slam"],"picked":"SKIP","floor":14}],"player_experience":964932,"relics_obtained":[{"floor":7,"key":"Dota2Spire:AghanimScepter"},{"floor":9,"key":"Molten Egg 2"}],"event_choices":[{"cards_removed":["HollowMod:FocusHealStart"],"damage_healed":0,"gold_gain":0,"player_choice":"Card Removal","damage_taken":0,"max_hp_gain":0,"max_hp_loss":0,"event_name":"The Cleric","floor":2,"gold_loss":50},{"damage_healed":0,"gold_gain":0,"player_choice":"Argue","damage_taken":0,"max_hp_gain":0,"max_hp_loss":0,"event_name":"conspire:LoneGhost","floor":13,"gold_loss":0}],"is_beta":false,"boss_relics":[],"items_purged_floors":[],"is_endless":false,"potions_floor_spawned":[1,3,8,14],"killed_by":"Slime Boss","ascension_level":0}}