{"host":"fhfrys8rsohjmyb0","time":1607881465,"event":{"mods":["Aspiration","BaseMod","Beaked The Cultist","Chat Monstrosity","Colored Powertips","Conspire","Downfall","Googly Eyes","Halation","Hermit","Highlight Path","Hubris","Infinite Spire","Minty Spire (QoL Compilation)","Replay The Spire","ShortenTheSpire","Spikes Relics","StSLib","SuperFastMode","The Bug Knight","The Construct","The Cursed","The Disciple","The Elementalist","The IronCluck","The Jungle","The Runesmith","TheBandit","slay the spire mod where everything is the same but ironclad has a cowboy hat"],"gold_per_floor":[117,117,117,167,22,22,22,56,56,91,108,311,330,345,345,447,447,460,476,476,494,494,494,528,528,577,589,621,660,672,684,696,809,821,853,881,337,354,371,402,402,422,422,422,451,451,451],"floor_reached":51,"playtime":3089,"items_purged":["Decay"],"score":926,"play_id":"2518c699-476f-4a52-a4e8-46a835d781d7","local_time":"20201213174425","is_ascension_mode":false,"campfire_choices":[{"floor":6,"key":"REST"},{"floor":15,"key":"REST"},{"data":"wariomod:Game","floor":23,"key":"SMITH"},{"data":"wariomod:VeryLongJump","floor":27,"key":"SMITH"},{"floor":41,"key":"REST"},{"floor":45,"key":"REST"},{"floor":49,"key":"REST"}],"circlet_count":0,"master_deck":["wariomod:Strike","wariomod:Strike+1","wariomod:Strike+1","wariomod:Defend+1","wariomod:Defend","wariomod:Defend","wariomod:Step","wariomod:Leap","wariomod:KeyFinisher","wariomod:BodyBlock","wariomod:Boomsmack","ReplayTheSpireMod:Splinters","wariomod:SmackSlam","wariomod:Hopshield","wariomod:HappyHit","wariomod:Enshrine","wariomod:Game+1","wariomod:SilenceBombs+1","Shame","wariomod:DisarmingMoves","wariomod:VeryLongJump+1","wariomod:Purify","wariomod:GreaterGuard+1","wariomod:PoisonBombs","wariomod:HappyHit","wariomod:GoAgain+1","wariomod:Boomsmack+1","wariomod:SmackSlam","wariomod:Purify","wariomod:DanceDash+1","wariomod:Goblast+1","wariomod:SmallSprint+1","wariomod:SmackSlam","wariomod:TempestBlasts+1","wariomod:WhirlwindBurst+1","wariomod:DeepDig+1","wariomod:ChargeForth+1"],"relics":["wariomod:TheHat","NeowsBlessing","Replay:Rubber Ducky","Blood Vial","halation:LettersToHer","Gremlin Food","Pen Nib","Painkiller Herb","aspiration:RitualStick","Lizard Tail","MawBank","Orichalcum","Sozu","Dream Catcher","construct:FoamFinger","aspiration:VileToxins","hubris:Teleporter","FossilizedHelix"],"acts_visited":["Exordium","TheCity","TheBeyond"],"potions_floor_usage":[24,24,29,32,33,38],"damage_taken":[{"damage":0,"enemies":"Small Slimes","floor":1,"turns":1},{"damage":0,"enemies":"HollowMod:MossKnight","floor":8,"turns":1},{"damage":0,"enemies":"3 Sentries","floor":10,"turns":1},{"damage":0,"enemies":"conspire:RoseBush","floor":11,"turns":2},{"damage":1,"enemies":"Jaw Worm","floor":13,"turns":3},{"damage":7,"enemies":"Red Slaver","floor":14,"turns":5},{"damage":0,"enemies":"Slime Boss","floor":16,"turns":8},{"damage":0,"enemies":"conspire:FuzzyDice","floor":18,"turns":4},{"damage":3,"enemies":"Spheric Guardian","floor":19,"turns":6},{"damage":8,"enemies":"3 Cultists","floor":21,"turns":6},{"damage":5,"enemies":"conspire:SneckoGhost","floor":24,"turns":6},{"damage":0,"enemies":"conspire:HollyBat","floor":28,"turns":10},{"damage":25,"enemies":"Book of Stabbing","floor":29,"turns":5},{"damage":4,"enemies":"conspire:MysteriousRune","floor":33,"turns":9},{"damage":12,"enemies":"Orb Walker","floor":35,"turns":5},{"damage":9,"enemies":"3 Darklings","floor":36,"turns":6},{"damage":22,"enemies":"Jaw Worm Horde","floor":38,"turns":4},{"damage":16,"enemies":"4 Shapes","floor":39,"turns":4},{"damage":0,"enemies":"HollowMod:StalkingDevout","floor":40,"turns":7},{"damage":21,"enemies":"3 Darklings","floor":42,"turns":3},{"damage":0,"enemies":"Giant Head","floor":47,"turns":7},{"damage":89,"enemies":"conspire:OrnateMirror","floor":50,"turns":9}],"seed_played":"-5464591456428738218","potions_obtained":[{"floor":8,"key":"Dexterity Potion"},{"floor":13,"key":"sneckomod:MuddlingPotion"},{"floor":14,"key":"LiquidBronze"},{"floor":24,"key":"EntropicBrew"}],"is_trial":false,"path_per_floor":["M","?","?","?","$","R","$","E","T","E","M","?","M","M","R","B",null,"?","?","?","?","?","T","E","?","T","T","?","E","?","?","T","B",null,"?","?","T","?","?","E","T","?","T","T","E","T","B",null],"character_chosen":"THE_BANDIT","items_purchased":["Blood Vial","Dream Catcher","construct:FoamFinger","wariomod:Purify"],"campfire_rested":5,"item_purchase_floors":[5,37,37,37],"current_hp_per_floor":[80,47,31,31,31,55,55,57,57,59,61,61,62,57,80,80,80,80,77,77,71,55,55,52,60,60,60,62,39,65,65,65,63,80,68,61,61,41,27,29,53,34,34,58,60,80,31],"gold":451,"neow_bonus":"THREE_ENEMY_KILL","is_daily":false,"chose_seed":false,"campfire_upgraded":2,"win_rate":0.0,"timestamp":1607881465,"path_taken":["M","?","?","?","$","R","?","E","T","E","?","?","M","M","R","BOSS","?","?","?","?","?","T","E","?","T","T","?","E","?","?","T","BOSS","?","?","T","?","?","E","T","?","T","T","E","T","BOSS"],"items_purchased_type":["Relic","Relic","Relic","Card"],"build_version":"2020-11-30","purchased_purges":1,"victory":true,"max_hp_per_floor":[80,80,80,80,80,80,80,80,80,80,80,80,80,80,80,80,80,80,80,80,80,80,80,80,80,80,80,80,80,80,80,80,80,80,80,80,80,80,80,80,80,80,80,80,80,80,80],"card_choices":[{"not_picked":["wariomod:BigUpgrade","wariomod:Game","wariomod:HappyHit"],"picked":"SKIP","floor":1},{"not_picked":["wariomod:Game","wariomod:BumRush"],"picked":"wariomod:KeyFinisher","floor":8},{"not_picked":["wariomod:SmackSlam","wariomod:BlastDash"],"picked":"wariomod:BodyBlock","floor":10},{"not_picked":["wariomod:SimpleShield","wariomod:ThatsNotAll"],"picked":"wariomod:Boomsmack","floor":11},{"not_picked":["wariomod:SimpleShield","wariomod:f"],"picked":"wariomod:SmackSlam","floor":12},{"not_picked":["wariomod:BoomBoom","wariomod:SpikeSlash"],"picked":"wariomod:Hopshield","floor":13},{"not_picked":["wariomod:Smackflip","wariomod:SelfImprison"],"picked":"wariomod:HappyHit","floor":14},{"not_picked":["wariomod:BoomForm","wariomod:MassiveParty"],"picked":"wariomod:Enshrine","floor":16},{"not_picked":["wariomod:DamnedStrength","wariomod:Goblast"],"picked":"wariomod:Game","floor":18},{"not_picked":["wariomod:RacingSpeed","wariomod:DiceyMove+1"],"picked":"wariomod:SilenceBombs+1","floor":19},{"not_picked":["wariomod:BoomBoom","wariomod:ThatsNotAll+1"],"picked":"wariomod:DisarmingMoves","floor":21},{"not_picked":["wariomod:SmallSprint","wariomod:BoomBoom"],"picked":"wariomod:VeryLongJump","floor":24},{"not_picked":["wariomod:DamnedStrength+1","wariomod:Smackflip"],"picked":"wariomod:Purify","floor":28},{"not_picked":["wariomod:AwfulLook","wariomod:Hopshield+1"],"picked":"wariomod:GreaterGuard","floor":29},{"not_picked":["wariomod:Enshrine","wariomod:VeryLongJump"],"picked":"wariomod:GoAgain","floor":33},{"not_picked":["wariomod:OctoJump+1","wariomod:TheGrandJourney+1"],"picked":"wariomod:Boomsmack+1","floor":35},{"not_picked":["wariomod:Smackflip","wariomod:Hopshield+1"],"picked":"wariomod:SmackSlam","floor":36},{"not_picked":["wariomod:SpikeSlash+1","wariomod:Boomsmack+1"],"picked":"wariomod:DanceDash+1","floor":38},{"not_picked":["wariomod:Bomblaster+1","wariomod:CursedSpaces"],"picked":"wariomod:Goblast+1","floor":39},{"not_picked":["wariomod:Hopshield","wariomod:AbandonGame"],"picked":"wariomod:SmallSprint+1","floor":40},{"not_picked":["wariomod:TrekTime","wariomod:DoubleDash"],"picked":"wariomod:SmackSlam","floor":41},{"not_picked":["wariomod:BlastDash","wariomod:Bombshield+1"],"picked":"wariomod:TempestBlasts+1","floor":42},{"not_picked":["wariomod:DisarmingMoves","wariomod:OctoJump+1"],"picked":"wariomod:WhirlwindBurst+1","floor":45},{"not_picked":["wariomod:f","wariomod:BoomBoom+1"],"picked":"wariomod:DeepDig+1","floor":47},{"not_picked":["wariomod:Smackflip","wariomod:BigUpgrade+1"],"picked":"wariomod:ChargeForth+1","floor":49}],"player_experience":248390,"relics_obtained":[{"floor":8,"key":"halation:LettersToHer"},{"floor":9,"key":"halation:LettersToHer"},{"floor":9,"key":"Gremlin Food"},{"floor":10,"key":"Pen Nib"},{"floor":24,"key":"Lizard Tail"},{"floor":26,"key":"halation:LettersToHer"},{"floor":26,"key":"MawBank"},{"floor":29,"key":"Orichalcum"},{"floor":40,"key":"aspiration:VileToxins"},{"floor":43,"key":"halation:LettersToHer"},{"floor":43,"key":"hubris:Teleporter"},{"floor":47,"key":"FossilizedHelix"}],"event_choices":[{"damage_healed":0,"gold_gain":0,"player_choice":"Success","damage_taken":33,"relics_obtained":["Replay:Rubber Ducky"],"max_hp_gain":0,"max_hp_loss":0,"event_name":"Scrap Ooze","floor":2,"gold_loss":0},{"damage_healed":0,"gold_gain":0,"player_choice":"Entered Light","damage_taken":16,"max_hp_gain":0,"max_hp_loss":0,"event_name":"Shining Light","floor":3,"gold_loss":0,"cards_upgraded":["wariomod:Defend","wariomod:Strike"]},{"damage_healed":26,"gold_gain":0,"player_choice":"Heal","damage_taken":0,"max_hp_gain":0,"max_hp_loss":0,"event_name":"The Library","floor":30,"gold_loss":0},{"damage_healed":0,"gold_gain":0,"cards_transformed":["wariomod:Defend","wariomod:Strike"],"player_choice":"Became Test Subject","damage_taken":0,"max_hp_gain":0,"max_hp_loss":0,"event_name":"Drug Dealer","floor":31,"gold_loss":0,"cards_obtained":["wariomod:PoisonBombs","wariomod:HappyHit"]},{"damage_healed":0,"gold_gain":0,"player_choice":"Smashed Altar","damage_taken":0,"max_hp_gain":0,"max_hp_loss":0,"event_name":"Forgotten Altar","floor":32,"gold_loss":0,"cards_obtained":["Decay"]}],"is_beta":false,"boss_relics":[{"not_picked":["Tiny House","halation:Yufonium"],"picked":"Painkiller Herb"},{"not_picked":["SacredBark","aspiration:SecretTechniqueScroll"],"picked":"Sozu"}],"items_purged_floors":[37],"is_endless":false,"potions_floor_spawned":[8,13,14,18,21,24,38,40,47],"ascension_level":0}}