{"host":"vd5put2n5b3t1prw","time":1607826182,"event":{"mods":["2.2 Compatiblity","AchievementEnabler","BaseMod","Better Altar","Better Match","Better Note","Better Sensory Stone","Better Silent Start","Better Skull","Better Third Choice","Better Vampires","Better-Laid Plans","BetterRewards","Block Reminder","Card Forge","Colored Map","Custom Start","Downfall","Emptier Cage","Minty Spire (QoL Compilation)","Quick Restart","Random Character Button","Relic Stats","Reorder Act Four","Spicy Shops","StSLib","Transform Curses"],"gold_per_floor":[362,377,389,403,5,17,42,71,71,171,171,188,38,38,38,133,133,148,159,70,178,201,201,228,261,261,284,284,308,308,308,308,414,414,435,471,464,493,493,418,467,485,501,501,671,70,87,87,114,114,114,142,142,37,37],"floor_reached":56,"playtime":10004,"items_purged":["hexamod:Strike","hexamod:Strike"],"score":1546,"play_id":"531db2bc-ec3c-450f-97ea-6b484e7a5cf0","local_time":"20201212202302","is_ascension_mode":false,"campfire_choices":[{"data":"hexamod:Again","floor":13.0,"key":"SMITH"},{"floor":15.0,"key":"REST"},{"data":"Storm","floor":26.0,"key":"SMITH"},{"data":"hexamod:HexaLevel","floor":28.0,"key":"SMITH"},{"data":"hexamod:WildfireWeapon","floor":30.0,"key":"SMITH"},{"floor":32.0,"key":"RECALL"},{"data":"hexamod:Again","floor":40.0,"key":"SMITH"},{"data":"hexamod:UnleashSpirits","floor":44,"key":"SMITH"},{"data":"expansioncontent:DefensiveMode","floor":53,"key":"SMITH"}],"circlet_count":0,"master_deck":["hexamod:Defend","hexamod:Defend","hexamod:Sear","hexamod:Float+1","hexamod:HauntingEcho","hexamod:ExtraCrispy","hexamod:Again+1","hexamod:Hexaguard","hexamod:FastForward","hexamod:ThirdSeal","hexamod:Hexaguard+1","hexamod:EmpoweredFlame","hexamod:WildfireWeapon+1","hexamod:NightmareGuise","hexamod:Haunt+1","hexamod:DynamicBlow","Storm+1","hexamod:ParanormalForm","hexamod:HexaLevel+1","hexamod:SpectersWail+1","hexamod:ShieldOfDarkness+1","hexamod:GhostflameInferno+1","hexamod:GhostOfSpirePresent+1","hexamod:FastForward","hexamod:Hexaguard","hexamod:SecondSeal","hexamod:HauntingEcho","hexamod:FastForward","hexamod:GhostShield","hexamod:FirstSeal","hexamod:StepThrough","hexamod:Hexaguard","hexamod:ThirdSeal","hexamod:SoulSteal","hexamod:SecondSeal","hexamod:NightmareStrike+1","hexamod:GhostShield","hexamod:SixthSeal","hexamod:TimeWarp+1","hexamod:SpectersWail+1","hexamod:HeatMetal+1","hexamod:ChargedBarrage","hexamod:Hexaguard+1","hexamod:Again+1","hexamod:Hexaguard","hexamod:Hexaguard+1","hexamod:StepThrough+1","hexamod:FourthSeal","hexamod:RadiantFlame","hexamod:UnleashSpirits+1","hexamod:GhostShield","hexamod:ShieldOfDarkness+1","hexamod:RetreatToShadows","hexamod:GhostOfSpireFuture","expansioncontent:DefensiveMode+1","hexamod:GhostOfSpireFuture+1","hexamod:HauntingEcho+1","hexamod:UnleashSpirits+1","hexamod:Hexaguard+1","hexamod:ChargedBarrage+1","hexamod:BurningTouch","hexamod:NightmareStrike"],"relics":["hexamod:SpiritBrand","Hammer of Thor","Seething Fire","Anvil of the Gods","Dead Branch","PreservedInsect","Bronze Scales","downfall:HeartBlessingGreen","downfall:HeartBlessingBlue","Lantern","Bird Faced Urn","Astrolabe","downfall:GremlinSack","War Paint","Oddly Smooth Stone","Anchor","Sozu","downfall:HeartBlessingRed","Happy Flower","Membership Card","Mango","Pocketwatch","HandDrill","Meat on the Bone","Letter Opener","hexamod:InflammatoryLetter","Bag of Preparation"],"acts_visited":["Exordium","TheCity","TheBeyond","TheEnding"],"potions_floor_usage":[],"damage_taken":[{"damage":0.0,"enemies":"2 Louse","floor":1.0,"turns":3.0},{"damage":0.0,"enemies":"Small Slimes","floor":2.0,"turns":3.0},{"damage":4.0,"enemies":"Jaw Worm","floor":3.0,"turns":4.0},{"damage":1.0,"enemies":"Blue Slaver","floor":4.0,"turns":3.0},{"damage":0.0,"enemies":"downfall:FleeingMerchant","floor":5.0,"turns":4.0},{"damage":0.0,"enemies":"2 Fungi Beasts","floor":6.0,"turns":4.0},{"damage":18.0,"enemies":"Lagavulin","floor":8.0,"turns":6.0},{"damage":1.0,"enemies":"Exordium Wildlife","floor":12.0,"turns":4.0},{"damage":9.0,"enemies":"downfall:Watcher","floor":16.0,"turns":7.0},{"damage":0.0,"enemies":"Shell Parasite","floor":18.0,"turns":4.0},{"damage":0.0,"enemies":"Chosen and Byrds","floor":19.0,"turns":2.0},{"damage":0.0,"enemies":"downfall:FleeingMerchant","floor":20.0,"turns":4.0},{"damage":8.0,"enemies":"downfall:FleeingMerchant","floor":21.0,"turns":4.0},{"damage":3.0,"enemies":"Snecko","floor":22.0,"turns":3.0},{"damage":10.0,"enemies":"Gremlin Leader","floor":25.0,"turns":5.0},{"damage":2.0,"enemies":"3 Cultists","floor":27.0,"turns":3.0},{"damage":12.0,"enemies":"Snake Plant","floor":29.0,"turns":3.0},{"damage":21.0,"enemies":"downfall:Silent","floor":33.0,"turns":7.0},{"damage":20.0,"enemies":"3 Shapes","floor":35.0,"turns":4.0},{"damage":11.0,"enemies":"3 Darklings","floor":36.0,"turns":4.0},{"damage":14.0,"enemies":"downfall:FleeingMerchant","floor":37.0,"turns":4.0},{"damage":30.0,"enemies":"Spire Growth","floor":38.0,"turns":5.0},{"damage":20.0,"enemies":"Writhing Mass","floor":42.0,"turns":5.0},{"damage":0.0,"enemies":"4 Shapes","floor":43.0,"turns":4.0},{"damage":0,"enemies":"downfall:FleeingMerchant","floor":45,"turns":2},{"damage":0,"enemies":"Sphere and 2 Shapes","floor":47,"turns":4},{"damage":25,"enemies":"Jaw Worm Horde","floor":49,"turns":4},{"damage":8,"enemies":"downfall:Defect","floor":50,"turns":6},{"damage":9,"enemies":"downfall:CharBossMerchant","floor":52,"turns":7},{"damage":22,"enemies":"downfall:NeowBoss","floor":55,"turns":18}],"seed_played":"-2775923863896461569","potions_obtained":[{"floor":3.0,"key":"ColorlessPotion"},{"floor":4.0,"key":"Guardian:BlockOnCardUsePotion"},{"floor":6.0,"key":"FearPotion"},{"floor":25.0,"key":"GamblersBrew"}],"is_trial":false,"path_per_floor":["M","M","M","M","$","M","T","E","?","?","?","M","R","?","R","B",null,"M","M","$","?","M","?","T","E","R","M","R","M","R","T","R","B",null,"M","M","?","M","?","R","T","M","M","R","$","$","M","?","M","B",null,"E","R","$","B",null],"character_chosen":"THE_SPIRIT","items_purchased":["Dead Branch","PreservedInsect","hexamod:ThirdSeal","hexamod:Hexaguard","hexamod:FastForward","hexamod:GhostShield","Membership Card","Mango","Pocketwatch","hexamod:GhostOfSpireFuture","HandDrill","Meat on the Bone","expansioncontent:DefensiveMode","hexamod:NightmareStrike","Bag of Preparation"],"campfire_rested":1,"item_purchase_floors":[5,5,5,5,20,20,46,46,46,46,46,46,46,54,54],"current_hp_per_floor":[49,49,45,44,44,44,44,26,26,26,26,25,35,4,28,33,80,80,80,80,78,77,53,53,62,62,68,68,77,77,77,77,71,80,65,70,70,54,54,54,54,46,61,61,67,81,93,93,81,91,94,94,94,94,94],"gold":37,"neow_bonus":"TWO_FIFTY_GOLD","is_daily":false,"chose_seed":false,"campfire_upgraded":7,"win_rate":0.0,"timestamp":1607826182,"path_taken":["M","M","M","M","$","M","T","E","?","?","?","M","R","?","R","BOSS","M","M","$","?","M","?","T","E","R","M","R","M","R","?","R","BOSS","M","M","?","M","?","R","T","M","M","R","$","$","M","?","M","BOSS","E","R","$","BOSS"],"items_purchased_type":["Relic","Relic","Card","Card","Card","Card","Relic","Relic","Relic","Card","Relic","Relic","Card","Card","Relic"],"build_version":"2020-11-30","purchased_purges":2,"victory":true,"max_hp_per_floor":[70,70,70,70,70,70,70,70,70,70,70,70,80,80,80,80,80,80,80,80,80,80,80,80,80,80,80,80,80,80,80,80,80,80,80,80,80,80,80,80,80,80,80,80,80,94,94,94,94,94,94,94,94,94,94],"relic_stats":{"Happy Flower":[16],"counters":[30,140],"Dead Branch":[283],"Astrolabe":["hexamod:SpectersWail","hexamod:ShieldOfDarkness","hexamod:GhostflameInferno"],"PreservedInsect":235,"Bag of Preparation":[2],"Letter Opener":[25],"War Paint":["hexamod:Haunt","hexamod:Hexaguard"],"Sozu":4,"Bronze Scales":[325],"Bird Faced Urn":[215],"HandDrill":[62],"obtain_stats":[{"Lantern":14,"downfall:HeartBlessingGreen":13,"Mango":46,"Hammer of Thor":0,"Bag of Preparation":54,"Sozu":34,"downfall:BrokenWingStatue":11,"downfall:HeartBlessingBlue":13,"HandDrill":46,"hexamod:SpiritBrand":0,"downfall:HeartBlessingRed":40,"Happy Flower":41,"Dead Branch":5,"Astrolabe":17,"Oddly Smooth Stone":25,"PreservedInsect":5,"hexamod:InflammatoryLetter":52,"Seething Fire":0,"Letter Opener":52,"War Paint":24,"Anchor":31,"downfall:GremlinSack":21,"Anvil of the Gods":0,"Bronze Scales":8,"Bird Faced Urn":14,"Membership Card":46,"Pocketwatch":46,"Meat on the Bone":46},{"Lantern":8,"downfall:HeartBlessingGreen":8,"Mango":25,"Hammer of Thor":0,"Bag of Preparation":29,"Sozu":18,"downfall:BrokenWingStatue":7,"downfall:HeartBlessingBlue":8,"HandDrill":25,"hexamod:SpiritBrand":0,"downfall:HeartBlessingRed":22,"Happy Flower":22,"Dead Branch":5,"Astrolabe":9,"Oddly Smooth Stone":15,"PreservedInsect":5,"hexamod:InflammatoryLetter":29,"Seething Fire":0,"Letter Opener":29,"War Paint":14,"Anchor":17,"downfall:GremlinSack":13,"Anvil of the Gods":0,"Bronze Scales":7,"Bird Faced Urn":8,"Membership Card":25,"Pocketwatch":25,"Meat on the Bone":25},{"Lantern":31,"downfall:HeartBlessingGreen":31,"Mango":101,"Hammer of Thor":0,"Bag of Preparation":122,"Sozu":73,"downfall:BrokenWingStatue":27,"downfall:HeartBlessingBlue":31,"HandDrill":101,"hexamod:SpiritBrand":0,"downfall:HeartBlessingRed":90,"Happy Flower":90,"Dead Branch":17,"Astrolabe":38,"Oddly Smooth Stone":60,"PreservedInsect":17,"hexamod:InflammatoryLetter":122,"Seething Fire":0,"Letter Opener":122,"War Paint":55,"Anchor":66,"downfall:GremlinSack":52,"Anvil of the Gods":0,"Bronze Scales":27,"Bird Faced Urn":31,"Membership Card":101,"Pocketwatch":101,"Meat on the Bone":101}],"Pocketwatch":[9],"Meat on the Bone":0},"card_choices":[{"not_picked":["hexamod:FastForward","hexamod:GhostLash"],"picked":"hexamod:HauntingEcho","floor":1.0},{"not_picked":["hexamod:GhostLash","hexamod:SpectralAdrenaline"],"picked":"hexamod:ExtraCrispy","floor":2.0},{"not_picked":["hexamod:RainOfEmbers","hexamod:Firestarter"],"picked":"hexamod:Again","floor":3.0},{"not_picked":["hexamod:Haunt","hexamod:BacktrackSmack"],"picked":"hexamod:Hexaguard","floor":4.0},{"not_picked":["hexamod:SwordOfDarkness","hexamod:Haunt"],"picked":"hexamod:FastForward","floor":5.0},{"not_picked":["hexamod:SkipABeat","hexamod:HauntingEcho"],"picked":"hexamod:EmpoweredFlame","floor":6.0},{"not_picked":["hexamod:GhostOfSpirePresent","hexamod:HauntingEcho"],"picked":"hexamod:WildfireWeapon","floor":6.0},{"not_picked":["hexamod:Haunt","hexamod:GhostShield"],"picked":"hexamod:NightmareGuise","floor":8.0},{"not_picked":["hexamod:SpectralAdrenaline","hexamod:ThermalTransfer","hexamod:InspiringFlames"],"picked":"SKIP","floor":8.0},{"not_picked":["hexamod:GhostOfSpireFuture","hexamod:HeatMetal"],"picked":"hexamod:Haunt","floor":12.0},{"not_picked":["hexamod:SwordOfDarkness","hexamod:SpectralAdrenaline"],"picked":"hexamod:DynamicBlow","floor":12.0},{"not_picked":["hexamod:TimeWarp","hexamod:TurnItUp"],"picked":"hexamod:ParanormalForm","floor":16.0},{"not_picked":["hexamod:SixthSeal","hexamod:EmpoweringStance"],"picked":"hexamod:HexaLevel","floor":16.0},{"not_picked":["hexamod:PhantomFireball","hexamod:NightmareGuise"],"picked":"hexamod:GhostOfSpirePresent+1","floor":18.0},{"not_picked":["hexamod:RainOfEmbers","hexamod:ThermalTransfer","hexamod:ShieldOfDarkness"],"picked":"SKIP","floor":18.0},{"not_picked":["hexamod:InspiringFlames","hexamod:BacktrackSmack"],"picked":"hexamod:FastForward","floor":19.0},{"not_picked":["hexamod:AdvancingGuard+1","hexamod:ShieldOfDarkness"],"picked":"hexamod:Hexaguard","floor":19.0},{"not_picked":["hexamod:SearingWound","hexamod:InspiringFlames"],"picked":"hexamod:SecondSeal","floor":20.0},{"not_picked":["hexamod:CatchUp","hexamod:RainOfEmbers"],"picked":"hexamod:HauntingEcho","floor":20.0},{"not_picked":["hexamod:GhostLash","hexamod:ExtraCrispy"],"picked":"hexamod:FirstSeal","floor":21.0},{"not_picked":["hexamod:Incineration","hexamod:CatchUp"],"picked":"hexamod:StepThrough","floor":21.0},{"not_picked":["hexamod:RainOfEmbers+1","hexamod:AdvancingGuard"],"picked":"hexamod:Hexaguard","floor":22.0},{"not_picked":["hexamod:RetreatToShadows","hexamod:InspiringFlames"],"picked":"hexamod:ThirdSeal","floor":25.0},{"not_picked":["hexamod:AdvancingGuard","hexamod:PhantomFireball"],"picked":"hexamod:SoulSteal","floor":25.0},{"not_picked":["hexamod:Incineration","hexamod:HauntingEcho"],"picked":"hexamod:SecondSeal","floor":27.0},{"not_picked":["hexamod:GhostOfSpirePast","hexamod:Firestarter"],"picked":"hexamod:NightmareStrike","floor":27.0},{"not_picked":["hexamod:HeatMetal","hexamod:SecondSeal"],"picked":"hexamod:GhostShield","floor":29.0},{"not_picked":["hexamod:GhostflameInferno","hexamod:UnleashSpirits"],"picked":"hexamod:SixthSeal","floor":33.0},{"not_picked":["hexamod:GhostflameInferno","hexamod:ParanormalForm"],"picked":"hexamod:TimeWarp","floor":33.0},{"not_picked":["hexamod:BurningTouch","hexamod:FastForward"],"picked":"hexamod:SpectersWail+1","floor":35.0},{"not_picked":["hexamod:GhostOfSpirePast","hexamod:Haunt"],"picked":"hexamod:HeatMetal+1","floor":35.0},{"not_picked":["hexamod:NightmareGuise","hexamod:ShieldOfDarkness"],"picked":"hexamod:ChargedBarrage","floor":36.0},{"not_picked":["hexamod:AdvancingGuard+1","hexamod:GhostShield"],"picked":"hexamod:Hexaguard+1","floor":36.0},{"not_picked":["hexamod:BacktrackSmack","hexamod:ThermalTransfer"],"picked":"hexamod:Again","floor":37.0},{"not_picked":["hexamod:DynamicBlow","hexamod:NightmareStrike+1"],"picked":"hexamod:Hexaguard","floor":38.0},{"not_picked":["hexamod:BacktrackSmack+1","hexamod:PhantomCloak"],"picked":"hexamod:Hexaguard+1","floor":38.0},{"not_picked":["hexamod:GhostOfSpirePresent+1","hexamod:GhostShield"],"picked":"hexamod:StepThrough+1","floor":38.0},{"not_picked":["hexamod:SpectersWail","hexamod:Firestarter"],"picked":"hexamod:RadiantFlame","floor":42.0},{"not_picked":["hexamod:BacktrackSmack","hexamod:GhostShield+1"],"picked":"hexamod:UnleashSpirits","floor":42.0},{"not_picked":["hexamod:Incineration","hexamod:AdvancingGuard+1"],"picked":"hexamod:GhostShield","floor":42.0},{"not_picked":["hexamod:AdvancingGuard+1","hexamod:BacktrackSmack+1"],"picked":"hexamod:ShieldOfDarkness+1","floor":43.0},{"not_picked":["hexamod:BacktrackSmack","hexamod:ThermalTransfer+1"],"picked":"hexamod:RetreatToShadows","floor":45},{"not_picked":["hexamod:GhostLash","hexamod:SecondSeal"],"picked":"hexamod:GhostOfSpireFuture+1","floor":47},{"not_picked":["hexamod:NightmareGuise","hexamod:AdvancingGuard"],"picked":"hexamod:HauntingEcho+1","floor":47},{"not_picked":["hexamod:RainOfEmbers","hexamod:SpectralAdrenaline+1"],"picked":"hexamod:Hexaguard","floor":49},{"not_picked":["hexamod:Haunt","hexamod:RainOfEmbers","hexamod:NightmareStrike"],"picked":"SKIP","floor":49},{"not_picked":["hexamod:InspiringFlames+1","hexamod:SecondSeal"],"picked":"hexamod:ChargedBarrage+1","floor":52},{"not_picked":["hexamod:Incineration","hexamod:SoulSteal+1"],"picked":"hexamod:BurningTouch","floor":52}],"player_experience":181482,"relics_obtained":[{"floor":8.0,"key":"Bronze Scales"},{"floor":21.0,"key":"downfall:GremlinSack"},{"floor":24.0,"key":"War Paint"},{"floor":25.0,"key":"Oddly Smooth Stone"},{"floor":31.0,"key":"Anchor"},{"floor":41.0,"key":"Happy Flower"},{"floor":52,"key":"Letter Opener"},{"floor":52,"key":"hexamod:InflammatoryLetter"}],"event_choices":[{"damage_healed":0.0,"max_hp_gain":0.0,"max_hp_loss":0.0,"gold_gain":1.0,"event_name":"betterThird:BetterScrap","player_choice":"Relic Relic Card ","floor":14.0,"gold_loss":0.0,"damage_taken":31.0,"cards_obtained":["Storm","Corpse Explosion"]},{"damage_healed":0,"gold_gain":0,"player_choice":"Copied","damage_taken":0,"max_hp_gain":0,"max_hp_loss":0,"event_name":"Duplicator","floor":48,"gold_loss":0,"cards_obtained":["hexamod:UnleashSpirits"]}],"is_beta":false,"boss_relics":[{"not_picked":["SlaversCollar","Empty Cage"],"picked":"Astrolabe"},{"not_picked":["Runic Pyramid","Black Star"],"picked":"Sozu"}],"items_purged_floors":[45,45],"is_endless":false,"potions_floor_spawned":[3,4,6,18,22,25,27,29,35,43,47],"ascension_level":0}}