{"host":"fdq5pmhluajjrf8d","time":1607894394,"event":{"mods":["BaseMod","Minty Spire (QoL Compilation)"],"gold_per_floor":[13,24,44,44,44,44,194,194,241,76,91,91,107,126,126,200,200,220,220,220,56,66,66,142,122,122,133,133,133],"floor_reached":28,"playtime":12630,"items_purged":["Doubt"],"score":406,"play_id":"0f076613-fb28-4c17-9260-08afd7db1df1","local_time":"20201213161954","is_ascension_mode":true,"campfire_choices":[{"data":"Redo","floor":6,"key":"SMITH"},{"data":"Zap","floor":8,"key":"SMITH"},{"data":"Defragment","floor":12,"key":"SMITH"},{"floor":15,"key":"REST"},{"data":"Multi-Cast","floor":23,"key":"SMITH"}],"circlet_count":0,"master_deck":["AscendersBane","Strike_B","Strike_B","Strike_B","Strike_B","Defend_B","Defend_B","Defend_B","Defend_B","Zap+1","Dualcast","Redo+1","Cold Snap","Leap","Defragment+1","Tempest","Darkness","Multi-Cast+1","Tempest+1","Writhe","Chill+1"],"relics":["Cracked Core","Emotion Chip","Gremlin Horn","Unceasing Top","Bronze Scales","Coffee Dripper","Blood Vial","Chemical X","Mercury Hourglass","Shuriken"],"acts_visited":["Exordium","TheCity"],"potions_floor_usage":[16,16,22],"damage_taken":[{"damage":0,"enemies":"2 Louse","floor":1,"turns":2},{"damage":9,"enemies":"Jaw Worm","floor":2,"turns":3},{"damage":0,"enemies":"Small Slimes","floor":3,"turns":4},{"damage":4,"enemies":"2 Fungi Beasts","floor":11,"turns":2},{"damage":6,"enemies":"Blue Slaver","floor":13,"turns":3},{"damage":7,"enemies":"Exordium Thugs","floor":14,"turns":3},{"damage":16,"enemies":"Slime Boss","floor":16,"turns":5},{"damage":24,"enemies":"Chosen","floor":18,"turns":4},{"damage":21,"enemies":"Shell Parasite","floor":22,"turns":3},{"damage":11,"enemies":"Snecko","floor":27,"turns":3},{"damage":27,"enemies":"Shelled Parasite and Fungi","floor":28,"turns":1}],"seed_played":"-209519060718178854","potions_obtained":[{"floor":2,"key":"EntropicBrew"},{"floor":13,"key":"GamblersBrew"},{"floor":14,"key":"Energy Potion"},{"floor":22,"key":"Energy Potion"}],"is_trial":false,"path_per_floor":["M","M","M","?","T","R","?","R","T","$","M","R","M","M","R","B",null,"M","?","?","$","M","R","T","?","T","M","M"],"character_chosen":"DEFECT","items_purchased":["Defragment","Chemical X"],"campfire_rested":1,"item_purchase_floors":[10,21],"current_hp_per_floor":[64,55,55,37,37,37,37,37,37,37,33,33,27,20,41,25,60,36,36,36,36,26,26,26,26,26,17,0,0],"gold":133,"neow_bonus":"ONE_RARE_RELIC","is_daily":false,"chose_seed":false,"campfire_upgraded":4,"win_rate":0.0,"timestamp":1607894394,"path_taken":["M","M","M","?","?","R","?","R","T","$","M","R","M","M","R","BOSS","M","?","?","$","M","R","?","?","T","?","M"],"items_purchased_type":["Card","Relic"],"build_version":"2020-11-30","purchased_purges":1,"victory":false,"max_hp_per_floor":[71,71,71,71,71,71,71,71,71,71,71,71,71,71,71,71,71,71,71,71,71,71,71,71,71,71,71,71,71],"card_choices":[{"not_picked":["Gash","Sweeping Beam"],"picked":"Redo","floor":1},{"not_picked":["Beam Cell","Leap"],"picked":"Cold Snap","floor":2},{"not_picked":["Go for the Eyes","Beam Cell"],"picked":"Leap","floor":3},{"not_picked":["Redo","Buffer"],"picked":"Tempest","floor":11},{"not_picked":["Force Field","Reinforced Body"],"picked":"Darkness","floor":13},{"not_picked":["Barrage","Steam Power","Turbo"],"picked":"SKIP","floor":14},{"not_picked":["Hyperbeam","Reboot"],"picked":"Multi-Cast","floor":16},{"not_picked":["Sunder","Stack+1"],"picked":"Tempest+1","floor":18},{"not_picked":["Hologram","Streamline"],"picked":"Chill+1","floor":22},{"not_picked":["Leap","Chill","Force Field"],"picked":"SKIP","floor":27}],"player_experience":1836228,"relics_obtained":[{"floor":5,"key":"Unceasing Top"},{"floor":9,"key":"Bronze Scales"},{"floor":24,"key":"Mercury Hourglass"},{"floor":26,"key":"Shuriken"}],"event_choices":[{"damage_healed":0,"gold_gain":0,"player_choice":"Success","damage_taken":18,"relics_obtained":["Gremlin Horn"],"max_hp_gain":0,"max_hp_loss":0,"event_name":"Scrap Ooze","floor":4,"gold_loss":0},{"damage_healed":0,"gold_gain":150,"player_choice":"AGREE","damage_taken":0,"max_hp_gain":0,"max_hp_loss":0,"event_name":"Liars Game","floor":7,"gold_loss":0,"cards_obtained":["Doubt"]},{"damage_healed":0,"gold_gain":0,"player_choice":"Ignored","damage_taken":0,"max_hp_gain":0,"max_hp_loss":0,"event_name":"Vampires","floor":19,"gold_loss":0},{"damage_healed":0,"gold_gain":0,"player_choice":"Opened","damage_taken":0,"relics_obtained":["Blood Vial"],"max_hp_gain":0,"max_hp_loss":0,"event_name":"The Mausoleum","floor":20,"gold_loss":0,"cards_obtained":["Writhe"]},{"damage_healed":0,"gold_gain":0,"player_choice":"Bought 1 Potion","damage_taken":0,"max_hp_gain":0,"max_hp_loss":0,"event_name":"The Woman in Blue","floor":25,"gold_loss":0}],"is_beta":false,"boss_relics":[{"not_picked":["Runic Pyramid","Astrolabe"],"picked":"Coffee Dripper"}],"items_purged_floors":[10],"is_endless":false,"potions_floor_spawned":[2,13,14,18,22],"killed_by":"Shelled Parasite and Fungi","ascension_level":19}}