{"host":"y76x98twjnyyxs83","time":1607877994,"event":{"mods":["BaseMod","Colored Powertips","Minty Spire (QoL Compilation)","Permanent Neow","Quick Restart","Rare Cards Sparkle","Relic Stats","StSLib"],"gold_per_floor":[212,222,8,18,18,46,46,46,46,73,88,88,111,143,143,221,221,238,153,166,166,180,209,40,66,91,102,152,152,180,101,101,178,178,191,191,239,239,251,280,280,306,306,33,68,79,79,79],"floor_reached":47,"playtime":2742,"items_purged":["Strike_P","Defend_P"],"score":1624,"play_id":"8d6f3510-07d8-4c07-a701-80412f5f915e","local_time":"20201214004634","is_ascension_mode":true,"campfire_choices":[{"data":"Consecrate","floor":8.0,"key":"SMITH"},{"data":"Wallop","floor":12.0,"key":"SMITH"},{"data":"WheelKick","floor":15.0,"key":"SMITH"},{"data":"Blasphemy","floor":29.0,"key":"SMITH"},{"data":"Sanctity","floor":32.0,"key":"SMITH"},{"data":"ThirdEye","floor":41,"key":"SMITH"}],"circlet_count":0,"master_deck":["AscendersBane","Strike_P","Defend_P","Defend_P","Defend_P","Eruption","Vigilance","CutThroughFate","SignatureMove","FollowUp+1","Consecrate+1","Wallop+1","Wireheading","Perseverance","WheelKick+1","ThirdEye+1","Blasphemy+1","Sanctity+1","Ghostly+1","Ghostly+1","Ghostly+1","CrushJoints+1","Evaluate+1","Weave","Omniscience+1","Fasting2+1","Fasting2","DeusExMachina+1","Tantrum+1"],"relics":["PureWater","CloakClasp","Lizard Tail","Odd Mushroom","Dream Catcher","Coffee Dripper","Toxic Egg 2","Unceasing Top","ClockworkSouvenir","Lantern","Tiny Chest","Akabeko","Runic Pyramid","Bag of Preparation","Mummified Hand","Pocketwatch","Orichalcum","Sling","Whetstone"],"acts_visited":["Exordium","TheCity","TheBeyond"],"potions_floor_usage":[35,47],"damage_taken":[{"damage":0.0,"enemies":"2 Louse","floor":1.0,"turns":2.0},{"damage":2.0,"enemies":"Jaw Worm","floor":2.0,"turns":3.0},{"damage":0.0,"enemies":"Cultist","floor":4.0,"turns":3.0},{"damage":0.0,"enemies":"Lagavulin","floor":6.0,"turns":4.0},{"damage":9.0,"enemies":"3 Sentries","floor":10.0,"turns":6.0},{"damage":10.0,"enemies":"3 Louse","floor":11.0,"turns":3.0},{"damage":0.0,"enemies":"The Mushroom Lair","floor":13.0,"turns":2.0},{"damage":21.0,"enemies":"Gremlin Nob","floor":14.0,"turns":4.0},{"damage":36.0,"enemies":"The Guardian","floor":16.0,"turns":12.0},{"damage":4.0,"enemies":"Chosen","floor":18.0,"turns":4.0},{"damage":5.0,"enemies":"Shell Parasite","floor":20.0,"turns":2.0},{"damage":24.0,"enemies":"Centurion and Healer","floor":22.0,"turns":4.0},{"damage":0.0,"enemies":"Book of Stabbing","floor":23.0,"turns":3.0},{"damage":0.0,"enemies":"Slavers","floor":25.0,"turns":4.0},{"damage":0.0,"enemies":"Snecko","floor":27.0,"turns":4.0},{"damage":0.0,"enemies":"Gremlin Leader","floor":30.0,"turns":4.0},{"damage":0.0,"enemies":"Automaton","floor":33.0,"turns":7.0},{"damage":17,"enemies":"3 Shapes","floor":35,"turns":4},{"damage":0,"enemies":"3 Darklings","floor":39,"turns":3},{"damage":2,"enemies":"Giant Head","floor":40,"turns":7},{"damage":0,"enemies":"Nemesis","floor":42,"turns":5},{"damage":0,"enemies":"Reptomancer","floor":45,"turns":4},{"damage":0,"enemies":"Transient","floor":46,"turns":6},{"damage":20,"enemies":"Writhing Mass","floor":47,"turns":3}],"seed_played":"5393769744074324017","potions_obtained":[{"floor":4.0,"key":"PowerPotion"},{"floor":10.0,"key":"AttackPotion"},{"floor":11.0,"key":"LiquidMemories"},{"floor":18.0,"key":"DuplicationPotion"},{"floor":25.0,"key":"Fruit Juice"},{"floor":30.0,"key":"Weak Potion"},{"floor":40,"key":"Regen Potion"}],"is_trial":false,"path_per_floor":["M","M","$","M","?","E","?","R","T","E","M","R","?","E","R","B",null,"M","?","M","?","M","E","$","E","T","M","?","R","E","$","R","B",null,"M","?","T","?","M","E","R","E","T","$","E","M","M"],"character_chosen":"WATCHER","items_purchased":["SignatureMove","FollowUp","ClockworkSouvenir","Fasting2","Sling"],"campfire_rested":0,"item_purchase_floors":[3,3,24,31,44],"current_hp_per_floor":[61,59,59,59,59,59,59,59,59,50,40,40,40,19,19,18,56,52,52,47,34,10,10,10,10,10,10,10,10,10,10,10,10,28,16,16,16,16,16,14,14,14,14,14,14,14,0,0],"gold":79,"neow_bonus":"HUNDRED_GOLD","is_daily":false,"chose_seed":false,"campfire_upgraded":6,"win_rate":0.0,"timestamp":1607877994,"path_taken":["M","M","$","M","?","E","?","R","T","E","?","R","?","E","R","BOSS","M","?","M","?","M","E","$","E","T","M","?","R","E","?","R","BOSS","M","?","?","?","M","E","R","E","T","$","E","M","M"],"items_purchased_type":["Card","Card","Relic","Card","Relic"],"build_version":"2020-11-30","purchased_purges":2,"victory":false,"max_hp_per_floor":[68,68,68,68,68,68,68,68,68,68,68,68,68,68,68,68,68,68,68,68,34,34,34,34,34,34,34,34,34,34,34,34,34,34,39,39,39,39,39,39,39,39,39,39,39,39,39,39],"relic_stats":{"Lizard Tail":34,"Dream Catcher":0,"counters":[24,103],"Mummified Hand":[8],"Tiny Chest":1,"CloakClasp":[337],"Bag of Preparation":[12],"Whetstone":["Tantrum","FollowUp"],"Orichalcum":[30],"obtain_stats":[{"Lantern":25,"CloakClasp":6,"Bag of Preparation":37,"Whetstone":45,"Odd Mushroom":13,"Orichalcum":43,"Sling":44,"Akabeko":30,"ClockworkSouvenir":24,"Lizard Tail":10,"Dream Catcher":14,"Mummified Hand":40,"Tiny Chest":26,"Coffee Dripper":17,"PureWater":0,"Toxic Egg 2":19,"Unceasing Top":23,"Runic Pyramid":34,"Pocketwatch":42},{"Lantern":14,"CloakClasp":4,"Bag of Preparation":18,"Whetstone":22,"Odd Mushroom":7,"Orichalcum":21,"Sling":21,"Akabeko":16,"ClockworkSouvenir":13,"Lizard Tail":5,"Dream Catcher":8,"Mummified Hand":20,"Tiny Chest":14,"Coffee Dripper":9,"PureWater":0,"Toxic Egg 2":10,"Unceasing Top":13,"Runic Pyramid":17,"Pocketwatch":21},{"Lantern":56,"CloakClasp":12,"Bag of Preparation":75,"Whetstone":94,"Odd Mushroom":23,"Orichalcum":90,"Sling":90,"Akabeko":64,"ClockworkSouvenir":52,"Lizard Tail":18,"Dream Catcher":27,"Mummified Hand":85,"Tiny Chest":56,"Coffee Dripper":39,"PureWater":0,"Toxic Egg 2":43,"Unceasing Top":52,"Runic Pyramid":71,"Pocketwatch":90}],"Unceasing Top":[0],"Pocketwatch":[0]},"card_choices":[{"not_picked":["SashWhip","Halt","DeceiveReality"],"picked":"SKIP","floor":1.0},{"not_picked":["CrushJoints","Weave"],"picked":"CutThroughFate","floor":2.0},{"not_picked":["CrushJoints","PathToVictory"],"picked":"Consecrate","floor":4.0},{"not_picked":["CrushJoints","Nirvana"],"picked":"Wallop","floor":6.0},{"not_picked":["LikeWater","FollowUp"],"picked":"Wireheading","floor":10.0},{"not_picked":["Conclude","Consecrate"],"picked":"Perseverance","floor":11.0},{"not_picked":["Crescendo","FollowUp"],"picked":"WheelKick","floor":13.0},{"not_picked":["LikeWater","DeceiveReality"],"picked":"ThirdEye","floor":14.0},{"not_picked":["SpiritShield","Omniscience"],"picked":"Blasphemy","floor":16.0},{"not_picked":["Consecrate","Worship"],"picked":"Sanctity","floor":18.0},{"not_picked":["ForeignInfluence+1","EmptyFist","CrushJoints"],"picked":"SKIP","floor":20.0},{"not_picked":["FlurryOfBlows","Worship+1"],"picked":"CrushJoints+1","floor":22.0},{"not_picked":["FollowUp","ClearTheMind+1"],"picked":"Evaluate+1","floor":23.0},{"not_picked":["SashWhip+1","EmptyFist"],"picked":"Weave","floor":25.0},{"not_picked":["SandsOfTime","EmptyBody+1"],"picked":"Omniscience+1","floor":27.0},{"not_picked":["Consecrate+1","Protect+1"],"picked":"Fasting2+1","floor":30.0},{"not_picked":["LessonLearned","Brilliance"],"picked":"DeusExMachina+1","floor":33.0},{"not_picked":["FlurryOfBlows","JustLucky"],"picked":"Indignation+1","floor":35},{"not_picked":["Conclude","EmptyBody+1","EmptyMind+1"],"picked":"SKIP","floor":39},{"not_picked":["Halt+1","JustLucky"],"picked":"Tantrum","floor":40},{"not_picked":["DeusExMachina+1","CrushJoints+1","SashWhip"],"picked":"SKIP","floor":42},{"not_picked":["Fasting2","PathToVictory+1","EmptyMind+1"],"picked":"SKIP","floor":45},{"not_picked":["ClearTheMind+1","LikeWater","FlurryOfBlows"],"picked":"SKIP","floor":46}],"player_experience":1074636,"relics_obtained":[{"floor":6.0,"key":"CloakClasp"},{"floor":10.0,"key":"Lizard Tail"},{"floor":13.0,"key":"Odd Mushroom"},{"floor":14.0,"key":"Dream Catcher"},{"floor":23.0,"key":"Unceasing Top"},{"floor":25.0,"key":"Lantern"},{"floor":26.0,"key":"Tiny Chest"},{"floor":30.0,"key":"Akabeko"},{"floor":37,"key":"Bag of Preparation"},{"floor":40,"key":"Mummified Hand"},{"floor":42,"key":"Pocketwatch"},{"floor":43,"key":"Orichalcum"},{"floor":45,"key":"Whetstone"}],"event_choices":[{"cards_removed":["Strike_P"],"damage_healed":0.0,"max_hp_gain":0.0,"max_hp_loss":0.0,"gold_gain":0.0,"event_name":"Living Wall","player_choice":"Forget","floor":5.0,"gold_loss":0.0,"damage_taken":0.0},{"cards_removed":["Strike_P"],"damage_healed":0.0,"max_hp_gain":0.0,"max_hp_loss":0.0,"gold_gain":0.0,"event_name":"Purifier","player_choice":"Purged","floor":7.0,"gold_loss":0.0,"damage_taken":0.0},{"damage_healed":0.0,"max_hp_gain":0.0,"max_hp_loss":0.0,"gold_gain":0.0,"event_name":"Mushrooms","player_choice":"Fought Mushrooms","floor":13.0,"gold_loss":0.0,"damage_taken":0.0},{"damage_healed":0.0,"max_hp_gain":0.0,"max_hp_loss":0.0,"gold_gain":0.0,"event_name":"Addict","player_choice":"Obtained Relic","floor":19.0,"gold_loss":85.0,"damage_taken":0.0,"relics_obtained":["Toxic Egg 2"]},{"damage_healed":0.0,"max_hp_gain":0.0,"max_hp_loss":34.0,"gold_gain":0.0,"event_name":"Ghosts","player_choice":"Became a Ghost","floor":21.0,"gold_loss":0.0,"damage_taken":0.0,"cards_obtained":["Ghostly","Ghostly","Ghostly"]},{"damage_healed":0.0,"max_hp_gain":0.0,"max_hp_loss":0.0,"gold_gain":50.0,"event_name":"Nest","player_choice":"Stole From Cult","floor":28.0,"gold_loss":0.0,"damage_taken":0.0},{"cards_removed":["Indignation"],"damage_healed":0,"gold_gain":0,"player_choice":"Removed Skill","damage_taken":0,"max_hp_gain":0,"max_hp_loss":0,"event_name":"Falling","floor":36,"gold_loss":0},{"damage_healed":0,"gold_gain":0,"player_choice":"Ignored","damage_taken":0,"max_hp_gain":0,"max_hp_loss":0,"event_name":"Tomb of Lord Red Mask","floor":38,"gold_loss":0}],"is_beta":false,"boss_relics":[{"not_picked":["Astrolabe","Empty Cage"],"picked":"Coffee Dripper"},{"not_picked":["SacredBark","Runic Dome"],"picked":"Runic Pyramid"}],"items_purged_floors":[3,44],"is_endless":false,"potions_floor_spawned":[4,10,11,18,22,25,30,40,45,46],"killed_by":"Writhing Mass","ascension_level":20}}