{"host":"d3vxos6womvqm2ts","time":1607821764,"event":{"mods":["AchievementEnabler","Bard","BaseMod","Colored Powertips","Downfall","Hermit","Minty Spire (QoL Compilation)","Robot Space Explorer","SOS???????","StSLib","Td1madao Mod","The Alterego","The Animator","The Cursed","The Death Knight","The Judge","The Necromancer","The Poker Player","The Runesmith","The Servant 0.9.4","The Wild Card","Yuri Mod"],"gold_per_floor":[99,99,99,110,135,135,182,192,102,102,116,116,127,37,51,146,146,146,146,159,159,1,101,125,125,125,125,210,229,410,427,444,444,444],"floor_reached":33,"playtime":2612,"items_purged":[],"score":243,"play_id":"e68f1478-abb8-4536-ab13-d3c44c45c9bb","local_time":"20201212200924","is_ascension_mode":false,"campfire_choices":[{"data":"Slimebound:CorrosiveSpit","floor":1,"key":"SMITH"},{"floor":3,"key":"RECALL"},{"data":"Slimebound:Split","floor":6,"key":"SMITH"},{"data":"Slimebound:GoopSpray","floor":10,"key":"SMITH"},{"data":"Slimebound:Teamwork","floor":18,"key":"SMITH"},{"data":"Slimebound:RejuvenatingLick","floor":21,"key":"SMITH"},{"data":"Slimebound:HauntingLick","floor":25,"key":"SMITH"},{"data":"Slimebound:MassRepurpose","floor":27,"key":"SMITH"}],"circlet_count":0,"master_deck":["Slimebound:Defend_Slimebound","Slimebound:Defend_Slimebound","Slimebound:Defend_Slimebound","Slimebound:Defend_Slimebound","Slimebound:Split+1","Slimebound:CorrosiveSpit+1","Slimebound:GoopSpray+1","Slimebound:ViciousTackle","Slimebound:ItLooksTasty","Slimebound:MassRepurpose+1","Slimebound:Repurpose","Slimebound:SamplingLick+1","Slimebound:RejuvenatingLick+1","Slimebound:SplitMire","Slimebound:Repurpose","Slimebound:SplitLeeching","Slimebound:Teamwork+1","Slimebound:Tackle+1","Slimebound:Tackle+1","Slimebound:Tackle+1","Slimebound:Equalize+1","Slimebound:HauntingLick+1","Slimebound:SlimeTap+1","Slimebound:LeechEnergy+1","Slimebound:Split+1","Slimebound:SplitAcid","Slimebound:ViciousTackle","Slimebound:AcidTongue"],"relics":["Slimebound:AbsorbEndCombat","Runesmith:AutoHammer","SacredBark","Membership Card","downfall:RedIOU","DollysMirror","Pen Nib"],"acts_visited":["Exordium","TheCity"],"potions_floor_usage":[16,30,31,33],"damage_taken":[{"damage":5,"enemies":"Jaw Worm","floor":4,"turns":4},{"damage":35,"enemies":"Lagavulin","floor":5,"turns":8},{"damage":9,"enemies":"Cultist","floor":8,"turns":3},{"damage":11,"enemies":"downfall:FleeingMerchant","floor":9,"turns":4},{"damage":8,"enemies":"2 Louse","floor":11,"turns":2},{"damage":11,"enemies":"Red Slaver","floor":13,"turns":3},{"damage":25,"enemies":"downfall:FleeingMerchant","floor":14,"turns":4},{"damage":11,"enemies":"Blue Slaver","floor":15,"turns":3},{"damage":58,"enemies":"downfall:Ironclad","floor":16,"turns":6},{"damage":14,"enemies":"Spheric Guardian","floor":20,"turns":4},{"damage":16,"enemies":"downfall:FleeingMerchant","floor":22,"turns":4},{"damage":27,"enemies":"3 Byrds","floor":29,"turns":4},{"damage":9,"enemies":"downfall:FleeingMerchant","floor":30,"turns":2},{"damage":32,"enemies":"Shelled Parasite and Fungi","floor":31,"turns":3},{"damage":35,"enemies":"3 Cultists","floor":32,"turns":4},{"damage":81,"enemies":"downfall:Watcher","floor":33,"turns":4}],"seed_played":"8091991961481670403","potions_obtained":[{"floor":5,"key":"hexamod:EctoCoolerPotion"},{"floor":13,"key":"Weak Potion"},{"floor":16,"key":"DuplicationPotion"},{"floor":31,"key":"SpeedPotion"},{"floor":32,"key":"Strength Potion"}],"is_trial":false,"path_per_floor":["R","?","R","M","E","R","T","M","$","R","M","?","M","$","M","B",null,"R","?","M","R","$","?","T","R","?","R","?","M","$","M","M","B"],"character_chosen":"SLIMEBOUND","items_purchased":["Slimebound:Repurpose","Slimebound:Repurpose","Membership Card","DollysMirror","Pen Nib","Slimebound:SplitAcid"],"campfire_rested":0,"item_purchase_floors":[9,14,22,30,30,30],"current_hp_per_floor":[66,66,66,66,37,37,37,38,45,45,49,49,52,49,58,32,66,66,66,66,66,66,66,66,66,66,66,54,66,59,62,66,0,0],"gold":444,"neow_bonus":"TEN_PERCENT_HP_BONUS","is_daily":false,"chose_seed":false,"campfire_upgraded":7,"win_rate":0.0,"timestamp":1607821764,"path_taken":["R","?","R","M","E","R","T","M","$","R","?","?","?","?","M","BOSS","R","?","M","R","$","?","T","R","?","R","?","M","$","?","M","BOSS"],"items_purchased_type":["Card","Card","Relic","Relic","Relic","Card"],"build_version":"2020-11-30","purchased_purges":0,"victory":false,"max_hp_per_floor":[66,66,66,66,66,66,66,66,66,66,66,66,66,66,66,66,66,66,66,66,66,66,66,66,66,66,66,66,66,66,66,66,66,66],"card_choices":[{"not_picked":["Slimebound:SlimeSpikes","Slimebound:LeechingTouch"],"picked":"Slimebound:GoopSpray","floor":4},{"not_picked":["Slimebound:BestDefense","Slimebound:SlimeSpikes"],"picked":"Slimebound:ViciousTackle","floor":5},{"not_picked":["Slimebound:Prepare","Slimebound:Schlurp"],"picked":"Slimebound:ItLooksTasty","floor":8},{"not_picked":["Slimebound:SlimeSpikes","Slimebound:RollThrough"],"picked":"Slimebound:MassRepurpose","floor":9},{"not_picked":["Slimebound:RollThrough","Slimebound:ForwardTackle"],"picked":"Slimebound:SamplingLick","floor":11},{"not_picked":["Slimebound:GoopTackle","Slimebound:SlimeBarrage"],"picked":"Slimebound:RejuvenatingLick","floor":13},{"not_picked":["Slimebound:Grow","Slimebound:Repurpose"],"picked":"Slimebound:SplitMire","floor":14},{"not_picked":["Slimebound:GoopSpray","Slimebound:LevelUp"],"picked":"Slimebound:SplitLeeching","floor":15},{"not_picked":["Slimebound:OneTwoCombo","Slimebound:PrepareCrush"],"picked":"Slimebound:Teamwork","floor":16},{"not_picked":["Slimebound:ProtectTheBoss","Slimebound:FlameTackle"],"picked":"Slimebound:Equalize+1","floor":20},{"not_picked":["Slimebound:FinishingTackle+1","Slimebound:Schlurp"],"picked":"Slimebound:HauntingLick","floor":22},{"not_picked":["Slimebound:ComboTackle","Slimebound:Schlurp"],"picked":"Slimebound:SlimeTap+1","floor":29},{"not_picked":["Slimebound:SplitAcid","Slimebound:MassRepurpose"],"picked":"Slimebound:LeechEnergy+1","floor":30},{"not_picked":["Slimebound:PressTheAttack","Slimebound:Replication"],"picked":"Slimebound:ViciousTackle","floor":31},{"not_picked":["Slimebound:SplitLeeching+1","Slimebound:BestDefense"],"picked":"Slimebound:AcidTongue","floor":32}],"player_experience":65407,"relics_obtained":[{"floor":5,"key":"Runesmith:AutoHammer"},{"floor":24,"key":"Slimebound:AggressiveSlimeRelic"}],"event_choices":[{"cards_removed":["Slimebound:Tackle"],"damage_healed":0,"gold_gain":0,"player_choice":"Purged","damage_taken":0,"max_hp_gain":0,"max_hp_loss":0,"event_name":"Purifier","floor":2,"gold_loss":0},{"damage_healed":0,"gold_gain":0,"player_choice":"Upgraded","damage_taken":0,"max_hp_gain":0,"max_hp_loss":0,"event_name":"Upgrade Shrine","floor":12,"gold_loss":0,"cards_upgraded":["Slimebound:SamplingLick"]}],"is_beta":false,"boss_relics":[{"not_picked":["Sozu","Coffee Dripper"],"picked":"SacredBark"}],"items_purged_floors":[],"is_endless":false,"potions_floor_spawned":[5,13,16,31,32],"killed_by":"downfall:Watcher","ascension_level":0}}