{"host":"x0ovlu53kkkog8rv","time":1607869233,"event":{"mods":["BaseMod","Colored Map","Minty Spire (QoL Compilation)","Quick Restart","SuperFastMode"],"gold_per_floor":[168,116,127,52,227,177,177,177,252,252,152,165,165,47,70,70,195,195,218,5,5,5,5,5,24,44,92,117,132,132,132,132],"floor_reached":30,"playtime":804,"items_purged":["Defend_P","Injury","Defend_P"],"score":240,"play_id":"6c7f1176-b435-479a-a6f5-ae574d538158","local_time":"20201213232033","is_ascension_mode":true,"campfire_choices":[{"data":"Strike_P","floor":6,"key":"SMITH"},{"floor":15,"key":"REST"},{"floor":23,"key":"REST"}],"circlet_count":0,"master_deck":["Strike_P","Strike_P","Strike_P+1","Defend_P","Defend_P","Eruption+1","Vigilance","TalkToTheHand+1","Flash of Steel"],"relics":["HolyWater","Golden Idol","Darkstone Periapt","Bag of Marbles"],"acts_visited":["Exordium","TheCity"],"potions_floor_usage":[16,16,18,27,27],"damage_taken":[{"damage":0,"enemies":"Small Slimes","floor":1,"turns":2},{"damage":0,"enemies":"Jaw Worm","floor":2,"turns":2},{"damage":0,"enemies":"2 Louse","floor":11,"turns":1},{"damage":13,"enemies":"Exordium Thugs","floor":14,"turns":5},{"damage":31,"enemies":"Slime Boss","floor":16,"turns":6},{"damage":33,"enemies":"3 Byrds","floor":18,"turns":7},{"damage":0,"enemies":"Spheric Guardian","floor":24,"turns":3},{"damage":11,"enemies":"Cultist and Chosen","floor":25,"turns":4},{"damage":24,"enemies":"Shelled Parasite and Fungi","floor":27,"turns":2},{"damage":13,"enemies":"Chosen and Byrds","floor":28,"turns":5},{"damage":20,"enemies":"Gremlin Leader","floor":30,"turns":1}],"seed_played":"-7845594918592273291","potions_obtained":[{"floor":11,"key":"FearPotion"},{"floor":16,"key":"Regen Potion"},{"floor":18,"key":"EssenceOfSteel"},{"floor":25,"key":"Explosive Potion"}],"is_trial":false,"path_per_floor":["M","M","$","?","?","R","?","?","T","$","M","?","$","M","R","B",null,"M","$","?","$","?","R","M","M","T","M","M","$","E"],"character_chosen":"WATCHER","items_purchased":["TalkToTheHand","Strength Potion","Flash of Steel"],"campfire_rested":2,"item_purchase_floors":[13,13,19],"current_hp_per_floor":[77,72,72,72,72,72,72,72,61,61,61,61,61,61,48,69,38,72,44,44,44,44,44,65,65,54,54,30,17,17,0,0],"gold":132,"neow_bonus":"UPGRADE_CARD","is_daily":false,"chose_seed":false,"campfire_upgraded":1,"win_rate":0.0,"timestamp":1607869233,"path_taken":["M","M","$","?","?","R","?","?","T","$","M","?","$","M","R","BOSS","M","$","?","?","?","R","M","M","T","M","?","$","E"],"items_purchased_type":["Card","Potion","Card"],"build_version":"2020-11-30","purchased_purges":3,"victory":false,"max_hp_per_floor":[77,72,72,72,72,72,72,72,72,72,72,72,72,72,72,72,72,72,72,72,72,72,72,72,72,72,72,72,72,72,72,72],"card_choices":[{"not_picked":["CutThroughFate","EmptyFist","Crescendo"],"picked":"SKIP","floor":1},{"not_picked":["EmptyBody","Protect","JustLucky"],"picked":"SKIP","floor":2},{"not_picked":["CrushJoints","ThirdEye","EmptyFist"],"picked":"SKIP","floor":11},{"not_picked":["WreathOfFlame","SashWhip","Prostrate"],"picked":"SKIP","floor":14},{"not_picked":["EmptyFist+1","JustLucky","Sanctity"],"picked":"SKIP","floor":18},{"not_picked":["Meditate+1","Study","FlurryOfBlows"],"picked":"SKIP","floor":24},{"not_picked":["Weave","ThirdEye","ClearTheMind"],"picked":"SKIP","floor":25},{"not_picked":["CutThroughFate+1","Meditate+1","SashWhip"],"picked":"SKIP","floor":27},{"not_picked":["SignatureMove","Prostrate","FlyingSleeves"],"picked":"SKIP","floor":28}],"player_experience":209672,"relics_obtained":[{"floor":9,"key":"Darkstone Periapt"},{"floor":26,"key":"Bag of Marbles"}],"event_choices":[{"damage_healed":0,"gold_gain":175,"player_choice":"AGREE","damage_taken":0,"max_hp_gain":0,"max_hp_loss":0,"event_name":"Liars Game","floor":4,"gold_loss":0,"cards_obtained":["Doubt"]},{"cards_removed":["Doubt"],"damage_healed":0,"gold_gain":0,"player_choice":"Card Removal","damage_taken":0,"max_hp_gain":0,"max_hp_loss":0,"event_name":"The Cleric","floor":5,"gold_loss":50},{"damage_healed":0,"gold_gain":0,"player_choice":"Take Wound","damage_taken":0,"relics_obtained":["Golden Idol"],"max_hp_gain":0,"max_hp_loss":0,"event_name":"Golden Idol","floor":7,"gold_loss":0,"cards_obtained":["Injury"]},{"damage_healed":0,"gold_gain":75,"player_choice":"Gather Gold","damage_taken":11,"max_hp_gain":0,"max_hp_loss":0,"event_name":"World of Goop","floor":8,"gold_loss":0},{"cards_removed":["Strike_P"],"damage_healed":0,"gold_gain":0,"player_choice":"Offered Basic","damage_taken":0,"max_hp_gain":0,"max_hp_loss":0,"event_name":"Bonfire Elementals","floor":12,"gold_loss":0},{"damage_healed":0,"gold_gain":0,"player_choice":"Upgraded","damage_taken":0,"max_hp_gain":0,"max_hp_loss":0,"event_name":"Upgrade Shrine","floor":20,"gold_loss":0,"cards_upgraded":["TalkToTheHand"]},{"damage_healed":0,"gold_gain":0,"player_choice":"Ignored","damage_taken":0,"max_hp_gain":0,"max_hp_loss":0,"event_name":"N\u0027loth","floor":22,"gold_loss":0}],"is_beta":false,"boss_relics":[{"not_picked":["Sozu","Busted Crown"],"picked":"HolyWater"}],"items_purged_floors":[3,10,19],"is_endless":false,"potions_floor_spawned":[11,16,18,25],"killed_by":"Gremlin Leader","ascension_level":2}}