{"host":"6b00v7211em4ihns","time":1607879207,"event":{"mods":["BaseMod","Bestiary","Better Match","Minty Spire (QoL Compilation)","Relic Stats","Spicy Shops","StSLib"],"gold_per_floor":[116,126,145,31,31,31,45,74,121,137,137,153,153,183,183,258,258,271,171,181,54,69,98,98,116,165,165,165,178,178,58,58,135,135,155,155,166,176,226,257,267,296,296,78,95,95,95,110,110,110,110,110,110,21,50,50,50],"floor_reached":56,"playtime":7874,"items_purged":["Strike_P","Strike_P"],"score":2078,"play_id":"f80c5481-91b2-48f1-a15e-de849fef4505","local_time":"20201213170647","is_ascension_mode":true,"campfire_choices":[{"data":"BattleHymn","floor":6.0,"key":"SMITH"},{"data":"Vigilance","floor":11.0,"key":"SMITH"},{"data":"Protect","floor":13.0,"key":"SMITH"},{"data":"Eruption","floor":15.0,"key":"SMITH"},{"data":"WindmillStrike","floor":24.0,"key":"SMITH"},{"floor":28.0,"key":"REST"},{"data":"MentalFortress","floor":32.0,"key":"SMITH"},{"floor":49,"key":"RECALL"},{"data":"MentalFortress","floor":53,"key":"SMITH"}],"circlet_count":0,"master_deck":["AscendersBane","Strike_P","Defend_P+1","Defend_P","Defend_P+1","Defend_P","Eruption+1","Vigilance+1","Tantrum","BowlingBash","Vault","BattleHymn+1","EmptyMind","Protect+1","EmptyFist","FlurryOfBlows","DeceiveReality","Vault","EmptyBody","WindmillStrike+1","MentalFortress+1","ClearTheMind","TalkToTheHand","InnerPeace","Judgement","Tantrum","FearNoEvil","Blasphemy","FearNoEvil","MentalFortress+1","Wireheading","LikeWater","EmptyBody"],"relics":["PureWater","War Paint","Pantograph","Potion Belt","Nunchaku","VioletLotus","Shuriken","Bag of Preparation","Sozu","The Courier","Art of War","Pen Nib","Mango"],"acts_visited":["Exordium","TheCity","TheBeyond","TheEnding"],"potions_floor_usage":[40],"damage_taken":[{"damage":14.0,"enemies":"Cultist","floor":1.0,"turns":4.0},{"damage":0.0,"enemies":"Jaw Worm","floor":2.0,"turns":5.0},{"damage":0.0,"enemies":"Small Slimes","floor":3.0,"turns":2.0},{"damage":6.0,"enemies":"Red Slaver","floor":7.0,"turns":3.0},{"damage":0.0,"enemies":"Gremlin Nob","floor":8.0,"turns":3.0},{"damage":13.0,"enemies":"Blue Slaver","floor":10.0,"turns":4.0},{"damage":4.0,"enemies":"Gremlin Gang","floor":12.0,"turns":4.0},{"damage":0.0,"enemies":"Lagavulin","floor":14.0,"turns":5.0},{"damage":0.0,"enemies":"Slime Boss","floor":16.0,"turns":3.0},{"damage":6.0,"enemies":"2 Thieves","floor":18.0,"turns":5.0},{"damage":0.0,"enemies":"Chosen","floor":20.0,"turns":3.0},{"damage":16.0,"enemies":"Snake Plant","floor":22.0,"turns":4.0},{"damage":2.0,"enemies":"Book of Stabbing","floor":23.0,"turns":6.0},{"damage":22.0,"enemies":"Sentry and Sphere","floor":25.0,"turns":5.0},{"damage":13.0,"enemies":"Shelled Parasite and Fungi","floor":29.0,"turns":5.0},{"damage":26.0,"enemies":"Champ","floor":33.0,"turns":11.0},{"damage":4.0,"enemies":"Orb Walker","floor":35.0,"turns":3.0},{"damage":0.0,"enemies":"3 Shapes","floor":37.0,"turns":8.0},{"damage":4.0,"enemies":"Writhing Mass","floor":38.0,"turns":5.0},{"damage":21,"enemies":"Nemesis","floor":40,"turns":4},{"damage":0,"enemies":"Transient","floor":41,"turns":7},{"damage":10,"enemies":"Giant Head","floor":42,"turns":8},{"damage":0,"enemies":"Spire Growth","floor":45,"turns":4},{"damage":0,"enemies":"3 Darklings","floor":48,"turns":4},{"damage":42,"enemies":"Awakened One","floor":50,"turns":9},{"damage":22,"enemies":"Donu and Deca","floor":51,"turns":6},{"damage":85,"enemies":"Shield and Spear","floor":55,"turns":7},{"damage":122,"enemies":"The Heart","floor":56,"turns":4}],"seed_played":"-6526972161954446160","potions_obtained":[{"floor":1.0,"key":"Ancient Potion"},{"floor":2.0,"key":"CultistPotion"},{"floor":14.0,"key":"SkillPotion"},{"floor":16.0,"key":"SpeedPotion"},{"floor":22.0,"key":"SneckoOil"},{"floor":23.0,"key":"FairyPotion"},{"floor":27.0,"key":"Weak Potion"},{"floor":27.0,"key":"DistilledChaos"}],"is_trial":false,"path_per_floor":["M","M","M","$","?","R","M","E","T","M","R","M","R","E","R","B",null,"M","$","M","$","M","E","R","M","T","?","R","M","?","$","R","B",null,"M","?","M","M","?","E","M","E","T","$","M","?","$","M","R","B","B",null,"R","$","E","B"],"character_chosen":"WATCHER","items_purchased":["BattleHymn","WindmillStrike","MentalFortress","InnerPeace","Pen Nib","FearNoEvil","Wireheading","LikeWater"],"campfire_rested":1,"item_purchase_floors":[4,21,21,31,44,44,54,54],"current_hp_per_floor":[47,47,47,47,47,47,41,41,41,28,28,24,24,24,24,49,63,57,57,57,57,41,39,39,17,17,17,37,24,24,24,24,23,57,53,53,53,49,49,28,28,18,18,18,18,68,68,68,68,26,29,58,58,58,16,0,0],"gold":50,"neow_bonus":"RANDOM_COMMON_RELIC","is_daily":false,"chose_seed":false,"campfire_upgraded":7,"win_rate":0.0,"timestamp":1607879207,"path_taken":["M","?","M","$","?","R","M","E","T","M","R","M","R","E","R","BOSS","M","$","M","$","M","E","R","M","T","?","R","?","?","$","R","BOSS","M","?","M","M","?","E","M","E","T","$","?","?","$","M","R","BOSS","BOSS","R","$","E","BOSS"],"items_purchased_type":["Card","Card","Card","Card","Relic","Card","Card","Card"],"build_version":"2020-11-30","purchased_purges":2,"victory":false,"max_hp_per_floor":[68,68,68,68,68,68,68,68,68,68,68,68,68,68,68,68,68,68,68,68,68,68,68,68,68,68,68,68,68,68,68,68,68,68,68,68,68,68,68,68,68,68,68,68,68,68,68,68,68,68,68,68,68,68,82,82,82],"relic_stats":{"Sozu":5,"Nunchaku":[31],"counters":[28,141],"Shuriken":[66],"Pantograph":100,"VioletLotus":[52],"Pen Nib":[12],"Bag of Preparation":[28],"Art of War":[3],"War Paint":["Defend_P","Defend_P"],"obtain_stats":[{"Potion Belt":9,"Mango":55,"The Courier":40,"Pen Nib":44,"Bag of Preparation":26,"War Paint":0,"Sozu":34,"Nunchaku":14,"Shuriken":23,"Pantograph":8,"VioletLotus":17,"Art of War":42,"PureWater":0},{"Potion Belt":5,"Mango":27,"The Courier":20,"Pen Nib":22,"Bag of Preparation":14,"War Paint":0,"Sozu":16,"Nunchaku":8,"Shuriken":13,"Pantograph":5,"VioletLotus":9,"Art of War":22,"PureWater":0},{"Potion Belt":17,"Mango":137,"The Courier":92,"Pen Nib":107,"Bag of Preparation":56,"War Paint":0,"Sozu":72,"Nunchaku":30,"Shuriken":51,"Pantograph":17,"VioletLotus":33,"Art of War":107,"PureWater":0}]},"card_choices":[{"not_picked":["CarveReality","FollowUp"],"picked":"Tantrum","floor":1.0},{"not_picked":["Pray","FlyingSleeves"],"picked":"BowlingBash","floor":2.0},{"not_picked":["ClearTheMind","Evaluate"],"picked":"Vault","floor":3.0},{"not_picked":["Crescendo","SignatureMove"],"picked":"EmptyMind","floor":7.0},{"not_picked":["JustLucky","Indignation"],"picked":"Protect","floor":8.0},{"not_picked":["Vengeance","Evaluate"],"picked":"EmptyFist","floor":10.0},{"not_picked":["ClearTheMind","Protect"],"picked":"FlurryOfBlows","floor":12.0},{"not_picked":["Consecrate","Crescendo"],"picked":"DeceiveReality","floor":14.0},{"not_picked":["Ragnarok","DeusExMachina"],"picked":"Vault","floor":16.0},{"not_picked":["ForeignInfluence+1","Consecrate"],"picked":"EmptyBody","floor":18.0},{"not_picked":["Prostrate+1","ReachHeaven","JustLucky"],"picked":"SKIP","floor":20.0},{"not_picked":["BowlingBash","Crescendo","Brilliance"],"picked":"SKIP","floor":22.0},{"not_picked":["JustLucky","WheelKick"],"picked":"ClearTheMind","floor":23.0},{"not_picked":["SashWhip","Consecrate","Evaluate"],"picked":"SKIP","floor":25.0},{"not_picked":["Consecrate","FlyingSleeves","ThirdEye"],"picked":"SKIP","floor":29.0},{"not_picked":["Devotion","Alpha"],"picked":"Judgement","floor":33.0},{"not_picked":["FlyingSleeves","Fasting2"],"picked":"Tantrum","floor":35.0},{"not_picked":["PathToVictory","FlyingSleeves","WindmillStrike"],"picked":"SKIP","floor":37.0},{"not_picked":["SashWhip","Establishment"],"picked":"FearNoEvil","floor":38.0},{"not_picked":["BowlingBash","Weave"],"picked":"Blasphemy","floor":40},{"not_picked":["Consecrate","Study","Prostrate"],"picked":"SKIP","floor":41},{"not_picked":["ThirdEye","EmptyFist","Protect"],"picked":"SKIP","floor":42},{"not_picked":["CutThroughFate+1","LikeWater","EmptyBody"],"picked":"SKIP","floor":45},{"not_picked":["CrushJoints","CutThroughFate"],"picked":"MentalFortress","floor":48},{"not_picked":["Wish","FlurryOfBlows"],"picked":"EmptyBody","floor":55}],"player_experience":2439344,"relics_obtained":[{"floor":8.0,"key":"Pantograph"},{"floor":9.0,"key":"Potion Belt"},{"floor":14.0,"key":"Nunchaku"},{"floor":23.0,"key":"Shuriken"},{"floor":26.0,"key":"Bag of Preparation"},{"floor":40,"key":"The Courier"},{"floor":42,"key":"Art of War"},{"floor":55,"key":"Mango"}],"event_choices":[{"cards_removed":["Strike_P"],"damage_healed":0.0,"max_hp_gain":0.0,"max_hp_loss":0.0,"gold_gain":0.0,"event_name":"Wheel of Change","player_choice":"Card Removal","floor":5.0,"gold_loss":0.0,"damage_taken":0.0},{"damage_healed":0.0,"max_hp_gain":0.0,"max_hp_loss":0.0,"gold_gain":0.0,"event_name":"Lab","player_choice":"Got Potions","floor":27.0,"gold_loss":0.0,"damage_taken":0.0},{"damage_healed":0.0,"max_hp_gain":0.0,"max_hp_loss":0.0,"gold_gain":0.0,"event_name":"The Library","player_choice":"Read","floor":30.0,"gold_loss":0.0,"damage_taken":0.0,"cards_obtained":["TalkToTheHand"]},{"damage_healed":0.0,"max_hp_gain":0.0,"max_hp_loss":0.0,"gold_gain":0.0,"event_name":"Tomb of Lord Red Mask","player_choice":"Ignored","floor":36.0,"gold_loss":0.0,"damage_taken":0.0},{"damage_healed":0.0,"max_hp_gain":0.0,"max_hp_loss":0.0,"gold_gain":50.0,"event_name":"Golden Shrine","player_choice":"Pray","floor":39.0,"gold_loss":0.0,"damage_taken":0.0},{"damage_healed":50,"gold_gain":0,"player_choice":"Full Heal","damage_taken":0,"max_hp_gain":0,"max_hp_loss":0,"event_name":"Wheel of Change","floor":46,"gold_loss":0}],"is_beta":false,"boss_relics":[{"not_picked":["Black Star","Snecko Eye"],"picked":"VioletLotus"},{"not_picked":["Fusion Hammer","Pandora\u0027s Box"],"picked":"Sozu"}],"items_purged_floors":[4,19],"is_endless":false,"potions_floor_spawned":[1,2,14,16,22,23,29,37,38,40,48,55],"killed_by":"The Heart","ascension_level":20}}