{"host":"63howft1cojq0ioc","time":1607841873,"event":{"mods":["Act Like it!","Aspiration","BaseMod","DeckTracker","Downfall","Hermit","Infinite Spire","Minty Spire (QoL Compilation)","Quick Restart","Relic Stats","Replay The Spire","StSLib","SuperFastMode","The Jungle"],"gold_per_floor":[116,116,134,134,4,33,33,71,94,123,123,159,198,234,234,329,329,367,367,398,443,491,491,552,467,467,530,565,565,616,665,665,677,677],"floor_reached":33,"playtime":1050,"items_purged":[],"score":413,"play_id":"97012de6-be93-48a0-871b-c8daefb04096","local_time":"20201213044433","is_ascension_mode":true,"campfire_choices":[{"data":"Searing Blow","floor":7,"key":"SMITH"},{"data":"Searing Blow+1","floor":11,"key":"SMITH"},{"data":"Searing Blow+2","floor":15,"key":"SMITH"},{"floor":23,"key":"REST"},{"data":"Strike_R","floor":32,"key":"PURGE"}],"circlet_count":0,"master_deck":["Strike_R","Strike_R","Strike_R","Strike_R","Defend_R","Defend_R","Defend_R","Defend_R","Bash+1","Searing Blow+4","HandOfGreed","Bandage Up","Dark Shackles","Clash","Battle Trance","Anger","Clash+1","Flex"],"relics":["Burning Blood","NeowsBlessing","ReplayTheSpireMod:ShopPack","infinitespire:BottledMercury","Gremlin Food","infinitespire:FocusingShard","Philosopher\u0027s Stone","Replay:Bandana","ReplayFunnel","Orichalcum","Bag of Marbles","Nunchaku","Pen Nib"],"acts_visited":["Exordium","TheCity"],"potions_floor_usage":[18,24,24,27,28,33],"damage_taken":[{"damage":0,"enemies":"Small Slimes","floor":1,"turns":1},{"damage":0,"enemies":"2 Louse","floor":3,"turns":1},{"damage":0,"enemies":"Lagavulin","floor":6,"turns":1},{"damage":0,"enemies":"Cultist","floor":8,"turns":3},{"damage":13,"enemies":"Replay:BlueRogue","floor":10,"turns":4},{"damage":16,"enemies":"Gremlin Gang","floor":12,"turns":5},{"damage":8,"enemies":"Blue Slaver","floor":13,"turns":3},{"damage":19,"enemies":"Exordium Thugs","floor":14,"turns":5},{"damage":76,"enemies":"Fading Forest","floor":16,"turns":11},{"damage":40,"enemies":"3 Byrds","floor":18,"turns":6},{"damage":7,"enemies":"Spheric Guardian","floor":20,"turns":3},{"damage":17,"enemies":"Snake Plant","floor":21,"turns":3},{"damage":11,"enemies":"Cultist and Chosen","floor":22,"turns":4},{"damage":26,"enemies":"Book of Stabbing","floor":24,"turns":4},{"damage":12,"enemies":"Nightmare","floor":27,"turns":6},{"damage":4,"enemies":"Centurion and Healer","floor":28,"turns":4},{"damage":19,"enemies":"Book of Stabbing","floor":30,"turns":3},{"damage":5,"enemies":"Snecko","floor":31,"turns":3},{"damage":46,"enemies":"Pondfish","floor":33,"turns":3}],"seed_played":"5393496975312579539","potions_obtained":[{"floor":3,"key":"Ancient Potion"},{"floor":14,"key":"SteroidPotion"},{"floor":16,"key":"Adrenaline Potion"},{"floor":20,"key":"FearPotion"},{"floor":21,"key":"Reflective Coating"},{"floor":27,"key":"sneckomod:MuddlingPotion"},{"floor":28,"key":"SteroidPotion"}],"is_trial":false,"path_per_floor":["M","?","M","?","$","E","R","M","T","E","R","M","M","M","R","B",null,"M","AVR","M","M","M","R","E","?","T","NM","M","?","E","M","R","B"],"character_chosen":"IRONCLAD","items_purchased":["ReplayTheSpireMod:ShopPack"],"campfire_rested":1,"item_purchase_floors":[5],"current_hp_per_floor":[80,80,80,80,80,80,80,80,80,77,77,70,72,63,63,21,80,46,46,49,38,37,61,45,45,45,43,49,49,40,41,41,0,0],"gold":677,"neow_bonus":"THREE_ENEMY_KILL","is_daily":false,"chose_seed":false,"campfire_upgraded":3,"win_rate":0.0,"timestamp":1607841873,"path_taken":["M","?","M","?","$","E","R","M","T","E","R","M","M","?","R","BOSS","M","AVR","?","M","M","R","E","?","T","NM","M","?","E","M","R","BOSS"],"items_purchased_type":["Relic"],"build_version":"2020-11-30","purchased_purges":0,"victory":false,"max_hp_per_floor":[80,80,80,80,80,80,80,80,80,80,80,80,80,80,80,80,80,80,80,80,80,80,80,80,80,80,80,80,80,80,80,80,80,80],"relic_stats":{"Nunchaku":[2],"counters":[19,73],"Pen Nib":[1],"Orichalcum":[42],"obtain_stats":[{"Gremlin Food":9,"ReplayFunnel":24,"infinitespire:BottledMercury":6,"NeowsBlessing":0,"infinitespire:FocusingShard":10,"Pen Nib":30,"Orichalcum":25,"Burning Blood":0,"Replay:Bandana":19,"Nunchaku":27,"Philosopher\u0027s Stone":17,"Bag of Marbles":26,"ReplayTheSpireMod:ShopPack":5},{"Gremlin Food":4,"ReplayFunnel":14,"infinitespire:BottledMercury":3,"NeowsBlessing":0,"infinitespire:FocusingShard":5,"Pen Nib":17,"Orichalcum":14,"Burning Blood":0,"Replay:Bandana":10,"Nunchaku":15,"Philosopher\u0027s Stone":9,"Bag of Marbles":14,"ReplayTheSpireMod:ShopPack":2},{"Gremlin Food":6,"ReplayFunnel":54,"infinitespire:BottledMercury":3,"NeowsBlessing":0,"infinitespire:FocusingShard":10,"Pen Nib":67,"Orichalcum":54,"Burning Blood":0,"Replay:Bandana":40,"Nunchaku":60,"Philosopher\u0027s Stone":34,"Bag of Marbles":54,"ReplayTheSpireMod:ShopPack":2}],"Burning Blood":84},"card_choices":[{"not_picked":["Rupture","Havoc"],"picked":"Searing Blow","floor":1},{"not_picked":["Body Slam","Clothesline"],"picked":"Seeing Red","floor":3},{"not_picked":["Midas Touch","Crow Ritual"],"picked":"HandOfGreed","floor":5},{"not_picked":["Replay:SS_fish_3","expansioncontent:DefensiveMode"],"picked":"Bandage Up","floor":5},{"not_picked":["Replay:SS_forest_2","expansioncontent:TimeRipple"],"picked":"Dark Shackles","floor":5},{"not_picked":["Second Wind","Combust","ReplayTheSpireMod:Limb From Limb"],"picked":"SKIP","floor":6},{"not_picked":["Whirlwind","Rupture"],"picked":"Clash","floor":8},{"not_picked":["Pommel Strike","ReplayReversal"],"picked":"Battle Trance","floor":10},{"not_picked":["Entrench","Run Through","Searing Blow"],"picked":"SKIP","floor":12},{"not_picked":["Entrench","Wild Strike","Carnage"],"picked":"SKIP","floor":13},{"not_picked":["Replay:Undeath\u0027s Touch","Combust","Impervious"],"picked":"SKIP","floor":14},{"not_picked":["Pommel Strike","Flame Barrier"],"picked":"Anger","floor":18},{"not_picked":["Heavy Blade+1","ReplayTheSpireMod:Limb From Limb","Sentinel"],"picked":"SKIP","floor":20},{"not_picked":["Heavy Blade","Anger","Bloodletting"],"picked":"SKIP","floor":21},{"not_picked":["Headbutt","ReplayTheSpireMod:Strike From Hell+1"],"picked":"Clash+1","floor":22},{"not_picked":["Abandon","Pummel+1","Whirlwind"],"picked":"SKIP","floor":24},{"not_picked":["Shockwave+1","Metallicize","Disarm"],"picked":"SKIP","floor":27},{"not_picked":["Shockwave+1","Metallicize","Disarm"],"picked":"SKIP","floor":27},{"not_picked":["Metallicize","Run Through","Wild Strike"],"picked":"SKIP","floor":28},{"not_picked":["Bloodletting","Run Through+1"],"picked":"Flex","floor":30},{"not_picked":["Cleave","Dark Embrace","Reckless Charge+1"],"picked":"SKIP","floor":31}],"player_experience":86646,"relics_obtained":[{"floor":6,"key":"infinitespire:BottledMercury"},{"floor":9,"key":"Gremlin Food"},{"floor":10,"key":"infinitespire:FocusingShard"},{"floor":24,"key":"ReplayFunnel"},{"floor":26,"key":"Bag of Marbles"},{"floor":27,"key":"Nunchaku"},{"floor":30,"key":"Pen Nib"}],"event_choices":[{"cards_removed":["Seeing Red"],"damage_healed":0,"gold_gain":0,"player_choice":"Offered Uncommon","damage_taken":0,"max_hp_gain":0,"max_hp_loss":0,"event_name":"Bonfire Elementals","floor":4,"gold_loss":0},{"damage_healed":0,"gold_gain":0,"player_choice":"Obtained Relic","damage_taken":0,"relics_obtained":["Orichalcum"],"max_hp_gain":0,"max_hp_loss":0,"event_name":"Addict","floor":25,"gold_loss":85},{"damage_healed":0,"gold_gain":0,"player_choice":"Upgraded","damage_taken":0,"max_hp_gain":0,"max_hp_loss":0,"event_name":"Upgrade Shrine","floor":29,"gold_loss":0,"cards_upgraded":["Searing Blow"]}],"is_beta":false,"boss_relics":[{"not_picked":["Runic Dome","Painkiller Herb"],"picked":"Philosopher\u0027s Stone"}],"items_purged_floors":[],"is_endless":true,"potions_floor_spawned":[3,14,16,20,21,27,28],"killed_by":"Pondfish","ascension_level":4}}