{"host":"j4g6ia6asvpyu2b0","time":1607817827,"event":{"mods":["BaseMod","Colored Map","Minty Spire (QoL Compilation)","Permanent Neow","Quick Restart","Relic Stats","StSLib","Unceasing Turn Reminder"],"gold_per_floor":[112,112,112,135,135,135,170,170,170,170,184,199,233,3,3,129,129,152,4,28,28,41,74,87,126,126,57,93,107,141,172,172,172,172],"floor_reached":33,"playtime":884,"items_purged":[],"score":400,"play_id":"b7225eae-406e-444f-aa36-5b9cf681b392","local_time":"20201212170347","is_ascension_mode":true,"campfire_choices":[{"data":"Berserk","floor":6,"key":"SMITH"},{"data":"Feed","floor":8,"key":"SMITH"},{"data":"1","floor":10,"key":"LIFT"},{"data":"2","floor":15,"key":"LIFT"},{"data":"3","floor":32,"key":"LIFT"}],"circlet_count":0,"master_deck":["Strike_R+1","Strike_R+1","Defend_R","Defend_R","Defend_R","Bash","Berserk+1","Dual Wield","Clothesline+1","Disarm","Feed+1","Pommel Strike+1","Pommel Strike","Immolate","Armaments+1","Dropkick","Feel No Pain","Headbutt+1","Flame Barrier","Disarm+1","Limit Break","Juggernaut","Anger+1","Impervious","Uppercut"],"relics":["Burning Blood","Golden Idol","Sundial","Girya","Whetstone","Membership Card","Happy Flower","Philosopher\u0027s Stone","Thread and Needle","Tiny Chest","Art of War","Question Card","Lantern","Boot","Red Mask"],"acts_visited":["Exordium","TheCity"],"potions_floor_usage":[13,16,25,28,31,33],"damage_taken":[{"damage":0,"enemies":"2 Louse","floor":1,"turns":3},{"damage":1,"enemies":"Small Slimes","floor":4,"turns":3},{"damage":30,"enemies":"Gremlin Nob","floor":7,"turns":5},{"damage":1,"enemies":"Cultist","floor":11,"turns":3},{"damage":19,"enemies":"Large Slime","floor":12,"turns":4},{"damage":6,"enemies":"Lagavulin","floor":13,"turns":6},{"damage":27,"enemies":"The Guardian","floor":16,"turns":10},{"damage":0,"enemies":"Spheric Guardian","floor":18,"turns":2},{"damage":13,"enemies":"2 Thieves","floor":20,"turns":3},{"damage":0,"enemies":"Snecko","floor":22,"turns":3},{"damage":30,"enemies":"Book of Stabbing","floor":23,"turns":5},{"damage":3,"enemies":"Centurion and Healer","floor":24,"turns":4},{"damage":45,"enemies":"Slavers","floor":25,"turns":4},{"damage":10,"enemies":"Gremlin Leader","floor":28,"turns":6},{"damage":14,"enemies":"Snake Plant","floor":29,"turns":2},{"damage":18,"enemies":"Slavers","floor":30,"turns":3},{"damage":1,"enemies":"Masked Bandits","floor":31,"turns":3},{"damage":38,"enemies":"Collector","floor":33,"turns":6}],"seed_played":"-4277799432870202465","potions_obtained":[{"floor":7,"key":"Block Potion"},{"floor":12,"key":"Strength Potion"},{"floor":13,"key":"BloodPotion"},{"floor":18,"key":"AttackPotion"},{"floor":25,"key":"AttackPotion"},{"floor":29,"key":"SneckoOil"},{"floor":31,"key":"ElixirPotion"}],"is_trial":false,"path_per_floor":["M","?","?","M","?","R","E","R","T","R","M","M","E","$","R","B",null,"M","$","M","?","M","E","M","E","T","$","E","M","E","?","R","B"],"character_chosen":"IRONCLAD","items_purchased":["Membership Card","Happy Flower","Thread and Needle","Limit Break"],"campfire_rested":0,"item_purchase_floors":[14,14,19,27],"current_hp_per_floor":[72,54,40,45,38,38,14,14,14,14,23,18,18,18,18,17,88,88,88,85,85,95,71,78,43,43,43,43,35,23,32,32,0,0],"gold":172,"neow_bonus":"TRANSFORM_TWO_CARDS","is_daily":false,"chose_seed":false,"campfire_upgraded":2,"win_rate":0.0,"timestamp":1607817827,"path_taken":["M","?","?","M","?","R","E","R","T","R","M","M","E","$","R","BOSS","M","$","M","?","M","E","M","E","T","$","E","?","E","?","R","BOSS"],"items_purchased_type":["Relic","Relic","Relic","Card"],"build_version":"2020-11-30","purchased_purges":0,"victory":false,"max_hp_per_floor":[72,72,72,72,72,72,72,72,72,72,76,84,84,84,84,88,88,88,88,92,92,96,96,100,104,104,104,108,108,108,112,112,112,112],"relic_stats":{"Happy Flower":[17],"counters":[18,75],"Golden Idol":104,"Sundial":[10],"Tiny Chest":0,"Art of War":[0],"Whetstone":["Pommel Strike","Clothesline"],"Question Card":4,"Boot":[0],"obtain_stats":[{"Girya":9,"Lantern":28,"Happy Flower":14,"Golden Idol":2,"Thread and Needle":19,"Whetstone":13,"Question Card":26,"Boot":30,"Burning Blood":0,"Sundial":7,"Philosopher\u0027s Stone":17,"Tiny Chest":23,"Art of War":25,"Red Mask":31,"Membership Card":14},{"Girya":3,"Lantern":14,"Happy Flower":6,"Golden Idol":1,"Thread and Needle":8,"Whetstone":6,"Question Card":13,"Boot":16,"Burning Blood":0,"Sundial":3,"Philosopher\u0027s Stone":7,"Tiny Chest":11,"Art of War":13,"Red Mask":17,"Membership Card":6},{"Girya":11,"Lantern":61,"Happy Flower":24,"Golden Idol":3,"Thread and Needle":36,"Whetstone":24,"Question Card":55,"Boot":66,"Burning Blood":0,"Sundial":11,"Philosopher\u0027s Stone":34,"Tiny Chest":47,"Art of War":55,"Red Mask":69,"Membership Card":24}],"Burning Blood":90},"card_choices":[{"not_picked":["Heavy Blade","Headbutt"],"picked":"Clothesline","floor":1},{"not_picked":["Whirlwind","Clothesline"],"picked":"Disarm","floor":4},{"not_picked":["Headbutt","Sword Boomerang"],"picked":"Feed","floor":7},{"not_picked":["Sword Boomerang","True Grit"],"picked":"Pommel Strike","floor":11},{"not_picked":["Cleave","Thunderclap"],"picked":"Pommel Strike","floor":12},{"not_picked":["Searing Blow","Perfected Strike","Heavy Blade"],"picked":"SKIP","floor":13},{"not_picked":["Exhume","Double Tap"],"picked":"Immolate","floor":16},{"not_picked":["Metallicize","Perfected Strike"],"picked":"Armaments+1","floor":18},{"not_picked":["Shrug It Off","Hemokinesis+1"],"picked":"Dropkick","floor":20},{"not_picked":["Havoc","Wild Strike+1"],"picked":"Feel No Pain","floor":22},{"not_picked":["Rupture+1","Immolate"],"picked":"Headbutt+1","floor":23},{"not_picked":["Sword Boomerang","Fire Breathing+1"],"picked":"Flame Barrier","floor":24},{"not_picked":["Juggernaut","Heavy Blade"],"picked":"Disarm+1","floor":25},{"not_picked":["Warcry","Dual Wield","Fire Breathing+1"],"picked":"Juggernaut","floor":28},{"not_picked":["Second Wind","Power Through+1","Heavy Blade+1"],"picked":"Anger+1","floor":29},{"not_picked":["Juggernaut","Iron Wave","Sword Boomerang"],"picked":"Impervious","floor":30},{"not_picked":["Pommel Strike","Sever Soul","Body Slam"],"picked":"Uppercut","floor":31}],"player_experience":626136,"relics_obtained":[{"floor":7,"key":"Sundial"},{"floor":9,"key":"Girya"},{"floor":13,"key":"Whetstone"},{"floor":23,"key":"Tiny Chest"},{"floor":25,"key":"Art of War"},{"floor":26,"key":"Question Card"},{"floor":28,"key":"Lantern"},{"floor":30,"key":"Boot"},{"floor":31,"key":"Red Mask"}],"event_choices":[{"damage_healed":0,"gold_gain":0,"player_choice":"Take Damage","damage_taken":18,"relics_obtained":["Golden Idol"],"max_hp_gain":0,"max_hp_loss":0,"event_name":"Golden Idol","floor":2,"gold_loss":0},{"damage_healed":0,"gold_gain":0,"player_choice":"Entered Light","damage_taken":14,"max_hp_gain":0,"max_hp_loss":0,"event_name":"Shining Light","floor":3,"gold_loss":0,"cards_upgraded":["Strike_R","Strike_R"]},{"cards_removed":["Defend_R"],"damage_healed":0,"gold_gain":0,"player_choice":"Card Removal","damage_taken":7,"max_hp_gain":0,"max_hp_loss":0,"event_name":"Golden Wing","floor":5,"gold_loss":0},{"cards_removed":["Strike_R"],"damage_healed":0,"gold_gain":0,"player_choice":"Offered Basic","damage_taken":0,"max_hp_gain":0,"max_hp_loss":0,"event_name":"Bonfire Elementals","floor":21,"gold_loss":0},{"damage_healed":0,"gold_gain":0,"player_choice":"Fought Bandits","damage_taken":0,"max_hp_gain":0,"max_hp_loss":0,"event_name":"Masked Bandits","floor":31,"gold_loss":0}],"is_beta":false,"boss_relics":[{"not_picked":["Sozu","Astrolabe"],"picked":"Philosopher\u0027s Stone"}],"items_purged_floors":[],"is_endless":false,"potions_floor_spawned":[7,12,13,18,25,29,31],"killed_by":"Collector","ascension_level":1}}