{"host":"121m0oxswv9tg9hk","time":1607894782,"event":{"mods":["AchievementEnabler","BaseMod","Better Third Choice","Downfall","Hermit","Hubris","Infinite Spire","MarisaÅiñ∂âJÅ@ñÇóùçπÅj","Minty Spire (QoL Compilation)","Replay The Spire","Shade Mod","StSLib","The Construct","The Cursed","The Gatherer","The Hierophant","The Mystic"],"gold_per_floor":[99,113,38,53,87,106,106,139,139,172,187,187,45,495,509,609,609,609,623,623,638,652,686,686,701,712,637,653,665,665,479,498,600,600,600,615,615,633,633,633,633,659,659,686,704,431,431,448,459,459],"floor_reached":51,"playtime":5212,"items_purged":["champ:Defend","champ:Defend","Slimebound:Icky"],"score":801,"play_id":"4c9637f5-2497-4b7b-ae5b-4e85c85ec9b9","local_time":"20201213222622","is_ascension_mode":false,"campfire_choices":[{"floor":1,"key":"RECALL"},{"data":"champ:CrookedStrike","floor":3,"key":"SMITH"},{"data":"champ:StanceDance","floor":9,"key":"SMITH"},{"data":"champ:AdrenalArmor","floor":18,"key":"SMITH"},{"data":"champ:AdrenalArmor","floor":20,"key":"SMITH"},{"floor":27,"key":"REST"},{"data":"champ:HoldFirm","floor":35,"key":"SMITH"},{"data":"champ:SwordThrow","floor":37,"key":"SMITH"},{"floor":43,"key":"REST"}],"circlet_count":0,"master_deck":["champ:Strike","champ:Strike","champ:Strike","champ:Defend","champ:Defend","champ:Execute","champ:Taunt","champ:CrookedStrike+1","champ:Backstep","champ:ShieldSlam","champ:StanceDance+1","champ:AdrenalArmor+1","champ:SkillfulDodge","champ:AdrenalArmor+1","Slimebound:Icky","Slimebound:Icky","champ:MurderStrike","champ:BerserkersShout","champ:RisingSlash+1","champ:IronFortress","champ:PerfectedStrike","champ:Circumvent+1","champ:FocusedBerserking+1","champ:BerserkerStyle","champ:HoldFirm+1","champ:SwordThrow+1","champ:DefensiveShout+1","expansioncontent:DecasProtection","expansioncontent:LastStand","Replay:SS_hec_4","champ:StanceDance+1","champ:StanceDance+1","champ:CalledShot+1","Replay:SS_fish_1"],"relics":["champ:ChampionCrown","downfall:HeartBlessingRed","infinitespire:ShieldingShard","Guardian:PocketSentry","PreservedInsect","Centennial Puzzle","Replay:Bronze Core","hubris:TenFootPole","downfall:HeartBlessingBlue","hubris:Towel","Philosopher\u0027s Stone","infinitespire:Lucky Rock","Strawberry","Vajra"],"acts_visited":["Exordium","TheCity","TheBeyond"],"potions_floor_usage":[5,16,16,25,32,33,44,50,50,50],"damage_taken":[{"damage":5,"enemies":"Cultist","floor":2,"turns":3},{"damage":5,"enemies":"2 Louse","floor":4,"turns":2},{"damage":23,"enemies":"Gremlin Nob","floor":5,"turns":4},{"damage":2,"enemies":"Jaw Worm","floor":6,"turns":3},{"damage":14,"enemies":"3 Sentries","floor":8,"turns":8},{"damage":6,"enemies":"Gremlin Nob","floor":10,"turns":3},{"damage":10,"enemies":"Blue Slaver","floor":11,"turns":3},{"damage":9,"enemies":"downfall:FleeingMerchant","floor":13,"turns":4},{"damage":14,"enemies":"Red Slaver","floor":15,"turns":3},{"damage":106,"enemies":"downfall:Defect","floor":16,"turns":15},{"damage":49,"enemies":"Shell Parasite","floor":19,"turns":9},{"damage":68,"enemies":"3 Byrds","floor":21,"turns":8},{"damage":71,"enemies":"Centurion and Healer","floor":22,"turns":13},{"damage":27,"enemies":"Book of Stabbing","floor":23,"turns":5},{"damage":50,"enemies":"Snake Plant","floor":25,"turns":6},{"damage":45,"enemies":"Snecko","floor":26,"turns":8},{"damage":45,"enemies":"Centurion and Healer","floor":28,"turns":7},{"damage":35,"enemies":"Snake Plant","floor":29,"turns":4},{"damage":12,"enemies":"downfall:FleeingMerchant","floor":31,"turns":5},{"damage":52,"enemies":"Sentry and Sphere","floor":32,"turns":9},{"damage":161,"enemies":"downfall:Silent","floor":33,"turns":10},{"damage":39,"enemies":"Orb Walker","floor":36,"turns":4},{"damage":48,"enemies":"3 Darklings","floor":38,"turns":9},{"damage":48,"enemies":"R_Hoarder","floor":42,"turns":6},{"damage":74,"enemies":"Giant Head","floor":44,"turns":8},{"damage":60,"enemies":"Writhing Mass","floor":45,"turns":7},{"damage":15,"enemies":"downfall:FleeingMerchant","floor":46,"turns":4},{"damage":45,"enemies":"Transient","floor":48,"turns":5},{"damage":50,"enemies":"3 Darklings","floor":49,"turns":6},{"damage":50,"enemies":"downfall:Watcher","floor":50,"turns":7}],"seed_played":"-5356161297005017237","potions_obtained":[{"floor":4,"key":"AttackPotion"},{"floor":6,"key":"Guardian:BlockOnCardUsePotion"},{"floor":10,"key":"Explosive Potion"},{"floor":22,"key":"SkillPotion"},{"floor":23,"key":"BlessingOfTheForge"},{"floor":25,"key":"PowerPotion"},{"floor":29,"key":"Block Potion"},{"floor":32,"key":"Adrenaline Potion"},{"floor":38,"key":"AttackPotion"}],"is_trial":false,"path_per_floor":["R","M","R","M","E","M","T","E","R","E","M","?","$","?","M","B",null,"R","M","R","M","M","E","T","M","M","R","M","M","?","$","M","B",null,"R","M","R","M","?","?","T","E","R","E","M","$","?","M","M","B",null],"character_chosen":"THE_CHAMP","items_purchased":["champ:AdrenalArmor","champ:BerserkerStyle","Dexterity Potion","Replay:SS_fish_1"],"campfire_rested":2,"item_purchase_floors":[13,31,46,46],"current_hp_per_floor":[90,90,90,90,72,75,75,71,71,70,71,71,74,74,74,4,90,90,71,71,63,66,62,62,43,37,77,73,69,69,75,73,10,100,100,80,80,96,91,91,91,83,107,75,38,55,55,62,78,103],"gold":459,"neow_bonus":"THREE_CARDS","is_daily":false,"chose_seed":false,"campfire_upgraded":6,"win_rate":0.0,"timestamp":1607894782,"path_taken":["R","M","R","?","E","M","T","E","R","E","M","?","$","?","M","BOSS","R","M","R","M","M","E","T","M","M","R","M","M","?","$","M","BOSS","R","M","R","M","?","?","T","E","R","E","?","?","?","M","M","BOSS"],"items_purchased_type":["Card","Card","Potion","Card"],"build_version":"2020-11-30","purchased_purges":3,"victory":true,"max_hp_per_floor":[90,90,90,90,90,90,90,90,90,90,90,90,90,90,90,90,90,90,90,90,90,90,90,90,90,90,100,100,100,100,100,100,100,100,100,100,100,100,100,100,100,107,107,107,107,107,107,107,107,107],"card_choices":[{"not_picked":["champ:PerfectedStrike","champ:EnGarde"],"picked":"champ:CrookedStrike","floor":0},{"not_picked":["champ:CrookedStrike","champ:Circumvent"],"picked":"champ:Backstep","floor":2},{"not_picked":["champ:FanOfKnives","champ:EnragedBash","champ:ArenaPreparation"],"picked":"SKIP","floor":4},{"not_picked":["champ:Haymaker","champ:FanOfKnives"],"picked":"champ:ShieldSlam","floor":5},{"not_picked":["champ:FocusedGladiator","champ:GladiatorsShout","champ:CrookedStrike"],"picked":"SKIP","floor":6},{"not_picked":["champ:Riposte","champ:BringItOn"],"picked":"champ:StanceDance","floor":8},{"not_picked":["champ:SwordThrow","champ:GladiatorsShout"],"picked":"champ:AdrenalArmor","floor":10},{"not_picked":["champ:StanceDance","champ:GladiatorsShout"],"picked":"champ:SkillfulDodge","floor":11},{"not_picked":["champ:FalseCounter","champ:Backstep","champ:AdrenalArmor"],"picked":"SKIP","floor":13},{"not_picked":["champ:Haymaker","champ:FalseCounter","champ:DefensiveShout"],"picked":"SKIP","floor":15},{"not_picked":["champ:ShieldSlam","champ:PerfectForm"],"picked":"champ:MurderStrike","floor":16},{"not_picked":["champ:BringItOn","champ:FaceSlap"],"picked":"champ:BerserkersShout","floor":19},{"not_picked":["champ:Haymaker+1","champ:FocusedDefense+1"],"picked":"champ:RisingSlash+1","floor":21},{"not_picked":["champ:Backstep","champ:PreciseThrust","champ:CrookedStrike"],"picked":"SKIP","floor":22},{"not_picked":["champ:FlashCut","champ:BringItOn+1","champ:Encircle"],"picked":"SKIP","floor":23},{"not_picked":["champ:RecklessLeap","champ:CrookedStrike+1"],"picked":"champ:IronFortress","floor":25},{"not_picked":["champ:GladiatorsShout+1","champ:BringItOn"],"picked":"champ:PerfectedStrike","floor":26},{"not_picked":["champ:FaceSlap","champ:FlashCut","champ:Shatter"],"picked":"SKIP","floor":28},{"not_picked":["champ:GladiatorStyle","champ:FaceSlap+1"],"picked":"champ:Circumvent+1","floor":29},{"not_picked":["champ:RapidStrikes+1","champ:SkillfulDodge"],"picked":"champ:FocusedBerserking+1","floor":31},{"not_picked":["champ:RapidStrikes","champ:PerfectedStrike","champ:CrookedStrike"],"picked":"SKIP","floor":32},{"not_picked":["champ:MurderStrike","champ:CheapShot"],"picked":"champ:HoldFirm","floor":33},{"not_picked":["champ:FanOfKnives+1","champ:SkillfulDodge"],"picked":"champ:SwordThrow","floor":36},{"not_picked":["champ:Riposte","champ:Haymaker"],"picked":"champ:DefensiveShout+1","floor":38},{"not_picked":["expansioncontent:DefensiveMode","expansioncontent:HyperBeam"],"picked":"expansioncontent:DecasProtection","floor":39},{"not_picked":["expansioncontent:SuperHexaguard","expansioncontent:DefensiveMode"],"picked":"expansioncontent:LastStand","floor":39},{"not_picked":["expansioncontent:TimeRipple","expansioncontent:AwakenDeath"],"picked":"Replay:SS_hec_4","floor":39},{"not_picked":["champ:CrookedStrike+1","champ:RecklessLeap+1"],"picked":"champ:StanceDance+1","floor":42},{"not_picked":["champ:GladiatorsShout","champ:FocusedDefense+1"],"picked":"champ:CalledShot","floor":44},{"not_picked":["champ:FocusedGladiator+1","champ:Encircle+1","champ:BringItOn+1"],"picked":"SKIP","floor":45},{"not_picked":["champ:RecklessLeap+1","champ:Riposte","champ:TornadoPunch"],"picked":"SKIP","floor":46},{"not_picked":["champ:EnragedBash","champ:TornadoPunch","champ:Lariat"],"picked":"SKIP","floor":48},{"not_picked":["champ:Encircle+1","champ:CrownThrow","champ:TornadoPunch+1"],"picked":"SKIP","floor":49}],"player_experience":2824343,"relics_obtained":[{"floor":5,"key":"infinitespire:ShieldingShard"},{"floor":7,"key":"Guardian:PocketSentry"},{"floor":8,"key":"PreservedInsect"},{"floor":10,"key":"Centennial Puzzle"},{"floor":23,"key":"hubris:TenFootPole"},{"floor":41,"key":"infinitespire:Lucky Rock"},{"floor":42,"key":"Strawberry"},{"floor":44,"key":"Vajra"}],"event_choices":[{"damage_healed":0,"gold_gain":0,"player_choice":"Copied","damage_taken":0,"max_hp_gain":0,"max_hp_loss":0,"event_name":"Duplicator","floor":40,"gold_loss":0,"cards_obtained":["champ:StanceDance"]}],"is_beta":false,"boss_relics":[{"not_picked":["Painkiller Herb","Ring of Chaos"],"picked":"Replay:Bronze Core"},{"not_picked":["Runic Pyramid","ChewingGum"],"picked":"Philosopher\u0027s Stone"}],"items_purged_floors":[13,31,46],"is_endless":false,"potions_floor_spawned":[4,6,10,22,23,25,29,32,38,42,48],"ascension_level":0}}