{"host":"ow9msrs9p2ctkx99","time":1607837904,"event":{"mods":["AchievementEnabler","BaseMod","Colored Map","Colored Powertips","Minty Spire (QoL Compilation)","Permanent Neow","Quick Restart","SuperFastMode"],"gold_per_floor":[110,185,360,360,377,409,244,244,244,67,77,91,91,104,104,104,104],"floor_reached":16,"playtime":248,"items_purged":["Doubt","Strike_B"],"score":150,"play_id":"0ef55d2a-b860-4f4f-a568-f2765981499d","local_time":"20201213063824","is_ascension_mode":true,"campfire_choices":[{"floor":8,"key":"REST"},{"data":"Defragment","floor":13,"key":"SMITH"},{"floor":15,"key":"REST"}],"circlet_count":0,"master_deck":["AscendersBane","Strike_B","Strike_B","Strike_B","Defend_B","Defend_B","Defend_B","Defend_B","Zap","Dualcast","Streamline","Cold Snap","Seek","Dark Shackles","FTL","Steam","Defragment+1","Ball Lightning"],"relics":["Cracked Core","WingedGreaves","Omamori","Potion Belt","Ornamental Fan"],"acts_visited":["Exordium"],"potions_floor_usage":[6],"damage_taken":[{"damage":0,"enemies":"Cultist","floor":1,"turns":3},{"damage":7,"enemies":"2 Louse","floor":5,"turns":3},{"damage":39,"enemies":"Lagavulin","floor":6,"turns":7},{"damage":0,"enemies":"Small Slimes","floor":11,"turns":2},{"damage":12,"enemies":"Exordium Thugs","floor":12,"turns":5},{"damage":7,"enemies":"Looter","floor":14,"turns":2},{"damage":32,"enemies":"The Guardian","floor":16,"turns":9}],"seed_played":"3836001766116838323","potions_obtained":[{"floor":1,"key":"PotionOfCapacity"},{"floor":5,"key":"PowerPotion"}],"is_trial":false,"path_per_floor":["M","?","?","?","M","E","$","R","T","$","M","M","R","M","R","B"],"character_chosen":"DEFECT","items_purchased":["Dark Shackles","FTL"],"campfire_rested":2,"item_purchase_floors":[7,10],"current_hp_per_floor":[68,57,57,57,50,11,11,31,31,31,31,19,19,12,32,0,0],"gold":104,"neow_bonus":"ONE_RARE_RELIC","is_daily":false,"chose_seed":false,"campfire_upgraded":1,"win_rate":0.0,"timestamp":1607837904,"path_taken":["M","?","?","?","?","E","$","R","T","$","M","M","R","M","R","BOSS"],"items_purchased_type":["Card","Card"],"build_version":"2020-11-30","purchased_purges":2,"victory":false,"max_hp_per_floor":[68,68,68,68,68,68,68,68,68,68,68,68,68,68,68,68,68],"card_choices":[{"not_picked":["Blizzard","Stack"],"picked":"Streamline","floor":1},{"not_picked":["Go for the Eyes","Gash"],"picked":"Cold Snap","floor":5},{"not_picked":["Blizzard","Compile Driver"],"picked":"Seek","floor":6},{"not_picked":["Barrage","Rip and Tear"],"picked":"Steam","floor":11},{"not_picked":["Gash","Cold Snap"],"picked":"Defragment","floor":12},{"not_picked":["Beam Cell","Recycle"],"picked":"Ball Lightning","floor":14}],"player_experience":989736,"relics_obtained":[{"floor":6,"key":"Potion Belt"},{"floor":9,"key":"Ornamental Fan"}],"event_choices":[{"damage_healed":0,"gold_gain":75,"player_choice":"Gather Gold","damage_taken":11,"max_hp_gain":0,"max_hp_loss":0,"event_name":"World of Goop","floor":2,"gold_loss":0},{"damage_healed":0,"gold_gain":175,"player_choice":"AGREE","damage_taken":0,"max_hp_gain":0,"max_hp_loss":0,"event_name":"Liars Game","floor":3,"gold_loss":0,"cards_obtained":["Doubt"]},{"damage_healed":0,"gold_gain":0,"player_choice":"Gave Potion","damage_taken":0,"relics_obtained":["Omamori"],"max_hp_gain":0,"max_hp_loss":0,"event_name":"WeMeetAgain","floor":4,"gold_loss":0}],"is_beta":false,"boss_relics":[],"items_purged_floors":[7,10],"is_endless":false,"potions_floor_spawned":[1,5],"killed_by":"The Guardian","ascension_level":10}}