{"host":"gs7el76t2viffubo","time":1607833336,"event":{"mods":["BaseMod","Downfall","Minty Spire (QoL Compilation)","StSLib"],"gold_per_floor":[115,115,115,126,140,140,156,106,106,137,151,180,180,199,199,299,299,316,334,58,74,74,74,87,98,98,98,98,117,117,144,144,273,273,283,283,298,298,309,309,326,336,336,336,62,72,86,86,86,86],"floor_reached":51,"playtime":5923,"items_purged":["Defend_G","Strike_G"],"score":635,"play_id":"4a2f80ed-ef14-4b26-9b90-793fc1b54cba","local_time":"20201213122216","is_ascension_mode":false,"campfire_choices":[{"data":"expansioncontent:LastStand","floor":6.0,"key":"SMITH"},{"data":"Noxious Fumes","floor":15.0,"key":"SMITH"},{"floor":23.0,"key":"REST"},{"data":"Leg Sweep","floor":27.0,"key":"SMITH"},{"floor":32,"key":"REST"},{"data":"Bane","floor":40,"key":"SMITH"},{"data":"Dagger Spray","floor":44,"key":"SMITH"},{"data":"Survivor","floor":49,"key":"SMITH"}],"circlet_count":0,"master_deck":["Strike_G","Strike_G","Strike_G","Defend_G","Defend_G","Defend_G","Defend_G","Survivor+1","Neutralize","expansioncontent:LastStand+1","Sucker Punch","Noxious Fumes+1","Leg Sweep+1","Adrenaline+1","Venomology+1","Backstab+1","Transmutation+1","Bane+1","Dagger Spray+1","Terror+1","Tactician+1","Bullet Time+1","Madness+1","Madness+1","Predator+1","expansioncontent:QuickStudy+1","Malaise+1"],"relics":["Ring of the Snake","Mummified Hand","Paper Crane","Gremlin Horn","Pantograph","Toxic Egg 2","Runic Pyramid","HornCleat","Matryoshka","Coffee Dripper","Oddly Smooth Stone","Dream Catcher"],"acts_visited":["TheCity","TheBeyond"],"potions_floor_usage":[31,33,33,33,35,35,37,41,42,46,50,50],"damage_taken":[{"damage":0.0,"enemies":"Small Slimes","floor":1.0,"turns":5.0},{"damage":3.0,"enemies":"Jaw Worm","floor":4.0,"turns":5.0},{"damage":1.0,"enemies":"2 Louse","floor":5.0,"turns":3.0},{"damage":10.0,"enemies":"Large Slime","floor":7.0,"turns":11.0},{"damage":22.0,"enemies":"3 Sentries","floor":10.0,"turns":10.0},{"damage":29.0,"enemies":"Gremlin Gang","floor":11.0,"turns":5.0},{"damage":1.0,"enemies":"Lagavulin","floor":12.0,"turns":11.0},{"damage":2.0,"enemies":"Blue Slaver","floor":14.0,"turns":6.0},{"damage":55.0,"enemies":"Slime Boss","floor":16.0,"turns":14.0},{"damage":2.0,"enemies":"Shell Parasite","floor":18.0,"turns":9.0},{"damage":0.0,"enemies":"Spheric Guardian","floor":19.0,"turns":5.0},{"damage":18.0,"enemies":"Centurion and Healer","floor":21.0,"turns":8.0},{"damage":9.0,"enemies":"Shelled Parasite and Fungi","floor":24.0,"turns":8.0},{"damage":0.0,"enemies":"Snake Plant","floor":25.0,"turns":6.0},{"damage":6.0,"enemies":"Chosen and Byrds","floor":29.0,"turns":7.0},{"damage":0.0,"enemies":"3 Cultists","floor":30.0,"turns":1.0},{"damage":6,"enemies":"Slavers","floor":31,"turns":6},{"damage":49,"enemies":"Collector","floor":33,"turns":10},{"damage":1,"enemies":"3 Darklings","floor":35,"turns":5},{"damage":40,"enemies":"3 Shapes","floor":37,"turns":4},{"damage":5,"enemies":"Sphere and 2 Shapes","floor":39,"turns":7},{"damage":0,"enemies":"Spire Growth","floor":41,"turns":4},{"damage":0,"enemies":"Maw","floor":42,"turns":7},{"damage":10,"enemies":"Jaw Worm Horde","floor":46,"turns":3},{"damage":11,"enemies":"Spire Growth","floor":47,"turns":5},{"damage":17,"enemies":"Donu and Deca","floor":50,"turns":10}],"seed_played":"-3564890517514820917","potions_obtained":[{"floor":1.0,"key":"EssenceOfSteel"},{"floor":4.0,"key":"Dexterity Potion"},{"floor":16.0,"key":"PowerPotion"},{"floor":21.0,"key":"GhostInAJar"},{"floor":28.0,"key":"Slimebound:ThreeZeroPotion"},{"floor":35,"key":"champ:CounterPotion"},{"floor":39,"key":"GamblersBrew"}],"is_trial":false,"path_per_floor":["M","?","?","M","M","R","M","?","T","E","M","E","?","M","R","B",null,"M","M","$","M","?","R","M","M","T","R","?","M","M","E","R","B",null,"M","?","M","?","M","R","M","M","T","R","$","M","M","$","R","B",null],"character_chosen":"THE_SILENT","items_purchased":["Transmutation+1","Bane","expansioncontent:QuickStudy+1"],"campfire_rested":2,"item_purchase_floors":[20,20,45],"current_hp_per_floor":[70,70,70,67,66,66,56,56,56,34,25,44,37,35,35,25,70,68,68,68,50,50,70,61,61,61,61,61,55,55,49,70,21,70,69,60,20,20,25,25,35,35,35,35,35,25,24,24,24,42],"gold":86,"neow_bonus":"RANDOM_COLORLESS","is_daily":false,"chose_seed":false,"campfire_upgraded":6,"win_rate":0.0,"timestamp":1607833336,"path_taken":["M","?","?","M","M","R","M","?","T","E","M","E","?","M","R","BOSS","M","M","$","M","?","R","M","?","T","R","?","?","M","E","R","BOSS","M","?","M","?","M","R","M","M","T","R","$","?","M","$","R","BOSS"],"items_purchased_type":["Card","Card","Card"],"build_version":"2020-11-30","purchased_purges":2,"victory":true,"max_hp_per_floor":[70,70,70,70,70,70,70,70,70,70,70,70,70,70,70,70,70,70,70,70,70,70,70,70,70,70,70,70,70,70,70,70,70,70,70,70,70,70,70,70,70,70,70,70,70,70,70,70,70,70],"card_choices":[{"not_picked":["expansioncontent:SlimeTackle","Panacea"],"picked":"expansioncontent:LastStand","floor":0.0},{"not_picked":["Caltrops","Deadly Poison"],"picked":"Sucker Punch","floor":1.0},{"not_picked":["Blade Dance","Bane","Quick Slash"],"picked":"SKIP","floor":4.0},{"not_picked":["Masterful Stab","Flying Knee","Reflex"],"picked":"SKIP","floor":5.0},{"not_picked":["Slice","Tactician"],"picked":"Noxious Fumes","floor":7.0},{"not_picked":["Choke","Infinite Blades","Flying Knee"],"picked":"SKIP","floor":10.0},{"not_picked":["Dagger Spray","Underhanded Strike"],"picked":"Leg Sweep","floor":11.0},{"not_picked":["Slice","Flechettes","Reflex"],"picked":"SKIP","floor":12.0},{"not_picked":["Choke","Expertise+1"],"picked":"Adrenaline+1","floor":14.0},{"not_picked":["Bullet Time+1","Doppelganger+1"],"picked":"Venomology+1","floor":16.0},{"not_picked":["Underhanded Strike","Acrobatics+1"],"picked":"Backstab","floor":18.0},{"not_picked":["PiercingWail+1","Blade Dance+1","Sucker Punch"],"picked":"SKIP","floor":19.0},{"not_picked":["Blade Dance+1","Outmaneuver+1","Tactician+1"],"picked":"SKIP","floor":21.0},{"not_picked":["All Out Attack+1","Bane+1","Sucker Punch+1"],"picked":"SKIP","floor":24.0},{"not_picked":["Finisher","Quick Slash"],"picked":"Terror+1","floor":25.0},{"not_picked":["Underhanded Strike","Tactician+1","Backflip+1"],"picked":"SKIP","floor":29.0},{"not_picked":["Sucker Punch","Dagger Throw+1"],"picked":"Tactician+1","floor":31},{"not_picked":["A Thousand Cuts","Glass Knife"],"picked":"Bullet Time+1","floor":33},{"not_picked":["Flying Knee","Slice","Blade Dance+1"],"picked":"SKIP","floor":35},{"not_picked":["Slice","Escape Plan+1","Backflip+1"],"picked":"SKIP","floor":37},{"not_picked":["Endless Agony","Deadly Poison+1","Slice"],"picked":"SKIP","floor":39},{"not_picked":["Deflect+1","Blade Dance+1","Quick Slash+1"],"picked":"SKIP","floor":41},{"not_picked":["Deadly Poison+1","Outmaneuver+1"],"picked":"Predator+1","floor":42},{"not_picked":["Deadly Poison+1","Escape Plan+1"],"picked":"Malaise+1","floor":46},{"not_picked":["Prepared+1","Dagger Throw","Underhanded Strike"],"picked":"SKIP","floor":47}],"player_experience":10045,"relics_obtained":[{"floor":9.0,"key":"Paper Crane"},{"floor":10.0,"key":"Gremlin Horn"},{"floor":12.0,"key":"Pantograph"},{"floor":26.0,"key":"HornCleat"},{"floor":31,"key":"Matryoshka"},{"floor":43,"key":"Oddly Smooth Stone"},{"floor":43,"key":"Dream Catcher"}],"event_choices":[{"damage_healed":0.0,"max_hp_gain":0.0,"max_hp_loss":0.0,"gold_gain":0.0,"event_name":"Big Fish","player_choice":"Box","floor":2.0,"gold_loss":0.0,"damage_taken":0.0,"relics_obtained":["Mummified Hand"],"cards_obtained":["Regret"]},{"damage_healed":0.0,"max_hp_gain":0.0,"max_hp_loss":0.0,"gold_gain":0.0,"event_name":"Liars Game","player_choice":"Ignored","floor":3.0,"gold_loss":0.0,"damage_taken":0.0},{"cards_removed":["Regret"],"damage_healed":0.0,"max_hp_gain":0.0,"max_hp_loss":0.0,"gold_gain":0.0,"event_name":"The Cleric","player_choice":"Card Removal","floor":8.0,"gold_loss":50.0,"damage_taken":0.0},{"damage_healed":0.0,"max_hp_gain":0.0,"max_hp_loss":0.0,"gold_gain":0.0,"event_name":"Scrap Ooze","player_choice":"Success","floor":13.0,"gold_loss":0.0,"damage_taken":7.0,"relics_obtained":["Toxic Egg 2"]},{"damage_healed":0.0,"max_hp_gain":0.0,"max_hp_loss":0.0,"gold_gain":0.0,"cards_transformed":["Strike_G"],"event_name":"Transmorgrifier","player_choice":"Transformed","floor":22.0,"gold_loss":0.0,"damage_taken":0.0,"cards_obtained":["Dagger Spray"]},{"damage_healed":0.0,"max_hp_gain":0.0,"max_hp_loss":0.0,"gold_gain":0.0,"event_name":"Lab","player_choice":"Got Potions","floor":28.0,"gold_loss":0.0,"damage_taken":0.0},{"damage_healed":0,"gold_gain":0,"player_choice":"Embrace Madness","damage_taken":9,"max_hp_gain":0,"max_hp_loss":0,"event_name":"Winding Halls","floor":36,"gold_loss":0,"cards_obtained":["Madness","Madness"]},{"damage_healed":0,"gold_gain":0,"player_choice":"Upgraded","damage_taken":0,"max_hp_gain":0,"max_hp_loss":0,"event_name":"Upgrade Shrine","floor":38,"gold_loss":0,"cards_upgraded":["Backstab"]}],"is_beta":false,"boss_relics":[{"not_picked":["Black Star","Calling Bell"],"picked":"Runic Pyramid"},{"not_picked":["HoveringKite","Velvet Choker"],"picked":"Coffee Dripper"}],"items_purged_floors":[20,45],"is_endless":false,"potions_floor_spawned":[1,4,16,21,25,29,30,35,39,47],"ascension_level":0}}