{"host":"cr9rpoy6dx9riis3","time":1607858493,"event":{"mods":["AchievementEnabler","BaseMod","Better Altar","Better Note","Better Sensory Stone","Better Skull","Better Third Choice","Better-Laid Plans","BetterRewards","Block Reminder","Curses Come First","Displayed Cursed Tome","Emptier Cage","Marked Mod","Minty Spire (QoL Compilation)","Permanent Neow","Relic Sorter","StSLib","The Blue Laboratory","Transform Curses"],"gold_per_floor":[117,117,42,42,42,42,74,153,177,29,63,63,63,394,394,499,499,511,586,586,19,34,63,63,75,125,125,125],"floor_reached":27,"playtime":1373,"items_purged":["Defend_R","Strike_R","Strike_R"],"score":267,"play_id":"39fd96f2-52d5-49f9-b7dc-b7c4e64d0085","local_time":"20201213122133","is_ascension_mode":true,"campfire_choices":[{"data":"Intimidate","floor":6,"key":"SMITH"},{"data":"Sadistic Nature","floor":13,"key":"SMITH"},{"data":"Spot Weakness","floor":15,"key":"SMITH"},{"data":"Limit Break","floor":24,"key":"SMITH"}],"circlet_count":0,"master_deck":["Strike_R","Strike_R","Defend_R","Defend_R","Defend_R","Bash","Sadistic Nature+1","Intimidate+1","Spot Weakness+1","Swift Strike","Intimidate","Dropkick","Limit Break+1","Ghostly Armor","Disarm+1","Uppercut"],"relics":["Burning Blood","Vajra","Smiling Mask","Runic Cube","Bottled Lightning","Eternal Feather","Centennial Puzzle","FossilizedHelix","Nunchaku"],"acts_visited":["Exordium","TheCity"],"potions_floor_usage":[2,7,7,14,14,16,22],"damage_taken":[{"damage":3,"enemies":"Jaw Worm","floor":1,"turns":6},{"damage":25,"enemies":"3 Sentries","floor":7,"turns":8},{"damage":32,"enemies":"Gremlin Nob","floor":11,"turns":5},{"damage":18,"enemies":"3 Sentries","floor":14,"turns":5},{"damage":9,"enemies":"Hexaghost","floor":16,"turns":7},{"damage":22,"enemies":"2 Thieves","floor":18,"turns":3},{"damage":8,"enemies":"Spheric Guardian","floor":22,"turns":4},{"damage":47,"enemies":"Gremlin Leader","floor":23,"turns":7},{"damage":5,"enemies":"Snecko","floor":25,"turns":6},{"damage":30,"enemies":"Centurion and Healer","floor":27,"turns":5}],"seed_played":"6292230505346093576","potions_obtained":[{"floor":2,"key":"ElixirPotion"},{"floor":2,"key":"Fruit Juice"},{"floor":2,"key":"PowerPotion"},{"floor":7,"key":"Fire Potion"},{"floor":11,"key":"blueLaboratory:RememoryPotion"},{"floor":14,"key":"AttackPotion"},{"floor":16,"key":"Weak Potion"},{"floor":25,"key":"blueLaboratory:Moonshine"}],"is_trial":false,"path_per_floor":["M","?","$","$","?","R","E","T","T","$","E","?","R","E","R","B",null,"M","?","?","$","M","E","R","M","T","M"],"character_chosen":"IRONCLAD","items_purchased":["Swift Strike","Centennial Puzzle","Ghostly Armor","FossilizedHelix"],"campfire_rested":0,"item_purchase_floors":[10,21,21,21],"current_hp_per_floor":[72,77,77,77,70,70,51,51,51,51,32,32,38,26,32,29,84,68,60,60,60,58,17,26,27,27,0,0],"gold":125,"neow_bonus":"RANDOM_COLORLESS_2","is_daily":false,"chose_seed":false,"campfire_upgraded":4,"win_rate":0.0,"timestamp":1607858493,"path_taken":["M","?","?","$","?","R","E","?","T","$","E","?","R","E","R","BOSS","M","?","?","$","M","E","R","M","T","M"],"items_purchased_type":["Card","Relic","Card","Relic"],"build_version":"2020-11-30","purchased_purges":3,"victory":false,"max_hp_per_floor":[72,77,77,77,77,77,77,77,77,77,84,84,84,84,84,84,84,84,84,84,84,84,84,84,84,84,84,84],"card_choices":[{"not_picked":["Metamorphosis","Transmutation"],"picked":"Sadistic Nature","floor":0},{"not_picked":["Pommel Strike","Cleave"],"picked":"Intimidate","floor":1},{"not_picked":["Warcry","Fiend Fire"],"picked":"Spot Weakness","floor":7},{"not_picked":["Armaments","Havoc"],"picked":"Intimidate","floor":11},{"not_picked":["Dual Wield","Berserk"],"picked":"Dropkick","floor":14},{"not_picked":["Bludgeon","Juggernaut"],"picked":"Limit Break","floor":16},{"not_picked":["Reckless Charge","Sword Boomerang","Sever Soul"],"picked":"SKIP","floor":18},{"not_picked":["Thunderclap+1","Wild Strike+1"],"picked":"Disarm+1","floor":22},{"not_picked":["Combust+1","Uppercut","Searing Blow"],"picked":"SKIP","floor":23},{"not_picked":["Combust+1","Searing Blow"],"picked":"Uppercut","floor":23},{"not_picked":["Hemokinesis","Thunderclap","Clothesline"],"picked":"SKIP","floor":25}],"player_experience":688123,"relics_obtained":[{"floor":7,"key":"Nunchaku"},{"floor":8,"key":"Eternal Feather"},{"floor":9,"key":"Smiling Mask"},{"floor":11,"key":"Strawberry"},{"floor":14,"key":"Old Coin"},{"floor":23,"key":"Bottled Lightning"},{"floor":26,"key":"Vajra"}],"event_choices":[{"damage_healed":0,"gold_gain":0,"player_choice":"Got Potions","damage_taken":0,"max_hp_gain":0,"max_hp_loss":0,"event_name":"Lab","floor":2,"gold_loss":0},{"cards_removed":["Strike_R"],"damage_healed":0,"gold_gain":0,"player_choice":"Card Removal","damage_taken":7,"max_hp_gain":0,"max_hp_loss":0,"event_name":"Golden Wing","floor":5,"gold_loss":0},{"damage_healed":0,"gold_gain":0,"player_choice":"Ignored","damage_taken":0,"max_hp_gain":0,"max_hp_loss":0,"event_name":"Golden Idol","floor":12,"gold_loss":0},{"damage_healed":0,"gold_gain":75,"player_choice":"Touch","damage_taken":8,"max_hp_gain":0,"max_hp_loss":0,"event_name":"FaceTrader","floor":19,"gold_loss":0},{"damage_healed":0,"gold_gain":0,"player_choice":"Ignored","damage_taken":0,"max_hp_gain":0,"max_hp_loss":0,"event_name":"WeMeetAgain","floor":20,"gold_loss":0}],"is_beta":false,"boss_relics":[{"not_picked":["Pandora\u0027s Box","Fusion Hammer"],"picked":"Runic Cube"}],"items_purged_floors":[3,10,21],"is_endless":false,"potions_floor_spawned":[7,11,14,16,25],"killed_by":"Centurion and Healer","ascension_level":2}}