{"host":"lhth1efayex2023z","time":1607897254,"event":{"mods":["BaseMod","Colored Map","Googly Eyes","Minty Spire (QoL Compilation)","StSLib"],"gold_per_floor":[18,18,18,38,56,56,96,96,143,161,195,216,241,36,36,160,160,176,176,197,197,245,278,298,336,361,373,310,336,348,401,413,425,425],"floor_reached":33,"playtime":1017,"items_purged":[],"score":476,"play_id":"cd428780-541d-4b57-80c3-d7709033bd91","local_time":"20201213150734","is_ascension_mode":true,"campfire_choices":[{"data":"Bash","floor":6,"key":"SMITH"},{"data":"Double Tap","floor":8,"key":"SMITH"},{"data":"Flex","floor":15,"key":"SMITH"},{"data":"RitualDagger","floor":27,"key":"SMITH"},{"data":"Pummel","floor":30,"key":"SMITH"},{"floor":32,"key":"REST"}],"circlet_count":0,"master_deck":["Strike_R","Strike_R","Strike_R","Defend_R","Defend_R","Bash+1","Perfected Strike","Cleave","Double Tap+1","Iron Wave","Pummel+1","Pummel","Cleave","Flex+1","Brutality","RitualDagger+1","Inflame","Brutality"],"relics":["Burning Blood","Golden Idol","MealTicket","Bag of Marbles","Meat on the Bone","Red Skull","SacredBark","Orichalcum","Juzu Bracelet","Smiling Mask","MawBank","Strawberry"],"acts_visited":["Exordium","TheCity"],"potions_floor_usage":[6,11,25,25,29,31],"damage_taken":[{"damage":8,"enemies":"Small Slimes","floor":1,"turns":4},{"damage":1,"enemies":"Cultist","floor":4,"turns":3},{"damage":0,"enemies":"2 Louse","floor":5,"turns":2},{"damage":40,"enemies":"Lagavulin","floor":7,"turns":7},{"damage":0,"enemies":"Blue Slaver","floor":10,"turns":1},{"damage":11,"enemies":"Gremlin Nob","floor":11,"turns":3},{"damage":18,"enemies":"Exordium Thugs","floor":12,"turns":4},{"damage":6,"enemies":"Looter","floor":13,"turns":2},{"damage":35,"enemies":"Slime Boss","floor":16,"turns":10},{"damage":28,"enemies":"Shell Parasite","floor":18,"turns":3},{"damage":12,"enemies":"3 Byrds","floor":20,"turns":4},{"damage":40,"enemies":"Book of Stabbing","floor":23,"turns":4},{"damage":14,"enemies":"Snecko","floor":24,"turns":3},{"damage":5,"enemies":"Gremlin Leader","floor":25,"turns":6},{"damage":19,"enemies":"Snake Plant","floor":29,"turns":3},{"damage":61,"enemies":"Book of Stabbing","floor":31,"turns":5},{"damage":54,"enemies":"Champ","floor":33,"turns":5}],"seed_played":"3743424032191013474","potions_obtained":[{"floor":1,"key":"SneckoOil"},{"floor":4,"key":"Fire Potion"},{"floor":5,"key":"Fruit Juice"},{"floor":20,"key":"LiquidMemories"},{"floor":23,"key":"SteroidPotion"},{"floor":24,"key":"Regen Potion"},{"floor":29,"key":"Dexterity Potion"}],"is_trial":false,"path_per_floor":["M","?","?","M","M","R","E","R","T","M","E","M","M","$","R","B",null,"M","?","M","?","T","E","M","E","T","R","?","M","R","E","R","B"],"character_chosen":"IRONCLAD","items_purchased":["Red Skull","Flex"],"campfire_rested":1,"item_purchase_floors":[14,14],"current_hp_per_floor":[70,50,50,55,61,66,32,32,32,38,33,33,45,60,60,43,75,53,53,59,53,53,31,35,76,76,76,76,63,63,27,54,0,0],"gold":425,"neow_bonus":"REMOVE_TWO","is_daily":false,"chose_seed":false,"campfire_upgraded":5,"win_rate":0.0,"timestamp":1607897254,"path_taken":["M","?","?","M","M","R","E","R","T","M","E","?","M","$","R","BOSS","M","?","M","?","?","E","M","E","T","R","?","M","R","E","R","BOSS"],"items_purchased_type":["Relic","Card"],"build_version":"2020-11-30","purchased_purges":0,"victory":false,"max_hp_per_floor":[80,80,80,80,80,85,85,85,85,85,85,85,85,85,85,85,85,85,85,85,85,85,85,85,85,85,85,85,85,85,92,92,92,92],"card_choices":[{"not_picked":["Fire Breathing","Headbutt"],"picked":"Perfected Strike","floor":1},{"not_picked":["Intimidate","Anger"],"picked":"Cleave","floor":4},{"not_picked":["Disarm","Rupture","Dark Embrace"],"picked":"SKIP","floor":5},{"not_picked":["Entrench","Body Slam"],"picked":"Double Tap","floor":7},{"not_picked":["Perfected Strike","Heavy Blade"],"picked":"Iron Wave","floor":10},{"not_picked":["Sword Boomerang","Havoc"],"picked":"Pummel","floor":11},{"not_picked":["Perfected Strike","Heavy Blade"],"picked":"Pummel","floor":12},{"not_picked":["Heavy Blade","True Grit"],"picked":"Cleave","floor":13},{"not_picked":["Bludgeon","Corruption"],"picked":"Brutality","floor":16},{"not_picked":["Whirlwind+1","Wild Strike","Power Through"],"picked":"SKIP","floor":18},{"not_picked":["Pommel Strike","Twin Strike","Combust"],"picked":"SKIP","floor":20},{"not_picked":["Sever Soul","Second Wind+1","Perfected Strike"],"picked":"SKIP","floor":23},{"not_picked":["Perfected Strike+1","Pommel Strike","Clothesline"],"picked":"SKIP","floor":24},{"not_picked":["Metallicize","Battle Trance"],"picked":"Inflame","floor":25},{"not_picked":["Blood for Blood","Entrench","True Grit"],"picked":"SKIP","floor":29},{"not_picked":["Blood for Blood","Entrench","True Grit"],"picked":"SKIP","floor":29},{"not_picked":["Second Wind","Disarm"],"picked":"Brutality","floor":31}],"player_experience":351827,"relics_obtained":[{"floor":7,"key":"MealTicket"},{"floor":9,"key":"Bag of Marbles"},{"floor":11,"key":"Meat on the Bone"},{"floor":22,"key":"Orichalcum"},{"floor":23,"key":"Juzu Bracelet"},{"floor":25,"key":"Smiling Mask"},{"floor":26,"key":"MawBank"},{"floor":31,"key":"Strawberry"}],"event_choices":[{"damage_healed":0,"gold_gain":0,"player_choice":"Take Damage","damage_taken":20,"relics_obtained":["Golden Idol"],"max_hp_gain":0,"max_hp_loss":0,"event_name":"Golden Idol","floor":2,"gold_loss":0},{"cards_removed":["Defend_R"],"damage_healed":0,"gold_gain":0,"player_choice":"Offered Basic","damage_taken":0,"max_hp_gain":0,"max_hp_loss":0,"event_name":"Bonfire Elementals","floor":3,"gold_loss":0},{"damage_healed":0,"gold_gain":0,"player_choice":"Ignored","damage_taken":0,"max_hp_gain":0,"max_hp_loss":0,"event_name":"Ghosts","floor":19,"gold_loss":0},{"damage_healed":0,"gold_gain":0,"player_choice":"Joined the Cult","damage_taken":6,"max_hp_gain":0,"max_hp_loss":0,"event_name":"Nest","floor":21,"gold_loss":0,"cards_obtained":["RitualDagger"]},{"cards_removed":["Strike_R"],"damage_healed":0,"gold_gain":0,"player_choice":"Gave Gold","damage_taken":0,"max_hp_gain":0,"max_hp_loss":0,"event_name":"Beggar","floor":28,"gold_loss":75}],"is_beta":false,"boss_relics":[{"not_picked":["Pandora\u0027s Box","Runic Dome"],"picked":"SacredBark"}],"items_purged_floors":[],"is_endless":false,"potions_floor_spawned":[1,4,5,20,23,24,29],"killed_by":"Champ","ascension_level":8}}