{"host":"ym6rcswmvw94mcie","time":1607897869,"event":{"mods":["Act Like it!","BaseMod","Downfall","GifTheSpireLib","Hubris","Minty Spire (QoL Compilation)","StSLib","The Cursed"],"gold_per_floor":[119,119,134,149,324,353,353,380,407,442,442,461,479,489,489,589,589,609,609,486,486,502,502,517,543,543,543,543,493,512,529,529,529,529],"floor_reached":33,"playtime":2217,"items_purged":[],"score":277,"play_id":"08172fe5-5fa0-4b48-a3c7-247466dcc163","local_time":"20201213221749","is_ascension_mode":false,"campfire_choices":[{"data":"TheCursedMod:CleanUpWorkshop","floor":7,"key":"SMITH"},{"floor":11,"key":"REST"},{"floor":15,"key":"REST"},{"data":"TheCursedMod:DemonicPact","floor":23,"key":"SMITH"},{"floor":28,"key":"REST"},{"floor":32,"key":"REST"}],"circlet_count":0,"master_deck":["TheCursedMod:Strike_TheCursed+1","TheCursedMod:Strike_TheCursed+1","TheCursedMod:Strike_TheCursed+1","TheCursedMod:Strike_TheCursed+1","TheCursedMod:Defend_TheCursed+1","TheCursedMod:Defend_TheCursed+1","TheCursedMod:Defend_TheCursed+1","TheCursedMod:Defend_TheCursed+1","TheCursedMod:CursedWand","TheCursedMod:CleanUpWorkshop+1","TheCursedMod:Dregs","TheCursedMod:WearCloak","TheCursedMod:HellfireBreathing","TheCursedMod:RapidMovement","Doubt","TheCursedMod:CursedBlade","TheCursedMod:CursedShiv","TheCursedMod:ReleasedKnowledge","TheCursedMod:Hemoplague","TheCursedMod:VitalStrike","TheCursedMod:FleshFromBone","TheCursedMod:EmpowerCircles","TheCursedMod:Hemoplague","TheCursedMod:Stigma","hubris:DuctTapeCard","TheCursedMod:CircleOfFlame"],"relics":["TheCursedMod:BlackMagic101","Bronze Scales","Odd Mushroom","Potion Belt","Busted Crown","hubris:DuctTape","hubris:SlimyHat"],"acts_visited":["Exordium","TheCity"],"potions_floor_usage":[16,16,25,25,30,33],"damage_taken":[{"damage":1,"enemies":"2 Louse","floor":1,"turns":3},{"damage":1,"enemies":"Jaw Worm","floor":3,"turns":4},{"damage":7,"enemies":"Small Slimes","floor":4,"turns":4},{"damage":22,"enemies":"3 Sentries","floor":6,"turns":10},{"damage":18,"enemies":"The Mushroom Lair","floor":8,"turns":4},{"damage":5,"enemies":"Lagavulin","floor":10,"turns":8},{"damage":7,"enemies":"Exordium Wildlife","floor":12,"turns":4},{"damage":8,"enemies":"Looter","floor":13,"turns":3},{"damage":2,"enemies":"Large Slime","floor":14,"turns":5},{"damage":6,"enemies":"Slime Boss","floor":16,"turns":8},{"damage":14,"enemies":"Spheric Guardian","floor":18,"turns":6},{"damage":5,"enemies":"Shell Parasite","floor":22,"turns":5},{"damage":23,"enemies":"Cultist and Chosen","floor":24,"turns":6},{"damage":45,"enemies":"Slavers","floor":25,"turns":6},{"damage":24,"enemies":"3 Cultists","floor":30,"turns":5},{"damage":2,"enemies":"Snake Plant","floor":31,"turns":3},{"damage":46,"enemies":"hubris:MusketHawk","floor":33,"turns":6}],"seed_played":"2271831393990346536","potions_obtained":[{"floor":8,"key":"SteroidPotion"},{"floor":10,"key":"Fire Potion"},{"floor":12,"key":"Regen Potion"},{"floor":13,"key":"ColorlessPotion"},{"floor":14,"key":"Strength Potion"},{"floor":18,"key":"SteroidPotion"},{"floor":31,"key":"SkillPotion"}],"is_trial":false,"path_per_floor":["M","?","M","M","?","E","R","?","T","E","R","M","M","M","R","B",null,"M","?","$","?","M","R","M","E","T","?","R","?","M","M","R","B"],"character_chosen":"THE_CURSED","items_purchased":["TheCursedMod:FleshFromBone","TheCursedMod:EmpowerCircles"],"campfire_rested":4,"item_purchase_floors":[20,20],"current_hp_per_floor":[81,81,80,73,73,51,51,33,33,28,52,45,37,35,59,53,82,68,68,68,68,63,63,40,7,7,7,31,31,7,5,29,0,0],"gold":529,"neow_bonus":"TEN_PERCENT_HP_BONUS","is_daily":false,"chose_seed":false,"campfire_upgraded":2,"win_rate":0.0,"timestamp":1607897869,"path_taken":["M","?","M","M","?","E","R","?","T","E","R","M","?","M","R","BOSS","M","?","$","?","M","R","M","E","T","?","R","?","?","M","R","BOSS"],"items_purchased_type":["Card","Card"],"build_version":"2020-11-30","purchased_purges":0,"victory":false,"max_hp_per_floor":[82,82,82,82,82,82,82,82,82,82,82,82,82,82,82,82,82,82,82,82,82,82,82,82,82,82,82,82,82,82,82,82,82,82],"card_choices":[{"not_picked":["TheCursedMod:CircleOfCorruption","TheCursedMod:SpitefulPray"],"picked":"TheCursedMod:WearCloak","floor":1},{"not_picked":["TheCursedMod:RapidMovement","TheCursedMod:SmokeScreen"],"picked":"TheCursedMod:HellfireBreathing","floor":3},{"not_picked":["TheCursedMod:CircleOfFocus","TheCursedMod:Hemoplague"],"picked":"TheCursedMod:RapidMovement","floor":4},{"not_picked":["TheCursedMod:CircleOfFocus","TheCursedMod:Stretching"],"picked":"TheCursedMod:CursedBlade","floor":6},{"not_picked":["TheCursedMod:Stigma","TheCursedMod:StunningStrike"],"picked":"TheCursedMod:LuckyCharm","floor":8},{"not_picked":["TheCursedMod:Wield","TheCursedMod:Stigma"],"picked":"TheCursedMod:CursedShiv","floor":10},{"not_picked":["TheCursedMod:Wield","TheCursedMod:SmokeScreen","TheCursedMod:Stigma"],"picked":"SKIP","floor":12},{"not_picked":["TheCursedMod:RapidMovement","TheCursedMod:Wield"],"picked":"TheCursedMod:ReleasedKnowledge","floor":13},{"not_picked":["TheCursedMod:ReleasedKnowledge","TheCursedMod:SpitefulStrike"],"picked":"TheCursedMod:Hemoplague","floor":14},{"not_picked":["TheCursedMod:CollectTribute","TheCursedMod:DemonSword"],"picked":"TheCursedMod:DemonicPact","floor":16},{"not_picked":[],"picked":"TheCursedMod:VitalStrike","floor":18},{"not_picked":[],"picked":"TheCursedMod:Hemoplague","floor":22},{"not_picked":[],"picked":"TheCursedMod:Stigma","floor":24},{"not_picked":[],"picked":"TheCursedMod:CircleOfFlame","floor":25},{"not_picked":["TheCursedMod:HellsGateOpen"],"picked":"SKIP","floor":30},{"not_picked":["TheCursedMod:Stigma"],"picked":"SKIP","floor":31}],"player_experience":148957,"relics_obtained":[{"floor":6,"key":"Bronze Scales"},{"floor":8,"key":"Odd Mushroom"},{"floor":9,"key":"Potion Belt"},{"floor":25,"key":"hubris:DuctTape"},{"floor":26,"key":"hubris:SlimyHat"}],"event_choices":[{"damage_healed":0,"gold_gain":0,"player_choice":"Leave","damage_taken":0,"max_hp_gain":0,"max_hp_loss":0,"event_name":"The Cleric","floor":2,"gold_loss":0},{"damage_healed":0,"gold_gain":175,"player_choice":"AGREE","damage_taken":0,"max_hp_gain":0,"max_hp_loss":0,"event_name":"Liars Game","floor":5,"gold_loss":0,"cards_obtained":["Doubt"]},{"damage_healed":0,"gold_gain":0,"player_choice":"Fought Mushrooms","damage_taken":0,"max_hp_gain":0,"max_hp_loss":0,"event_name":"Mushrooms","floor":8,"gold_loss":0},{"damage_healed":0,"gold_gain":0,"player_choice":"Ignored","damage_taken":0,"max_hp_gain":0,"max_hp_loss":0,"event_name":"Vampires","floor":19,"gold_loss":0},{"damage_healed":0,"gold_gain":0,"player_choice":"Simplicity","damage_taken":0,"max_hp_gain":0,"max_hp_loss":0,"event_name":"Back to Basics","floor":21,"gold_loss":0,"cards_upgraded":["TheCursedMod:Strike_TheCursed","TheCursedMod:Strike_TheCursed","TheCursedMod:Strike_TheCursed","TheCursedMod:Strike_TheCursed","TheCursedMod:Defend_TheCursed","TheCursedMod:Defend_TheCursed","TheCursedMod:Defend_TheCursed","TheCursedMod:Defend_TheCursed"]},{"damage_healed":0,"gold_gain":0,"player_choice":"Ignored","damage_taken":0,"max_hp_gain":0,"max_hp_loss":0,"event_name":"Ghosts","floor":27,"gold_loss":0},{"damage_healed":0,"gold_gain":0,"player_choice":"Bet on Owner","damage_taken":0,"max_hp_gain":0,"max_hp_loss":0,"event_name":"The Joust","floor":29,"gold_loss":50}],"is_beta":false,"boss_relics":[{"not_picked":["TheCursedMod:BlackMagicAdvanced","Calling Bell"],"picked":"Busted Crown"}],"items_purged_floors":[],"is_endless":false,"potions_floor_spawned":[8,10,12,13,14,18,31],"killed_by":"hubris:MusketHawk","ascension_level":0}}