{"host":"mmvmlqmvbrlj5jge","time":1607866987,"event":{"mods":["Act Like it!","BaseMod","Dota2Spire","Gensokyo","Hallownest","Koishi","Lobotomy","Mari Mod (Legacy)","Mari\u0027s V1 Patch","Minty Spire (QoL Compilation)","MostiFishMod","Pale of the Ancients","Quick Restart","Remilia（蕾米莉亚）","Robot Space Explorer","RumiaBox-露米娅的神秘盒子","Spicy Shops","StSLib","TestMod","The Bug Knight","【功能Mod】混沌之环修复补丁","【遗物卡牌】REMEMod","篝火指南"],"gold_per_floor":[113,513,513,532,532,560,560,578,627,638,363,409,455,471,471,566,566,603,603,523,549,582,610,622,622,647,681,735,750,783,793,793,910,910,920,1020,1030,1042,1073,1104,1123,1123,1175,1206,1206,1252,575,591,591,591,607,625,625,412,256,274,274,30,30,30],"floor_reached":61,"playtime":4053,"items_purged":["Injury","Strike_RM","Strike_RM","MostiFishMod:IntelligentEquipment"],"score":2181,"play_id":"bbae3dd5-41da-4fe2-a384-18a569a89c3b","local_time":"20201213214307","is_ascension_mode":true,"campfire_choices":[{"data":"MastersStateliness","floor":7,"key":"SMITH"},{"data":"MastersStateliness","floor":15,"key":"SMITH"},{"data":"MastersStateliness","floor":25,"key":"SMITH"},{"data":"MastersStateliness","floor":32,"key":"SMITH"},{"data":"MastersStateliness","floor":42,"key":"SMITH"},{"data":"Gensokyo:CrescentMoonSlash","floor":45,"key":"SMITH"},{"data":"Flash of Steel","floor":49,"key":"SMITH"}],"circlet_count":0,"master_deck":["Strike_RM","Strike_RM","Defend_RM","Defend_RM","Defend_RM","Defend_RM","RedMoon","ScarletShoot","MastersStateliness+1","Gensokyo:CrescentMoonSlash+1","FavorOfDestiny","MastersStateliness+1","MastersStateliness+1","Hallownest:skillCityofTearsMap","MastersStateliness+1","MastersStateliness+1","MastersStateliness+1","MastersStateliness+1","MastersStateliness+1","Flash of Steel+1","MastersStateliness+1","MostiFishMod:OneDayCity","BloodySeventeenLaser"],"relics":["ScarletHat","testmod-TestBox","REME_ComplimentaryCards","PatriotShield","testmod-SaigiyounoYou","REME_HandOfSuture","Question Card","SecretRecord","SecretRecord","SecretRecord","SecretRecord","SecretRecord","SecretRecord","SecretRecord","Pen Nib","paleoftheancients:SoulOfTheBandit","testmod-ThousandKnives"],"acts_visited":["Gensokyo:Gensokyo","Hallownest:CityofTears","TheBeyond","paleoftheancients:PaleOfTheAncients"],"potions_floor_usage":[14],"damage_taken":[{"damage":0,"enemies":"Gensokyo:3_Fairies","floor":1,"turns":5},{"damage":0,"enemies":"Gensokyo:Gryphon","floor":4,"turns":2},{"damage":0,"enemies":"Gensokyo:Cirno","floor":6,"turns":7},{"damage":0,"enemies":"Gensokyo:Python","floor":8,"turns":3},{"damage":0,"enemies":"Gensokyo:3_Kodama","floor":10,"turns":1},{"damage":0,"enemies":"Gensokyo:Aya","floor":13,"turns":4},{"damage":0,"enemies":"Gensokyo:Python_and_Kodama","floor":14,"turns":1},{"damage":0,"enemies":"Gensokyo:Kokoro","floor":16,"turns":9},{"damage":0,"enemies":"Hallownest:Flukemon_and_Top","floor":18,"turns":4},{"damage":0,"enemies":"Hallownest:3_Youths","floor":22,"turns":4},{"damage":0,"enemies":"Hallownest:eliteSoulWarrior","floor":23,"turns":4},{"damage":0,"enemies":"Hallownest:3_Mistakes","floor":24,"turns":3},{"damage":0,"enemies":"Hallownest:monsterShrumalOgre","floor":27,"turns":4},{"damage":0,"enemies":"Hallownest:eliteWatcherKnight","floor":28,"turns":7},{"damage":0,"enemies":"Hallownest:2_Flukemon","floor":29,"turns":4},{"damage":0,"enemies":"Hallownest:Nosk","floor":30,"turns":5},{"damage":0,"enemies":"Hallownest:Warrior_and_Youth","floor":31,"turns":1},{"damage":0,"enemies":"Hallownest:BossGrimm","floor":33,"turns":5},{"damage":0,"enemies":"3 Shapes","floor":35,"turns":3},{"damage":0,"enemies":"Orb Walker","floor":37,"turns":4},{"damage":0,"enemies":"Transient","floor":38,"turns":5},{"damage":0,"enemies":"3 Darklings","floor":39,"turns":2},{"damage":0,"enemies":"Nemesis","floor":40,"turns":7},{"damage":4,"enemies":"Sphere and 2 Shapes","floor":41,"turns":5},{"damage":0,"enemies":"Reptomancer","floor":44,"turns":4},{"damage":0,"enemies":"Nemesis","floor":46,"turns":9},{"damage":0,"enemies":"Writhing Mass","floor":48,"turns":4},{"damage":0,"enemies":"Time Eater","floor":50,"turns":6},{"damage":0,"enemies":"Time Eater","floor":51,"turns":6},{"damage":0,"enemies":"Time Eater","floor":52,"turns":7},{"damage":24,"enemies":"Time Eater","floor":56,"turns":2},{"damage":0,"enemies":"paleoftheancients:N","floor":60,"turns":5}],"seed_played":"4009397141079787670","potions_obtained":[{"floor":4,"key":"testmod-SpacePotion"},{"floor":8,"key":"CultistPotion"},{"floor":13,"key":"Dota2Spire:HealingSalve"},{"floor":14,"key":"DestinyDice"},{"floor":16,"key":"Regen Potion"},{"floor":41,"key":"DistilledChaos"}],"is_trial":false,"path_per_floor":["M","?","?","M","?","E","R","M","T","M","$","T","E","M","R","B",null,"M","?","?","T","M","E","M","R","T","M","E","M","E","M","R","B",null,"M","?","M","M","M","E","M","R","T","E","R","E","$","M","R","B","M","M","?","$","R","M","R","$","?","B",null],"character_chosen":"REMILIA","items_purchased":["MastersStateliness","Frozen Eye","Flash of Steel","OrangePellets","SynthV","Blood Vial","MostiFishMod:OneDayCity","Pen Nib","testmod-ThousandKnives"],"campfire_rested":0,"item_purchase_floors":[11,11,47,47,47,47,54,55,58],"current_hp_per_floor":[75,75,68,70,70,75,75,75,75,75,75,75,75,75,75,75,75,75,75,75,75,75,78,78,78,78,78,78,78,78,78,78,78,78,78,78,78,78,78,78,76,76,76,78,78,78,78,78,78,78,78,78,78,78,78,78,78,78,78,78],"gold":30,"neow_bonus":"RANDOM_COMMON_RELIC","is_daily":false,"chose_seed":false,"campfire_upgraded":7,"win_rate":0.0,"timestamp":1607866987,"path_taken":["M","?","?","M","?","E","R","M","T","?","$","?","E","M","R","BOSS","M","?","?","?","M","E","M","R","T","M","E","?","E","M","R","BOSS","M","?","?","M","M","E","M","R","T","E","R","E","$","M","R","BOSS","M","M","?","$","R","M","R","$","?","BOSS"],"items_purchased_type":["Card","Relic","Card","Relic","Relic","Relic","Card","Relic","Relic"],"build_version":"2020-11-30","purchased_purges":4,"victory":true,"max_hp_per_floor":[75,75,75,75,75,75,75,75,75,75,75,75,75,75,75,75,75,75,75,75,75,75,78,78,78,78,78,78,78,78,78,78,78,78,78,78,78,78,78,78,78,78,78,78,78,78,78,78,78,78,78,78,78,78,78,78,78,78,78,78],"card_choices":[{"not_picked":["TwelveNightmare","ScarletDevil"],"picked":"MastersStateliness","floor":1},{"not_picked":["MillenniumVampire","RedNightlessCastle","BloodyMagicSquare","VampireKiss"],"picked":"SKIP","floor":4},{"not_picked":["CharismaGuard","BloodHunter","RedMagic","ScarletImprint"],"picked":"SKIP","floor":6},{"not_picked":["ScarletImprint","HunterOfTheNight","UnstableMagic"],"picked":"FavorOfDestiny","floor":8},{"not_picked":["UnstableMagic","BloodHunter","VampireKiss","UnderTheZenith"],"picked":"SKIP","floor":10},{"not_picked":["ScarletImprint","CharismaGuard","HunterOfTheNight","DiffusionOfMisfortune"],"picked":"SKIP","floor":13},{"not_picked":["DiffusionOfMisfortune","Maim","StarOfDavid"],"picked":"MastersStateliness","floor":14},{"not_picked":["EndlessAdversity+1","UnderTheZenith","NightDance","DiffusionOfMisfortune"],"picked":"SKIP","floor":18},{"not_picked":["FavorOfDestiny","BloodAndWine+1","CharismaGuard","RedRainbow"],"picked":"SKIP","floor":22},{"not_picked":["CeilingFear","ForecastOfChange","RedRainbow"],"picked":"MastersStateliness+1","floor":23},{"not_picked":["RedNightlessCastle+1","UnstableMagic+1","Ultimatum"],"picked":"MastersStateliness","floor":24},{"not_picked":["NightDance","StarOfDavid+1","UnderTheZenith","UnstableMagic"],"picked":"SKIP","floor":27},{"not_picked":["ChaoticDestiny","NightDance","UnderTheZenith","Stigmanizer+1"],"picked":"SKIP","floor":28},{"not_picked":["EternalNight","RedRainbow+1","Stigmanizer","UnstableMagic"],"picked":"SKIP","floor":29},{"not_picked":["LeisurelyOfLord","BlasphemousPunishment","DiffusionOfMisfortune","Stigmanizer"],"picked":"SKIP","floor":30},{"not_picked":["UnstableMagic+1","TwelveNightmare","Stigmanizer+1"],"picked":"MastersStateliness","floor":31},{"not_picked":["ScarletImprint+1","FavorOfDestiny+1","ForbiddenFruit+1"],"picked":"MastersStateliness+1","floor":35},{"not_picked":["NightDance+1","Stigmanizer+1","GlobalNightmare+1","VampireKiss"],"picked":"SKIP","floor":37},{"not_picked":["GlobalNightmare","FitfulNightmare","ScarletSymphony","UnderTheZenith"],"picked":"SKIP","floor":38},{"not_picked":["MiserableFate+1","Ultimatum+1","NightDance","GlobalNightmare"],"picked":"SKIP","floor":39},{"not_picked":["DiffusionOfMisfortune+1","CurseOfVladTepes","BlasphemousPunishment","RedNightlessCastle"],"picked":"SKIP","floor":40},{"not_picked":["GlobalNightmare","CharismaGuard","UnderTheZenith+1"],"picked":"MastersStateliness+1","floor":41},{"not_picked":["VampireKiss+1","ScarletMeister","LeisurelyOfLord","BombardNight"],"picked":"SKIP","floor":44},{"not_picked":["ScarletMeister","Ultimatum+1","Maim+1","UnstableMagic"],"picked":"SKIP","floor":46},{"not_picked":["UnderTheZenith+1","NightDance+1","CharismaGuard","ScarletDream+1"],"picked":"SKIP","floor":48},{"not_picked":["BloodyTrap+1","Ultimatum","DevilSight"],"picked":"MastersStateliness+1","floor":51},{"not_picked":["VampireKiss","BadLadyScramble","VampireClaw+1","RedNightlessCastle+1"],"picked":"SKIP","floor":52},{"not_picked":["BombardNight","BloodHunter","NightDance"],"picked":"BloodySeventeenLaser","floor":56}],"player_experience":115974,"relics_obtained":[{"floor":1,"key":"Question Card"},{"floor":1,"key":"AddBug"},{"floor":1,"key":"PrismaticShard"},{"floor":6,"key":"Old Coin"},{"floor":9,"key":"Dota2Spire:MaskOfMadness"},{"floor":12,"key":"Tiny Chest"},{"floor":13,"key":"SecretRecord"},{"floor":13,"key":"Eternal Feather"},{"floor":16,"key":"ImportantClient"},{"floor":21,"key":"Anchor"},{"floor":22,"key":"SecretRecord"},{"floor":23,"key":"MagicDraw1"},{"floor":26,"key":"Dota2Spire:UrnOfShadows"},{"floor":28,"key":"Juzu Bracelet"},{"floor":29,"key":"SecretRecord"},{"floor":30,"key":"Shuriken"},{"floor":33,"key":"SecretRecord"},{"floor":40,"key":"DianDianMeat"},{"floor":43,"key":"Strawberry"},{"floor":44,"key":"SecretRecord"},{"floor":44,"key":"GodSword1"},{"floor":46,"key":"Dota2Spire:Dagon"},{"floor":51,"key":"paleoftheancients:SoulOfTheCollector"},{"floor":51,"key":"SecretRecord"},{"floor":52,"key":"paleoftheancients:SoulOfTheBard"},{"floor":56,"key":"paleoftheancients:SoulOfTheBandit"}],"event_choices":[{"damage_healed":0,"gold_gain":400,"player_choice":"Sell","damage_taken":0,"max_hp_gain":0,"max_hp_loss":0,"event_name":"恩洛斯的盘子","floor":2,"relics_lost":["DaveBox"],"gold_loss":0},{"damage_healed":0,"gold_gain":100,"player_choice":"Pray","damage_taken":0,"max_hp_gain":0,"max_hp_loss":0,"event_name":"Golden Shrine","floor":36,"gold_loss":0},{"damage_healed":0,"gold_gain":0,"player_choice":"Swap Relic","damage_taken":0,"relics_obtained":["DaveBox"],"max_hp_gain":0,"max_hp_loss":0,"event_name":"给自己的盒子","floor":53,"relics_lost":["AddBug"],"gold_loss":0}],"is_beta":false,"boss_relics":[{"not_picked":["MetatronsCube","Runic Dome"],"picked":"GuanYuAspect"},{"not_picked":["FixedStarFall","ScarletEmblem"],"picked":"FrostBlade"}],"items_purged_floors":[11,11,47,58],"is_endless":false,"potions_floor_spawned":[4,8,13,14,22,23,30,31,35,37,39,41,48,56],"ascension_level":5}}