{"host":"mbjdlts9b6456t85","time":1607829480,"event":{"mods":["2.2 Compatiblity","AchievementEnabler","Aspiration","BaseMod","Better Altar","Better Match","Better Note","Better Sensory Stone","Better Skull","Better Third Choice","BetterRewards","CCEM","Clawfect","Conspire","Downfall","GifTheSpireLib","Googly Eyes","Halation","Highlight Path","Hubris","Minty Spire (QoL Compilation)","Permanent Neow","Replay The Spire","Shop Mod","Spicy Shops","StSLib","Stuff the Spire","Unceasing Turn Reminder","everything is the same but u backflip on backflip"],"gold_per_floor":[99,99,99,99,118,129,129,54,79,4,4,19,4,4,20,121,121,121,134,145,145,163,163,186,206,226,226,238,238,238,248,267,362,362,362,378,378,390,175,203,203,217,246,171,185,36,36,52,68,68,68],"floor_reached":50,"playtime":4692,"items_purged":["conspire:GhostlyStrike"],"score":556,"play_id":"9b665d1c-24f1-4769-b9aa-6ff8f4a46bb6","local_time":"20201212221800","is_ascension_mode":false,"campfire_choices":[{"floor":1,"key":"DIG"},{"floor":4,"key":"RECALL"},{"data":"Regret","floor":8,"key":"SMITH"},{"data":"Amnesia","floor":10,"key":"SMITH"},{"data":"Slimebound:Split","floor":18,"key":"SMITH"},{"data":"Slimebound:SplitAcid","floor":21,"key":"SMITH"},{"data":"Slimebound:ForwardTackle","floor":27,"key":"SMITH"},{"data":"Slimebound:Schlurp","floor":37,"key":"SMITH"},{"data":"Slimebound:MegaLick","floor":44,"key":"SMITH"}],"circlet_count":0,"master_deck":["conspire:GhostlyStrike","conspire:GhostlyStrike","Slimebound:Tackle","conspire:GhostlyDefend+1","conspire:GhostlyDefend","conspire:GhostlyDefend+1","Slimebound:Split+1","Slimebound:CorrosiveSpit","Slimebound:SlimeSlap","Slimebound:GrowthPunch","Slimebound:ComboTackle","Slimebound:SplitAcid+1","Slimebound:RollThrough","Slimebound:HauntingLick","Replay:BasicMightCard+1","Slimebound:Schlurp+1","expansioncontent:QuickStudy+1","Slimebound:RallyTheTroops+1","Specialist+1","Slimebound:SplitMire+1","Slimebound:Replication+1","Slimebound:ComboTackle+1","Slimebound:RejuvenatingLick","Slimebound:ForwardTackle+1","Slimebound:SpikyOuterGoop","Slimebound:LeechingTouch","Slimebound:SlimeBrawl+1","Slimebound:MinionMaster+1","Specialist+1","The Bomb+1","Slimebound:DisruptingSlam+1","Slimebound:RainOfGoop","Slimebound:SlimeSpikes+1","Slimebound:WasteNot+1","Slimebound:MegaLick+1","Slimebound:Equalize+1","Slimebound:SplitLeeching","Slimebound:LeadByExample+1","Slimebound:RejuvenatingLick+1","Slimebound:LeechEnergy+1","Slimebound:FormOfPuddle+1","Slimebound:Schlurp+1"],"relics":["Slimebound:AbsorbEndCombat","ReplayTheSpireMod:Ring of Exchange","ReplayTheSpireMod:Ring of Addiction","Chameleon Ring","hubris:EmptyBottle","Replay:Mystery Machine","halation:PrussianBluePaint","downfall:HeartBlessingBlue","aspiration:FrozenJewel","downfall:HeartBlessingRed","Golden Egg","m_SlimeRing","Bronze Scales","Sundial","DollysMirror","MerchantsRug","ReplayFunnel","CCEMRelics:Pendulum","hubris:TinFlute","downfall:HeartBlessingGreen","StuffTheSpire:BottledEssence","StuffTheSpire:Gunfinga","hubris:Towel"],"acts_visited":["Exordium","TheCity","TheBeyond"],"potions_floor_usage":[5,6,9,12,16,16,19,22,25,26,28,28,31,33,36,38,39,40,40,42,43,43,45],"damage_taken":[{"damage":1,"enemies":"2 Louse","floor":5,"turns":2},{"damage":8,"enemies":"Jaw Worm","floor":6,"turns":2},{"damage":24,"enemies":"Gremlin Nob","floor":9,"turns":4},{"damage":4,"enemies":"Small Slimes","floor":12,"turns":3},{"damage":8,"enemies":"downfall:FleeingMerchant","floor":13,"turns":4},{"damage":4,"enemies":"Exordium Wildlife","floor":15,"turns":2},{"damage":49,"enemies":"downfall:Silent","floor":16,"turns":6},{"damage":12,"enemies":"Chosen","floor":19,"turns":4},{"damage":26,"enemies":"Snecko","floor":20,"turns":4},{"damage":31,"enemies":"Sentry and Sphere","floor":22,"turns":4},{"damage":22,"enemies":"3 Cultists","floor":25,"turns":3},{"damage":21,"enemies":"Cultist and Chosen","floor":26,"turns":2},{"damage":11,"enemies":"Shelled Parasite and Fungi","floor":28,"turns":2},{"damage":15,"enemies":"Snake Plant","floor":31,"turns":2},{"damage":18,"enemies":"Snecko","floor":32,"turns":4},{"damage":25,"enemies":"downfall:Defect","floor":33,"turns":3},{"damage":22,"enemies":"Orb Walker","floor":36,"turns":3},{"damage":19,"enemies":"3 Shapes","floor":38,"turns":3},{"damage":22,"enemies":"downfall:FleeingMerchant","floor":39,"turns":4},{"damage":53,"enemies":"R_Hoarder","floor":40,"turns":6},{"damage":30,"enemies":"Writhing Mass","floor":42,"turns":3},{"damage":38,"enemies":"Nemesis","floor":43,"turns":5},{"damage":36,"enemies":"3 Darklings","floor":45,"turns":3},{"damage":6,"enemies":"downfall:FleeingMerchant","floor":46,"turns":2},{"damage":20,"enemies":"Sphere and 2 Shapes","floor":48,"turns":3},{"damage":23,"enemies":"Maw","floor":49,"turns":4},{"damage":101,"enemies":"downfall:Watcher","floor":50,"turns":11}],"seed_played":"-6817674173349516903","potions_obtained":[{"floor":2,"key":"SpeedPotion"},{"floor":2,"key":"Adrenaline Potion"},{"floor":2,"key":"Fire Potion"},{"floor":9,"key":"SkillPotion"},{"floor":12,"key":"SteroidPotion"},{"floor":23,"key":"Energy Potion"},{"floor":23,"key":"Death Potion"},{"floor":26,"key":"SkillPotion"},{"floor":28,"key":"Strength Potion"},{"floor":32,"key":"Adrenaline Potion"},{"floor":33,"key":"Regen Potion"},{"floor":36,"key":"Adrenaline Potion"},{"floor":40,"key":"AttackPotion"},{"floor":42,"key":"ColorlessPotion"},{"floor":48,"key":"Fire Potion"}],"is_trial":false,"path_per_floor":["R","?","?","R","M","M","T","R","E","R","?","M","$","T","M","B",null,"R","M","M","R","M","R","T","M","M","R","M","?","T","M","M","B",null,"R","M","R","M","$","E","T","M","E","R","M","$","?","M","M","B"],"character_chosen":"SLIMEBOUND","items_purchased":["MerchantsRug","Slimebound:WasteNot+1","StuffTheSpire:BottledEssence","Slimebound:LeadByExample","Slimebound:RejuvenatingLick","Slimebound:LeechEnergy","StuffTheSpire:Gunfinga"],"campfire_rested":0,"item_purchase_floors":[39,39,46,46,46,46,46],"current_hp_per_floor":[60,60,60,60,59,60,60,70,54,54,54,64,70,70,70,46,68,68,68,61,61,60,60,60,50,47,47,52,52,52,51,51,62,68,68,56,56,51,59,68,68,62,62,62,38,32,32,44,57,0,0],"gold":68,"neow_bonus":"ONE_RANDOM_RARE_CARD","is_daily":false,"chose_seed":false,"campfire_upgraded":7,"win_rate":0.0,"timestamp":1607829480,"path_taken":["R","?","?","R","M","M","T","R","E","R","?","?","$","?","M","BOSS","R","M","M","R","M","R","T","?","M","R","M","?","?","M","M","BOSS","R","M","R","M","$","E","T","M","E","R","M","$","?","M","M","BOSS"],"items_purchased_type":["Relic","Card","Relic","Card","Card","Card","Relic"],"build_version":"2020-11-30","purchased_purges":1,"victory":false,"max_hp_per_floor":[60,60,60,60,60,60,60,70,70,70,70,70,70,70,70,68,68,68,68,68,68,68,68,68,68,68,68,68,68,68,68,68,68,68,68,68,68,68,68,68,68,68,68,68,68,68,68,68,66,66,66],"card_choices":[{"not_picked":["Slimebound:PressTheAttack","Slimebound:Replication"],"picked":"Slimebound:GrowthPunch","floor":5},{"not_picked":["Slimebound:DivideAndConquer","Slimebound:Chomp"],"picked":"Slimebound:ComboTackle","floor":6},{"not_picked":["Slimebound:AcidTongue","Slimebound:Prepare"],"picked":"Slimebound:SplitAcid","floor":9},{"not_picked":["Slimebound:GoopSpray","Slimebound:PressTheAttack"],"picked":"Slimebound:RollThrough","floor":12},{"not_picked":["Slimebound:SplitLeeching","Slimebound:ComboTackle"],"picked":"Slimebound:HauntingLick","floor":13},{"not_picked":["expansioncontent:Corrupt+1","Replay:SS_hec_1+1"],"picked":"Replay:BasicMightCard+1","floor":15},{"not_picked":["Slimebound:Dissolve","Slimebound:SlimeSpikes"],"picked":"Slimebound:Schlurp","floor":15},{"not_picked":["Enlightenment+1","Replay:Parry+1"],"picked":"expansioncontent:QuickStudy+1","floor":16},{"not_picked":["Slimebound:SlimeSlap","Slimebound:Overexert"],"picked":"Slimebound:RallyTheTroops","floor":16},{"not_picked":["Chrysalis+1","Replay:SS_forest_5+1"],"picked":"Specialist+1","floor":19},{"not_picked":["Slimebound:FlameTackle","Slimebound:Repurpose"],"picked":"Slimebound:SplitMire+1","floor":19},{"not_picked":["Slimebound:SamplingLick","Slimebound:SplitMire"],"picked":"Slimebound:Replication+1","floor":20},{"not_picked":["Slimebound:SplitAcid","Slimebound:BestDefense+1"],"picked":"Slimebound:ComboTackle+1","floor":22},{"not_picked":["Slimebound:SamplingLick","Slimebound:LeechingTouch"],"picked":"Slimebound:RejuvenatingLick","floor":25},{"not_picked":["Slimebound:ViciousTackle","Slimebound:Schlurp"],"picked":"Slimebound:ForwardTackle","floor":26},{"not_picked":["Slimebound:PressTheAttack","Slimebound:Schlurp"],"picked":"Slimebound:SpikyOuterGoop","floor":28},{"not_picked":["Slimebound:ComboTackle","Slimebound:SplitAcid"],"picked":"Slimebound:LeechingTouch","floor":31},{"not_picked":["Slimebound:FirmFortitude+1","Slimebound:LeechingTouch"],"picked":"Slimebound:SlimeBrawl+1","floor":32},{"not_picked":["Slimebound:WasteNot","Slimebound:Teamwork"],"picked":"Slimebound:MinionMaster","floor":33},{"not_picked":["Slimebound:Chomp+1","Slimebound:ServeAndProtect"],"picked":"Slimebound:DisruptingSlam+1","floor":36},{"not_picked":["Slimebound:FinishingTackle+1","Slimebound:Schlurp+1"],"picked":"Slimebound:RainOfGoop","floor":38},{"not_picked":["Slimebound:GrowthPunch","Slimebound:HauntingLick+1"],"picked":"Slimebound:SlimeSpikes+1","floor":39},{"not_picked":["Slimebound:LeechEnergy","Slimebound:AcidTongue"],"picked":"Slimebound:MegaLick","floor":40},{"not_picked":["Slimebound:Dissolve+1","Slimebound:SlimeBrawl"],"picked":"Slimebound:Equalize+1","floor":42},{"not_picked":["Slimebound:GrowthPunch+1","Slimebound:FirmFortitude","Slimebound:LeechingTouch+1"],"picked":"SKIP","floor":43},{"not_picked":["Slimebound:MassFeed","Slimebound:SplitAcid+1"],"picked":"Slimebound:SplitLeeching","floor":45},{"not_picked":["Slimebound:Schlurp","Slimebound:FinishingTackle","Slimebound:RollThrough"],"picked":"SKIP","floor":46},{"not_picked":["Slimebound:SplitLeeching","Slimebound:PressTheAttack"],"picked":"Slimebound:FormOfPuddle+1","floor":48},{"not_picked":["Slimebound:Equalize+1","Slimebound:ViciousTackle+1"],"picked":"Slimebound:Schlurp+1","floor":49}],"player_experience":434819,"relics_obtained":[{"floor":1,"key":"Matryoshka"},{"floor":2,"key":"ReplayTheSpireMod:Ring of Exchange"},{"floor":2,"key":"ReplayTheSpireMod:Ring of Addiction"},{"floor":2,"key":"Chameleon Ring"},{"floor":2,"key":"hubris:EmptyBottle"},{"floor":7,"key":"halation:PrussianBluePaint"},{"floor":9,"key":"aspiration:FrozenJewel"},{"floor":14,"key":"Golden Egg"},{"floor":14,"key":"CCEMRelics:FestiveHat"},{"floor":24,"key":"Bronze Scales"},{"floor":30,"key":"Sundial"},{"floor":40,"key":"ReplayFunnel"},{"floor":41,"key":"CCEMRelics:Pendulum"},{"floor":43,"key":"hubris:TinFlute"}],"event_choices":[{"damage_healed":0,"gold_gain":0,"player_choice":"Box","damage_taken":0,"relics_obtained":["Replay:Mystery Machine"],"max_hp_gain":0,"max_hp_loss":0,"event_name":"Big Fish","floor":3,"gold_loss":0,"cards_obtained":["Regret"]},{"damage_healed":0,"gold_gain":0,"player_choice":"Agree","damage_taken":0,"max_hp_gain":0,"max_hp_loss":0,"event_name":"conspire:LoneGhost","floor":11,"gold_loss":0},{"damage_healed":0,"gold_gain":0,"player_choice":"Ignored","damage_taken":0,"max_hp_gain":0,"max_hp_loss":0,"event_name":"betterNote:BetterNote","floor":29,"gold_loss":0,"cards_obtained":["Terror"]}],"is_beta":false,"boss_relics":[{"not_picked":["aspiration:KaomsHeart","Sling"],"picked":"aspiration:Nostalgia"},{"not_picked":["hubris:BlackHole","Membership Card"],"picked":"DollysMirror"}],"items_purged_floors":[39],"is_endless":false,"potions_floor_spawned":[9,12,26,28,32,33,36,40,42,48],"killed_by":"downfall:Watcher","ascension_level":0}}