{"host":"ds28d883r3sz42zs","time":1607824332,"event":{"mods":["2.2 Compatiblity","AchievementEnabler","Act Like it!","BaseMod","Bestiary","Better Match","Better Sensory Stone","Better Third Choice","Better-Laid Plans","BetterRewards","Block Reminder","Challenge The Spire","Colored Map","Colored Powertips","Defuse TimeMaze Blight","Disable Question Mark Monsters","Displayed Cursed Tome","Emptier Cage","GifTheSpireLib","Gold Saver","Minty Spire (QoL Compilation)","Permanent Neow","Practice Mode","Quick Restart","Random Character Button","Rare Cards Sparkle","Relic Filter","Relic Stats","SacredBarkPlus","StSLib","SuperFastMode","Uncapped","Unknown Chances"],"gold_per_floor":[117,135,135,158,172,205,205,238,238,238,263,299,323,323,323,451,451,451,48,48,48,48,48,48,48,48,48,48,48,48,48,48,48,48,48,48,48,48,48,48,48,48,48,48,48,48,48,48,48,48,48,48,19,19,19],"floor_reached":56,"playtime":2316,"items_purged":[],"score":1869,"play_id":"0849468b-7966-4683-8275-67c05034f274","local_time":"20201212205212","is_ascension_mode":true,"campfire_choices":[{"data":"Neutralize","floor":7,"key":"SMITH"},{"floor":10,"key":"REST"},{"data":"1","floor":15,"key":"LIFT"},{"data":"2","floor":24,"key":"LIFT"},{"data":"3","floor":32,"key":"LIFT"},{"data":"Well Laid Plans","floor":40,"key":"SMITH"},{"data":"Caltrops","floor":42,"key":"SMITH"},{"floor":44,"key":"RECALL"},{"data":"Wraith Form v2","floor":49,"key":"SMITH"},{"data":"Cloak And Dagger","floor":52,"key":"SMITH"}],"circlet_count":0,"master_deck":["Strike_G+1","Strike_G+1","Strike_G+1","Strike_G+1","Defend_G+1","Defend_G+1","Defend_G+1","Defend_G+1","Defend_G+1","Survivor","Neutralize+1","Backstab","Caltrops+1","Flechettes","Backflip","Well Laid Plans+1","Cloak And Dagger+1","Die Die Die","Dagger Spray+1","Noxious Fumes","Blur+1","Acrobatics","Cloak And Dagger+1","Backstab","Blade Dance","Backstab","Adrenaline","Backflip","Backflip","Backflip","Terror","Blade Dance+1","Wraith Form v2+1","Escape Plan","Escape Plan+1","Infinite Blades"],"relics":["Ring of the Snake","Golden Idol","Pantograph","The Courier","Singing Bowl","Girya","Ectoplasm","Mummified Hand","Meat on the Bone","Smiling Mask","Bag of Marbles","Ginger","Nilry\u0027s Codex","Ice Cream","Shuriken","Omamori","Cursed Key","MawBank","Potion Belt","Pen Nib","Strawberry"],"acts_visited":["Exordium","TheCity","TheBeyond","TheEnding"],"potions_floor_usage":[2,6,12,16,23,55,55,55,55,55],"damage_taken":[{"damage":0,"enemies":"Cultist","floor":1,"turns":4},{"damage":2,"enemies":"Jaw Worm","floor":2,"turns":8},{"damage":4,"enemies":"Small Slimes","floor":4,"turns":4},{"damage":1,"enemies":"Looter","floor":5,"turns":5},{"damage":45,"enemies":"Lagavulin","floor":6,"turns":11},{"damage":37,"enemies":"Gremlin Nob","floor":8,"turns":5},{"damage":0,"enemies":"2 Fungi Beasts","floor":11,"turns":4},{"damage":7,"enemies":"3 Sentries","floor":12,"turns":12},{"damage":9,"enemies":"Red Slaver","floor":13,"turns":4},{"damage":1,"enemies":"The Guardian","floor":16,"turns":12},{"damage":6,"enemies":"Spheric Guardian","floor":18,"turns":3},{"damage":1,"enemies":"3 Byrds","floor":20,"turns":3},{"damage":2,"enemies":"3 Cultists","floor":21,"turns":4},{"damage":18,"enemies":"Gremlin Leader","floor":23,"turns":6},{"damage":3,"enemies":"Book of Stabbing","floor":25,"turns":5},{"damage":12,"enemies":"Slavers","floor":27,"turns":4},{"damage":2,"enemies":"Shelled Parasite and Fungi","floor":28,"turns":3},{"damage":0,"enemies":"Colosseum Slavers","floor":30,"turns":3},{"damage":0,"enemies":"Colosseum Nobs","floor":30,"turns":3},{"damage":0,"enemies":"Book of Stabbing","floor":31,"turns":3},{"damage":21,"enemies":"Automaton","floor":33,"turns":8},{"damage":0,"enemies":"3 Shapes","floor":35,"turns":2},{"damage":8,"enemies":"Orb Walker","floor":36,"turns":2},{"damage":0,"enemies":"4 Shapes","floor":38,"turns":3},{"damage":0,"enemies":"Sphere and 2 Shapes","floor":39,"turns":3},{"damage":11,"enemies":"Nemesis","floor":41,"turns":3},{"damage":5,"enemies":"Giant Head","floor":45,"turns":4},{"damage":6,"enemies":"Writhing Mass","floor":48,"turns":3},{"damage":24,"enemies":"Donu and Deca","floor":50,"turns":7},{"damage":0,"enemies":"Shield and Spear","floor":54,"turns":3},{"damage":82,"enemies":"The Heart","floor":55,"turns":5}],"seed_played":"5732794571102218620","potions_obtained":[{"floor":0,"key":"FairyPotion"},{"floor":0,"key":"Regen Potion"},{"floor":0,"key":"Regen Potion"},{"floor":6,"key":"DuplicationPotion"},{"floor":11,"key":"SteroidPotion"},{"floor":12,"key":"Energy Potion"},{"floor":13,"key":"SkillPotion"},{"floor":16,"key":"Ancient Potion"},{"floor":25,"key":"CultistPotion"},{"floor":37,"key":"SteroidPotion"},{"floor":45,"key":"LiquidMemories"},{"floor":48,"key":"CunningPotion"}],"is_trial":false,"path_per_floor":["M","M","?","M","M","E","R","E","T","R","M","E","M","?","R","B",null,"M","$","M","M","?","E","R","E","T","E","M","?","?","E","R","B",null,"M","M","?","M","M","R","E","R","T","R","E","?","?","M","R","B",null,"R","$","E","B",null],"character_chosen":"THE_SILENT","items_purchased":["Mummified Hand","Meat on the Bone","Infinite Blades"],"campfire_rested":1,"item_purchase_floors":[19,19,53],"current_hp_per_floor":[63,69,52,48,47,17,17,2,2,23,25,18,9,9,9,33,62,56,56,57,55,55,49,49,46,46,46,44,28,40,40,40,44,67,67,59,59,59,59,59,48,48,48,48,45,30,30,36,36,49,69,69,69,78,15],"gold":19,"neow_bonus":"THREE_SMALL_POTIONS","is_daily":false,"chose_seed":false,"campfire_upgraded":5,"win_rate":0.0,"timestamp":1607824332,"path_taken":["M","?","?","M","M","E","R","E","T","R","M","E","M","?","R","BOSS","M","$","M","M","?","E","R","E","T","E","M","?","?","E","R","BOSS","M","M","?","?","M","R","E","R","T","R","E","?","?","M","R","BOSS","R","$","E","BOSS"],"items_purchased_type":["Relic","Relic","Card"],"build_version":"2020-11-30","purchased_purges":0,"victory":true,"max_hp_per_floor":[70,70,70,70,70,70,70,70,70,70,72,72,72,72,72,72,72,72,72,74,74,74,74,74,74,74,74,74,74,74,74,74,74,74,74,74,74,74,74,74,74,74,74,74,76,76,76,76,76,76,76,76,76,85,85],"relic_stats":{"Singing Bowl":8,"counters":[31,149],"Golden Idol":247,"Pen Nib":[8],"Ginger":[3],"Smiling Mask":0,"Cursed Key":1,"MawBank":0,"Mummified Hand":[53],"Shuriken":[46],"Pantograph":82,"Ectoplasm":850,"obtain_stats":[{"Ice Cream":30,"Potion Belt":43,"Girya":12,"Singing Bowl":9,"Golden Idol":3,"Nilry\u0027s Codex":29,"The Courier":8,"Pen Nib":45,"Omamori":31,"Ginger":27,"Smiling Mask":23,"Cursed Key":34,"MawBank":41,"Mummified Hand":19,"Shuriken":30,"Pantograph":6,"Strawberry":54,"Ectoplasm":17,"Bag of Marbles":25,"Ring of the Snake":0,"Meat on the Bone":19},{"Ice Cream":19,"Potion Belt":26,"Girya":8,"Singing Bowl":6,"Golden Idol":2,"Nilry\u0027s Codex":17,"The Courier":6,"Pen Nib":27,"Omamori":20,"Ginger":16,"Smiling Mask":14,"Cursed Key":21,"MawBank":26,"Mummified Hand":11,"Shuriken":19,"Pantograph":5,"Strawberry":30,"Ectoplasm":10,"Bag of Marbles":15,"Ring of the Snake":0,"Meat on the Bone":11},{"Ice Cream":103,"Potion Belt":127,"Girya":53,"Singing Bowl":37,"Golden Idol":12,"Nilry\u0027s Codex":97,"The Courier":37,"Pen Nib":131,"Omamori":106,"Ginger":94,"Smiling Mask":85,"Cursed Key":114,"MawBank":127,"Mummified Hand":72,"Shuriken":103,"Pantograph":32,"Strawberry":144,"Ectoplasm":69,"Bag of Marbles":90,"Ring of the Snake":0,"Meat on the Bone":72}],"Ring of the Snake":[62],"Meat on the Bone":72},"card_choices":[{"not_picked":["Outmaneuver","Bane","Expertise"],"picked":"SKIP","floor":1},{"not_picked":["Dagger Throw","Expertise"],"picked":"Backstab","floor":2},{"not_picked":["Outmaneuver","Prepared","Deflect"],"picked":"SKIP","floor":4},{"not_picked":["Dodge and Roll","Escape Plan"],"picked":"Caltrops","floor":5},{"not_picked":["Deflect","Cloak And Dagger"],"picked":"Flechettes","floor":6},{"not_picked":["Skewer","Underhanded Strike"],"picked":"Backflip","floor":8},{"not_picked":["Expertise","Bane","Underhanded Strike"],"picked":"Singing Bowl","floor":11},{"not_picked":["A Thousand Cuts","Backflip"],"picked":"Well Laid Plans","floor":12},{"not_picked":["Concentrate","Skewer"],"picked":"Cloak And Dagger","floor":13},{"not_picked":["Tools of the Trade","Grand Finale"],"picked":"Die Die Die","floor":16},{"not_picked":["Dagger Throw","Acrobatics"],"picked":"Dagger Spray+1","floor":18},{"not_picked":["Catalyst+1","Masterful Stab+1","Prepared"],"picked":"Singing Bowl","floor":20},{"not_picked":["Prepared+1","Backflip"],"picked":"Noxious Fumes","floor":21},{"not_picked":["Heel Hook","Poisoned Stab"],"picked":"Blur+1","floor":23},{"not_picked":["Bullet Time","Tactician"],"picked":"Acrobatics","floor":25},{"not_picked":["Well Laid Plans","Bane"],"picked":"Cloak And Dagger+1","floor":27},{"not_picked":["Slice","Finisher"],"picked":"Backstab","floor":28},{"not_picked":["Eviscerate","Bane"],"picked":"Blade Dance","floor":30},{"not_picked":["Blade Dance","Bouncing Flask+1"],"picked":"Backstab","floor":31},{"not_picked":["Grand Finale","Corpse Explosion"],"picked":"Adrenaline","floor":33},{"not_picked":["Noxious Fumes","Predator+1"],"picked":"Backflip","floor":35},{"not_picked":["Acrobatics","Bane"],"picked":"Backflip","floor":36},{"not_picked":["Dagger Throw","Bane"],"picked":"Backflip","floor":38},{"not_picked":["PiercingWail","Backflip+1"],"picked":"Terror","floor":39},{"not_picked":["Outmaneuver","Backflip+1"],"picked":"Blade Dance+1","floor":41},{"not_picked":["Poisoned Stab","Blur","Bouncing Flask+1"],"picked":"Singing Bowl","floor":45},{"not_picked":["Dagger Spray","Accuracy+1"],"picked":"Escape Plan+1","floor":48},{"not_picked":["Doppelganger","Sucker Punch","Underhanded Strike"],"picked":"Singing Bowl","floor":54}],"player_experience":643269,"relics_obtained":[{"floor":6,"key":"Pantograph"},{"floor":8,"key":"The Courier"},{"floor":9,"key":"Singing Bowl"},{"floor":12,"key":"Girya"},{"floor":23,"key":"Smiling Mask"},{"floor":25,"key":"Bag of Marbles"},{"floor":27,"key":"Ginger"},{"floor":30,"key":"Ice Cream"},{"floor":30,"key":"Shuriken"},{"floor":31,"key":"Omamori"},{"floor":41,"key":"MawBank"},{"floor":43,"key":"Potion Belt"},{"floor":45,"key":"Pen Nib"},{"floor":54,"key":"Strawberry"}],"event_choices":[{"damage_healed":0,"gold_gain":0,"player_choice":"Take Damage","damage_taken":17,"relics_obtained":["Golden Idol"],"max_hp_gain":0,"max_hp_loss":0,"event_name":"Golden Idol","floor":3,"gold_loss":0},{"damage_healed":9,"gold_gain":0,"player_choice":"Leave","damage_taken":0,"max_hp_gain":0,"max_hp_loss":72,"event_name":"betterThird:BetterShining","floor":14,"gold_loss":0},{"damage_healed":0,"gold_gain":0,"player_choice":"Simplicity","damage_taken":0,"max_hp_gain":0,"max_hp_loss":10,"event_name":"betterThird:BetterWriting","floor":22,"gold_loss":0},{"damage_healed":0,"gold_gain":0,"player_choice":"Obtained Book","damage_taken":16,"max_hp_gain":0,"max_hp_loss":0,"event_name":"Cursed Tome","floor":29,"gold_loss":0},{"damage_healed":0,"gold_gain":0,"player_choice":"Fight","damage_taken":0,"max_hp_gain":0,"max_hp_loss":0,"event_name":"Colosseum","floor":30,"gold_loss":0},{"damage_healed":0,"gold_gain":0,"player_choice":"Fought Nobs","damage_taken":0,"max_hp_gain":0,"max_hp_loss":0,"event_name":"Colosseum","floor":30,"gold_loss":0},{"damage_healed":0,"gold_gain":0,"player_choice":"Got Potions","damage_taken":0,"max_hp_gain":0,"max_hp_loss":0,"event_name":"Lab","floor":37,"gold_loss":0},{"damage_healed":0,"gold_gain":3,"player_choice":"2","damage_taken":0,"max_hp_gain":0,"max_hp_loss":15,"event_name":"betterStone:BetterStone","floor":46,"gold_loss":0},{"damage_healed":0,"gold_gain":0,"cards_transformed":["Strike_G"],"player_choice":"Transformed","damage_taken":0,"max_hp_gain":0,"max_hp_loss":0,"event_name":"Transmorgrifier","floor":47,"gold_loss":0,"cards_obtained":["Escape Plan"]}],"is_beta":false,"boss_relics":[{"not_picked":["Ring of the Serpent","Runic Dome"],"picked":"Ectoplasm"},{"not_picked":["HoveringKite","Velvet Choker"],"picked":"Cursed Key"}],"items_purged_floors":[],"is_endless":false,"potions_floor_spawned":[1,6,11,12,13,16,18,20,25,30,30,33,39,41,45,48],"ascension_level":9}}