{"host":"i344ixtilokuekwt","time":1607829068,"event":{"mods":["BaseMod","Card Forge","Colored Powertips","Minty Spire (QoL Compilation)","Quick Restart","Relic Stats","StSLib"],"gold_per_floor":[111,128,128,146,164,164,191,29,54,97,97,172,172,88,88,171,234,255,277,287,187,237,20,20,39,66,66,66],"floor_reached":27,"playtime":1116,"items_purged":["Strike_P","Indignation"],"score":442,"play_id":"59882c38-5ef9-4cb6-ab63-d1a8ad10aad0","local_time":"20201212221108","is_ascension_mode":true,"campfire_choices":[{"data":"Eruption","floor":6,"key":"SMITH"},{"data":"Tantrum","floor":11,"key":"SMITH"},{"floor":15,"key":"REST"},{"data":"Wallop","floor":24,"key":"SMITH"}],"circlet_count":0,"master_deck":["AscendersBane","Eruption+1","Vigilance","FlurryOfBlows","FollowUp","ClearTheMind","Consecrate","Tantrum+1","MentalFortress","Brilliance","WheelKick","CutThroughFate","Wish","Evaluate","ReachHeaven","ForeignInfluence","EmptyFist","Perseverance","Wallop+1","FearNoEvil","WaveOfTheHand"],"relics":["PureWater","Hammer of Thor","Seething Fire","Anvil of the Gods","Centennial Puzzle","Blood Vial","CeramicFish","Blue Candle","Pandora\u0027s Box","Dream Catcher"],"acts_visited":["Exordium","TheCity"],"potions_floor_usage":[7,10,16,25],"damage_taken":[{"damage":0,"enemies":"Jaw Worm","floor":1,"turns":3},{"damage":1,"enemies":"Small Slimes","floor":2,"turns":3},{"damage":2,"enemies":"Cultist","floor":4,"turns":5},{"damage":16,"enemies":"3 Louse","floor":5,"turns":4},{"damage":32,"enemies":"Lagavulin","floor":7,"turns":8},{"damage":7,"enemies":"3 Sentries","floor":10,"turns":6},{"damage":40,"enemies":"The Guardian","floor":16,"turns":14},{"damage":0,"enemies":"Chosen","floor":18,"turns":2},{"damage":21,"enemies":"Shell Parasite","floor":19,"turns":3},{"damage":6,"enemies":"3 Cultists","floor":20,"turns":3},{"damage":12,"enemies":"Centurion and Healer","floor":25,"turns":3},{"damage":32,"enemies":"Book of Stabbing","floor":27,"turns":4}],"seed_played":"-1085858010569827575","potions_obtained":[{"floor":1,"key":"Regen Potion"},{"floor":4,"key":"Block Potion"},{"floor":10,"key":"BlessingOfTheForge"},{"floor":19,"key":"Block Potion"}],"is_trial":false,"path_per_floor":["M","M","?","M","M","R","E","$","T","E","R","?","?","?","R","B",null,"M","M","M","$","?","$","R","M","T","E"],"character_chosen":"WATCHER","items_purchased":["Tantrum","Wallop","FearNoEvil","BottledMiracle"],"campfire_rested":1,"item_purchase_floors":[8,23,23,23],"current_hp_per_floor":[67,66,71,69,53,53,21,21,21,31,31,20,20,20,43,5,61,63,44,40,40,40,40,40,30,30,0,0],"gold":66,"neow_bonus":"TEN_PERCENT_HP_BONUS","is_daily":false,"chose_seed":false,"campfire_upgraded":3,"win_rate":0.0,"timestamp":1607829068,"path_taken":["M","M","?","M","M","R","E","$","T","E","R","?","?","?","R","BOSS","M","?","M","$","?","$","R","M","T","E"],"items_purchased_type":["Card","Card","Card","Potion"],"build_version":"2020-11-30","purchased_purges":2,"victory":false,"max_hp_per_floor":[74,74,79,79,79,79,79,79,79,79,79,79,79,79,79,79,79,79,79,79,79,79,79,79,79,79,79,79],"relic_stats":{"Blood Vial":14,"Centennial Puzzle":[18],"Dream Catcher":0,"counters":[12,58],"CeramicFish":126,"Blue Candle":[0],"Pandora\u0027s Box":["Indignation","WheelKick","CutThroughFate","Wish","Evaluate","ReachHeaven","ForeignInfluence"],"obtain_stats":[{"Blood Vial":9,"Centennial Puzzle":7,"Dream Catcher":26,"Anvil of the Gods":0,"CeramicFish":10,"Blue Candle":14,"Pandora\u0027s Box":17,"Hammer of Thor":0,"Seething Fire":0,"PureWater":0},{"Blood Vial":5,"Centennial Puzzle":5,"Dream Catcher":11,"Anvil of the Gods":0,"CeramicFish":6,"Blue Candle":6,"Pandora\u0027s Box":7,"Hammer of Thor":0,"Seething Fire":0,"PureWater":0},{"Blood Vial":23,"Centennial Puzzle":23,"Dream Catcher":54,"Anvil of the Gods":0,"CeramicFish":29,"Blue Candle":29,"Pandora\u0027s Box":43,"Hammer of Thor":0,"Seething Fire":0,"PureWater":0}]},"card_choices":[{"not_picked":["ReachHeaven","Collect"],"picked":"FlurryOfBlows","floor":1},{"not_picked":["Pray","Adaptation"],"picked":"FollowUp","floor":2},{"not_picked":["Swivel","PathToVictory"],"picked":"ClearTheMind","floor":4},{"not_picked":["SashWhip","Evaluate"],"picked":"Consecrate","floor":5},{"not_picked":["SashWhip","FlyingSleeves","EmptyFist"],"picked":"SKIP","floor":7},{"not_picked":["Devotion","Prostrate"],"picked":"MentalFortress","floor":10},{"not_picked":["Devotion","ConjureBlade"],"picked":"Brilliance","floor":16},{"not_picked":["Tantrum","LikeWater"],"picked":"EmptyFist","floor":18},{"not_picked":["FollowUp","WindmillStrike+1"],"picked":"Perseverance","floor":19},{"not_picked":["PathToVictory","CrushJoints","Fasting2"],"picked":"SKIP","floor":20},{"not_picked":["CarveReality","CrushJoints"],"picked":"WaveOfTheHand","floor":25}],"player_experience":649982,"relics_obtained":[{"floor":7,"key":"Centennial Puzzle"},{"floor":9,"key":"Blood Vial"},{"floor":10,"key":"CeramicFish"},{"floor":26,"key":"Dream Catcher"}],"event_choices":[{"damage_healed":0,"gold_gain":0,"player_choice":"Donut","damage_taken":0,"max_hp_gain":5,"max_hp_loss":0,"event_name":"Big Fish","floor":3,"gold_loss":0},{"damage_healed":0,"gold_gain":75,"player_choice":"Gather Gold","damage_taken":11,"max_hp_gain":0,"max_hp_loss":0,"event_name":"World of Goop","floor":12,"gold_loss":0},{"damage_healed":0,"gold_gain":0,"player_choice":"Ignored","damage_taken":0,"max_hp_gain":0,"max_hp_loss":0,"event_name":"Liars Game","floor":13,"gold_loss":0},{"damage_healed":0,"gold_gain":0,"player_choice":"Paid Gold","damage_taken":0,"relics_obtained":["Blue Candle"],"max_hp_gain":0,"max_hp_loss":0,"event_name":"WeMeetAgain","floor":14,"gold_loss":84},{"damage_healed":0,"gold_gain":50,"player_choice":"Stole From Cult","damage_taken":0,"max_hp_gain":0,"max_hp_loss":0,"event_name":"Nest","floor":22,"gold_loss":0}],"is_beta":false,"boss_relics":[{"not_picked":["Ectoplasm","Calling Bell"],"picked":"Pandora\u0027s Box"}],"items_purged_floors":[8,21],"is_endless":false,"potions_floor_spawned":[1,4,10,19],"killed_by":"Book of Stabbing","ascension_level":20}}