{"host":"jrmqsbok61y7b34d","time":1607869483,"event":{"mods":["BaseMod","Colored Map","Colored Powertips","Emptier Cage","Jorbs\u0027s Wanderer Trilogy","Minty Spire (QoL Compilation)","Permanent Neow","Quick Restart","Relic Stats","StSLib","Unceasing Turn Reminder"],"gold_per_floor":[114,13,13,29,29,29,42,42,65,75,106,106,130,158,158,261,261,285,285,301,328,328,328,358,378,428,173,198,198,148,159,159,267,267,287,93,111,129,0,29,29,89,113,124,149,27,27,70,70,80,80,80,7,38,38],"floor_reached":56,"playtime":23620,"items_purged":["stsjorbsmod:Strike_Wanderer","stsjorbsmod:Defend_Wanderer","stsjorbsmod:Defend_Wanderer","stsjorbsmod:ArcaneForm","stsjorbsmod:BurningFlask+1"],"score":1194,"play_id":"552f0f90-61d5-4930-bd60-b07f7ac3d0de","local_time":"20201213142443","is_ascension_mode":false,"campfire_choices":[{"data":"stsjorbsmod:FranticSearch","floor":6.0,"key":"SMITH"},{"data":"stsjorbsmod:Stalwart","floor":8.0,"key":"SMITH"},{"data":"stsjorbsmod:Aid","floor":12.0,"key":"SMITH"},{"data":"stsjorbsmod:ArcaneWeapon","floor":15.0,"key":"SMITH"},{"data":"stsjorbsmod:ChatteringStrike","floor":23,"key":"SMITH"},{"data":"stsjorbsmod:Message","floor":29,"key":"SMITH"},{"data":"stsjorbsmod:Prestidigitation","floor":32,"key":"SMITH"},{"data":"stsjorbsmod:Banish","floor":41,"key":"SMITH"},{"data":"stsjorbsmod:MirrorImage","floor":47,"key":"SMITH"},{"floor":49,"key":"RECALL"},{"data":"stsjorbsmod:FaerieFire","floor":52,"key":"SMITH"}],"circlet_count":0,"master_deck":["stsjorbsmod:ForbiddenGrimoire+1","stsjorbsmod:Defend_Wanderer+1","stsjorbsmod:FreshAdventure+1","stsjorbsmod:EyeOfTheStorm+1","stsjorbsmod:Stalwart+1","stsjorbsmod:FaerieFire+1","stsjorbsmod:ArcaneWeapon+1","stsjorbsmod:FranticSearch+1","stsjorbsmod:Aid+1","stsjorbsmod:ChatteringStrike+1","stsjorbsmod:ChainLightning+1","stsjorbsmod:Withdraw+1","stsjorbsmod:Prestidigitation+1","stsjorbsmod:EyeOfTheStorm+1","stsjorbsmod:WanderingMind+1","stsjorbsmod:Message+1","stsjorbsmod:SmithingStrike+1","stsjorbsmod:Mending+1","stsjorbsmod:Banish+1","stsjorbsmod:DisguiseSelf+1","stsjorbsmod:Fireball+1","stsjorbsmod:FaerieFire+1","stsjorbsmod:FlameWard+1","stsjorbsmod:MagicMissiles+1","stsjorbsmod:Message+1","stsjorbsmod:Counterspell+1","stsjorbsmod:MirrorImage+1","stsjorbsmod:WanderingMind+1","stsjorbsmod:MistyStep"],"relics":["stsjorbsmod:GrimoireRelic","Ancient Tea Set","Bronze Scales","Philosopher\u0027s Stone","Ornamental Fan","Bag of Preparation","Oddly Smooth Stone","Smiling Mask","Astrolabe","Orrery","Red Mask","Pocketwatch","Calipers","Bottled Lightning"],"acts_visited":["Exordium","TheCity","TheBeyond","TheEnding"],"potions_floor_usage":[16,16,16,16,37],"damage_taken":[{"damage":0.0,"enemies":"Cultist","floor":1.0,"turns":4.0},{"damage":6.0,"enemies":"Jaw Worm","floor":4.0,"turns":3.0},{"damage":5.0,"enemies":"2 Louse","floor":7.0,"turns":7.0},{"damage":0.0,"enemies":"Lots of Slimes","floor":10.0,"turns":5.0},{"damage":0.0,"enemies":"2 Fungi Beasts","floor":11.0,"turns":6.0},{"damage":9.0,"enemies":"Blue Slaver","floor":13.0,"turns":5.0},{"damage":4.0,"enemies":"3 Sentries","floor":14.0,"turns":4.0},{"damage":17,"enemies":"Hexaghost","floor":16,"turns":6},{"damage":5,"enemies":"Shell Parasite","floor":18,"turns":6},{"damage":1,"enemies":"2 Thieves","floor":20,"turns":3},{"damage":6,"enemies":"Snake Plant","floor":21,"turns":5},{"damage":36,"enemies":"Slavers","floor":24,"turns":4},{"damage":4,"enemies":"Centurion and Healer","floor":25,"turns":7},{"damage":0,"enemies":"Book of Stabbing","floor":28,"turns":4},{"damage":0,"enemies":"Shelled Parasite and Fungi","floor":31,"turns":4},{"damage":11,"enemies":"Collector","floor":33,"turns":5},{"damage":4,"enemies":"3 Darklings","floor":35,"turns":5},{"damage":0,"enemies":"3 Shapes","floor":37,"turns":7},{"damage":2,"enemies":"Jaw Worm Horde","floor":38,"turns":6},{"damage":1,"enemies":"Nemesis","floor":40,"turns":5},{"damage":2,"enemies":"2 Orb Walkers","floor":42,"turns":5},{"damage":0,"enemies":"Transient","floor":44,"turns":5},{"damage":10,"enemies":"Spire Growth","floor":45,"turns":6},{"damage":0,"enemies":"Sphere and 2 Shapes","floor":48,"turns":6},{"damage":1,"enemies":"Awakened One","floor":50,"turns":7},{"damage":3,"enemies":"Shield and Spear","floor":54,"turns":4},{"damage":65,"enemies":"The Heart","floor":55,"turns":9}],"seed_played":"5401815206643401399","potions_obtained":[{"floor":1.0,"key":"EssenceOfSteel"},{"floor":7.0,"key":"EssenceOfSteel"},{"floor":11.0,"key":"Fire Potion"},{"floor":13.0,"key":"EntropicBrew"},{"floor":20,"key":"Energy Potion"},{"floor":33,"key":"Strength Potion"},{"floor":42,"key":"AttackPotion"}],"is_trial":false,"path_per_floor":["M","$","?","M","?","R","M","R","T","M","M","R","M","E","R","B",null,"M","?","M","M","?","R","E","M","T","$","E","R","$","M","R","B",null,"M","$","M","M","?","E","R","?","T","M","M","$","R","M","R","B",null,"R","$","E","B",null],"character_chosen":"WANDERER","items_purchased":["stsjorbsmod:ArcaneWeapon","Oddly Smooth Stone","Orrery","stsjorbsmod:MirrorImage","stsjorbsmod:LiquidClarity"],"campfire_rested":0,"item_purchase_floors":[2,27,36,46,53],"current_hp_per_floor":[68,68,61,56,56,56,51,51,51,55,64,64,61,60,60,47,74,73,73,74,74,74,74,44,48,48,48,54,54,54,62,62,59,74,73,73,76,82,82,82,82,84,84,84,85,85,85,92,92,92,92,92,92,92,27],"gold":38,"neow_bonus":"THREE_CARDS","is_daily":false,"chose_seed":false,"campfire_upgraded":10,"win_rate":0.0,"timestamp":1607869483,"path_taken":["M","$","?","M","?","R","M","R","T","M","M","R","M","E","R","BOSS","M","?","M","?","?","R","E","M","T","$","E","R","$","M","R","BOSS","M","$","?","M","?","E","R","?","T","M","M","$","R","M","R","BOSS","R","$","E","BOSS"],"items_purchased_type":["Card","Relic","Relic","Card","Potion"],"build_version":"2020-11-30","purchased_purges":5,"victory":true,"max_hp_per_floor":[68,68,68,68,68,68,68,68,68,68,72,72,74,74,74,74,74,74,74,74,74,74,74,74,74,74,74,74,74,74,74,74,74,74,74,74,76,82,82,82,82,84,84,84,86,86,86,92,92,92,92,92,92,92,92],"relic_stats":{"counters":[27,143],"Ornamental Fan":[76],"Bronze Scales":[401],"Astrolabe":["stsjorbsmod:DisguiseSelf","stsjorbsmod:Fireball","stsjorbsmod:BurningFlask"],"Bag of Preparation":[28],"Smiling Mask":300,"obtain_stats":[{"Calipers":42,"Astrolabe":34,"Oddly Smooth Stone":27,"stsjorbsmod:GrimoireRelic":0,"Bag of Preparation":26,"Ancient Tea Set":9,"Smiling Mask":28,"Ornamental Fan":24,"Bronze Scales":14,"Orrery":36,"Philosopher\u0027s Stone":17,"Red Mask":39,"Bottled Lightning":54,"Pocketwatch":40},{"Calipers":21,"Astrolabe":16,"Oddly Smooth Stone":13,"stsjorbsmod:GrimoireRelic":0,"Bag of Preparation":13,"Ancient Tea Set":3,"Smiling Mask":14,"Ornamental Fan":12,"Bronze Scales":7,"Orrery":17,"Philosopher\u0027s Stone":8,"Red Mask":19,"Bottled Lightning":26,"Pocketwatch":20},{"Calipers":106,"Astrolabe":78,"Oddly Smooth Stone":65,"stsjorbsmod:GrimoireRelic":0,"Bag of Preparation":65,"Ancient Tea Set":14,"Smiling Mask":69,"Ornamental Fan":58,"Bronze Scales":34,"Orrery":83,"Philosopher\u0027s Stone":40,"Red Mask":96,"Bottled Lightning":134,"Pocketwatch":101}],"Pocketwatch":[21]},"card_choices":[{"not_picked":["stsjorbsmod:UnseenServant","stsjorbsmod:FracturedMind"],"picked":"stsjorbsmod:Stalwart","floor":0.0},{"not_picked":["stsjorbsmod:ColorSpray","stsjorbsmod:FracturedMind"],"picked":"stsjorbsmod:FaerieFire","floor":1.0},{"not_picked":["stsjorbsmod:Channel","stsjorbsmod:WanderingMind"],"picked":"stsjorbsmod:FranticSearch","floor":4.0},{"not_picked":["stsjorbsmod:BlackTentacles","stsjorbsmod:LoseGrip"],"picked":"stsjorbsmod:Prepare","floor":7.0},{"not_picked":["stsjorbsmod:ParryingBlow","stsjorbsmod:UnseenServant"],"picked":"stsjorbsmod:Aid","floor":10.0},{"not_picked":["stsjorbsmod:Index","stsjorbsmod:DoubleCheck"],"picked":"stsjorbsmod:ChatteringStrike","floor":11.0},{"not_picked":["stsjorbsmod:Hibernate","stsjorbsmod:FaerieFire"],"picked":"stsjorbsmod:ChainLightning","floor":13.0},{"not_picked":["stsjorbsmod:PurgeMind","stsjorbsmod:Message","stsjorbsmod:Index"],"picked":"SKIP","floor":14.0},{"not_picked":["stsjorbsmod:ThirstingSword","stsjorbsmod:DeathThroes"],"picked":"stsjorbsmod:Withdraw","floor":16},{"not_picked":["stsjorbsmod:Prepare","stsjorbsmod:WeightOfMemory"],"picked":"stsjorbsmod:Prestidigitation","floor":18},{"not_picked":["stsjorbsmod:Rest","stsjorbsmod:Materialize+1"],"picked":"stsjorbsmod:WanderingMind+1","floor":20},{"not_picked":["stsjorbsmod:FracturedMind+1","stsjorbsmod:Hibernate"],"picked":"stsjorbsmod:Message","floor":21},{"not_picked":["stsjorbsmod:AnimateObjects","stsjorbsmod:FracturedMind"],"picked":"stsjorbsmod:Message","floor":24},{"not_picked":["stsjorbsmod:Materialize","stsjorbsmod:Prestidigitation"],"picked":"stsjorbsmod:SmithingStrike+1","floor":25},{"not_picked":["stsjorbsmod:WanderingMind","stsjorbsmod:ChainLightning+1","stsjorbsmod:FlameWard"],"picked":"SKIP","floor":28},{"not_picked":["stsjorbsmod:WanderingMind","stsjorbsmod:ChainLightning+1","stsjorbsmod:FlameWard"],"picked":"SKIP","floor":28},{"not_picked":["stsjorbsmod:Hibernate+1","stsjorbsmod:Fear"],"picked":"stsjorbsmod:Mending","floor":31},{"not_picked":["stsjorbsmod:DeathThroes","stsjorbsmod:Fear"],"picked":"stsjorbsmod:Banish","floor":33},{"not_picked":["stsjorbsmod:Hibernate+1","stsjorbsmod:TrueStrike+1","stsjorbsmod:Prepare"],"picked":"SKIP","floor":35},{"not_picked":["stsjorbsmod:RayOfFrost+1","stsjorbsmod:ChatteringStrike"],"picked":"stsjorbsmod:FaerieFire+1","floor":36},{"not_picked":["stsjorbsmod:RayOfFrost+1","stsjorbsmod:Stalwart+1"],"picked":"stsjorbsmod:FlameWard+1","floor":36},{"not_picked":["stsjorbsmod:FracturedMind+1","stsjorbsmod:ColorSpray+1","stsjorbsmod:UnseenServant+1"],"picked":"SKIP","floor":37},{"not_picked":["stsjorbsmod:Prepare+1","stsjorbsmod:DoubleCheck+1","stsjorbsmod:Firebolt+1"],"picked":"SKIP","floor":38},{"not_picked":["stsjorbsmod:Index","stsjorbsmod:Banish","stsjorbsmod:BookOfTongues"],"picked":"SKIP","floor":40},{"not_picked":["stsjorbsmod:SchoolsOfMagic","stsjorbsmod:DoubleCheck"],"picked":"stsjorbsmod:MagicMissiles+1","floor":42},{"not_picked":["stsjorbsmod:ParryingBlow","stsjorbsmod:Will"],"picked":"stsjorbsmod:Message+1","floor":44},{"not_picked":["stsjorbsmod:Index","stsjorbsmod:FaerieFire"],"picked":"stsjorbsmod:Counterspell+1","floor":45},{"not_picked":["stsjorbsmod:Inferno","stsjorbsmod:MistyStep"],"picked":"stsjorbsmod:WanderingMind+1","floor":48},{"not_picked":["stsjorbsmod:ColorSpray","stsjorbsmod:MagicMirror"],"picked":"stsjorbsmod:MistyStep","floor":54}],"player_experience":932440,"relics_obtained":[{"floor":9.0,"key":"Ancient Tea Set"},{"floor":14.0,"key":"Bronze Scales"},{"floor":24,"key":"Ornamental Fan"},{"floor":26,"key":"Bag of Preparation"},{"floor":28,"key":"Smiling Mask"},{"floor":40,"key":"Pocketwatch"},{"floor":42,"key":"Calipers"},{"floor":54,"key":"Bottled Lightning"}],"event_choices":[{"cards_removed":["stsjorbsmod:Strike_Wanderer"],"damage_healed":0.0,"max_hp_gain":0.0,"max_hp_loss":0.0,"gold_gain":0.0,"event_name":"Golden Wing","player_choice":"Card Removal","floor":3.0,"gold_loss":0.0,"damage_taken":7.0},{"cards_removed":["stsjorbsmod:Strike_Wanderer"],"damage_healed":0.0,"max_hp_gain":0.0,"max_hp_loss":0.0,"gold_gain":0.0,"event_name":"Living Wall","player_choice":"Forget","floor":5.0,"gold_loss":0.0,"damage_taken":0.0},{"damage_healed":0,"gold_gain":0,"player_choice":"Copied","damage_taken":0,"max_hp_gain":0,"max_hp_loss":0,"event_name":"Duplicator","floor":19,"gold_loss":0,"cards_obtained":["stsjorbsmod:EyeOfTheStorm"]},{"damage_healed":0,"gold_gain":0,"cards_transformed":["stsjorbsmod:Strike_Wanderer"],"player_choice":"Transformed","damage_taken":0,"max_hp_gain":0,"max_hp_loss":0,"event_name":"Transmorgrifier","floor":22,"gold_loss":0,"cards_obtained":["stsjorbsmod:ArcaneForm"]},{"damage_healed":0,"gold_gain":0,"player_choice":"Paid","damage_taken":0,"relics_obtained":["Red Mask"],"max_hp_gain":0,"max_hp_loss":0,"event_name":"Tomb of Lord Red Mask","floor":39,"gold_loss":129},{"damage_healed":0,"gold_gain":0,"player_choice":"Fight","damage_taken":0,"max_hp_gain":0,"max_hp_loss":0,"event_name":"Mysterious Sphere","floor":42,"gold_loss":0}],"is_beta":false,"boss_relics":[{"not_picked":["Tiny House","Runic Pyramid"],"picked":"Philosopher\u0027s Stone"},{"not_picked":["Empty Cage","SlaversCollar"],"picked":"Astrolabe"}],"items_purged_floors":[2,27,30,36,46],"is_endless":false,"potions_floor_spawned":[1,7,11,13,20,28,33,35,42,44,48,54],"ascension_level":0}}