{"host":"x4yihwynwtwjbvbe","time":1607818491,"event":{"mods":["AchievementEnabler","BaseMod","Colored Map","Colored Powertips","Keyboard Shortcuts","Minty Spire (QoL Compilation)","Quick Restart","Relic Stats"],"gold_per_floor":[109,109,34,34,51,80,96,189,216,248,248,248,267,88,88,188,188,207,221,320,332,57,57,90,90,90,90,125,145,161,177,177,272,272,284,86,86,86,99,124,136,147,172,206,206,12,12,32,32,32,32,32,32,61,61,61],"floor_reached":55,"playtime":4721,"items_purged":["Strike_G","Defend_G","Strike_G","Strike_G+1"],"score":1111,"play_id":"e6d0c9b0-18de-41ef-906e-59ae4682c452","local_time":"20201213091451","is_ascension_mode":true,"campfire_choices":[{"floor":11.0,"key":"REST"},{"data":"Caltrops","floor":15.0,"key":"SMITH"},{"data":"A Thousand Cuts","floor":23.0,"key":"SMITH"},{"data":"Calculated Gamble","floor":25.0,"key":"SMITH"},{"data":"Tools of the Trade","floor":32.0,"key":"SMITH"},{"floor":49.0,"key":"RECALL"},{"data":"Madness","floor":52.0,"key":"SMITH"}],"circlet_count":0,"master_deck":["Defend_G+1","Defend_G+1","Defend_G+1","Defend_G+1","Survivor+1","Neutralize+1","Terror+1","Deflect+1","Deflect+1","PiercingWail+1","Tools of the Trade+1","Quick Slash+1","Caltrops+1","A Thousand Cuts+1","Cloak And Dagger+1","After Image+1","Footwork+1","Calculated Gamble+1","Blade Dance+1","Blade Dance+1","Well Laid Plans+1","Envenom+1","Madness+1","Madness","Madness+1"],"relics":["Ring of the Snake","NeowsBlessing","Bag of Preparation","Centennial Puzzle","Strawberry","Pen Nib","FossilizedHelix","Mango","Coffee Dripper","The Courier","Tough Bandages","Incense Burner","Empty Cage","Mark of the Bloom","Toy Ornithopter","Potion Belt","Ancient Tea Set","Shuriken"],"acts_visited":["TheEnding"],"potions_floor_usage":[54,54],"damage_taken":[{"damage":0.0,"enemies":"Cultist","floor":1.0,"turns":1.0},{"damage":0.0,"enemies":"Small Slimes","floor":5.0,"turns":1.0},{"damage":0.0,"enemies":"Gremlin Nob","floor":6.0,"turns":1.0},{"damage":6.0,"enemies":"2 Louse","floor":7.0,"turns":3.0},{"damage":20.0,"enemies":"3 Sentries","floor":8.0,"turns":15.0},{"damage":13.0,"enemies":"Lagavulin","floor":10.0,"turns":7.0},{"damage":1.0,"enemies":"2 Fungi Beasts","floor":13.0,"turns":3.0},{"damage":28.0,"enemies":"Slime Boss","floor":16.0,"turns":13.0},{"damage":0.0,"enemies":"Chosen","floor":18.0,"turns":4.0},{"damage":7.0,"enemies":"Spheric Guardian","floor":19.0,"turns":4.0},{"damage":6.0,"enemies":"Snake Plant","floor":21.0,"turns":4.0},{"damage":14.0,"enemies":"Slavers","floor":24.0,"turns":4.0},{"damage":0.0,"enemies":"Book of Stabbing","floor":28.0,"turns":5.0},{"damage":0.0,"enemies":"Centurion and Healer","floor":29.0,"turns":5.0},{"damage":1.0,"enemies":"Shelled Parasite and Fungi","floor":30.0,"turns":3.0},{"damage":0.0,"enemies":"Cultist and Chosen","floor":31.0,"turns":5.0},{"damage":8.0,"enemies":"Champ","floor":33.0,"turns":8.0},{"damage":9.0,"enemies":"Orb Walker","floor":35.0,"turns":3.0},{"damage":1.0,"enemies":"3 Shapes","floor":39.0,"turns":3.0},{"damage":0.0,"enemies":"Reptomancer","floor":40.0,"turns":4.0},{"damage":0.0,"enemies":"Jaw Worm Horde","floor":41.0,"turns":4.0},{"damage":0.0,"enemies":"Spire Growth","floor":42.0,"turns":4.0},{"damage":0.0,"enemies":"Nemesis","floor":44.0,"turns":5.0},{"damage":11.0,"enemies":"Sphere and 2 Shapes","floor":48.0,"turns":4.0},{"damage":27.0,"enemies":"Time Eater","floor":50.0,"turns":10.0},{"damage":18,"enemies":"Shield and Spear","floor":54,"turns":6},{"damage":1,"enemies":"The Heart","floor":55,"turns":1}],"seed_played":"-7392699165058090625","potions_obtained":[{"floor":1.0,"key":"ColorlessPotion"},{"floor":5.0,"key":"ColorlessPotion"},{"floor":13.0,"key":"DistilledChaos"},{"floor":16.0,"key":"Dexterity Potion"},{"floor":24.0,"key":"CultistPotion"},{"floor":29.0,"key":"FearPotion"},{"floor":31.0,"key":"PowerPotion"},{"floor":39.0,"key":"Regen Potion"},{"floor":40.0,"key":"Ancient Potion"},{"floor":44.0,"key":"FearPotion"}],"is_trial":false,"path_per_floor":["M","?","$","?","M","E","M","E","T","E","R","T","M","$","R","B",null,"M","M","?","M","$","R","E","R","T","?","E","M","M","M","R","B",null,"M","$","?","?","M","E","M","M","T","E","?","$","?","M","R","B",null,"R","$","E","B"],"character_chosen":"THE_SILENT","items_purchased":["Caltrops","Footwork","Calculated Gamble","Madness","Ancient Tea Set","FairyPotion"],"campfire_rested":1,"item_purchase_floors":[14,22,22,36,46,46],"current_hp_per_floor":[63,63,63,56,56,56,50,37,37,24,47,61,60,60,60,32,76,76,69,69,63,63,63,49,49,49,49,49,49,48,48,48,40,78,69,69,69,69,68,68,68,68,68,68,57,57,57,46,46,19,19,19,19,1,0,0],"gold":61,"neow_bonus":"THREE_ENEMY_KILL","is_daily":false,"chose_seed":false,"campfire_upgraded":5,"win_rate":0.0,"timestamp":1607818491,"path_taken":["M","?","?","?","M","E","M","E","T","E","R","?","M","$","R","BOSS","M","M","?","M","$","R","E","R","T","?","E","M","M","M","R","BOSS","M","$","?","?","M","E","M","M","T","E","?","$","?","M","R","BOSS","R","$","E","BOSS"],"items_purchased_type":["Card","Card","Card","Card","Relic","Potion"],"build_version":"2020-11-30","purchased_purges":4,"victory":false,"max_hp_per_floor":[70,70,70,70,70,70,70,77,77,77,77,91,91,91,91,91,91,91,91,91,91,91,91,91,91,91,91,91,91,91,91,91,91,91,91,91,91,91,91,91,91,91,91,91,91,91,91,91,91,91,91,91,91,91,91,91],"relic_stats":{"Centennial Puzzle":[9],"Tough Bandages":[207],"Mark of the Bloom":81,"counters":[8,38],"Shuriken":[0],"Pen Nib":[16],"Bag of Preparation":[16],"obtain_stats":[{"Potion Belt":44,"Mark of the Bloom":0,"NeowsBlessing":0,"Mango":0,"Pen Nib":0,"The Courier":0,"Bag of Preparation":0,"Incense Burner":0,"Empty Cage":0,"Ancient Tea Set":46,"Centennial Puzzle":0,"Tough Bandages":0,"Shuriken":54,"Strawberry":0,"Coffee Dripper":0,"FossilizedHelix":0,"Toy Ornithopter":40,"Ring of the Snake":0},{"Potion Belt":4,"Mark of the Bloom":0,"NeowsBlessing":0,"Mango":0,"Pen Nib":0,"The Courier":0,"Bag of Preparation":0,"Incense Burner":0,"Empty Cage":0,"Ancient Tea Set":4,"Centennial Puzzle":0,"Tough Bandages":0,"Shuriken":7,"Strawberry":0,"Coffee Dripper":0,"FossilizedHelix":0,"Toy Ornithopter":1,"Ring of the Snake":0},{"Potion Belt":17,"Mark of the Bloom":0,"NeowsBlessing":0,"Mango":0,"Pen Nib":0,"The Courier":0,"Bag of Preparation":0,"Incense Burner":0,"Empty Cage":0,"Ancient Tea Set":17,"Centennial Puzzle":0,"Tough Bandages":0,"Shuriken":37,"Strawberry":0,"Coffee Dripper":0,"FossilizedHelix":0,"Toy Ornithopter":4,"Ring of the Snake":0}],"Toy Ornithopter":0,"Ring of the Snake":[16]},"card_choices":[{"not_picked":["Sucker Punch","Deadly Poison"],"picked":"Terror","floor":1.0},{"not_picked":["Slice","Dash"],"picked":"Deflect","floor":5.0},{"not_picked":["Eviscerate","Prepared"],"picked":"Deflect","floor":6.0},{"not_picked":["Predator","Deadly Poison"],"picked":"PiercingWail","floor":7.0},{"not_picked":["Slice","Dodge and Roll"],"picked":"Tools of the Trade","floor":8.0},{"not_picked":["Slice","Sucker Punch"],"picked":"Quick Slash","floor":10.0},{"not_picked":["Underhanded Strike","Sucker Punch","Cloak And Dagger"],"picked":"SKIP","floor":13.0},{"not_picked":["Storm of Steel","After Image"],"picked":"A Thousand Cuts","floor":16.0},{"not_picked":["Slice","Deflect+1","Dodge and Roll"],"picked":"SKIP","floor":18.0},{"not_picked":["Dagger Throw","Outmaneuver+1"],"picked":"Cloak And Dagger+1","floor":19.0},{"not_picked":["Terror+1","Slice"],"picked":"After Image","floor":21.0},{"not_picked":["Flechettes","Reflex"],"picked":"Blade Dance","floor":24.0},{"not_picked":["Backflip","Bane"],"picked":"Blade Dance+1","floor":28.0},{"not_picked":["Cloak And Dagger","Eviscerate+1"],"picked":"Well Laid Plans+1","floor":29.0},{"not_picked":["Dagger Spray+1","Distraction","PiercingWail"],"picked":"SKIP","floor":30.0},{"not_picked":["Flying Knee+1","Bane","Cloak And Dagger"],"picked":"SKIP","floor":31.0},{"not_picked":["Glass Knife","Venomology"],"picked":"Envenom","floor":33.0},{"not_picked":["Slice","Backstab","Endless Agony"],"picked":"SKIP","floor":35.0},{"not_picked":["Noxious Fumes+1","Endless Agony","Predator+1"],"picked":"SKIP","floor":39.0},{"not_picked":["Eviscerate+1","Deflect+1","Cloak And Dagger+1"],"picked":"SKIP","floor":40.0},{"not_picked":["Catalyst","Underhanded Strike+1","Backflip+1"],"picked":"SKIP","floor":41.0},{"not_picked":["Slice+1","Dagger Spray","A Thousand Cuts"],"picked":"SKIP","floor":42.0},{"not_picked":["Backstab","Cloak And Dagger+1","Bane"],"picked":"SKIP","floor":44.0},{"not_picked":["Underhanded Strike","Blade Dance","Poisoned Stab+1"],"picked":"SKIP","floor":48.0},{"not_picked":["Predator+1","Sucker Punch","Bouncing Flask"],"picked":"SKIP","floor":54}],"player_experience":204804,"relics_obtained":[{"floor":6.0,"key":"Centennial Puzzle"},{"floor":8.0,"key":"Strawberry"},{"floor":9.0,"key":"Pen Nib"},{"floor":10.0,"key":"FossilizedHelix"},{"floor":12.0,"key":"Mango"},{"floor":24.0,"key":"The Courier"},{"floor":26.0,"key":"Tough Bandages"},{"floor":28.0,"key":"Incense Burner"},{"floor":40.0,"key":"Toy Ornithopter"},{"floor":44.0,"key":"Potion Belt"},{"floor":54,"key":"Shuriken"}],"event_choices":[{"damage_healed":0.0,"max_hp_gain":0.0,"max_hp_loss":0.0,"gold_gain":0.0,"event_name":"Accursed Blacksmith","player_choice":"Forge","floor":2.0,"gold_loss":0.0,"damage_taken":0.0,"cards_upgraded":["Terror"]},{"damage_healed":0.0,"max_hp_gain":0.0,"max_hp_loss":0.0,"gold_gain":0.0,"event_name":"Scrap Ooze","player_choice":"Success","floor":4.0,"gold_loss":0.0,"damage_taken":7.0,"relics_obtained":["Bag of Preparation"]},{"damage_healed":0.0,"max_hp_gain":0.0,"max_hp_loss":0.0,"gold_gain":99.0,"event_name":"Nest","player_choice":"Stole From Cult","floor":20.0,"gold_loss":0.0,"damage_taken":0.0},{"damage_healed":0.0,"max_hp_gain":0.0,"max_hp_loss":0.0,"gold_gain":0.0,"event_name":"Back to Basics","player_choice":"Simplicity","floor":27.0,"gold_loss":0.0,"damage_taken":0.0,"cards_upgraded":["Strike_G","Strike_G","Strike_G","Defend_G","Defend_G","Defend_G","Defend_G"]},{"damage_healed":0.0,"max_hp_gain":0.0,"max_hp_loss":0.0,"gold_gain":0.0,"event_name":"MindBloom","player_choice":"Upgrade","floor":37.0,"gold_loss":0.0,"damage_taken":0.0,"cards_upgraded":["Survivor","Neutralize","Deflect","Deflect","PiercingWail","Quick Slash","After Image","Footwork","Blade Dance","Envenom","Madness"],"relics_obtained":["Mark of the Bloom"]},{"damage_healed":0.0,"max_hp_gain":0.0,"max_hp_loss":0.0,"gold_gain":0.0,"event_name":"SensoryStone","player_choice":"Memory 1","floor":38.0,"gold_loss":0.0,"damage_taken":0.0},{"damage_healed":0.0,"max_hp_gain":0.0,"max_hp_loss":0.0,"gold_gain":0.0,"event_name":"Winding Halls","player_choice":"Embrace Madness","floor":45.0,"gold_loss":0.0,"damage_taken":11.0,"cards_obtained":["Madness","Madness"]},{"damage_healed":0.0,"max_hp_gain":0.0,"max_hp_loss":0.0,"gold_gain":0.0,"event_name":"SecretPortal","player_choice":"Ignored","floor":47.0,"gold_loss":0.0,"damage_taken":0.0}],"is_beta":false,"boss_relics":[{"not_picked":["WristBlade","Cursed Key"],"picked":"Coffee Dripper"},{"not_picked":["Fusion Hammer","Tiny House"],"picked":"Empty Cage"}],"items_purged_floors":[3,14,22,36],"is_endless":false,"potions_floor_spawned":[1,5,13,16,24,29,31,39,40,44],"killed_by":"The Heart","ascension_level":6}}