{"host":"95opfxp0quumjm7q","time":1607888855,"event":{"mods":["2.2 Compatiblity","BaseMod","Downfall","Minty Spire (QoL Compilation)","StSLib"],"gold_per_floor":[99,111,36,21,52,70,122,152,166,166,166,166,266,278,294,294,294],"floor_reached":16,"playtime":1198,"items_purged":[],"score":110,"play_id":"d35ef1ef-0be2-4bad-bedb-5a6c8e40fe9b","local_time":"20201213204735","is_ascension_mode":false,"campfire_choices":[{"floor":1,"key":"RECALL"},{"data":"Slimebound:FirmFortitude","floor":3,"key":"SMITH"},{"floor":10,"key":"DIG"}],"circlet_count":0,"master_deck":["Slimebound:Strike_Slimebound","Slimebound:Strike_Slimebound","Slimebound:Tackle","Slimebound:Defend_Slimebound","Slimebound:Defend_Slimebound","Slimebound:Defend_Slimebound","Slimebound:Defend_Slimebound","Slimebound:Split","Slimebound:CorrosiveSpit","Slimebound:FirmFortitude+1","Slimebound:RejuvenatingLick","Slimebound:SelfFormingGoo","Slimebound:SlimeBrawl","Slimebound:HauntingLick","Slimebound:ViciousTackle","Slimebound:SplitAcid"],"relics":["Slimebound:AbsorbEndCombat","Lantern","downfall:HeartBlessingRed","Oddly Smooth Stone","Shovel","CaptainsWheel","downfall:ShatteredFragment"],"acts_visited":["Exordium"],"potions_floor_usage":[8,16,16],"damage_taken":[{"damage":8,"enemies":"Cultist","floor":2,"turns":4},{"damage":5,"enemies":"downfall:FleeingMerchant","floor":4,"turns":4},{"damage":31,"enemies":"Lagavulin","floor":5,"turns":8},{"damage":0,"enemies":"2 Louse","floor":6,"turns":3},{"damage":26,"enemies":"Gremlin Nob","floor":8,"turns":4},{"damage":0,"enemies":"Jaw Worm","floor":9,"turns":4},{"damage":3,"enemies":"Large Slime","floor":14,"turns":3},{"damage":0,"enemies":"2 Fungi Beasts","floor":15,"turns":3},{"damage":43,"enemies":"downfall:Silent","floor":16,"turns":4}],"seed_played":"-3341195464596366440","potions_obtained":[{"floor":5,"key":"AttackPotion"},{"floor":6,"key":"GamblersBrew"},{"floor":14,"key":"ColorlessPotion"},{"floor":15,"key":"Fire Potion"}],"is_trial":false,"path_per_floor":["R","M","R","$","E","M","T","E","M","R","?","?","?","M","M","B"],"character_chosen":"SLIMEBOUND","items_purchased":[],"campfire_rested":0,"item_purchase_floors":[],"current_hp_per_floor":[60,60,60,59,33,43,43,27,37,37,37,19,19,26,34,0,0],"gold":294,"neow_bonus":"RANDOM_COMMON_RELIC","is_daily":false,"chose_seed":false,"campfire_upgraded":1,"win_rate":0.0,"timestamp":1607888855,"path_taken":["R","M","R","?","E","M","T","E","?","R","?","?","?","M","M","BOSS"],"items_purchased_type":[],"build_version":"2020-11-30","purchased_purges":0,"victory":false,"max_hp_per_floor":[60,60,60,60,60,60,60,60,60,60,60,60,60,60,60,60,60],"card_choices":[{"not_picked":["Slimebound:SlimeSpikes","Slimebound:ViciousTackle"],"picked":"Slimebound:FirmFortitude","floor":2},{"not_picked":["Slimebound:Prepare","Slimebound:SamplingLick"],"picked":"Slimebound:RejuvenatingLick","floor":4},{"not_picked":["Slimebound:Equalize","Slimebound:SplitLeeching"],"picked":"Slimebound:SelfFormingGoo","floor":5},{"not_picked":["Slimebound:LeadByExample","Slimebound:LeechEnergy"],"picked":"Slimebound:SlimeBrawl","floor":6},{"not_picked":["Slimebound:FirmFortitude","Slimebound:ForwardTackle"],"picked":"Slimebound:HauntingLick","floor":8},{"not_picked":["Slimebound:MegaLick","Slimebound:SpikyOuterGoop"],"picked":"Slimebound:ViciousTackle","floor":9},{"not_picked":["Slimebound:LivingWall","Slimebound:GoopSpray","Slimebound:LeechEnergy"],"picked":"SKIP","floor":14},{"not_picked":["Slimebound:GrowthPunch","Slimebound:ComboTackle"],"picked":"Slimebound:SplitAcid","floor":15}],"player_experience":569737,"relics_obtained":[{"floor":5,"key":"Oddly Smooth Stone"},{"floor":8,"key":"Shovel"},{"floor":10,"key":"CaptainsWheel"}],"event_choices":[],"is_beta":false,"boss_relics":[],"items_purged_floors":[],"is_endless":false,"potions_floor_spawned":[5,6,14,15],"killed_by":"downfall:Silent","ascension_level":0}}