{"host":"cjhtzh7tp54jdfyv","time":1607898249,"event":{"mods":["BaseMod","Minty Spire (QoL Compilation)"],"gold_per_floor":[109,109,127,137,154,180,180,22,22,0,14,14,14,24,24,101,101,113,25,36,36,56,56,86,98,124,124,141,141,141,141,141],"floor_reached":31,"playtime":2597,"items_purged":["Strike_G"],"score":514,"play_id":"22c05d34-836d-4e45-a520-9faa436d7748","local_time":"20201213172409","is_ascension_mode":true,"campfire_choices":[{"floor":7,"key":"REST"},{"data":"Blade Dance","floor":12,"key":"SMITH"},{"data":"Footwork","floor":15,"key":"SMITH"},{"data":"Malaise","floor":23,"key":"SMITH"}],"circlet_count":0,"master_deck":["AscendersBane","Strike_G+1","Strike_G+1","Defend_G+1","Defend_G+1","Defend_G+1","Defend_G+1","Defend_G+1","Survivor","Neutralize","Blade Dance+1","Well Laid Plans+1","Dagger Spray","Malaise+1","Quick Slash","Footwork+1","Terror","Slice","Escape Plan","After Image","Bouncing Flask","PiercingWail","Noxious Fumes","Blade Dance","Outmaneuver+1","Poisoned Stab+1","Distraction+1","Masterful Stab","Acrobatics+1","Decay","Ghostly+1","Ghostly+1","Ghostly+1"],"relics":["Ring of the Serpent","The Courier","Eternal Feather","Toxic Egg 2","Ancient Tea Set"],"acts_visited":["Exordium","TheCity"],"potions_floor_usage":[6,18,22,31,31],"damage_taken":[{"damage":18,"enemies":"Jaw Worm","floor":1,"turns":8},{"damage":0,"enemies":"Small Slimes","floor":3,"turns":4},{"damage":4,"enemies":"2 Louse","floor":4,"turns":2},{"damage":8,"enemies":"Blue Slaver","floor":5,"turns":4},{"damage":27,"enemies":"Gremlin Nob","floor":6,"turns":4},{"damage":13,"enemies":"Large Slime","floor":11,"turns":7},{"damage":3,"enemies":"Looter","floor":14,"turns":3},{"damage":25,"enemies":"Slime Boss","floor":16,"turns":14},{"damage":2,"enemies":"Shell Parasite","floor":18,"turns":6},{"damage":23,"enemies":"3 Byrds","floor":20,"turns":6},{"damage":2,"enemies":"Centurion and Healer","floor":22,"turns":9},{"damage":16,"enemies":"Book of Stabbing","floor":24,"turns":9},{"damage":24,"enemies":"Snake Plant","floor":25,"turns":7},{"damage":0,"enemies":"Snecko","floor":28,"turns":4},{"damage":6,"enemies":"Slavers","floor":31,"turns":3}],"seed_played":"-492393218133784594","potions_obtained":[{"floor":3,"key":"Fire Potion"},{"floor":16,"key":"EssenceOfSteel"},{"floor":24,"key":"Fire Potion"},{"floor":25,"key":"Fire Potion"}],"is_trial":false,"path_per_floor":["M","?","M","M","M","E","R","$","T","?","M","R","?","M","R","B",null,"M","$","M","?","M","R","E","M","T","?","M","?","?","E"],"character_chosen":"THE_SILENT","items_purchased":["Footwork","Terror","PiercingWail","Energy Potion"],"campfire_rested":1,"item_purchase_floors":[8,8,19,19],"current_hp_per_floor":[47,47,47,43,35,8,29,29,29,29,16,28,28,25,37,12,57,55,55,32,32,30,45,29,5,5,5,5,5,5,0,0],"gold":141,"neow_bonus":"TEN_PERCENT_HP_BONUS","is_daily":false,"chose_seed":false,"campfire_upgraded":3,"win_rate":0.0,"timestamp":1607898249,"path_taken":["M","?","M","M","M","E","R","$","T","?","M","R","?","M","R","BOSS","M","$","M","?","M","R","E","M","T","?","M","?","?","E"],"items_purchased_type":["Card","Card","Card","Potion"],"build_version":"2020-11-30","purchased_purges":1,"victory":false,"max_hp_per_floor":[72,72,72,72,72,72,72,72,72,72,72,72,72,72,72,72,72,72,72,72,72,72,72,72,72,72,72,72,72,36,36,36],"card_choices":[{"not_picked":["Prepared","Flying Knee"],"picked":"Blade Dance","floor":1},{"not_picked":["Dodge and Roll","Escape Plan"],"picked":"Well Laid Plans","floor":3},{"not_picked":["Dagger Throw","Deflect"],"picked":"Dagger Spray","floor":4},{"not_picked":["Flechettes","Blade Dance"],"picked":"Malaise","floor":5},{"not_picked":["Caltrops","Acrobatics"],"picked":"Quick Slash","floor":6},{"not_picked":["Calculated Gamble","Backflip"],"picked":"Slice","floor":11},{"not_picked":["Bane","Well Laid Plans"],"picked":"Escape Plan","floor":14},{"not_picked":["Bullet Time","Venomology"],"picked":"After Image","floor":16},{"not_picked":["Footwork","Heel Hook"],"picked":"Bouncing Flask","floor":18},{"not_picked":["Infinite Blades","Slice"],"picked":"Noxious Fumes","floor":20},{"not_picked":["Dagger Throw","Poisoned Stab"],"picked":"Blade Dance","floor":22},{"not_picked":["Deadly Poison+1","Envenom"],"picked":"Outmaneuver+1","floor":24},{"not_picked":["Heel Hook","Bane+1"],"picked":"Poisoned Stab+1","floor":25},{"not_picked":["Bane","Finisher"],"picked":"Acrobatics+1","floor":28}],"player_experience":4256312,"relics_obtained":[{"floor":6,"key":"The Courier"},{"floor":9,"key":"Eternal Feather"},{"floor":24,"key":"Toxic Egg 2"},{"floor":26,"key":"Ancient Tea Set"}],"event_choices":[{"damage_healed":0,"gold_gain":0,"player_choice":"Ignored","damage_taken":0,"max_hp_gain":0,"max_hp_loss":0,"event_name":"Liars Game","floor":2,"gold_loss":0},{"damage_healed":0,"gold_gain":0,"player_choice":"Left Gold","damage_taken":0,"max_hp_gain":0,"max_hp_loss":0,"event_name":"World of Goop","floor":10,"gold_loss":22},{"damage_healed":0,"gold_gain":0,"player_choice":"Grow","damage_taken":0,"max_hp_gain":0,"max_hp_loss":0,"event_name":"Living Wall","floor":13,"gold_loss":0,"cards_upgraded":["Well Laid Plans"]},{"damage_healed":0,"gold_gain":0,"player_choice":"Simplicity","damage_taken":0,"max_hp_gain":0,"max_hp_loss":0,"event_name":"Back to Basics","floor":21,"gold_loss":0,"cards_upgraded":["Strike_G","Strike_G","Strike_G","Strike_G","Defend_G","Defend_G","Defend_G","Defend_G","Defend_G"]},{"damage_healed":0,"gold_gain":0,"cards_transformed":["Strike_G","Strike_G"],"player_choice":"Became Test Subject","damage_taken":0,"max_hp_gain":0,"max_hp_loss":0,"event_name":"Drug Dealer","floor":27,"gold_loss":0,"cards_obtained":["Distraction","Masterful Stab"]},{"damage_healed":0,"gold_gain":0,"player_choice":"Smashed Altar","damage_taken":0,"max_hp_gain":0,"max_hp_loss":0,"event_name":"Forgotten Altar","floor":29,"gold_loss":0,"cards_obtained":["Decay"]},{"damage_healed":0,"gold_gain":0,"player_choice":"Became a Ghost","damage_taken":0,"max_hp_gain":0,"max_hp_loss":36,"event_name":"Ghosts","floor":30,"gold_loss":0,"cards_obtained":["Ghostly","Ghostly","Ghostly"]}],"is_beta":false,"boss_relics":[{"not_picked":["HoveringKite","Tiny House"],"picked":"Ring of the Serpent"}],"items_purged_floors":[8],"is_endless":false,"potions_floor_spawned":[3,16,24,25],"killed_by":"Slavers","ascension_level":20}}