{"host":"qtjyrnym4cekytpy","time":1607841577,"event":{"mods":["BaseMod","Downfall","Minty Spire (QoL Compilation)","StSLib"],"gold_per_floor":[99,116,116,127,187,94,142,156,156,156,156],"floor_reached":10,"playtime":598,"items_purged":[],"score":56,"play_id":"3365101c-481e-4ab1-a97f-e229ea3ee9aa","local_time":"20201213043937","is_ascension_mode":false,"campfire_choices":[{"data":"Slimebound:Strike_Slimebound","floor":1,"key":"SMITH"},{"data":"Slimebound:RollThrough","floor":3,"key":"SMITH"},{"floor":9,"key":"REST"}],"circlet_count":0,"master_deck":["Slimebound:Strike_Slimebound","Slimebound:Strike_Slimebound","Slimebound:Strike_Slimebound+1","Slimebound:Tackle","Slimebound:Defend_Slimebound","Slimebound:Defend_Slimebound+1","Slimebound:Defend_Slimebound+1","Slimebound:Defend_Slimebound","Slimebound:Split","Slimebound:CorrosiveSpit","Slimebound:RollThrough+1","Slimebound:ComboTackle","Slimebound:FinishingTackle","Slimebound:FinishingTackle","Slimebound:RejuvenatingLick","Slimebound:ViciousTackle"],"relics":["Slimebound:AbsorbEndCombat","War Paint","Art of War"],"acts_visited":["Exordium"],"potions_floor_usage":[10],"damage_taken":[{"damage":7,"enemies":"Small Slimes","floor":2,"turns":3},{"damage":12,"enemies":"Jaw Worm","floor":4,"turns":3},{"damage":45,"enemies":"Lagavulin Event","floor":5,"turns":6},{"damage":12,"enemies":"downfall:FleeingMerchant","floor":6,"turns":4},{"damage":3,"enemies":"2 Louse","floor":8,"turns":2},{"damage":41,"enemies":"3 Sentries","floor":10,"turns":6}],"seed_played":"6693046913908442952","potions_obtained":[{"floor":4,"key":"ColorlessPotion"}],"is_trial":false,"path_per_floor":["R","M","R","M","?","$","T","M","R","E"],"character_chosen":"SLIMEBOUND","items_purchased":["Slimebound:RejuvenatingLick"],"campfire_rested":1,"item_purchase_floors":[6],"current_hp_per_floor":[66,65,65,59,22,16,16,17,36,0,0],"gold":156,"neow_bonus":"TEN_PERCENT_HP_BONUS","is_daily":false,"chose_seed":false,"campfire_upgraded":2,"win_rate":0.0,"timestamp":1607841577,"path_taken":["R","M","R","M","?","$","T","M","R","E"],"items_purchased_type":["Card"],"build_version":"2020-11-30","purchased_purges":0,"victory":false,"max_hp_per_floor":[66,66,66,66,66,66,66,66,66,66,66],"card_choices":[{"not_picked":["Slimebound:SplitLeeching","Slimebound:GoopSpray"],"picked":"Slimebound:RollThrough","floor":2},{"not_picked":["Slimebound:Prepare","Slimebound:RejuvenatingLick"],"picked":"Slimebound:ComboTackle","floor":4},{"not_picked":["Slimebound:SplitLeeching","Slimebound:Dissolve"],"picked":"Slimebound:FinishingTackle","floor":5},{"not_picked":["Slimebound:ViciousTackle","Slimebound:FirmFortitude"],"picked":"Slimebound:FinishingTackle","floor":6},{"not_picked":["Slimebound:SplitLeeching","Slimebound:LeadByExample"],"picked":"Slimebound:ViciousTackle","floor":8}],"player_experience":161966,"relics_obtained":[{"floor":5,"key":"War Paint"},{"floor":7,"key":"Art of War"}],"event_choices":[],"is_beta":false,"boss_relics":[],"items_purged_floors":[],"is_endless":false,"potions_floor_spawned":[4],"killed_by":"3 Sentries","ascension_level":0}}