{"host":"kyy1kus4tsuq869y","time":1607873230,"event":{"mods":["BaseMod","Downfall","GifTheSpireLib","HololiveMod","Hubris","Jorbs\u0027s Wanderer Trilogy","Marisa£®ÏF”Í°°ƒß¿Ì…≥£©","Minty Spire (QoL Compilation)","Quick Restart","READ ME - Guardian Mod","READ ME - Snecko Mod","Reimu£®≤©¿ˆ¡È√Œ£©","Remilia£®¿Ÿ√◊¿Ú—«£©","Replay The Spire","StSLib","Td1madao Mod","The Administrix","The Animator","The Bug Knight","The Construct","The Cursed","The Hierophant","The Runesmith","The Senshi","The Servant 0.9.4","Youmu£®ªÍ∆«—˝√Œ£©"],"gold_per_floor":[111,61,1,19,37,37,64,64,64,64,64,88,88,88,88,128,128,128,128],"floor_reached":18,"playtime":506,"items_purged":[],"score":189,"play_id":"42d8e149-56ee-45b5-a267-a547ea0c6aa7","local_time":"20201213232710","is_ascension_mode":true,"campfire_choices":[{"data":"Adrenaline","floor":6,"key":"SMITH"},{"data":"Draining Mist","floor":8,"key":"SMITH"},{"data":"Finisher","floor":11,"key":"SMITH"},{"floor":15,"key":"REST"},{"data":"Neutralize","floor":17,"key":"SMITH"}],"circlet_count":0,"master_deck":["AscendersBane","Strike_G","Strike_G","Strike_G","Strike_G","Strike_G","Defend_G","Defend_G","Defend_G","Defend_G","Defend_G","Survivor","Neutralize+1","Adrenaline+1","Infinite Blades+1","Finisher+1","Draining Mist+1"],"relics":["Ring of the Snake","Counterbalance","Golden Idol","Nunchaku"],"acts_visited":["Exordium"],"potions_floor_usage":[18],"damage_taken":[{"damage":0,"enemies":"Small Slimes","floor":1,"turns":5},{"damage":0,"enemies":"2 Louse","floor":4,"turns":4},{"damage":4,"enemies":"Jaw Worm","floor":5,"turns":3},{"damage":28,"enemies":"Gremlin Nob","floor":7,"turns":4},{"damage":0,"enemies":"Large Slime","floor":12,"turns":3},{"damage":14,"enemies":"3 Sentries","floor":16,"turns":10},{"damage":48,"enemies":"Fading Forest","floor":18,"turns":10}],"seed_played":"-5011529751614116740","potions_obtained":[{"floor":12,"key":"LifebloodPotion"}],"is_trial":false,"path_per_floor":["M","?","$","M","M","R","E","R","T","?","R","M","PTL","PTL","R","E","R","B"],"character_chosen":"THE_SILENT","items_purchased":["Infinite Blades+1"],"campfire_rested":1,"item_purchase_floors":[3],"current_hp_per_floor":[63,63,63,63,59,59,31,31,31,31,31,31,31,31,50,36,36,0,0],"gold":128,"neow_bonus":"THREE_RARE_CARDS","is_daily":false,"chose_seed":false,"campfire_upgraded":4,"win_rate":0.0,"timestamp":1607873230,"path_taken":["M","?","$","M","M","R","E","R","T","?","R","M","PTL","PTL","R","E","R","BOSS"],"items_purchased_type":["Card"],"build_version":"2020-11-30","purchased_purges":0,"victory":false,"max_hp_per_floor":[70,70,70,70,70,70,70,70,70,65,65,65,65,65,65,65,65,65,65],"card_choices":[{"not_picked":["Glass Knife","Poison Darts"],"picked":"Adrenaline","floor":0},{"not_picked":["Backflip","Dodge and Roll","Outmaneuver"],"picked":"SKIP","floor":1},{"not_picked":["Dodge and Roll","hubris:SlightOfHand","Hidden Blade"],"picked":"SKIP","floor":4},{"not_picked":["Flying Knee","Toxin Wave"],"picked":"Finisher","floor":5},{"not_picked":["Eviscerate","Acrobatics"],"picked":"Draining Mist","floor":7},{"not_picked":["Slice","Distraction","Prepared"],"picked":"SKIP","floor":12},{"not_picked":["Outmaneuver","Deadly Poison","Slice"],"picked":"SKIP","floor":16}],"player_experience":458267,"relics_obtained":[{"floor":7,"key":"Counterbalance"},{"floor":16,"key":"Nunchaku"}],"event_choices":[{"cards_removed":["hubris:Envy"],"damage_healed":0,"gold_gain":0,"player_choice":"Card Removal","damage_taken":0,"max_hp_gain":0,"max_hp_loss":0,"event_name":"The Cleric","floor":2,"gold_loss":50},{"damage_healed":0,"gold_gain":0,"player_choice":"Lose Max HP","damage_taken":0,"relics_obtained":["Golden Idol"],"max_hp_gain":0,"max_hp_loss":5,"event_name":"Golden Idol","floor":10,"gold_loss":0}],"is_beta":false,"boss_relics":[],"items_purged_floors":[],"is_endless":false,"potions_floor_spawned":[12],"killed_by":"Fading Forest","ascension_level":12}}