{"host":"ehwj6oc29l3x8nvc","time":1607826583,"event":{"mods":["BaseMod","BetterRewards","Colored Map","Colored Powertips","Minty Spire (QoL Compilation)","StSLib","Transform Curses"],"gold_per_floor":[219,219,237,257,267,267,285,285,337,363,380,398,59,74,74,171,171,183,108,108,108,119,139,139,159,183,183,183,195,211,211,211,211,211],"floor_reached":33,"playtime":2118,"items_purged":[],"score":253,"play_id":"8f026d92-401d-487c-a38a-84a18ea246bb","local_time":"20201212192943","is_ascension_mode":false,"campfire_choices":[{"floor":6,"key":"REST"},{"floor":15,"key":"REST"},{"floor":24,"key":"REST"},{"floor":27,"key":"REST"},{"floor":32,"key":"REST"}],"circlet_count":0,"master_deck":["Strike_G","Strike_G","Strike_G","Strike_G","Defend_G","Defend_G","Defend_G","Defend_G","Defend_G","Survivor","Neutralize","Footwork","Crippling Poison","Poisoned Stab","Catalyst","Deadly Poison","Blade Dance","Footwork","Dagger Spray","Wraith Form v2","Bane","Bane+1","Deflect","Flying Knee+1","Outmaneuver"],"relics":["Ring of the Snake","Orichalcum","Ornamental Fan","Lantern","Frozen Eye","WristBlade","Snake Skull","Enchiridion","Omamori","Ninja Scroll"],"acts_visited":["Exordium","TheCity"],"potions_floor_usage":[16,16,33,33],"damage_taken":[{"damage":0,"enemies":"Small Slimes","floor":1,"turns":4},{"damage":2,"enemies":"Cultist","floor":3,"turns":5},{"damage":1,"enemies":"Jaw Worm","floor":4,"turns":5},{"damage":8,"enemies":"Gremlin Gang","floor":5,"turns":6},{"damage":11,"enemies":"Blue Slaver","floor":7,"turns":4},{"damage":32,"enemies":"Gremlin Nob","floor":10,"turns":5},{"damage":10,"enemies":"3 Louse","floor":11,"turns":3},{"damage":0,"enemies":"Large Slime","floor":12,"turns":8},{"damage":4,"enemies":"Exordium Wildlife","floor":14,"turns":5},{"damage":21,"enemies":"Slime Boss","floor":16,"turns":9},{"damage":17,"enemies":"Spheric Guardian","floor":18,"turns":4},{"damage":30,"enemies":"2 Thieves","floor":22,"turns":4},{"damage":2,"enemies":"3 Cultists","floor":23,"turns":3},{"damage":10,"enemies":"Shelled Parasite and Fungi","floor":25,"turns":4},{"damage":2,"enemies":"Sentry and Sphere","floor":29,"turns":4},{"damage":4,"enemies":"Snecko","floor":30,"turns":3},{"damage":88,"enemies":"Champ","floor":33,"turns":11}],"seed_played":"3277636966043851844","potions_obtained":[{"floor":2,"key":"FairyPotion"},{"floor":2,"key":"Weak Potion"},{"floor":2,"key":"FearPotion"},{"floor":22,"key":"Swift Potion"},{"floor":29,"key":"SkillPotion"},{"floor":30,"key":"SkillPotion"}],"is_trial":false,"path_per_floor":["M","?","M","M","M","R","M","?","T","E","M","M","$","M","R","B",null,"M","?","?","?","M","M","R","M","T","R","?","M","M","?","R","B"],"character_chosen":"THE_SILENT","items_purchased":["Footwork","Lantern","Frozen Eye"],"campfire_rested":5,"item_purchase_floors":[13,13,13],"current_hp_per_floor":[70,70,68,67,59,70,59,59,59,27,17,17,17,13,34,13,70,53,53,53,37,7,5,26,16,16,37,37,35,31,31,52,0,0],"gold":211,"neow_bonus":"HUNDRED_GOLD","is_daily":false,"chose_seed":false,"campfire_upgraded":0,"win_rate":0.0,"timestamp":1607826583,"path_taken":["M","?","M","?","M","R","M","?","T","E","M","?","$","M","R","BOSS","M","?","?","?","M","M","R","M","T","R","?","M","?","?","R","BOSS"],"items_purchased_type":["Card","Relic","Relic"],"build_version":"2020-11-30","purchased_purges":0,"victory":false,"max_hp_per_floor":[70,70,70,70,70,70,70,70,70,70,70,70,70,70,70,70,70,70,70,70,70,70,70,70,70,70,70,70,70,70,70,70,70,70],"card_choices":[{"not_picked":["Bane","Acrobatics"],"picked":"Footwork","floor":1},{"not_picked":["Dagger Throw","Reflex","Escape Plan"],"picked":"SKIP","floor":3},{"not_picked":["Underhanded Strike","Catalyst"],"picked":"Crippling Poison","floor":4},{"not_picked":["Flying Knee","Quick Slash"],"picked":"Poisoned Stab","floor":5},{"not_picked":["Expertise","Deflect"],"picked":"Catalyst","floor":7},{"not_picked":["Blur","Acrobatics"],"picked":"Deadly Poison","floor":10},{"not_picked":["Malaise","Endless Agony"],"picked":"Blade Dance","floor":11},{"not_picked":["PiercingWail","Sucker Punch","Outmaneuver"],"picked":"SKIP","floor":12},{"not_picked":["All Out Attack","Endless Agony"],"picked":"Dagger Spray","floor":14},{"not_picked":["Tools of the Trade","Malaise"],"picked":"Wraith Form v2","floor":16},{"not_picked":["Backflip","Well Laid Plans","Acrobatics"],"picked":"SKIP","floor":18},{"not_picked":["Outmaneuver","Tactician+1"],"picked":"Bane","floor":22},{"not_picked":["Deflect","Well Laid Plans"],"picked":"Bane+1","floor":23},{"not_picked":["Acrobatics","Slice"],"picked":"Deflect","floor":25},{"not_picked":["Endless Agony","Well Laid Plans"],"picked":"Flying Knee+1","floor":29},{"not_picked":["Flying Knee","Sucker Punch+1"],"picked":"Outmaneuver","floor":30}],"player_experience":19318,"relics_obtained":[{"floor":9,"key":"Orichalcum"},{"floor":10,"key":"Ornamental Fan"},{"floor":21,"key":"Enchiridion"},{"floor":26,"key":"Omamori"}],"event_choices":[{"damage_healed":0,"gold_gain":0,"player_choice":"Got Potions","damage_taken":0,"max_hp_gain":0,"max_hp_loss":0,"event_name":"Lab","floor":2,"gold_loss":0},{"damage_healed":0,"gold_gain":0,"player_choice":"Bought 0 Potions","damage_taken":0,"max_hp_gain":0,"max_hp_loss":0,"event_name":"The Woman in Blue","floor":8,"gold_loss":0},{"cards_removed":["Strike_G"],"damage_healed":0,"gold_gain":0,"player_choice":"Gave Gold","damage_taken":0,"max_hp_gain":0,"max_hp_loss":0,"event_name":"Beggar","floor":19,"gold_loss":75},{"damage_healed":0,"gold_gain":0,"player_choice":"Opened","damage_taken":0,"relics_obtained":["Snake Skull"],"max_hp_gain":0,"max_hp_loss":0,"event_name":"The Mausoleum","floor":20,"gold_loss":0},{"damage_healed":0,"gold_gain":0,"player_choice":"Obtained Book","damage_taken":16,"max_hp_gain":0,"max_hp_loss":0,"event_name":"Cursed Tome","floor":21,"gold_loss":0},{"damage_healed":0,"gold_gain":0,"player_choice":"Stole Relic","damage_taken":0,"relics_obtained":["Ninja Scroll"],"max_hp_gain":0,"max_hp_loss":0,"event_name":"Addict","floor":28,"gold_loss":0,"cards_obtained":["Shame"]},{"damage_healed":0,"gold_gain":0,"player_choice":"Ignored","damage_taken":0,"max_hp_gain":0,"max_hp_loss":0,"event_name":"Ghosts","floor":31,"gold_loss":0}],"is_beta":false,"boss_relics":[{"not_picked":["Philosopher\u0027s Stone","SacredBark"],"picked":"WristBlade"}],"items_purged_floors":[],"is_endless":false,"potions_floor_spawned":[3,5,10,11,14,22,29,30],"killed_by":"Champ","ascension_level":0}}