{"host":"p9t7qd83igtcp2bh","time":1607879311,"event":{"mods":["2.2 Compatiblity","AchievementEnabler","BaseMod","Colored Map","Colored Powertips","Custom Start","DeckTracker","Keyboard Shortcuts","Minty Spire (QoL Compilation)","Permanent Neow","Spicy Shops","StSLib","SuperFastMode","everything is the same but u backflip on backflip"],"gold_per_floor":[115,190,205,215,233,233,267,35,59,121,121,145,161,174,174,174,174],"floor_reached":16,"playtime":334,"items_purged":["Shame"],"score":107,"play_id":"ce873383-4042-4e80-a33c-7b46ed49885d","local_time":"20201214020831","is_ascension_mode":true,"campfire_choices":[{"data":"Apotheosis","floor":6,"key":"SMITH"},{"data":"Worship","floor":15,"key":"SMITH"}],"circlet_count":0,"master_deck":["Strike_R","Strike_R","Strike_R","Strike_R","Strike_R","Defend_R","Defend_R","Defend_R","Defend_R","Bash","Apotheosis+1","Hemokinesis","Body Slam","Sentinel","Second Wind","Glacier","Beam Cell","Worship+1"],"relics":["Burning Blood","MealTicket","PrismaticShard","Orichalcum","Centennial Puzzle","Bag of Marbles"],"acts_visited":["Exordium"],"potions_floor_usage":[16],"damage_taken":[{"damage":2,"enemies":"2 Louse","floor":1,"turns":4},{"damage":8,"enemies":"Small Slimes","floor":3,"turns":4},{"damage":10,"enemies":"Jaw Worm","floor":4,"turns":5},{"damage":16,"enemies":"Blue Slaver","floor":5,"turns":3},{"damage":43,"enemies":"3 Sentries","floor":7,"turns":9},{"damage":16,"enemies":"Gremlin Nob","floor":10,"turns":4},{"damage":3,"enemies":"Large Slime","floor":13,"turns":7},{"damage":5,"enemies":"Red Slaver","floor":14,"turns":2},{"damage":42,"enemies":"The Guardian","floor":16,"turns":8}],"seed_played":"1406399926000331193","potions_obtained":[{"floor":4,"key":"Swift Potion"},{"floor":5,"key":"Block Potion"},{"floor":7,"key":"Swift Potion"}],"is_trial":false,"path_per_floor":["M","?","M","M","M","R","E","$","T","?","$","T","M","M","R","B"],"character_chosen":"IRONCLAD","items_purchased":["PrismaticShard"],"campfire_rested":0,"item_purchase_floors":[8],"current_hp_per_floor":[80,69,67,63,53,53,16,31,31,21,36,36,39,40,40,0,0],"gold":174,"neow_bonus":"RANDOM_COLORLESS_2","is_daily":false,"chose_seed":false,"campfire_upgraded":2,"win_rate":0.0,"timestamp":1607879311,"path_taken":["M","?","M","M","M","R","E","$","T","?","?","?","M","M","R","BOSS"],"items_purchased_type":["Relic"],"build_version":"2020-11-30","purchased_purges":1,"victory":false,"max_hp_per_floor":[80,80,80,80,80,80,80,80,80,80,80,80,80,80,80,80,80],"card_choices":[{"not_picked":["Panache","Master of Strategy"],"picked":"Apotheosis","floor":0},{"not_picked":["Shrug It Off","Power Through"],"picked":"Hemokinesis","floor":1},{"not_picked":["Armaments","Metallicize","Clash"],"picked":"SKIP","floor":3},{"not_picked":["Power Through","Intimidate"],"picked":"Body Slam","floor":4},{"not_picked":["Havoc","Dual Wield"],"picked":"Sentinel","floor":5},{"not_picked":["Warcry","Whirlwind"],"picked":"Second Wind","floor":7},{"not_picked":["FlyingSleeves","Compile Driver"],"picked":"Glacier","floor":10},{"not_picked":["Loop","Concentrate"],"picked":"Beam Cell","floor":13},{"not_picked":["Sweeping Beam","Streamline"],"picked":"Worship","floor":14}],"player_experience":542341,"relics_obtained":[{"floor":7,"key":"MealTicket"},{"floor":9,"key":"Orichalcum"},{"floor":12,"key":"Bag of Marbles"}],"event_choices":[{"damage_healed":0,"gold_gain":75,"player_choice":"Gather Gold","damage_taken":11,"max_hp_gain":0,"max_hp_loss":0,"event_name":"World of Goop","floor":2,"gold_loss":0},{"damage_healed":0,"gold_gain":0,"player_choice":"Searched \u00272\u0027 times","damage_taken":0,"relics_obtained":["Centennial Puzzle"],"max_hp_gain":0,"max_hp_loss":0,"event_name":"Dead Adventurer","floor":10,"gold_loss":0}],"is_beta":false,"boss_relics":[],"items_purged_floors":[8],"is_endless":false,"potions_floor_spawned":[4,5,7,13],"killed_by":"The Guardian","ascension_level":1}}