{"host":"egyxg9lnjq7g2hmw","time":1607900522,"event":{"mods":["AchievementEnabler","BaseMod","Block Reminder","Colored Map","Colored Powertips","Highlight Path","Minty Spire (QoL Compilation)","Rare Cards Sparkle","StSLib"],"gold_per_floor":[19,39,50,69,88,123,123,143,166,181,211,30,57,70,70,175,175,192,192,192,208,220,248,74,74,74,107,120,120,135,167,167,270,270,280,300,300,315,365,397,407,407,455,482,482,516,516,516,516,516,516,516,7,33,33,33],"floor_reached":55,"playtime":3785,"items_purged":["Strike_P","Defend_P"],"score":1037,"play_id":"62478ddf-7154-44b4-8391-fe7c1a514e34","local_time":"20201213150202","is_ascension_mode":true,"campfire_choices":[{"data":"Eruption","floor":7.0,"key":"SMITH"},{"data":"WindmillStrike","floor":15.0,"key":"SMITH"},{"data":"Establishment","floor":29,"key":"SMITH"},{"data":"LessonLearned","floor":32,"key":"SMITH"},{"floor":42,"key":"RECALL"},{"data":"Vault","floor":47,"key":"SMITH"},{"floor":49,"key":"REST"},{"data":"Vigilance","floor":52,"key":"SMITH"}],"circlet_count":0,"master_deck":["Defend_P+1","Defend_P+1","Defend_P","Eruption+1","Vigilance+1","EmptyFist+1","FollowUp+1","Consecrate+1","CrushJoints+1","CarveReality+1","WindmillStrike+1","Perseverance+1","Vault+1","Prostrate+1","LessonLearned+1","Prostrate+1","SandsOfTime+1","MentalFortress+1","Establishment+1","Vault+1","WheelKick+1"],"relics":["HolyWater","CaptainsWheel","FossilizedHelix","Damaru","Gambling Chip","Bag of Marbles","Empty Cage","Centennial Puzzle","Happy Flower","TungstenRod","Blood Vial","Orichalcum","Du-Vu Doll","Bottled Lightning","Mummified Hand","Boot","Spirit Poop","Unceasing Top","Vajra","Bottled Flame"],"acts_visited":["Exordium","TheCity","TheBeyond","TheEnding"],"potions_floor_usage":[40,50,50,55],"damage_taken":[{"damage":0.0,"enemies":"Cultist","floor":1.0,"turns":3.0},{"damage":0.0,"enemies":"Jaw Worm","floor":2.0,"turns":5.0},{"damage":0.0,"enemies":"Small Slimes","floor":3.0,"turns":4.0},{"damage":2.0,"enemies":"Looter","floor":4.0,"turns":2.0},{"damage":1.0,"enemies":"Large Slime","floor":5.0,"turns":3.0},{"damage":27.0,"enemies":"Gremlin Nob","floor":6.0,"turns":3.0},{"damage":0.0,"enemies":"2 Fungi Beasts","floor":8.0,"turns":2.0},{"damage":0.0,"enemies":"Looter","floor":10.0,"turns":3.0},{"damage":0.0,"enemies":"Lagavulin","floor":11.0,"turns":6.0},{"damage":2.0,"enemies":"3 Sentries","floor":13.0,"turns":7.0},{"damage":0.0,"enemies":"Red Slaver","floor":14.0,"turns":1.0},{"damage":16.0,"enemies":"The Guardian","floor":16.0,"turns":6.0},{"damage":6.0,"enemies":"Shell Parasite","floor":18.0,"turns":9.0},{"damage":14.0,"enemies":"Spheric Guardian","floor":21.0,"turns":7.0},{"damage":0.0,"enemies":"Snecko","floor":22.0,"turns":2.0},{"damage":15.0,"enemies":"Book of Stabbing","floor":23.0,"turns":5.0},{"damage":0,"enemies":"Gremlin Leader","floor":27,"turns":8},{"damage":0,"enemies":"Cultist and Chosen","floor":28,"turns":5},{"damage":0,"enemies":"Sentry and Sphere","floor":30,"turns":6},{"damage":0,"enemies":"Book of Stabbing","floor":31,"turns":5},{"damage":0,"enemies":"Automaton","floor":33,"turns":7},{"damage":31,"enemies":"Orb Walker","floor":35,"turns":7},{"damage":0,"enemies":"3 Shapes","floor":36,"turns":4},{"damage":0,"enemies":"Transient","floor":38,"turns":7},{"damage":0,"enemies":"Mind Bloom Boss Battle","floor":39,"turns":3},{"damage":0,"enemies":"Giant Head","floor":40,"turns":7},{"damage":0,"enemies":"Maw","floor":41,"turns":7},{"damage":0,"enemies":"Nemesis","floor":44,"turns":7},{"damage":6,"enemies":"Giant Head","floor":46,"turns":9},{"damage":23,"enemies":"Donu and Deca","floor":50,"turns":12},{"damage":8,"enemies":"Shield and Spear","floor":54,"turns":8},{"damage":73,"enemies":"The Heart","floor":55,"turns":8}],"seed_played":"5428644542861975889","potions_obtained":[{"floor":2.0,"key":"Weak Potion"},{"floor":4.0,"key":"SteroidPotion"},{"floor":10.0,"key":"Regen Potion"},{"floor":13.0,"key":"FearPotion"},{"floor":23.0,"key":"SmokeBomb"},{"floor":28,"key":"SteroidPotion"},{"floor":30,"key":"Dexterity Potion"},{"floor":38,"key":"Weak Potion"},{"floor":40,"key":"SpeedPotion"},{"floor":41,"key":"PowerPotion"}],"is_trial":false,"path_per_floor":["M","M","M","M","M","E","R","M","T","M","E","$","E","M","R","B",null,"M","?","?","M","M","E","$","?","T","E","M","R","M","E","R","B",null,"M","M","?","M","?","E","M","R","T","E","?","E","R","?","R","B",null,"R","$","E","B"],"character_chosen":"WATCHER","items_purchased":["Prostrate","FearPotion","MentalFortress","Unceasing Top","Vajra","StancePotion"],"campfire_rested":1,"item_purchase_floors":[12,12,24,53,53,53],"current_hp_per_floor":[72,72,72,70,69,42,42,42,42,42,42,42,40,40,40,38,72,66,66,66,52,52,37,37,37,37,37,39,39,41,43,43,45,72,41,43,43,45,47,49,51,51,51,53,53,49,49,49,68,45,68,68,68,60,0,0],"gold":33,"neow_bonus":"ONE_RARE_RELIC","is_daily":false,"chose_seed":false,"campfire_upgraded":6,"win_rate":0.0,"timestamp":1607900522,"path_taken":["M","M","M","M","?","E","R","M","T","M","E","?","E","M","R","BOSS","M","?","?","M","M","E","$","?","T","E","M","R","M","E","R","BOSS","M","M","?","M","?","E","M","R","T","E","?","E","R","?","R","BOSS","R","$","E","BOSS"],"items_purchased_type":["Card","Potion","Card","Relic","Relic","Potion"],"build_version":"2020-11-30","purchased_purges":2,"victory":false,"max_hp_per_floor":[72,72,72,72,72,72,72,72,72,72,72,72,72,72,72,72,72,72,72,72,72,72,72,72,72,72,72,72,72,72,72,72,72,72,72,72,72,72,72,72,72,72,72,72,68,68,68,68,68,68,68,68,68,68,68,68],"card_choices":[{"not_picked":["WreathOfFlame","SandsOfTime"],"picked":"EmptyFist","floor":1.0},{"not_picked":["BowlingBash","Consecrate"],"picked":"FollowUp","floor":2.0},{"not_picked":["Indignation","EmptyBody"],"picked":"Consecrate","floor":3.0},{"not_picked":["MentalFortress","BowlingBash","FlyingSleeves"],"picked":"SKIP","floor":4.0},{"not_picked":["Halt","BowlingBash"],"picked":"CrushJoints","floor":5.0},{"not_picked":["Crescendo","Halt"],"picked":"CarveReality","floor":6.0},{"not_picked":["Tantrum","Indignation"],"picked":"WindmillStrike","floor":8.0},{"not_picked":["FlurryOfBlows","Halt"],"picked":"Perseverance","floor":10.0},{"not_picked":["ReachHeaven","CarveReality"],"picked":"Vault","floor":11.0},{"not_picked":["Halt","Consecrate","SashWhip"],"picked":"SKIP","floor":13.0},{"not_picked":["Prostrate","FlurryOfBlows","ClearTheMind"],"picked":"SKIP","floor":14.0},{"not_picked":["Brilliance","DeusExMachina"],"picked":"LessonLearned","floor":16.0},{"not_picked":["Halt+1","CutThroughFate","ThirdEye"],"picked":"SKIP","floor":18.0},{"not_picked":["PathToVictory","Meditate"],"picked":"Prostrate+1","floor":21.0},{"not_picked":["CarveReality","FlyingSleeves+1","Perseverance"],"picked":"SKIP","floor":22.0},{"not_picked":["Perseverance","WreathOfFlame+1"],"picked":"SandsOfTime+1","floor":23.0},{"not_picked":["SandsOfTime","FlurryOfBlows+1"],"picked":"Establishment","floor":27},{"not_picked":["CutThroughFate","ClearTheMind+1"],"picked":"BattleHymn","floor":28},{"not_picked":["EmptyBody+1","SashWhip","FollowUp+1"],"picked":"SKIP","floor":30},{"not_picked":["ClearTheMind","MentalFortress","Ragnarok"],"picked":"SKIP","floor":31},{"not_picked":["Devotion","Establishment"],"picked":"Vault","floor":33},{"not_picked":["EmptyFist+1","Prostrate"],"picked":"WheelKick+1","floor":35},{"not_picked":["CrushJoints+1","Weave","ClearTheMind+1"],"picked":"SKIP","floor":36},{"not_picked":["Adaptation","Crescendo+1","WreathOfFlame"],"picked":"SKIP","floor":38},{"not_picked":["Adaptation","Crescendo+1","WreathOfFlame"],"picked":"SKIP","floor":38},{"not_picked":["TalkToTheHand","Consecrate+1","SashWhip"],"picked":"SKIP","floor":40},{"not_picked":["FearNoEvil+1","Swivel+1","CrushJoints+1"],"picked":"SKIP","floor":41},{"not_picked":["Crescendo","ConjureBlade","CarveReality+1"],"picked":"SKIP","floor":44},{"not_picked":["PathToVictory","Worship+1","BowlingBash+1"],"picked":"SKIP","floor":46},{"not_picked":["PathToVictory","Worship+1","BowlingBash+1"],"picked":"SKIP","floor":46},{"not_picked":["InnerPeace","EmptyFist","ClearTheMind+1"],"picked":"SKIP","floor":54}],"player_experience":422259,"relics_obtained":[{"floor":6.0,"key":"FossilizedHelix"},{"floor":9.0,"key":"Damaru"},{"floor":11.0,"key":"Gambling Chip"},{"floor":13.0,"key":"Bag of Marbles"},{"floor":23.0,"key":"Centennial Puzzle"},{"floor":26.0,"key":"TungstenRod"},{"floor":27,"key":"Blood Vial"},{"floor":31,"key":"Orichalcum"},{"floor":39,"key":"Du-Vu Doll"},{"floor":40,"key":"Bottled Lightning"},{"floor":44,"key":"Mummified Hand"},{"floor":46,"key":"Boot"},{"floor":54,"key":"Bottled Flame"}],"event_choices":[{"cards_removed":["Strike_P"],"damage_healed":0.0,"max_hp_gain":0.0,"max_hp_loss":0.0,"gold_gain":0.0,"event_name":"Back to Basics","player_choice":"Elegance","floor":19.0,"gold_loss":0.0,"damage_taken":0.0},{"damage_healed":0.0,"max_hp_gain":0.0,"max_hp_loss":0.0,"gold_gain":0.0,"event_name":"Vampires","player_choice":"Ignored","floor":20.0,"gold_loss":0.0,"damage_taken":0.0},{"damage_healed":0.0,"max_hp_gain":0.0,"max_hp_loss":0.0,"gold_gain":0.0,"event_name":"Addict","player_choice":"Stole Relic","floor":25.0,"gold_loss":0.0,"damage_taken":0.0,"relics_obtained":["Happy Flower"],"cards_obtained":["Shame"]},{"cards_removed":["BattleHymn"],"damage_healed":0,"gold_gain":0,"player_choice":"Removed Power","damage_taken":0,"max_hp_gain":0,"max_hp_loss":0,"event_name":"Falling","floor":37,"gold_loss":0},{"damage_healed":0,"gold_gain":0,"player_choice":"Fight","damage_taken":0,"max_hp_gain":0,"max_hp_loss":0,"event_name":"MindBloom","floor":39,"gold_loss":0},{"damage_healed":0,"gold_gain":0,"player_choice":"Max HP","damage_taken":0,"max_hp_gain":0,"max_hp_loss":4,"event_name":"Winding Halls","floor":45,"gold_loss":0},{"cards_removed":["Shame"],"damage_healed":0,"gold_gain":0,"player_choice":"Offered Curse","damage_taken":0,"relics_obtained":["Spirit Poop"],"max_hp_gain":0,"max_hp_loss":0,"event_name":"Bonfire Elementals","floor":48,"gold_loss":0}],"is_beta":false,"boss_relics":[{"not_picked":["Pandora\u0027s Box","Philosopher\u0027s Stone"],"picked":"Empty Cage"},{"not_picked":["Black Star","Tiny House"],"picked":"HolyWater"}],"items_purged_floors":[12,24],"is_endless":false,"potions_floor_spawned":[2,4,10,13,23,28,30,38,40,41,46],"killed_by":"The Heart","ascension_level":1}}