{"host":"cjhtzh7tp54jdfyv","time":1607879952,"event":{"mods":["BaseMod","Minty Spire (QoL Compilation)"],"gold_per_floor":[116,131,144,160,171,171,183,209,291,291,291,306,321,335,335,428,428,452,452,165,190,205,244,244,244,324,398,425,441,441,474,474,551,551,568,585,585,601,621,621,621],"floor_reached":40,"playtime":2685,"items_purged":["Strike_G"],"score":908,"play_id":"ee2fbc0d-72b8-46a3-b424-5f5a01ea897c","local_time":"20201213121912","is_ascension_mode":true,"campfire_choices":[{"floor":6,"key":"REST"},{"floor":11,"key":"REST"},{"data":"Crippling Poison","floor":15,"key":"SMITH"},{"data":"Sadistic Nature","floor":25,"key":"SMITH"},{"data":"Malaise","floor":30,"key":"SMITH"},{"data":"Acrobatics","floor":32,"key":"SMITH"}],"circlet_count":0,"master_deck":["AscendersBane","Strike_G","Defend_G","Defend_G","Defend_G","Defend_G","Defend_G","Survivor","Neutralize","Quick Slash","Eviscerate","Bouncing Flask","Deadly Poison","Flying Knee","PiercingWail","Crippling Poison+1","Acrobatics+1","Bullet Time","Sucker Punch+1","Phantasmal Killer+1","Crippling Poison","Sadistic Nature+1","Sucker Punch+1","Malaise+1","Calculated Gamble","Burst","Well Laid Plans+1","Leg Sweep","Footwork+1","Escape Plan"],"relics":["Sozu","Paper Crane","Eternal Feather","Bloody Idol","Astrolabe","Snake Skull","Molten Egg 2","Dead Branch","Blood Vial","Cursed Key"],"acts_visited":["Exordium","TheCity","TheBeyond"],"potions_floor_usage":[],"damage_taken":[{"damage":13,"enemies":"Jaw Worm","floor":1,"turns":6},{"damage":0,"enemies":"2 Louse","floor":2,"turns":3},{"damage":0,"enemies":"Cultist","floor":3,"turns":3},{"damage":10,"enemies":"Large Slime","floor":4,"turns":6},{"damage":14,"enemies":"Exordium Wildlife","floor":5,"turns":5},{"damage":6,"enemies":"Red Slaver","floor":7,"turns":2},{"damage":32,"enemies":"3 Sentries","floor":8,"turns":7},{"damage":15,"enemies":"3 Louse","floor":12,"turns":5},{"damage":7,"enemies":"Looter","floor":13,"turns":3},{"damage":7,"enemies":"Blue Slaver","floor":14,"turns":3},{"damage":12,"enemies":"Hexaghost","floor":16,"turns":9},{"damage":12,"enemies":"2 Thieves","floor":18,"turns":4},{"damage":3,"enemies":"3 Byrds","floor":21,"turns":3},{"damage":8,"enemies":"Snecko","floor":22,"turns":5},{"damage":28,"enemies":"Book of Stabbing","floor":23,"turns":6},{"damage":9,"enemies":"Gremlin Leader","floor":28,"turns":5},{"damage":21,"enemies":"3 Cultists","floor":29,"turns":5},{"damage":23,"enemies":"Book of Stabbing","floor":31,"turns":5},{"damage":12,"enemies":"Collector","floor":33,"turns":7},{"damage":16,"enemies":"3 Darklings","floor":35,"turns":5},{"damage":8,"enemies":"Orb Walker","floor":36,"turns":4},{"damage":6,"enemies":"Writhing Mass","floor":38,"turns":6},{"damage":33,"enemies":"Spire Growth","floor":39,"turns":6},{"damage":31,"enemies":"Nemesis","floor":40,"turns":5}],"seed_played":"-655784035280165653","potions_obtained":[],"is_trial":false,"path_per_floor":["M","M","M","M","M","R","M","E","T","?","R","M","M","M","R","B",null,"M","?","$","M","M","E","?","R","T","T","E","M","R","E","R","B",null,"M","M","T","M","M","E"],"character_chosen":"THE_SILENT","items_purchased":["Sadistic Nature"],"campfire_rested":2,"item_purchase_floors":[20],"current_hp_per_floor":[46,46,46,36,22,41,35,3,3,3,30,15,8,1,13,1,45,33,70,70,67,59,31,31,43,48,53,49,33,45,27,42,37,62,53,52,52,53,27,0,0],"gold":621,"neow_bonus":"BOSS_RELIC","is_daily":false,"chose_seed":false,"campfire_upgraded":4,"win_rate":0.0,"timestamp":1607879952,"path_taken":["M","M","M","M","M","R","M","E","T","?","R","M","M","M","R","BOSS","M","?","$","?","M","E","?","R","T","?","E","M","R","E","R","BOSS","M","M","?","M","M","E"],"items_purchased_type":["Card"],"build_version":"2020-11-30","purchased_purges":1,"victory":false,"max_hp_per_floor":[66,66,66,66,66,66,66,66,66,60,60,60,60,60,60,60,60,60,70,70,70,70,70,70,70,70,70,70,70,70,70,70,70,70,70,70,70,70,70,70,70],"card_choices":[{"not_picked":["Sucker Punch","Prepared"],"picked":"Quick Slash","floor":1},{"not_picked":["Bane","Backflip"],"picked":"Eviscerate","floor":2},{"not_picked":["Flying Knee","Sucker Punch","Setup"],"picked":"SKIP","floor":3},{"not_picked":["Cloak And Dagger","Finisher"],"picked":"Bouncing Flask","floor":4},{"not_picked":["Blade Dance","Sucker Punch"],"picked":"Deadly Poison","floor":5},{"not_picked":["Backflip","Heel Hook"],"picked":"Flying Knee","floor":7},{"not_picked":["Envenom","Caltrops"],"picked":"PiercingWail","floor":8},{"not_picked":["Infinite Blades","Setup"],"picked":"Crippling Poison","floor":12},{"not_picked":["Deflect","Sucker Punch","Outmaneuver"],"picked":"SKIP","floor":13},{"not_picked":["Quick Slash","Expertise"],"picked":"Acrobatics","floor":14},{"not_picked":["Tools of the Trade","Envenom"],"picked":"Bullet Time","floor":16},{"not_picked":["Slice","Underhanded Strike"],"picked":"Crippling Poison","floor":18},{"not_picked":["Infinite Blades","Prepared+1"],"picked":"Sucker Punch+1","floor":21},{"not_picked":["Flechettes","Bane","Deadly Poison"],"picked":"SKIP","floor":22},{"not_picked":["Terror","Cloak And Dagger","Concentrate+1"],"picked":"SKIP","floor":23},{"not_picked":["Bouncing Flask","Caltrops"],"picked":"Malaise","floor":28},{"not_picked":["Quick Slash+1","Eviscerate+1","Dodge and Roll"],"picked":"SKIP","floor":29},{"not_picked":["Acrobatics","Backstab+1"],"picked":"Calculated Gamble","floor":31},{"not_picked":["After Image","Doppelganger"],"picked":"Burst","floor":33},{"not_picked":["Backstab+1","Noxious Fumes"],"picked":"Well Laid Plans+1","floor":35},{"not_picked":["Concentrate","Outmaneuver"],"picked":"Leg Sweep","floor":36},{"not_picked":["Blade Dance","Dagger Spray+1"],"picked":"Footwork+1","floor":38},{"not_picked":["Infinite Blades","Deflect"],"picked":"Escape Plan","floor":39}],"player_experience":4242255,"relics_obtained":[{"floor":8,"key":"Paper Crane"},{"floor":9,"key":"Eternal Feather"},{"floor":23,"key":"Snake Skull"},{"floor":27,"key":"Molten Egg 2"},{"floor":28,"key":"Dead Branch"},{"floor":31,"key":"Blood Vial"}],"event_choices":[{"damage_healed":0,"gold_gain":0,"player_choice":"Lose Max HP","damage_taken":0,"relics_obtained":["Golden Idol"],"max_hp_gain":0,"max_hp_loss":6,"event_name":"Golden Idol","floor":10,"gold_loss":0},{"cards_removed":["A Thousand Cuts"],"damage_healed":27,"gold_gain":0,"player_choice":"Offered Rare","damage_taken":0,"max_hp_gain":10,"max_hp_loss":0,"event_name":"Bonfire Elementals","floor":19,"gold_loss":0},{"damage_healed":0,"gold_gain":0,"player_choice":"Gave Idol","damage_taken":0,"relics_obtained":["Bloody Idol"],"max_hp_gain":0,"max_hp_loss":0,"event_name":"Forgotten Altar","floor":24,"relics_lost":["Golden Idol"],"gold_loss":0}],"is_beta":false,"boss_relics":[{"not_picked":["Calling Bell","Coffee Dripper"],"picked":"Astrolabe"},{"not_picked":["Pandora\u0027s Box","SacredBark"],"picked":"Cursed Key"}],"items_purged_floors":[20],"is_endless":false,"potions_floor_spawned":[4,7,8,13,14,21,22,23,33,39],"killed_by":"Nemesis","ascension_level":20}}