{"host":"x6tlfgqpy55vgxdn","time":1607833441,"event":{"mods":["AchievementEnabler","BaseMod","DeckTracker","Minty Spire (QoL Compilation)","Permanent Neow","StSLib","SuperFastMode"],"gold_per_floor":[12,29,42,56,68,68,78,110,191,266,266,276,276,276,276,373,373,393,167,186,186,186,285,367,367,367,367,393,308,318,351,351,446,446,460,513,524,15,26,59,84,116,142,170,70,70,81,107,107,107],"floor_reached":51,"playtime":1920,"items_purged":["Defend_P","Defend_P","Strike_P"],"score":1229,"play_id":"4efd6e92-7511-43f2-a1b5-9bedfab48b3a","local_time":"20201213132401","is_ascension_mode":true,"campfire_choices":[{"data":"Eruption","floor":6.0,"key":"SMITH"},{"data":"1","floor":11.0,"key":"LIFT"},{"data":"2","floor":13.0,"key":"LIFT"},{"data":"3","floor":15.0,"key":"LIFT"},{"data":"Omniscience","floor":27.0,"key":"SMITH"},{"data":"Ragnarok","floor":32.0,"key":"SMITH"},{"data":"Pray","floor":46.0,"key":"SMITH"},{"data":"MentalFortress","floor":49,"key":"SMITH"}],"circlet_count":0,"master_deck":["Strike_P+1","Strike_P","Strike_P+1","Defend_P+1","Eruption+1","Vigilance+1","EmptyFist+1","FlurryOfBlows+1","FearNoEvil+1","MentalFortress+1","Ragnarok+1","Vault","DevaForm+1","Omniscience+1","JustLucky+1","Necronomicurse","Pray+1","InnerPeace+1","Tantrum","Fasting2+1","Halt+1","LessonLearned","MasterReality+1","Adaptation+1","TalkToTheHand+1"],"relics":["PureWater","Ginger","Girya","Shuriken","Sozu","Orrery","Necronomicon","The Courier","Damaru","Dream Catcher","GoldenEye","Nunchaku","Coffee Dripper","WingedGreaves","Ornamental Fan","Lantern","Juzu Bracelet","Blue Candle","War Paint","Meat on the Bone","Orichalcum","Bottled Tornado","TungstenRod"],"acts_visited":["Exordium","TheCity","TheBeyond"],"potions_floor_usage":[50],"damage_taken":[{"damage":0.0,"enemies":"Cultist","floor":1.0,"turns":4.0},{"damage":0.0,"enemies":"Jaw Worm","floor":2.0,"turns":3.0},{"damage":0.0,"enemies":"2 Louse","floor":3.0,"turns":3.0},{"damage":4.0,"enemies":"2 Fungi Beasts","floor":4.0,"turns":3.0},{"damage":0.0,"enemies":"Large Slime","floor":5.0,"turns":2.0},{"damage":1.0,"enemies":"Looter","floor":7.0,"turns":2.0},{"damage":10.0,"enemies":"3 Sentries","floor":8.0,"turns":8.0},{"damage":4.0,"enemies":"2 Fungi Beasts","floor":12.0,"turns":3.0},{"damage":29.0,"enemies":"The Guardian","floor":16.0,"turns":5.0},{"damage":0.0,"enemies":"Shell Parasite","floor":18.0,"turns":1.0},{"damage":0.0,"enemies":"2 Thieves","floor":20.0,"turns":1.0},{"damage":0.0,"enemies":"Gremlin Leader","floor":28.0,"turns":2.0},{"damage":13.0,"enemies":"Centurion and Healer","floor":30.0,"turns":3.0},{"damage":0.0,"enemies":"Book of Stabbing","floor":31.0,"turns":1.0},{"damage":0.0,"enemies":"Automaton","floor":33.0,"turns":5.0},{"damage":16.0,"enemies":"Orb Walker","floor":35.0,"turns":6.0},{"damage":0.0,"enemies":"2 Orb Walkers","floor":36.0,"turns":1.0},{"damage":4.0,"enemies":"3 Darklings","floor":37.0,"turns":4.0},{"damage":0.0,"enemies":"Spire Growth","floor":39.0,"turns":3.0},{"damage":0.0,"enemies":"Reptomancer","floor":40.0,"turns":4.0},{"damage":6.0,"enemies":"Nemesis","floor":41.0,"turns":4.0},{"damage":13.0,"enemies":"Giant Head","floor":42.0,"turns":5.0},{"damage":0.0,"enemies":"Reptomancer","floor":44.0,"turns":2.0},{"damage":0.0,"enemies":"4 Shapes","floor":47.0,"turns":4.0},{"damage":0,"enemies":"Nemesis","floor":48,"turns":2},{"damage":13,"enemies":"Donu and Deca","floor":50,"turns":4}],"seed_played":"-8113775146115955528","potions_obtained":[{"floor":1.0,"key":"Block Potion"},{"floor":5.0,"key":"EssenceOfSteel"},{"floor":7.0,"key":"Ancient Potion"}],"is_trial":false,"path_per_floor":["M","M","M","M","M","R","M","E","T","?","R","M","R","?","R","B",null,"M","$","M","?","?","?","T","?","T","R","E","?","M","E","R","B",null,"M","?","M","$","M","E","E","E","T","E","$","R","M","E","R","B",null],"character_chosen":"WATCHER","items_purchased":["Orrery","Ornamental Fan","Lantern","Juzu Bracelet"],"campfire_rested":0,"item_purchase_floors":[19,38,38,38],"current_hp_per_floor":[72,72,72,68,68,68,67,57,57,50,50,46,46,51,51,22,77,77,77,77,61,61,61,61,61,61,61,61,61,48,48,48,48,77,61,61,57,57,57,57,51,38,38,50,50,50,50,50,50,49],"gold":107,"neow_bonus":"ONE_RARE_RELIC","is_daily":false,"chose_seed":false,"campfire_upgraded":5,"win_rate":0.0,"timestamp":1607833441,"path_taken":["M","M","M","?","M","R","M","E","T","?","R","?","R","?","R","BOSS","M","$","M","?","?","?","?","?","T","R","E","?","M","E","R","BOSS","M","?","M","$","M","E","E","E","T","E","$","R","M","E","R","BOSS"],"items_purchased_type":["Relic","Relic","Relic","Relic"],"build_version":"2020-11-30","purchased_purges":3,"victory":true,"max_hp_per_floor":[72,72,72,72,72,72,72,72,72,72,72,72,72,77,77,77,77,77,77,77,77,77,77,77,77,77,77,77,77,77,77,77,77,77,77,77,77,77,77,77,77,77,77,77,77,77,77,77,77,77],"card_choices":[{"not_picked":["ReachHeaven","EmptyBody"],"picked":"EmptyFist","floor":1.0},{"not_picked":["SashWhip","Crescendo"],"picked":"FlurryOfBlows","floor":2.0},{"not_picked":["Fasting2","EmptyBody","Perseverance"],"picked":"SKIP","floor":3.0},{"not_picked":["Evaluate","EmptyBody"],"picked":"FearNoEvil","floor":4.0},{"not_picked":["Swivel","Collect"],"picked":"MentalFortress","floor":5.0},{"not_picked":["Protect","FlyingSleeves","CutThroughFate"],"picked":"SKIP","floor":7.0},{"not_picked":["Vengeance","Establishment"],"picked":"WheelKick","floor":8.0},{"not_picked":["EmptyBody","Conclude","SashWhip"],"picked":"SKIP","floor":12.0},{"not_picked":["Judgement","ConjureBlade"],"picked":"Ragnarok","floor":16.0},{"not_picked":["ThirdEye","WaveOfTheHand","MentalFortress"],"picked":"SKIP","floor":18.0},{"not_picked":["Prostrate","CarveReality"],"picked":"Vault","floor":19.0},{"not_picked":["BowlingBash+1","Crescendo"],"picked":"DevaForm","floor":19.0},{"not_picked":["BowlingBash+1","EmptyBody"],"picked":"Omniscience","floor":19.0},{"not_picked":["Conclude+1","BowlingBash"],"picked":"JustLucky+1","floor":19.0},{"not_picked":["LikeWater+1","CrushJoints","FlurryOfBlows"],"picked":"SKIP","floor":20.0},{"not_picked":["BowlingBash","Ragnarok"],"picked":"Fasting2+1","floor":28.0},{"not_picked":["Prostrate","ThirdEye+1"],"picked":"Halt+1","floor":30.0},{"not_picked":["Crescendo+1","EmptyBody","ConjureBlade"],"picked":"SKIP","floor":31.0},{"not_picked":["Devotion","Vault"],"picked":"LessonLearned","floor":33.0},{"not_picked":["ClearTheMind","EmptyBody","Fasting2"],"picked":"SKIP","floor":35.0},{"not_picked":["ClearTheMind+1","Prostrate"],"picked":"MasterReality","floor":37.0},{"not_picked":["FlurryOfBlows","Collect+1","EmptyFist"],"picked":"SKIP","floor":39.0},{"not_picked":["WreathOfFlame+1","ReachHeaven+1","PathToVictory+1"],"picked":"SKIP","floor":40.0},{"not_picked":["WreathOfFlame+1","ReachHeaven+1","PathToVictory+1"],"picked":"SKIP","floor":40.0},{"not_picked":["ThirdEye","ForeignInfluence+1","LikeWater+1"],"picked":"SKIP","floor":41.0},{"not_picked":["ThirdEye","ForeignInfluence+1","LikeWater+1"],"picked":"SKIP","floor":41.0},{"not_picked":["FlyingSleeves","Study"],"picked":"Adaptation+1","floor":42.0},{"not_picked":["SashWhip","ClearTheMind+1"],"picked":"TalkToTheHand+1","floor":44.0},{"not_picked":["ThirdEye+1","ReachHeaven","WheelKick"],"picked":"SKIP","floor":47.0},{"not_picked":["FlyingSleeves","Protect+1","Evaluate+1"],"picked":"SKIP","floor":48}],"player_experience":124925,"relics_obtained":[{"floor":8.0,"key":"Girya"},{"floor":9.0,"key":"Shuriken"},{"floor":21.0,"key":"Necronomicon"},{"floor":24.0,"key":"The Courier"},{"floor":26.0,"key":"Damaru"},{"floor":28.0,"key":"Dream Catcher"},{"floor":31.0,"key":"Nunchaku"},{"floor":36.0,"key":"WingedGreaves"},{"floor":40.0,"key":"Blue Candle"},{"floor":41.0,"key":"War Paint"},{"floor":42.0,"key":"Meat on the Bone"},{"floor":43.0,"key":"Orichalcum"},{"floor":44.0,"key":"Bottled Tornado"},{"floor":48,"key":"TungstenRod"}],"event_choices":[{"damage_healed":0.0,"max_hp_gain":0.0,"max_hp_loss":0.0,"gold_gain":75.0,"event_name":"FaceTrader","player_choice":"Touch","floor":10.0,"gold_loss":0.0,"damage_taken":7.0},{"damage_healed":0.0,"max_hp_gain":5.0,"max_hp_loss":0.0,"gold_gain":0.0,"event_name":"Big Fish","player_choice":"Donut","floor":14.0,"gold_loss":0.0,"damage_taken":0.0},{"damage_healed":0.0,"max_hp_gain":0.0,"max_hp_loss":0.0,"gold_gain":0.0,"event_name":"Cursed Tome","player_choice":"Obtained Book","floor":21.0,"gold_loss":0.0,"damage_taken":16.0},{"damage_healed":0.0,"max_hp_gain":0.0,"max_hp_loss":0.0,"gold_gain":0.0,"cards_transformed":["Defend_P","WheelKick"],"event_name":"Drug Dealer","player_choice":"Became Test Subject","floor":22.0,"gold_loss":0.0,"damage_taken":0.0,"cards_obtained":["Pray","InnerPeace"]},{"damage_healed":0.0,"max_hp_gain":0.0,"max_hp_loss":0.0,"gold_gain":99.0,"event_name":"Nest","player_choice":"Stole From Cult","floor":23.0,"gold_loss":0.0,"damage_taken":0.0},{"damage_healed":0.0,"max_hp_gain":0.0,"max_hp_loss":0.0,"gold_gain":0.0,"event_name":"The Library","player_choice":"Read","floor":25.0,"gold_loss":0.0,"damage_taken":0.0,"cards_obtained":["Tantrum"]},{"damage_healed":0.0,"max_hp_gain":0.0,"max_hp_loss":0.0,"gold_gain":0.0,"event_name":"Addict","player_choice":"Obtained Relic","floor":29.0,"gold_loss":85.0,"damage_taken":0.0,"relics_obtained":["GoldenEye"]},{"damage_healed":0.0,"max_hp_gain":0.0,"max_hp_loss":0.0,"gold_gain":0.0,"event_name":"Mysterious Sphere","player_choice":"Fight","floor":36.0,"gold_loss":0.0,"damage_taken":0.0}],"is_beta":false,"boss_relics":[{"not_picked":["Empty Cage","SlaversCollar"],"picked":"Sozu"},{"not_picked":["SacredBark","Runic Dome"],"picked":"Coffee Dripper"}],"items_purged_floors":[19,38,45],"is_endless":false,"potions_floor_spawned":[1,5,7,12,18,28,30,36,37,44,47],"ascension_level":2}}