{"host":"i41n6wh529970c2c","time":1607827581,"event":{"mods":["Act Like it!","BaseMod","BetterRewards","Friendly Minions","Gold Saver","Hermit","Minty Spire (QoL Compilation)","Replay The Spire","Shop Mod","StSLib"],"gold_per_floor":[406,406,406,406,406,417,436,436,452,486,510,510,536,549,549,549],"floor_reached":15,"playtime":554,"items_purged":[],"score":152,"play_id":"e52edaa7-9a32-45b8-80fa-225b187579e0","local_time":"20201212214621","is_ascension_mode":true,"campfire_choices":[{"data":"hermit:Grudge","floor":8,"key":"SMITH"},{"data":"hermit:LoneWolf","floor":12,"key":"SMITH"}],"circlet_count":0,"master_deck":["hermit:Strike_Hermit","hermit:Strike_Hermit","hermit:Strike_Hermit","hermit:Defend_Hermit","hermit:Defend_Hermit","hermit:Defend_Hermit","hermit:Defend_Hermit","hermit:Snapshot","hermit:Covet","Regret","hermit:Roulette+1","hermit:WideOpen","hermit:Grudge+1","hermit:LoneWolf+1","hermit:Deadeye","hermit:TakeCover"],"relics":["hermit:Momento","Regal Pillow","Pet Ghost","Blood Vial","Centennial Puzzle","Replay:Rubber Ducky"],"acts_visited":["Exordium"],"potions_floor_usage":[6,10,15],"damage_taken":[{"damage":0.0,"enemies":"2 Louse","floor":1.0,"turns":2.0},{"damage":0,"enemies":"Small Slimes","floor":6,"turns":3},{"damage":8,"enemies":"Jaw Worm","floor":7,"turns":4},{"damage":7,"enemies":"2 Fungi Beasts","floor":9,"turns":3},{"damage":20,"enemies":"Lagavulin","floor":10,"turns":3},{"damage":20,"enemies":"Gremlin Nob","floor":13,"turns":3},{"damage":9,"enemies":"Exordium Wildlife","floor":14,"turns":5},{"damage":15,"enemies":"Lagavulin","floor":15,"turns":4}],"seed_played":"-6730397927502231836","potions_obtained":[{"floor":1.0,"key":"Toxic Potion"},{"floor":7,"key":"Elixir"},{"floor":9,"key":"Fire Potion"}],"is_trial":false,"path_per_floor":["M","?","?","PTL","PTL","M","M","R","M","E","T","R","E","M","E"],"character_chosen":"HERMIT","items_purchased":[],"campfire_rested":0,"item_purchase_floors":[],"current_hp_per_floor":[68,68,65,65,65,65,57,57,50,30,30,30,12,5,0,0],"gold":549,"neow_bonus":"RANDOM_EVENT","is_daily":false,"chose_seed":false,"campfire_upgraded":2,"win_rate":0.0,"timestamp":1607827581,"path_taken":["M","?","?","PTL","PTL","?","M","R","M","E","T","R","E","M","E"],"items_purchased_type":[],"build_version":"2020-11-30","purchased_purges":0,"victory":false,"max_hp_per_floor":[75,75,75,75,75,75,75,75,75,75,75,75,75,75,75,75],"card_choices":[{"not_picked":["hermit:DeadMansHand","hermit:HoleUp","hermit:BodyArmor"],"picked":"SKIP","floor":1.0},{"not_picked":["hermit:PistolWhip","hermit:Dive"],"picked":"hermit:WideOpen","floor":6},{"not_picked":["hermit:FullyLoaded","hermit:Coalescence"],"picked":"hermit:Grudge","floor":7},{"not_picked":["hermit:Coalescence","hermit:TrackingShot","hermit:LowProfile"],"picked":"SKIP","floor":9},{"not_picked":["hermit:ShadowCloak","hermit:WideOpen"],"picked":"hermit:LoneWolf","floor":10},{"not_picked":["hermit:LowProfile","hermit:Vantage"],"picked":"hermit:Deadeye","floor":13},{"not_picked":["hermit:TrackingShot","hermit:LuckOfTheDraw"],"picked":"hermit:TakeCover","floor":14}],"player_experience":746254,"relics_obtained":[{"floor":10,"key":"Blood Vial"},{"floor":11,"key":"Centennial Puzzle"},{"floor":13,"key":"Replay:Rubber Ducky"}],"event_choices":[{"damage_healed":0.0,"max_hp_gain":0.0,"max_hp_loss":0.0,"gold_gain":0.0,"event_name":"Big Fish","player_choice":"Box","floor":0.0,"gold_loss":0.0,"damage_taken":0.0,"relics_obtained":["Regal Pillow"],"cards_obtained":["Regret"]},{"damage_healed":0,"gold_gain":0,"player_choice":"Success","damage_taken":3,"relics_obtained":["Pet Ghost"],"max_hp_gain":0,"max_hp_loss":0,"event_name":"Scrap Ooze","floor":3,"gold_loss":0}],"is_beta":false,"boss_relics":[],"items_purged_floors":[],"is_endless":false,"potions_floor_spawned":[1,7,9],"killed_by":"Lagavulin","ascension_level":9}}