{"host":"7tvb1em0d2fx72q7","time":1607877012,"event":{"mods":["BaseMod","Challenge The Spire","Minty Spire (QoL Compilation)","StSLib","everything is the same but u backflip on backflip"],"gold_per_floor":[117,117,117,130,2,35,55,67,148,181,201,126,139,139,139,218,218,234,234,234,250,250,250,250],"floor_reached":23,"playtime":1317,"items_purged":["Strike_R"],"score":577,"play_id":"bfeca2cf-13b0-4f4f-8645-d5c92ad2c157","local_time":"20201213113012","is_ascension_mode":true,"campfire_choices":[{"data":"Cleave","floor":15.0,"key":"SMITH"}],"circlet_count":0,"master_deck":["AscendersBane","Defend_R","Defend_R","Defend_R","Defend_R","Bash","Pommel Strike","Heavy Blade","Limit Break","Armaments","Cleave+1","Evolve","Spot Weakness","Flame Barrier","Reaper","Second Wind","Bite","Bite","Bite","Bite","Bite","Heavy Blade+1","Reaper"],"relics":["Burning Blood","NeowsBlessing","Magic Flower","Question Card","Oddly Smooth Stone","Bronze Scales","Snecko Eye"],"acts_visited":["Exordium","TheCity"],"potions_floor_usage":[21,23],"damage_taken":[{"damage":0.0,"enemies":"Jaw Worm","floor":1.0,"turns":1.0},{"damage":0.0,"enemies":"Small Slimes","floor":4.0,"turns":1.0},{"damage":0.0,"enemies":"Lagavulin","floor":6.0,"turns":1.0},{"damage":6.0,"enemies":"Cultist","floor":7.0,"turns":3.0},{"damage":10.0,"enemies":"Exordium Wildlife","floor":8.0,"turns":4.0},{"damage":30.0,"enemies":"3 Sentries","floor":10.0,"turns":8.0},{"damage":9.0,"enemies":"3 Louse","floor":11.0,"turns":3.0},{"damage":11.0,"enemies":"Looter","floor":13.0,"turns":2.0},{"damage":0.0,"enemies":"Slime Boss","floor":16.0,"turns":6.0},{"damage":18.0,"enemies":"Chosen","floor":18.0,"turns":5.0},{"damage":20,"enemies":"2 Thieves","floor":21,"turns":4},{"damage":64,"enemies":"Gremlin Leader","floor":23,"turns":4}],"seed_played":"5283983660184605743","potions_obtained":[{"floor":6.0,"key":"AttackPotion"},{"floor":8.0,"key":"GamblersBrew"},{"floor":11.0,"key":"DistilledChaos"},{"floor":18.0,"key":"Explosive Potion"}],"is_trial":false,"path_per_floor":["M","?","?","M","$","E","M","M","T","E","M","?","M","?","R","B",null,"M","?","?","M","?","E"],"character_chosen":"IRONCLAD","items_purchased":["PowerPotion"],"campfire_rested":0,"item_purchase_floors":[5],"current_hp_per_floor":[74,67,67,73,73,75,75,74,74,53,53,53,51,46,46,55,70,66,66,52,52,52,0,0],"gold":250,"neow_bonus":"THREE_ENEMY_KILL","is_daily":false,"chose_seed":false,"campfire_upgraded":1,"win_rate":0.0,"timestamp":1607877012,"path_taken":["M","?","?","M","?","E","M","?","T","E","M","?","M","?","R","BOSS","M","?","?","M","?","E"],"items_purchased_type":["Potion"],"build_version":"2020-11-30","purchased_purges":1,"victory":false,"max_hp_per_floor":[75,75,75,75,75,75,75,75,75,75,75,75,75,75,75,75,75,75,75,52,52,52,52,52],"card_choices":[{"not_picked":["Wild Strike","Anger"],"picked":"Pommel Strike","floor":1.0},{"not_picked":["Iron Wave","Thunderclap"],"picked":"Heavy Blade","floor":4.0},{"not_picked":["Body Slam","Sentinel"],"picked":"Limit Break","floor":6.0},{"not_picked":["Flex","Intimidate"],"picked":"Armaments","floor":7.0},{"not_picked":["Twin Strike","Flex"],"picked":"Cleave","floor":8.0},{"not_picked":["Infernal Blade","Anger","Fire Breathing"],"picked":"Evolve","floor":10.0},{"not_picked":["Iron Wave","Armaments","Havoc"],"picked":"Spot Weakness","floor":11.0},{"not_picked":["Thunderclap","Power Through","Intimidate"],"picked":"Flame Barrier","floor":13.0},{"not_picked":["Brutality","Corruption","Limit Break"],"picked":"Reaper","floor":16.0},{"not_picked":["Warcry","True Grit","Iron Wave"],"picked":"Second Wind","floor":18.0},{"not_picked":["Sever Soul","Warcry","Wild Strike"],"picked":"Heavy Blade+1","floor":21}],"player_experience":1833608,"relics_obtained":[{"floor":6.0,"key":"Magic Flower"},{"floor":9.0,"key":"Question Card"},{"floor":10.0,"key":"Oddly Smooth Stone"}],"event_choices":[{"cards_removed":["Strike_R"],"damage_healed":0.0,"max_hp_gain":0.0,"max_hp_loss":0.0,"gold_gain":0.0,"event_name":"Golden Wing","player_choice":"Card Removal","floor":2.0,"gold_loss":0.0,"damage_taken":7.0},{"damage_healed":0.0,"max_hp_gain":0.0,"max_hp_loss":0.0,"gold_gain":0.0,"event_name":"Liars Game","player_choice":"Ignored","floor":3.0,"gold_loss":0.0,"damage_taken":0.0},{"cards_removed":["Strike_R"],"damage_healed":0.0,"max_hp_gain":0.0,"max_hp_loss":0.0,"gold_gain":0.0,"event_name":"The Cleric","player_choice":"Card Removal","floor":12.0,"gold_loss":75.0,"damage_taken":0.0},{"damage_healed":0.0,"max_hp_gain":0.0,"max_hp_loss":0.0,"gold_gain":0.0,"event_name":"Scrap Ooze","player_choice":"Success","floor":14.0,"gold_loss":0.0,"damage_taken":5.0,"relics_obtained":["Bronze Scales"]},{"damage_healed":0.0,"max_hp_gain":0.0,"max_hp_loss":0.0,"gold_gain":0.0,"event_name":"Ghosts","player_choice":"Ignored","floor":19.0,"gold_loss":0.0,"damage_taken":0.0},{"damage_healed":0,"gold_gain":0,"player_choice":"Became a vampire","damage_taken":0,"max_hp_gain":0,"max_hp_loss":23,"event_name":"Vampires","floor":20,"gold_loss":0,"cards_obtained":["Bite","Bite","Bite","Bite","Bite"]},{"damage_healed":0,"gold_gain":0,"player_choice":"Copied","damage_taken":0,"max_hp_gain":0,"max_hp_loss":0,"event_name":"Duplicator","floor":22,"gold_loss":0,"cards_obtained":["Reaper"]}],"is_beta":false,"boss_relics":[{"not_picked":["Mark of Pain","Runic Pyramid"],"picked":"Snecko Eye"}],"items_purged_floors":[5],"is_endless":false,"potions_floor_spawned":[6,7,8,11,18],"killed_by":"Gremlin Leader","ascension_level":20}}