{"host":"hfvpa4llnnjpeawn","time":1607845646,"event":{"mods":["2.2 Compatiblity","Act Like it!","BaseMod","Better Skull","Better Third Choice","BetterRewards","CapriCore","Conspire","Downfall","Elementarium","Hermit","Hubris","Koishi","Lobotomy","Mad Scientist","Minty Spire (QoL Compilation)","Replay The Spire","Shade Mod","Somnambulant","StSLib","The Bladedancer","The Factory","The Jungle","Waifu the Spire"],"gold_per_floor":[114,114,69,69,69,95,111,129,129,140,160,185,185,30,30,133,133,144,144,144,158,168,168,168,168],"floor_reached":24,"playtime":1136,"items_purged":[],"score":243,"play_id":"eb64fd9a-23a5-480c-817b-38239be08169","local_time":"20201213024726","is_ascension_mode":true,"campfire_choices":[{"floor":13.0,"key":"REST"},{"floor":23,"key":"REST"}],"circlet_count":0,"master_deck":["Strike_G","Strike_G","Strike_G","Strike_G","Strike_G","Defend_G","Defend_G","Defend_G","Defend_G","Defend_G","Survivor","Neutralize","Dash","Noxious Fumes","Envenom","Terror","Riddle With Holes","Poisoned Stab","Bane","Replay:Bag of Tricks","Caltrops","Acrobatics+1","Cloak And Dagger+1"],"relics":["Ring of the Snake","NeowsBlessing","betterThird:SlimedRelic","conspire:DeflatedDodgeball","Ancient Tea Set","Pet Ghost","PreservedInsect","Ring of Chaos","MutagenicStrength"],"acts_visited":["Exordium","TheCity"],"potions_floor_usage":[24],"damage_taken":[{"damage":0.0,"enemies":"Jaw Worm","floor":1.0,"turns":1.0},{"damage":0.0,"enemies":"Gremlin Nob","floor":6.0,"turns":1.0},{"damage":0.0,"enemies":"2 Louse","floor":7.0,"turns":1.0},{"damage":0.0,"enemies":"Small Slimes","floor":8.0,"turns":4.0},{"damage":7.0,"enemies":"Red Slaver","floor":10.0,"turns":4.0},{"damage":0.0,"enemies":"Looter","floor":11.0,"turns":1.0},{"damage":13.0,"enemies":"Lagavulin","floor":12.0,"turns":8.0},{"damage":2.0,"enemies":"Hexaghost","floor":16.0,"turns":6.0},{"damage":4.0,"enemies":"3 Byrds","floor":18.0,"turns":5.0},{"damage":30.0,"enemies":"conspire:FuzzyDice","floor":21.0,"turns":6.0},{"damage":19.0,"enemies":"3 Cultists","floor":22.0,"turns":8.0},{"damage":26,"enemies":"Slavers","floor":24,"turns":1}],"seed_played":"-5941072617624922937","potions_obtained":[{"floor":5.0,"key":"DuplicationPotion"},{"floor":5.0,"key":"Elixir"},{"floor":5.0,"key":"Adrenaline Potion"},{"floor":6.0,"key":"SkillPotion"},{"floor":7.0,"key":"ColorlessPotion"},{"floor":15.0,"key":"AttackPotion"},{"floor":15.0,"key":"ColorlessPotion"},{"floor":16.0,"key":"Block Potion"},{"floor":18.0,"key":"SpeedPotion"},{"floor":21.0,"key":"LiquidBronze"},{"floor":22.0,"key":"champ:CounterPotion"}],"is_trial":false,"path_per_floor":["M","?","?","?","?","E","M","M","T","M","M","E","R","$","R","B",null,"M","?","?","M","M","R","E"],"character_chosen":"THE_SILENT","items_purchased":["PreservedInsect"],"campfire_rested":2,"item_purchase_floors":[14],"current_hp_per_floor":[70,70,59,59,59,59,59,59,59,52,52,39,60,60,60,58,70,66,66,53,23,4,26,0,0],"gold":168,"neow_bonus":"THREE_ENEMY_KILL","is_daily":false,"chose_seed":false,"campfire_upgraded":0,"win_rate":0.0,"timestamp":1607845646,"path_taken":["M","?","?","?","?","E","M","M","T","?","M","E","R","$","R","BOSS","M","?","?","M","M","R","E"],"items_purchased_type":["Relic"],"build_version":"2020-11-30","purchased_purges":0,"victory":false,"max_hp_per_floor":[70,70,70,70,70,70,70,70,70,70,70,70,70,70,70,70,70,70,70,75,75,75,75,75,75],"card_choices":[{"not_picked":["Poisoned Stab","Dagger Spray"],"picked":"Dash","floor":1.0},{"not_picked":["Cloak And Dagger","Reflex"],"picked":"Envenom","floor":6.0},{"not_picked":["Underhanded Strike","Heel Hook"],"picked":"Terror","floor":7.0},{"not_picked":["Outmaneuver","Poisoned Stab"],"picked":"Riddle With Holes","floor":8.0},{"not_picked":["Underhanded Strike","Eviscerate"],"picked":"Poisoned Stab","floor":10.0},{"not_picked":["Underhanded Strike","Slice","Finisher"],"picked":"SKIP","floor":11.0},{"not_picked":["All Out Attack","Blade Dance"],"picked":"Bane","floor":12.0},{"not_picked":["ReplayTheSpireMod:From All Sides","Malaise"],"picked":"Replay:Bag of Tricks","floor":16.0},{"not_picked":["Reflex+1","ReplayTheSpireMod:Tripwire"],"picked":"Caltrops","floor":18.0},{"not_picked":["Deflect+1","Prepared+1"],"picked":"Acrobatics+1","floor":21.0},{"not_picked":["Dodge and Roll+1","Endless Agony"],"picked":"Cloak And Dagger+1","floor":22.0}],"player_experience":188344,"relics_obtained":[{"floor":6.0,"key":"conspire:DeflatedDodgeball"},{"floor":9.0,"key":"Ancient Tea Set"},{"floor":12.0,"key":"Pet Ghost"}],"event_choices":[{"damage_healed":0.0,"max_hp_gain":0.0,"max_hp_loss":0.0,"gold_gain":0.0,"event_name":"conspire:Investor","player_choice":"Leave","floor":2.0,"gold_loss":0.0,"damage_taken":0.0},{"damage_healed":0.0,"max_hp_gain":0.0,"max_hp_loss":0.0,"gold_gain":0.0,"event_name":"betterThird:BetterGoop","player_choice":"Slimed","floor":3.0,"gold_loss":45.0,"damage_taken":11.0},{"damage_healed":0.0,"max_hp_gain":0.0,"max_hp_loss":0.0,"gold_gain":0.0,"event_name":"Lab","player_choice":"Got Potions","floor":5.0,"gold_loss":0.0,"damage_taken":0.0},{"damage_healed":0.0,"max_hp_gain":0.0,"max_hp_loss":0.0,"gold_gain":0.0,"event_name":"Drug Dealer","player_choice":"Inject Mutagens","floor":19.0,"gold_loss":0.0,"damage_taken":0.0,"relics_obtained":["MutagenicStrength"]},{"damage_healed":0.0,"max_hp_gain":5.0,"max_hp_loss":0.0,"gold_gain":0.0,"event_name":"Forgotten Altar","player_choice":"Shed Blood","floor":20.0,"gold_loss":0.0,"damage_taken":18.0}],"is_beta":false,"boss_relics":[{"not_picked":["ChewingGum","Snecko Scales"],"picked":"Ring of Chaos"}],"items_purged_floors":[],"is_endless":false,"potions_floor_spawned":[6,7,16,18,21,22],"killed_by":"Slavers","ascension_level":1}}