{"host":"90jl2h70xtuoeg0i","time":1607858938,"event":{"mods":["AchievementEnabler","BaseMod","Colored Map","Colored Powertips","Minty Spire (QoL Compilation)","Relic Stats","ojb\u0027s Better Paths Mod","ojb\u0027s Info Mod"],"gold_per_floor":[109,122,32,52,67,67,78,26,53,53,53,83,112,37,37,108,108,122,22,22,39,57,75,75,75,75,75,75],"floor_reached":27,"playtime":1235,"items_purged":["Strike_G","Strike_G"],"score":383,"play_id":"3f592159-78a6-4331-b8a2-3136c4753f09","local_time":"20201213062858","is_ascension_mode":true,"campfire_choices":[{"data":"Bouncing Flask","floor":6.0,"key":"SMITH"},{"floor":10.0,"key":"REST"},{"floor":15.0,"key":"REST"},{"floor":24.0,"key":"REST"}],"circlet_count":0,"master_deck":["AscendersBane","Strike_G","Strike_G","Strike_G","Defend_G","Defend_G","Defend_G","Defend_G","Defend_G","Survivor","Neutralize","Eviscerate","Noxious Fumes","Bouncing Flask+1","Crippling Poison","Malaise","Noxious Fumes+1","Bane+1","Night Terror","Bane","Backflip","Catalyst+1"],"relics":["Ring of the Snake","NeowsBlessing","Anchor","PreservedInsect","Busted Crown","Pantograph"],"acts_visited":["Exordium","TheCity"],"potions_floor_usage":[27],"damage_taken":[{"damage":0.0,"enemies":"Cultist","floor":1.0,"turns":1.0},{"damage":0.0,"enemies":"Small Slimes","floor":2.0,"turns":1.0},{"damage":0.0,"enemies":"Jaw Worm","floor":4.0,"turns":1.0},{"damage":15.0,"enemies":"Lots of Slimes","floor":5.0,"turns":4.0},{"damage":6.0,"enemies":"3 Louse","floor":7.0,"turns":3.0},{"damage":22.0,"enemies":"Gremlin Nob","floor":13.0,"turns":4.0},{"damage":4.0,"enemies":"The Guardian","floor":16.0,"turns":8.0},{"damage":1.0,"enemies":"Spheric Guardian","floor":18.0,"turns":3.0},{"damage":9.0,"enemies":"Shell Parasite","floor":21.0,"turns":4.0},{"damage":10.0,"enemies":"Snake Plant","floor":22.0,"turns":6.0},{"damage":14.0,"enemies":"Sentry and Sphere","floor":23.0,"turns":4.0},{"damage":27,"enemies":"3 Cultists","floor":27,"turns":4}],"seed_played":"3161946463520616532","potions_obtained":[{"floor":4.0,"key":"Energy Potion"},{"floor":7.0,"key":"PowerPotion"},{"floor":13.0,"key":"ColorlessPotion"},{"floor":18.0,"key":"SteroidPotion"},{"floor":22.0,"key":"Block Potion"}],"is_trial":false,"path_per_floor":["M","M","$","M","M","R","M","$","T","R","?","?","E","$","R","B",null,"M","$","?","M","M","M","R","?","T","M"],"character_chosen":"THE_SILENT","items_purchased":["Bouncing Flask","Bane"],"campfire_rested":3,"item_purchase_floors":[3,8],"current_hp_per_floor":[59,59,59,59,44,44,38,38,38,57,37,37,15,15,34,30,57,56,56,38,29,19,5,26,26,26,0,0],"gold":75,"neow_bonus":"THREE_ENEMY_KILL","is_daily":false,"chose_seed":false,"campfire_upgraded":1,"win_rate":0.0,"timestamp":1607858938,"path_taken":["M","?","$","M","?","R","M","?","T","R","?","?","E","?","R","BOSS","M","?","?","M","?","M","R","?","T","M"],"items_purchased_type":["Card","Card"],"build_version":"2020-11-30","purchased_purges":2,"victory":false,"max_hp_per_floor":[66,66,66,66,66,66,66,66,66,66,66,66,66,66,66,66,66,66,66,71,71,71,71,71,71,71,71,71],"relic_stats":{"Busted Crown":8,"counters":[12,43],"Pantograph":0,"PreservedInsect":0,"obtain_stats":[{"Anchor":9,"Busted Crown":17,"NeowsBlessing":0,"Pantograph":26,"PreservedInsect":13,"Ring of the Snake":0},{"Anchor":5,"Busted Crown":7,"NeowsBlessing":0,"Pantograph":11,"PreservedInsect":6,"Ring of the Snake":0},{"Anchor":10,"Busted Crown":22,"NeowsBlessing":0,"Pantograph":39,"PreservedInsect":14,"Ring of the Snake":0}],"Ring of the Snake":[24]},"card_choices":[{"not_picked":["Outmaneuver","Cloak And Dagger"],"picked":"Eviscerate","floor":1.0},{"not_picked":["Backflip","Infinite Blades"],"picked":"Noxious Fumes","floor":2.0},{"not_picked":["Dodge and Roll","Underhanded Strike"],"picked":"Crippling Poison","floor":4.0},{"not_picked":["Terror","Eviscerate"],"picked":"Malaise","floor":5.0},{"not_picked":["Dodge and Roll","Sucker Punch"],"picked":"Noxious Fumes","floor":7.0},{"not_picked":["Outmaneuver","Underhanded Strike","Dodge and Roll"],"picked":"SKIP","floor":13.0},{"not_picked":["Wraith Form v2","Burst"],"picked":"Night Terror","floor":16.0},{"not_picked":[],"picked":"Bane","floor":18.0},{"not_picked":["Deflect"],"picked":"SKIP","floor":21.0},{"not_picked":[],"picked":"Backflip","floor":22.0},{"not_picked":[],"picked":"Catalyst","floor":23.0}],"player_experience":1269037,"relics_obtained":[{"floor":9.0,"key":"Anchor"},{"floor":13.0,"key":"PreservedInsect"},{"floor":26.0,"key":"Pantograph"}],"event_choices":[{"damage_healed":0.0,"max_hp_gain":0.0,"max_hp_loss":0.0,"gold_gain":0.0,"event_name":"Shining Light","player_choice":"Entered Light","floor":11.0,"gold_loss":0.0,"damage_taken":20.0,"cards_upgraded":["Noxious Fumes","Bane"]},{"damage_healed":0.0,"max_hp_gain":0.0,"max_hp_loss":0.0,"gold_gain":30.0,"event_name":"Dead Adventurer","player_choice":"Searched \u00271\u0027 times","floor":12.0,"gold_loss":0.0,"damage_taken":0.0},{"damage_healed":0.0,"max_hp_gain":5.0,"max_hp_loss":0.0,"gold_gain":0.0,"event_name":"Forgotten Altar","player_choice":"Shed Blood","floor":20.0,"gold_loss":0.0,"damage_taken":23.0},{"damage_healed":0.0,"max_hp_gain":0.0,"max_hp_loss":0.0,"gold_gain":0.0,"event_name":"Upgrade Shrine","player_choice":"Upgraded","floor":25.0,"gold_loss":0.0,"damage_taken":0.0,"cards_upgraded":["Catalyst"]}],"is_beta":false,"boss_relics":[{"not_picked":["SacredBark","Ring of the Serpent"],"picked":"Busted Crown"}],"items_purged_floors":[14,19],"is_endless":false,"potions_floor_spawned":[4,7,13,18,22],"killed_by":"3 Cultists","ascension_level":16}}