{"host":"y56d1fjpgcjsodvy","time":1607849063,"event":{"mods":["BaseMod","Colored Powertips","GifTheSpireLib","Highlight Path","Minty Spire (QoL Compilation)","StSLib","SuperFastMode","everything is the same but u backflip on backflip"],"gold_per_floor":[367,367,378,378,389,403,415,415,415,415,415,449,449,460,460,537,537,548,548,561,571,24,34,34,34,34,84,84,84,94,94,94,173,173,193,93,112,112,164,164,191,191,216,6,39,56,90,0,0,0,0,0,0,0,30,30,30],"floor_reached":56,"playtime":1578,"items_purged":["Strike_B","Strike_B","Strike_B"],"score":2031,"play_id":"16e63260-a6fd-4824-9a23-2477ac36ff1b","local_time":"20201213174423","is_ascension_mode":true,"campfire_choices":[{"data":"Darkness","floor":8.0,"key":"SMITH"},{"data":"Dualcast","floor":11.0,"key":"SMITH"},{"data":"Darkness","floor":15.0,"key":"SMITH"},{"data":"Apotheosis","floor":25.0,"key":"SMITH"},{"data":"Skim","floor":29.0,"key":"SMITH"},{"floor":32.0,"key":"REST"},{"data":"Madness","floor":40.0,"key":"SMITH"},{"data":"White Noise","floor":42.0,"key":"SMITH"},{"floor":49.0,"key":"RECALL"},{"data":"Reboot","floor":53.0,"key":"SMITH"}],"circlet_count":0,"master_deck":["AscendersBane","Defend_B","Defend_B","Defend_B","Zap","Dualcast+1","Conserve Battery","Seek+1","Biased Cognition","Darkness+1","Darkness+1","Skim+1","White Noise+1","Reboot+1","Redo","Madness+1","Apotheosis+1","Chill","Glacier","Machine Learning","Force Field","BootSequence+1","Capacitor","Double Energy"],"relics":["Cracked Core","Mummified Hand","Bottled Lightning","Busted Crown","ClockworkSouvenir","Eternal Feather","Sozu","Ice Cream","Smiling Mask","TheAbacus","Gremlin Horn","Du-Vu Doll","Red Mask","Oddly Smooth Stone"],"acts_visited":["Exordium","TheCity","TheBeyond","TheEnding"],"potions_floor_usage":[],"damage_taken":[{"damage":1.0,"enemies":"2 Louse","floor":1.0,"turns":3.0},{"damage":0.0,"enemies":"Cultist","floor":3.0,"turns":4.0},{"damage":3.0,"enemies":"Small Slimes","floor":5.0,"turns":3.0},{"damage":6.0,"enemies":"Looter","floor":6.0,"turns":3.0},{"damage":2.0,"enemies":"Red Slaver","floor":7.0,"turns":3.0},{"damage":18.0,"enemies":"3 Sentries","floor":12.0,"turns":5.0},{"damage":8.0,"enemies":"Large Slime","floor":14.0,"turns":4.0},{"damage":10.0,"enemies":"Hexaghost","floor":16.0,"turns":6.0},{"damage":18.0,"enemies":"Spheric Guardian","floor":18.0,"turns":4.0},{"damage":19.0,"enemies":"Shell Parasite","floor":20.0,"turns":3.0},{"damage":6.0,"enemies":"Snecko","floor":21.0,"turns":3.0},{"damage":0.0,"enemies":"Centurion and Healer","floor":23.0,"turns":3.0},{"damage":0.0,"enemies":"Chosen and Byrds","floor":30.0,"turns":3.0},{"damage":18.0,"enemies":"Automaton","floor":33.0,"turns":7.0},{"damage":7.0,"enemies":"3 Darklings","floor":35.0,"turns":5.0},{"damage":15.0,"enemies":"Orb Walker","floor":37.0,"turns":3.0},{"damage":4.0,"enemies":"2 Orb Walkers","floor":39.0,"turns":5.0},{"damage":0.0,"enemies":"Giant Head","floor":45.0,"turns":5.0},{"damage":0.0,"enemies":"3 Darklings","floor":46.0,"turns":3.0},{"damage":0.0,"enemies":"Nemesis","floor":47.0,"turns":5.0},{"damage":8.0,"enemies":"Time Eater","floor":50.0,"turns":6.0},{"damage":0.0,"enemies":"Donu and Deca","floor":51.0,"turns":8.0},{"damage":34.0,"enemies":"Shield and Spear","floor":55.0,"turns":8.0},{"damage":32,"enemies":"The Heart","floor":56,"turns":3}],"seed_played":"-237174776091443068","potions_obtained":[{"floor":3.0,"key":"DuplicationPotion"},{"floor":12.0,"key":"FearPotion"},{"floor":14.0,"key":"Strength Potion"},{"floor":21.0,"key":"AttackPotion"},{"floor":33.0,"key":"Explosive Potion"}],"is_trial":false,"path_per_floor":["M","?","M","?","M","M","M","R","T","?","R","E","?","M","R","B",null,"M","?","M","M","$","M","$","R","T","?","$","R","M","?","R","B",null,"M","$","M","?","?","R","T","R","T","$","E","M","E","?","R","B","B",null,"R","$","E","B"],"character_chosen":"DEFECT","items_purchased":["ClockworkSouvenir","Madness","Apotheosis","TheAbacus"],"campfire_rested":1,"item_purchase_floors":[22,22,22,44],"current_hp_per_floor":[63,63,63,63,60,54,52,52,52,57,57,39,32,24,24,14,55,37,37,18,12,12,12,12,12,12,12,12,24,24,24,56,38,61,54,54,39,39,35,47,47,59,59,59,59,59,59,59,66,58,58,64,66,66,32,0,0],"gold":30,"neow_bonus":"TWO_FIFTY_GOLD","is_daily":false,"chose_seed":false,"campfire_upgraded":8,"win_rate":0.0,"timestamp":1607849063,"path_taken":["M","?","?","?","M","?","M","R","T","?","R","E","?","M","R","BOSS","M","?","?","M","$","M","?","R","T","?","$","R","M","?","R","BOSS","M","$","M","?","?","R","?","R","T","$","E","?","E","?","R","BOSS","BOSS","R","$","E","BOSS"],"items_purchased_type":["Relic","Card","Card","Relic"],"build_version":"2020-11-30","purchased_purges":3,"victory":false,"max_hp_per_floor":[64,64,64,64,64,64,64,64,64,69,69,69,69,69,69,69,69,69,69,69,69,69,69,69,69,69,69,69,69,69,69,69,69,69,69,69,69,66,66,66,66,66,66,66,66,66,66,66,66,66,66,66,66,66,66,66,66],"card_choices":[{"not_picked":["Leap","Cold Snap"],"picked":"Conserve Battery","floor":1.0},{"not_picked":["Barrage","Leap","Steam"],"picked":"SKIP","floor":3.0},{"not_picked":["Turbo","Beam Cell"],"picked":"Biased Cognition","floor":5.0},{"not_picked":["Heatsinks","Hologram"],"picked":"Darkness","floor":6.0},{"not_picked":["Steam Power","Go for the Eyes"],"picked":"Darkness","floor":7.0},{"not_picked":["Rip and Tear","Hello World"],"picked":"Skim","floor":12.0},{"not_picked":["Scrape","Cold Snap"],"picked":"White Noise","floor":14.0},{"not_picked":["Creative AI","Amplify"],"picked":"Reboot","floor":16.0},{"not_picked":["Stack"],"picked":"SKIP","floor":18.0},{"not_picked":["Leap"],"picked":"SKIP","floor":20.0},{"not_picked":[],"picked":"Redo","floor":21.0},{"not_picked":[],"picked":"Chill","floor":23.0},{"not_picked":[],"picked":"Glacier","floor":30.0},{"not_picked":[],"picked":"Machine Learning","floor":33.0},{"not_picked":["Cold Snap"],"picked":"SKIP","floor":35.0},{"not_picked":["Barrage"],"picked":"SKIP","floor":37.0},{"not_picked":[],"picked":"Force Field","floor":39.0},{"not_picked":["Gash"],"picked":"SKIP","floor":45.0},{"not_picked":[],"picked":"BootSequence+1","floor":46.0},{"not_picked":[],"picked":"Capacitor","floor":47.0},{"not_picked":[],"picked":"Double Energy","floor":55.0}],"player_experience":1157897,"relics_obtained":[{"floor":9.0,"key":"Mummified Hand"},{"floor":12.0,"key":"Bottled Lightning"},{"floor":26.0,"key":"Eternal Feather"},{"floor":39.0,"key":"Ice Cream"},{"floor":41.0,"key":"Smiling Mask"},{"floor":45.0,"key":"Gremlin Horn"},{"floor":47.0,"key":"Du-Vu Doll"},{"floor":55.0,"key":"Oddly Smooth Stone"}],"event_choices":[{"damage_healed":0.0,"max_hp_gain":0.0,"max_hp_loss":0.0,"gold_gain":0.0,"event_name":"Match and Keep!","player_choice":"1 cards matched","floor":2.0,"gold_loss":0.0,"damage_taken":0.0,"cards_obtained":["Seek"]},{"cards_removed":["Defend_B"],"damage_healed":0.0,"max_hp_gain":0.0,"max_hp_loss":0.0,"gold_gain":0.0,"event_name":"Purifier","player_choice":"Purged","floor":4.0,"gold_loss":0.0,"damage_taken":0.0},{"damage_healed":0.0,"max_hp_gain":5.0,"max_hp_loss":0.0,"gold_gain":0.0,"event_name":"Big Fish","player_choice":"Donut","floor":10.0,"gold_loss":0.0,"damage_taken":0.0},{"cards_removed":["Strike_B"],"damage_healed":0.0,"max_hp_gain":0.0,"max_hp_loss":0.0,"gold_gain":0.0,"event_name":"Golden Wing","player_choice":"Card Removal","floor":13.0,"gold_loss":0.0,"damage_taken":7.0},{"damage_healed":0.0,"max_hp_gain":0.0,"max_hp_loss":0.0,"gold_gain":0.0,"event_name":"Upgrade Shrine","player_choice":"Upgraded","floor":19.0,"gold_loss":0.0,"damage_taken":0.0,"cards_upgraded":["Seek"]},{"damage_healed":0.0,"max_hp_gain":0.0,"max_hp_loss":0.0,"gold_gain":50.0,"event_name":"Nest","player_choice":"Stole From Cult","floor":27.0,"gold_loss":0.0,"damage_taken":0.0},{"damage_healed":0.0,"max_hp_gain":0.0,"max_hp_loss":0.0,"gold_gain":0.0,"event_name":"Vampires","player_choice":"Ignored","floor":31.0,"gold_loss":0.0,"damage_taken":0.0},{"damage_healed":0.0,"max_hp_gain":0.0,"max_hp_loss":3.0,"gold_gain":0.0,"event_name":"Winding Halls","player_choice":"Max HP","floor":38.0,"gold_loss":0.0,"damage_taken":0.0},{"damage_healed":0.0,"max_hp_gain":0.0,"max_hp_loss":0.0,"gold_gain":0.0,"event_name":"Mysterious Sphere","player_choice":"Fight","floor":39.0,"gold_loss":0.0,"damage_taken":0.0},{"damage_healed":0.0,"max_hp_gain":0.0,"max_hp_loss":0.0,"gold_gain":0.0,"event_name":"Tomb of Lord Red Mask","player_choice":"Paid","floor":48.0,"gold_loss":90.0,"damage_taken":0.0,"relics_obtained":["Red Mask"]}],"is_beta":false,"boss_relics":[{"not_picked":["Fusion Hammer","Astrolabe"],"picked":"Busted Crown"},{"not_picked":["Snecko Eye","Velvet Choker"],"picked":"Sozu"}],"items_purged_floors":[22,36,44],"is_endless":false,"potions_floor_spawned":[3,12,14,21,33,37,45,46],"killed_by":"The Heart","ascension_level":20}}