{"host":"0y7rggrn2c7yxnri","time":1607846787,"event":{"mods":["AchievementEnabler","Act Like it!","AlwaysNeverKeys","Aspiration","Bartender","BaseMod","Better Altar","Better Sensory Stone","Better Skull","Better Third Choice","Better Vampires","BetterRewards","Colored Map","Colored Powertips","Displayed Cursed Tome","Duelist Mod","GifTheSpireLib","Magitek Elite","Minty Spire (QoL Compilation)","Permanent Neow","Quick Restart","Replay The Spire","Shop Mod","Spicy Shops","StSLib","Stuff the Spire","The Alterego","The Animator","The Servant 0.9.4","Transform Curses","Virulent Crown","Wandering Minibosses","vexMod"],"gold_per_floor":[115,115,128,203,218,248,248,248,328,48,61,91,103,103,103,103,103],"floor_reached":16,"playtime":746,"items_purged":["Parasite","Defend_R"],"score":296,"play_id":"cc95e432-a847-4f5b-a0da-8024b08b0af6","local_time":"20201213030627","is_ascension_mode":true,"campfire_choices":[{"floor":7,"key":"REST"},{"floor":15,"key":"REST"}],"circlet_count":0,"master_deck":["AscendersBane","Strike_R","Strike_R","Strike_R","Strike_R+1","Strike_R","Defend_R+1","Defend_R","Defend_R+1","Bash","Dramatic Entrance+1","Pommel Strike+1","Cleave","Warcry"],"relics":["Burning Blood","Choco_Feather","Counterbalance","Incense Burner","Darkstone Periapt","MerchantsRug","Blood Vial","Replay:Wax Seal","Simple Rune"],"acts_visited":["Exordium"],"potions_floor_usage":[6,12],"damage_taken":[{"damage":0,"enemies":"Jaw Worm","floor":1,"turns":1},{"damage":0,"enemies":"2 Louse","floor":3,"turns":2},{"damage":0,"enemies":"Small Slimes","floor":5,"turns":2},{"damage":40,"enemies":"Lagavulin","floor":6,"turns":5},{"damage":0,"enemies":"2 Fungi Beasts","floor":11,"turns":1},{"damage":6,"enemies":"3 Sentries","floor":12,"turns":4},{"damage":13,"enemies":"Blue Slaver","floor":13,"turns":2},{"damage":66,"enemies":"Fading Forest","floor":16,"turns":10}],"seed_played":"-637890869223827272","potions_obtained":[{"floor":1,"key":"EssenceOfSteel"},{"floor":5,"key":"BlessingOfTheForge"},{"floor":11,"key":"Energy Potion"},{"floor":12,"key":"ElixirPotion"}],"is_trial":false,"path_per_floor":["M","?","M","?","M","E","R","?","T","$","M","E","M","?","R","B"],"character_chosen":"IRONCLAD","items_purchased":["Choco_Feather","Counterbalance","BargainBundle","Dramatic Entrance","Incense Burner","MerchantsRug","Blood Vial","Replay:Wax Seal"],"campfire_rested":2,"item_purchase_floors":[0,0,0,0,0,10,10,10],"current_hp_per_floor":[72,72,72,61,67,33,54,36,36,36,44,46,41,19,40,0,0],"gold":103,"neow_bonus":"","is_daily":false,"chose_seed":false,"campfire_upgraded":0,"win_rate":0.0,"timestamp":1607846787,"path_taken":["M","?","M","?","M","E","R","?","T","$","M","E","M","?","R","BOSS"],"items_purchased_type":["Relic","Relic","Relic","Card","Relic","Relic","Relic","Relic"],"build_version":"2020-11-30","purchased_purges":2,"victory":false,"max_hp_per_floor":[72,72,72,72,72,72,72,72,72,72,72,72,72,72,72,72,72],"card_choices":[{"not_picked":["Flex","StuffTheSpire:Slingshot"],"picked":"Pommel Strike","floor":1},{"not_picked":["ReplayTheSpireMod:Stacked","Abandon","Body Slam"],"picked":"SKIP","floor":3},{"not_picked":["Replay:Undeath\u0027s Touch","Burning Pact","Flex"],"picked":"SKIP","floor":5},{"not_picked":["StuffTheSpire:Pyroclast","StuffTheSpire:Incineration"],"picked":"Cleave","floor":6},{"not_picked":["StuffTheSpire:RagingBull","Body Slam"],"picked":"Warcry","floor":11},{"not_picked":["StuffTheSpire:RockThrow","Clash","StuffTheSpire:BloodClot"],"picked":"SKIP","floor":12},{"not_picked":["Clothesline","Run Through","Fiend Fire"],"picked":"SKIP","floor":13}],"player_experience":297194,"relics_obtained":[{"floor":6,"key":"aspiration:FetidBarrel"},{"floor":9,"key":"Darkstone Periapt"},{"floor":12,"key":"Simple Rune"}],"event_choices":[{"damage_healed":0,"gold_gain":0,"player_choice":"Grow","damage_taken":0,"max_hp_gain":0,"max_hp_loss":0,"event_name":"Living Wall","floor":2,"gold_loss":0,"cards_upgraded":["Pommel Strike"]},{"damage_healed":0,"gold_gain":75,"player_choice":"Gold","damage_taken":11,"max_hp_gain":0,"max_hp_loss":0,"event_name":"betterThird:BetterGoop","floor":4,"gold_loss":0},{"damage_healed":0,"gold_gain":0,"player_choice":"Relic ","damage_taken":18,"max_hp_gain":0,"max_hp_loss":0,"event_name":"betterThird:BetterScrap","floor":8,"gold_loss":0,"cards_obtained":["Meteor Strike"]},{"damage_healed":41,"gold_gain":0,"player_choice":"Upgrade","damage_taken":22,"max_hp_gain":0,"max_hp_loss":72,"event_name":"betterThird:BetterShining","floor":14,"gold_loss":0,"cards_upgraded":["Dramatic Entrance","Defend_R"]}],"is_beta":false,"boss_relics":[],"items_purged_floors":[0,0],"is_endless":false,"potions_floor_spawned":[1,5,11,12],"killed_by":"Fading Forest","ascension_level":17}}