{"host":"1hv1kueuvc4r3rdp","time":1607896103,"event":{"mods":["AchievementEnabler","BaseMod","DeckTracker","Highlight Path","Minty Spire (QoL Compilation)","Permanent Neow","StSLib"],"gold_per_floor":[119,131,148,163,179,205,285,322,347,347,367,367,170,188,188,260,260,274,125,145,155,254,254,270,270,270,286,296,296,296,296,296],"floor_reached":31,"playtime":2714,"items_purged":["Defend_P"],"score":401,"play_id":"b37748e7-0439-4ae6-bbe8-c12ffe0f2103","local_time":"20201213154823","is_ascension_mode":true,"campfire_choices":[{"data":"MentalFortress","floor":10,"key":"SMITH"},{"data":"FlyingSleeves","floor":12,"key":"SMITH"},{"data":"Tantrum","floor":15,"key":"SMITH"},{"data":"Ragnarok","floor":23,"key":"SMITH"},{"data":"LikeWater","floor":25,"key":"SMITH"}],"circlet_count":0,"master_deck":["AscendersBane","Strike_P","Strike_P","Defend_P","Defend_P","Eruption","Vigilance","FlyingSleeves+1","MentalFortress+1","BowlingBash","Tantrum+1","Ragnarok+1","CrushJoints+1","CarveReality+1","Establishment+1","LikeWater+1"],"relics":["Coffee Dripper","Regal Pillow","Letter Opener","Vajra","Bag of Marbles","Astrolabe","Frozen Egg 2","TeardropLocket"],"acts_visited":["Exordium","TheCity"],"potions_floor_usage":[5,8,15,16,20,20],"damage_taken":[{"damage":0,"enemies":"Cultist","floor":1,"turns":5},{"damage":0,"enemies":"Small Slimes","floor":2,"turns":3},{"damage":0,"enemies":"Jaw Worm","floor":3,"turns":2},{"damage":0,"enemies":"2 Fungi Beasts","floor":4,"turns":3},{"damage":12,"enemies":"Exordium Wildlife","floor":5,"turns":6},{"damage":21,"enemies":"3 Sentries","floor":6,"turns":8},{"damage":1,"enemies":"Exordium Thugs","floor":8,"turns":3},{"damage":12,"enemies":"2 Fungi Beasts","floor":11,"turns":2},{"damage":0,"enemies":"3 Louse","floor":14,"turns":1},{"damage":23,"enemies":"Hexaghost","floor":16,"turns":4},{"damage":0,"enemies":"Spheric Guardian","floor":18,"turns":3},{"damage":0,"enemies":"2 Thieves","floor":20,"turns":2},{"damage":0,"enemies":"Snecko","floor":21,"turns":2},{"damage":34,"enemies":"Snake Plant","floor":24,"turns":5},{"damage":12,"enemies":"Chosen and Byrds","floor":27,"turns":3},{"damage":5,"enemies":"Snecko","floor":28,"turns":3},{"damage":25,"enemies":"Shelled Parasite and Fungi","floor":31,"turns":1}],"seed_played":"-1142498227475664856","potions_obtained":[{"floor":1,"key":"Energy Potion"},{"floor":2,"key":"Weak Potion"},{"floor":6,"key":"ColorlessPotion"},{"floor":14,"key":"Fruit Juice"},{"floor":16,"key":"AttackPotion"},{"floor":18,"key":"SkillPotion"},{"floor":24,"key":"Strength Potion"}],"is_trial":false,"path_per_floor":["M","M","M","M","M","E","T","M","T","R","M","R","$","M","R","B",null,"M","$","M","M","?","R","M","R","T","M","M","T","?","M"],"character_chosen":"WATCHER","items_purchased":["Bag of Marbles","Weak Potion","LikeWater"],"campfire_rested":0,"item_purchase_floors":[13,13,19],"current_hp_per_floor":[65,65,65,65,53,32,32,31,31,31,19,19,19,19,24,1,58,58,58,58,58,58,58,24,24,24,12,7,7,7,0,0],"gold":296,"neow_bonus":"BOSS_RELIC","is_daily":false,"chose_seed":false,"campfire_upgraded":5,"win_rate":0.0,"timestamp":1607896103,"path_taken":["M","M","M","M","M","E","?","M","T","R","M","R","$","?","R","BOSS","M","$","M","M","?","R","M","R","T","M","M","?","?","M"],"items_purchased_type":["Relic","Potion","Card"],"build_version":"2020-11-30","purchased_purges":1,"victory":false,"max_hp_per_floor":[72,72,72,72,72,72,72,72,72,72,72,72,72,72,77,77,77,77,77,77,77,77,77,77,77,77,77,77,77,77,77,77],"card_choices":[{"not_picked":["Crescendo","Collect"],"picked":"FlyingSleeves","floor":1},{"not_picked":["CutThroughFate","JustLucky"],"picked":"MentalFortress","floor":2},{"not_picked":["Weave","Crescendo","CrushJoints"],"picked":"SKIP","floor":3},{"not_picked":["Weave","Crescendo","Worship"],"picked":"SKIP","floor":4},{"not_picked":["EmptyBody","TalkToTheHand"],"picked":"BowlingBash","floor":5},{"not_picked":["CrushJoints","ConjureBlade","Crescendo"],"picked":"SKIP","floor":6},{"not_picked":["ThirdEye","Swivel"],"picked":"Tantrum","floor":8},{"not_picked":["SashWhip","FlurryOfBlows","ThirdEye"],"picked":"SKIP","floor":11},{"not_picked":["Prostrate","FollowUp","Alpha"],"picked":"SKIP","floor":14},{"not_picked":["Establishment","DevaForm"],"picked":"Ragnarok","floor":16},{"not_picked":["CutThroughFate","FlyingSleeves","Prostrate"],"picked":"SKIP","floor":18},{"not_picked":["Tantrum","FlyingSleeves","EmptyFist"],"picked":"SKIP","floor":20},{"not_picked":["Prostrate","Crescendo","Halt"],"picked":"SKIP","floor":21},{"not_picked":["PathToVictory","Alpha","Nirvana"],"picked":"SKIP","floor":24},{"not_picked":["EmptyFist+1","ForeignInfluence","Tantrum"],"picked":"SKIP","floor":27},{"not_picked":["FollowUp","Collect","BowlingBash"],"picked":"SKIP","floor":28}],"player_experience":991454,"relics_obtained":[{"floor":6,"key":"Regal Pillow"},{"floor":7,"key":"Letter Opener"},{"floor":9,"key":"Vajra"},{"floor":26,"key":"Frozen Egg 2"},{"floor":29,"key":"TeardropLocket"}],"event_choices":[{"damage_healed":0,"gold_gain":99,"player_choice":"Stole From Cult","damage_taken":0,"max_hp_gain":0,"max_hp_loss":0,"event_name":"Nest","floor":22,"gold_loss":0},{"damage_healed":0,"gold_gain":0,"player_choice":"Ignored","damage_taken":0,"max_hp_gain":0,"max_hp_loss":0,"event_name":"Cursed Tome","floor":30,"gold_loss":0}],"is_beta":false,"boss_relics":[{"not_picked":["Fusion Hammer","VioletLotus"],"picked":"Astrolabe"}],"items_purged_floors":[19],"is_endless":false,"potions_floor_spawned":[1,2,6,14,16,18,24],"killed_by":"Shelled Parasite and Fungi","ascension_level":13}}