{"host":"n23juj4d9qam5hh1","time":1607832769,"event":{"mods":["BaseMod","Better Note","BetterRewards","Infinite Spire","Minty Spire (QoL Compilation)","Relic Stats","StSLib"],"gold_per_floor":[116,132,94,112,112,112,123,123,173,173,95,95,110,123,123,221,221,232,251,266,232,232,232,232,242,242,261,21,52,63,63,63,163,163,177,188,198,218,218,218,268,268,268,268,268,268,286,286,286],"floor_reached":48,"playtime":1885,"items_purged":[],"score":488,"play_id":"5cb46c1c-6a7b-4585-bebd-1d053fce5293","local_time":"20201212231249","is_ascension_mode":true,"campfire_choices":[{"data":"Whirlwind","floor":6.0,"key":"SMITH"},{"data":"Bash","floor":15.0,"key":"SMITH"},{"data":"Carnage","floor":23.0,"key":"SMITH"},{"data":"infinitespire:Oblivion","floor":32.0,"key":"SMITH"},{"data":"Immolate","floor":40,"key":"SMITH"},{"data":"infinitespire:Oblivion","floor":45,"key":"SMITH"}],"circlet_count":0,"master_deck":["Strike_R","Strike_R","Defend_R","Defend_R","Defend_R","Defend_R","Bash+1","Pommel Strike","Battle Trance","Whirlwind+1","Inflame+1","Flame Barrier","Ghostly Armor","Impervious","Flame Barrier","Power Through","True Grit+1","Carnage+1","Metallicize","Immolate+1","Power Through+1","infinitespire:Oblivion+1","Juggernaut","Juggernaut+1","Burning Pact+1","Wild Strike+1","Heavy Blade+1","Shockwave+1","Inflame+1","infinitespire:Oblivion+1"],"relics":["Burning Blood","NeowsBlessing","Omamori","Bag of Marbles","TungstenRod","Philosopher\u0027s Stone","Regal Pillow","Self Forming Clay","Bottled Flame","Magic Flower","Astrolabe","Mango","Prayer Wheel","Gremlin Horn"],"acts_visited":["Exordium","TheCity","TheBeyond"],"potions_floor_usage":[],"damage_taken":[{"damage":0.0,"enemies":"2 Louse","floor":1.0,"turns":1.0},{"damage":0.0,"enemies":"Jaw Worm","floor":2.0,"turns":1.0},{"damage":0.0,"enemies":"Cultist","floor":4.0,"turns":1.0},{"damage":10.0,"enemies":"2 Fungi Beasts","floor":7.0,"turns":4.0},{"damage":7.0,"enemies":"Blue Slaver","floor":13.0,"turns":3.0},{"damage":12.0,"enemies":"Exordium Wildlife","floor":14.0,"turns":5.0},{"damage":51.0,"enemies":"Hexaghost","floor":16.0,"turns":13.0},{"damage":17.0,"enemies":"3 Byrds","floor":18.0,"turns":4.0},{"damage":0.0,"enemies":"Spheric Guardian","floor":19.0,"turns":1.0},{"damage":12.0,"enemies":"Snecko","floor":20.0,"turns":6.0},{"damage":9.0,"enemies":"Snake Plant","floor":25.0,"turns":4.0},{"damage":10.0,"enemies":"Shelled Parasite and Fungi","floor":27.0,"turns":5.0},{"damage":7.0,"enemies":"Slavers","floor":29.0,"turns":2.0},{"damage":0.0,"enemies":"3 Cultists","floor":30.0,"turns":2.0},{"damage":45.0,"enemies":"Collector","floor":33.0,"turns":13.0},{"damage":18.0,"enemies":"Orb Walker","floor":35.0,"turns":4.0},{"damage":12,"enemies":"3 Darklings","floor":36,"turns":3},{"damage":0,"enemies":"Jaw Worm Horde","floor":37,"turns":1},{"damage":33,"enemies":"Spire Growth","floor":38,"turns":5},{"damage":21,"enemies":"2 Orb Walkers","floor":41,"turns":4},{"damage":3,"enemies":"Sphere and 2 Shapes","floor":47,"turns":3},{"damage":66,"enemies":"Nightmare","floor":48,"turns":7}],"seed_played":"-4427864079134645612","potions_obtained":[{"floor":7.0,"key":"SkillPotion"},{"floor":13.0,"key":"DuplicationPotion"},{"floor":14.0,"key":"PowerPotion"},{"floor":18.0,"key":"Explosive Potion"},{"floor":19.0,"key":"ColorlessPotion"},{"floor":29.0,"key":"SpeedPotion"},{"floor":33.0,"key":"Fire Potion"},{"floor":35.0,"key":"SmokeBomb"},{"floor":37,"key":"Dexterity Potion"}],"is_trial":false,"path_per_floor":["M","M","$","M","?","R","M","?","T","?","$","T","M","M","R","B",null,"M","M","M","$","?","R","?","M","T","M","$","E","M","AVR","R","B",null,"M","M","M","M","AVR","R","?","?","T","?","R","?","M","NM"],"character_chosen":"IRONCLAD","items_purchased":["Battle Trance","Flame Barrier","Carnage","Bottled Flame"],"campfire_rested":0,"item_purchase_floors":[3,11,21,28],"current_hp_per_floor":[80,80,80,80,68,68,64,64,64,64,64,64,63,57,57,12,80,69,75,69,69,69,69,69,66,66,62,62,61,70,70,70,34,80,71,68,77,53,67,67,55,79,79,57,57,57,63,0,0],"gold":286,"neow_bonus":"THREE_ENEMY_KILL","is_daily":false,"chose_seed":false,"campfire_upgraded":6,"win_rate":0.0,"timestamp":1607832769,"path_taken":["M","M","$","M","?","R","M","?","T","?","$","?","M","?","R","BOSS","M","M","M","$","?","R","?","M","T","M","$","E","M","AVR","R","BOSS","M","M","M","M","AVR","R","?","?","T","?","R","?","M","NM"],"items_purchased_type":["Card","Card","Card","Relic"],"build_version":"2020-11-30","purchased_purges":0,"victory":false,"max_hp_per_floor":[80,80,80,80,80,80,80,80,80,80,80,80,80,80,80,80,80,80,80,80,80,80,80,80,80,80,80,80,80,80,80,80,80,80,80,80,80,80,94,94,94,94,94,94,94,94,94,94,94],"relic_stats":{"Regal Pillow":0,"Gremlin Horn":[2,2],"counters":[22,92],"Self Forming Clay":[72],"Astrolabe":["Juggernaut","Burning Pact","Wild Strike"],"Magic Flower":[24],"Prayer Wheel":1,"obtain_stats":[{"Regal Pillow":22,"NeowsBlessing":0,"Gremlin Horn":43,"Self Forming Clay":26,"Astrolabe":34,"Magic Flower":29,"Mango":39,"Omamori":5,"Burning Blood":0,"Bottled Flame":28,"Philosopher\u0027s Stone":17,"Prayer Wheel":41,"Bag of Marbles":9,"TungstenRod":12},{"Regal Pillow":10,"NeowsBlessing":0,"Gremlin Horn":20,"Self Forming Clay":11,"Astrolabe":15,"Magic Flower":13,"Mango":19,"Omamori":3,"Burning Blood":0,"Bottled Flame":12,"Philosopher\u0027s Stone":7,"Prayer Wheel":20,"Bag of Marbles":4,"TungstenRod":4},{"Regal Pillow":39,"NeowsBlessing":0,"Gremlin Horn":82,"Self Forming Clay":43,"Astrolabe":65,"Magic Flower":50,"Mango":78,"Omamori":3,"Burning Blood":0,"Bottled Flame":48,"Philosopher\u0027s Stone":28,"Prayer Wheel":82,"Bag of Marbles":7,"TungstenRod":7}],"Burning Blood":132,"TungstenRod":60},"card_choices":[{"not_picked":["Rage","Thunderclap","Headbutt"],"picked":"SKIP","floor":1.0},{"not_picked":["Clothesline","Wild Strike"],"picked":"Pommel Strike","floor":2.0},{"not_picked":["Entrench","Warcry"],"picked":"Whirlwind","floor":4.0},{"not_picked":["Sever Soul","True Grit"],"picked":"Inflame","floor":7.0},{"not_picked":["Corruption","Reckless Charge"],"picked":"Ghostly Armor","floor":13.0},{"not_picked":["Havoc","Body Slam","Disarm"],"picked":"SKIP","floor":14.0},{"not_picked":["Berserk","Corruption"],"picked":"Impervious","floor":16.0},{"not_picked":["Clothesline","Body Slam"],"picked":"Flame Barrier","floor":18.0},{"not_picked":["Clothesline","Twin Strike"],"picked":"Power Through","floor":19.0},{"not_picked":["Seeing Red","Disarm"],"picked":"True Grit+1","floor":20.0},{"not_picked":["Whirlwind","Combust+1"],"picked":"Immolate","floor":25.0},{"not_picked":["Iron Wave","Rupture+1","Perfected Strike"],"picked":"SKIP","floor":27.0},{"not_picked":["Iron Wave+1","Rampage","Dual Wield"],"picked":"SKIP","floor":29.0},{"not_picked":["Twin Strike","Sentinel"],"picked":"Power Through+1","floor":30.0},{"not_picked":["Exhume","Corruption"],"picked":"Juggernaut","floor":33.0},{"not_picked":["Twin Strike","Intimidate"],"picked":"Heavy Blade+1","floor":35.0},{"not_picked":["Hemokinesis","Infernal Blade+1","Thunderclap+1"],"picked":"SKIP","floor":36},{"not_picked":["Rupture+1","Iron Wave+1","Seeing Red"],"picked":"SKIP","floor":37},{"not_picked":["Rupture+1","Iron Wave+1","Seeing Red"],"picked":"SKIP","floor":37},{"not_picked":["Infernal Blade+1","Armaments+1"],"picked":"Shockwave+1","floor":38},{"not_picked":["Perfected Strike","Armaments+1"],"picked":"Inflame+1","floor":41},{"not_picked":["infinitespire:DeathsTouch","infinitespire:SevenWalls"],"picked":"infinitespire:Oblivion","floor":44},{"not_picked":["Pommel Strike+1","Iron Wave+1","Armaments+1"],"picked":"SKIP","floor":47},{"not_picked":["Cleave+1","Uppercut","Rampage+1"],"picked":"SKIP","floor":47}],"player_experience":169209,"relics_obtained":[{"floor":9.0,"key":"Bag of Marbles"},{"floor":12.0,"key":"TungstenRod"},{"floor":26.0,"key":"Self Forming Clay"},{"floor":29.0,"key":"Magic Flower"},{"floor":41,"key":"Prayer Wheel"},{"floor":43,"key":"Gremlin Horn"}],"event_choices":[{"damage_healed":0.0,"max_hp_gain":0.0,"max_hp_loss":0.0,"gold_gain":0.0,"event_name":"Scrap Ooze","player_choice":"Success","floor":5.0,"gold_loss":0.0,"damage_taken":12.0,"relics_obtained":["Omamori"]},{"damage_healed":0.0,"max_hp_gain":0.0,"max_hp_loss":0.0,"gold_gain":0.0,"event_name":"Living Wall","player_choice":"Grow","floor":8.0,"gold_loss":0.0,"damage_taken":0.0,"cards_upgraded":["Inflame"]},{"damage_healed":0.0,"max_hp_gain":0.0,"max_hp_loss":0.0,"gold_gain":0.0,"event_name":"Shining Light","player_choice":"Ignored","floor":10.0,"gold_loss":0.0,"damage_taken":0.0},{"damage_healed":0.0,"max_hp_gain":0.0,"max_hp_loss":0.0,"gold_gain":0.0,"event_name":"The Mausoleum","player_choice":"Opened","floor":22.0,"gold_loss":0.0,"damage_taken":0.0,"relics_obtained":["Regal Pillow"],"cards_obtained":["Writhe"]},{"damage_healed":0.0,"max_hp_gain":0.0,"max_hp_loss":0.0,"gold_gain":0.0,"event_name":"The Library","player_choice":"Read","floor":24.0,"gold_loss":0.0,"damage_taken":0.0,"cards_obtained":["Metallicize"]},{"damage_healed":0,"gold_gain":0,"player_choice":"Fight","damage_taken":0,"max_hp_gain":0,"max_hp_loss":0,"event_name":"Mysterious Sphere","floor":41,"gold_loss":0},{"damage_healed":24,"gold_gain":0,"player_choice":"Writhe","damage_taken":0,"max_hp_gain":0,"max_hp_loss":0,"event_name":"Winding Halls","floor":42,"gold_loss":0,"cards_obtained":["Writhe"]}],"is_beta":false,"boss_relics":[{"not_picked":["Cursed Key","Runic Dome"],"picked":"Philosopher\u0027s Stone"},{"not_picked":["Calling Bell","Runic Cube"],"picked":"Astrolabe"}],"items_purged_floors":[],"is_endless":false,"potions_floor_spawned":[7,13,14,18,19,29,33,35,37],"killed_by":"Nightmare","ascension_level":2}}