{"host":"5trcja4hacd149zc","time":1607838922,"event":{"mods":["BaseMod","Colored Map","Minty Spire (QoL Compilation)","Relic Stats"],"gold_per_floor":[114,114,114,128,28,55,55,130,198,208,208,224,254,265,265,265,265],"floor_reached":16,"playtime":366,"items_purged":["Strike_G"],"score":220,"play_id":"19325cb5-fc69-4316-8161-850aeabeb2cb","local_time":"20201212235522","is_ascension_mode":true,"campfire_choices":[{"floor":7,"key":"REST"},{"floor":11,"key":"REST"},{"data":"Noxious Fumes","floor":15,"key":"SMITH"}],"circlet_count":0,"master_deck":["AscendersBane","Strike_G","Strike_G","Defend_G","Defend_G","Defend_G","Defend_G","Survivor","Neutralize+1","Storm of Steel+1","Escape Plan+1","Malaise+1","Quick Slash","Expertise","Dagger Spray","Noxious Fumes+1","Terror","Leg Sweep"],"relics":["Astrolabe","Bottled Lightning","Shuriken","Juzu Bracelet"],"acts_visited":["Exordium"],"potions_floor_usage":[13,14],"damage_taken":[{"damage":0,"enemies":"Jaw Worm","floor":1,"turns":4},{"damage":1,"enemies":"2 Louse","floor":4,"turns":3},{"damage":56,"enemies":"Gremlin Nob","floor":6,"turns":5},{"damage":1,"enemies":"Cultist","floor":10,"turns":3},{"damage":7,"enemies":"3 Louse","floor":12,"turns":3},{"damage":12,"enemies":"Lagavulin","floor":13,"turns":7},{"damage":16,"enemies":"Gremlin Gang","floor":14,"turns":5},{"damage":23,"enemies":"Slime Boss","floor":16,"turns":3}],"seed_played":"-7343853891239536016","potions_obtained":[{"floor":6,"key":"Poison Potion"},{"floor":12,"key":"Energy Potion"}],"is_trial":false,"path_per_floor":["M","?","?","M","$","E","R","?","T","M","R","M","E","M","R","B"],"character_chosen":"THE_SILENT","items_purchased":["Dagger Spray"],"campfire_rested":2,"item_purchase_floors":[5],"current_hp_per_floor":[59,59,64,63,63,7,28,17,17,16,37,30,18,2,2,0,0],"gold":265,"neow_bonus":"BOSS_RELIC","is_daily":false,"chose_seed":false,"campfire_upgraded":1,"win_rate":0.0,"timestamp":1607838922,"path_taken":["M","?","?","M","?","E","R","?","T","M","R","?","E","M","R","BOSS"],"items_purchased_type":["Card"],"build_version":"2020-11-30","purchased_purges":1,"victory":false,"max_hp_per_floor":[66,66,71,71,71,71,71,71,71,71,71,71,71,71,71,71,71],"relic_stats":{"counters":[8,33],"Shuriken":[9],"Astrolabe":["Storm of Steel","Escape Plan","Malaise"],"Juzu Bracelet":0,"obtain_stats":[{"Shuriken":9,"Astrolabe":0,"Juzu Bracelet":13,"Bottled Lightning":6,"Ring of the Snake":0},{"Shuriken":3,"Astrolabe":0,"Juzu Bracelet":6,"Bottled Lightning":3,"Ring of the Snake":0},{"Shuriken":12,"Astrolabe":0,"Juzu Bracelet":25,"Bottled Lightning":12,"Ring of the Snake":0}]},"card_choices":[{"not_picked":["Cloak And Dagger","Riddle With Holes"],"picked":"Quick Slash","floor":1},{"not_picked":["Quick Slash","Bane"],"picked":"Expertise","floor":4},{"not_picked":["Sucker Punch","Bane","Concentrate"],"picked":"SKIP","floor":6},{"not_picked":["Deflect","Prepared"],"picked":"Noxious Fumes","floor":10},{"not_picked":["Bouncing Flask","Poisoned Stab","Quick Slash"],"picked":"SKIP","floor":12},{"not_picked":["Slice","Eviscerate"],"picked":"Terror","floor":13},{"not_picked":["Backflip","Poisoned Stab"],"picked":"Leg Sweep","floor":14}],"player_experience":745521,"relics_obtained":[{"floor":6,"key":"Bottled Lightning"},{"floor":9,"key":"Shuriken"},{"floor":13,"key":"Juzu Bracelet"}],"event_choices":[{"damage_healed":0,"gold_gain":0,"player_choice":"Grow","damage_taken":0,"max_hp_gain":0,"max_hp_loss":0,"event_name":"Living Wall","floor":2,"gold_loss":0,"cards_upgraded":["Neutralize"]},{"damage_healed":0,"gold_gain":0,"player_choice":"Donut","damage_taken":0,"max_hp_gain":5,"max_hp_loss":0,"event_name":"Big Fish","floor":3,"gold_loss":0},{"damage_healed":0,"gold_gain":75,"player_choice":"Gather Gold","damage_taken":11,"max_hp_gain":0,"max_hp_loss":0,"event_name":"World of Goop","floor":8,"gold_loss":0}],"is_beta":false,"boss_relics":[],"items_purged_floors":[5],"is_endless":false,"potions_floor_spawned":[6,12],"killed_by":"Slime Boss","ascension_level":20}}