{"host":"u0f5uy314yz7olfc","time":1607876672,"event":{"mods":["AchievementEnabler","Aspiration","BaseMod","Bestiary","Better Altar","Better Match","Better Note","Better Sensory Stone","Better Skull","Better Synergies","Better Third Choice","Better Vampires","BetterRewards","Block Reminder","Colored Map","Colored Powertips","Dota2Spire","Emptier Cage","Energized Spire","Friendly Minions","GifTheSpireLib","Gold Saver","Highlight Path","Hubris","Infinite Spire","Ironclad Rager","Marked Mod","Minty Spire (QoL Compilation)","Permanent Neow","Quick Restart","Rare Cards Sparkle","Relic Stats","Replay The Spire","Retaliation","Shop Mod","StSLib","The Bladedancer","Watcher Patcher"],"gold_per_floor":[117,117,130,144,159,159,80,105,129,129,129],"floor_reached":10,"playtime":527,"items_purged":[],"score":68,"play_id":"17bcf330-8467-4a19-ab95-203198c8c627","local_time":"20201213232432","is_ascension_mode":false,"campfire_choices":[{"floor":6,"key":"REST"}],"circlet_count":0,"master_deck":["Strike_P","Strike_P","Strike_P","Strike_P","Defend_P","Defend_P","Defend_P","Defend_P","Eruption","Vigilance","Hello World","FlyingSleeves","MarkedMod:PinPointDefense","Swift Strike","Discovery","Storm","Burn","Replay:Battleflow","PathToVictory","ReachHeaven","LikeWater","CutThroughFate"],"relics":["PureWater","Mummified Hand","MerchantsRug","Boot"],"acts_visited":["Exordium"],"potions_floor_usage":[5,5],"damage_taken":[{"damage":14,"enemies":"Small Slimes","floor":1,"turns":3},{"damage":0,"enemies":"Jaw Worm","floor":3,"turns":3},{"damage":2,"enemies":"Cultist","floor":4,"turns":3},{"damage":16,"enemies":"Gremlin Gang","floor":5,"turns":5},{"damage":20,"enemies":"Lagavulin","floor":8,"turns":5},{"damage":0,"enemies":"Gremlin Nob","floor":10,"turns":2}],"seed_played":"-7148744181291291357","potions_obtained":[{"floor":3,"key":"Adrenaline Potion"},{"floor":4,"key":"DuplicationPotion"}],"is_trial":false,"path_per_floor":["M","?","M","M","M","R","$","E","T","E"],"character_chosen":"WATCHER","items_purchased":["Mummified Hand","Hello World","FlyingSleeves","MarkedMod:PinPointDefense","Swift Strike","MerchantsRug","Discovery","LikeWater"],"campfire_rested":1,"item_purchase_floors":[0,0,0,0,0,0,0,7],"current_hp_per_floor":[26,26,26,24,8,29,29,9,9,9,9],"gold":129,"neow_bonus":"","is_daily":false,"chose_seed":false,"campfire_upgraded":0,"win_rate":0.0,"timestamp":1607876672,"path_taken":["M","?","M","M","M","R","$","E","T","E"],"items_purchased_type":["Relic","Card","Card","Card","Card","Relic","Card","Card"],"build_version":"2020-11-30","purchased_purges":0,"victory":false,"max_hp_per_floor":[72,72,72,72,72,72,72,72,72,72,72],"relic_stats":{"counters":[11,37],"Mummified Hand":[25],"Boot":[0],"obtain_stats":[{"MerchantsRug":3,"Replay:M_StaffOfTheSnake":0,"Dota2Spire:UrnOfShadows":3,"aspiration:Nostalgia":0,"ReplayTheSpireMod:CursedCoin":3,"Mummified Hand":0,"Counterbalance":0,"PureWater":0,"ReplayTheSpireMod:Lightbulb":9,"Boot":8,"Dota2Spire:LotusOrb":0},{"MerchantsRug":2,"Replay:M_StaffOfTheSnake":0,"Dota2Spire:UrnOfShadows":2,"aspiration:Nostalgia":0,"ReplayTheSpireMod:CursedCoin":2,"Mummified Hand":5,"Counterbalance":0,"PureWater":0,"ReplayTheSpireMod:Lightbulb":2,"Boot":10,"Dota2Spire:LotusOrb":0},{"MerchantsRug":4,"Replay:M_StaffOfTheSnake":0,"Dota2Spire:UrnOfShadows":4,"aspiration:Nostalgia":0,"ReplayTheSpireMod:CursedCoin":4,"Mummified Hand":16,"Counterbalance":0,"PureWater":0,"ReplayTheSpireMod:Lightbulb":4,"Boot":35,"Dota2Spire:LotusOrb":0}]},"card_choices":[{"not_picked":["Reckless Charge","FlyingSleeves"],"picked":"Storm","floor":1},{"not_picked":["FearNoEvil","Outmaneuver"],"picked":"Replay:Battleflow","floor":3},{"not_picked":["Sever Soul","Replay:AtTheReady"],"picked":"PathToVictory","floor":4},{"not_picked":["Replay:AllIn","Halt"],"picked":"ReachHeaven","floor":5},{"not_picked":["Outmaneuver","Clash"],"picked":"CutThroughFate","floor":8}],"player_experience":294563,"relics_obtained":[{"floor":8,"key":"Boot"}],"event_choices":[{"damage_healed":26,"gold_gain":0,"player_choice":"Embrace Burn","damage_taken":0,"max_hp_gain":0,"max_hp_loss":72,"event_name":"betterThird:BetterShining","floor":2,"gold_loss":0}],"is_beta":false,"boss_relics":[],"items_purged_floors":[],"is_endless":false,"potions_floor_spawned":[3,4],"killed_by":"Gremlin Nob","ascension_level":0}}