{"host":"ueaeb6fe0hvwaqzf","time":1607893650,"event":{"mods":["2.2 Compatiblity","AchievementEnabler","Act Like it!","Ascension Reborn","Aspiration","BaseMod","BetterRewards","Clawfect","Colored Map","Colored Powertips","Conspire","Defuse TimeMaze Blight","Downfall","Energized Spire","GifTheSpireLib","GungeonMod","Hallownest","Highlight Path","Hubris","Infinite Spire","Koishi","Marisa????????","Mimic Mod","Minty Spire (QoL Compilation)","Pale of the Ancients","Permanent Neow","Quick Restart","Random Character Button","Remilia??????","Replay The Spire","StSLib","Stuff the Spire","Td1madao Mod","The Bug Knight","The Disciple","The IronCluck","The Servant 0.9.4","slay the spire mod where everything is the same but ironclad has a cowboy hat"],"gold_per_floor":[113,113,113,113,113,80,80,114,114,152,152,165,201,181,200,200,200,330,330,353,353,173,173,189,189,233,249,249,280,293,293,293,309,309,309,309,430,430,446,446,446,446,459,459,498,513,536,556,591,591,626,626,626,626],"floor_reached":55,"playtime":2983,"items_purged":[],"score":949,"play_id":"6c9824b6-adff-4681-9a07-d92096f9a101","local_time":"20201213210730","is_ascension_mode":true,"campfire_choices":[{"data":"Clawfect:ClawForTheEyes","floor":9,"key":"SMITH"},{"data":"Machine Learning","floor":25,"key":"SMITH"},{"floor":34,"key":"REST"},{"floor":36,"key":"REST"},{"data":"Leap","floor":44,"key":"SMITH"},{"data":"Capacitor","floor":50,"key":"SMITH"},{"floor":53,"key":"DIG"}],"circlet_count":0,"master_deck":["Gash","Gash","Gash+1","Gash","Gash","Defend_B","Defend_B","Defend_B","Defend_B","Defend_B","Clawfect:ClawForTheEyes+1","Injury","Clawfect:ScrapingClaw+1","FTL+1","Gash+1","Clawfect:Clawline+1","Clawfect:ClawSnap+1","Machine Learning+1","Clawfect:ClawLightning+1","Clawfect:Clawter+1","Gash+1","Clawfect:Clawrage+1","Auto Shields","Clawfect:ClawLightning+1","Leap+1","Rebound+1","Clawfect:ClawCell+1","Buffer+1","hubris:Wrath","Shame","Clawfect:Clawrage+1","Clawfect:ClawLightning+1","Capacitor+1","Capacitor+1"],"relics":["Nuclear Battery","Golden Idol","Molten Egg 2","StuffTheSpire:Gunfinga","Lizard Tail","Replay:WaspNest","Solar Panel","energizedSpire:NeverEndingSparkler","HornCleat","Membership Card","Replay:PocketPolymizer","infinitespire:SolderingIron","CaptainsWheel","hubris:EmptyBottle","Replay:Ancient Bell","Pen Nib","aspiration:HummingbirdHeart","aspiration:MysteriousAuxiliaryCore","hubris:Icosahedron","Replay:Accelerometer","Geode","Centennial Puzzle","Sundial","StuffTheSpire:Expresso","hubris:SlimyHat"],"acts_visited":["Exordium","TheCity","TheBeyond"],"potions_floor_usage":[30,30,37],"damage_taken":[{"damage":0,"enemies":"2 Louse","floor":1,"turns":4},{"damage":2,"enemies":"Lagavulin","floor":8,"turns":6},{"damage":24,"enemies":"Gremlin Nob","floor":10,"turns":5},{"damage":8,"enemies":"Cultist","floor":12,"turns":4},{"damage":20,"enemies":"Lagavulin","floor":13,"turns":5},{"damage":0,"enemies":"Small Slimes","floor":15,"turns":3},{"damage":0,"enemies":"Slime Boss","floor":18,"turns":6},{"damage":13,"enemies":"Spheric Guardian","floor":20,"turns":3},{"damage":8,"enemies":"3 Byrds","floor":24,"turns":3},{"damage":9,"enemies":"Replay:Snechameleon","floor":26,"turns":4},{"damage":4,"enemies":"conspire:HollyBat","floor":27,"turns":5},{"damage":16,"enemies":"Book of Stabbing","floor":29,"turns":4},{"damage":12,"enemies":"Snake Plant","floor":30,"turns":3},{"damage":0,"enemies":"Cultist and Chosen","floor":33,"turns":4},{"damage":6,"enemies":"hubris:MusketHawk","floor":37,"turns":6},{"damage":0,"enemies":"3 Shapes","floor":39,"turns":4},{"damage":0,"enemies":"Orb Walker","floor":43,"turns":4},{"damage":1,"enemies":"Giant Head","floor":45,"turns":6},{"damage":5,"enemies":"Jaw Worm Horde","floor":46,"turns":4},{"damage":2,"enemies":"Writhing Mass","floor":48,"turns":4},{"damage":7,"enemies":"Reptomancer","floor":49,"turns":5},{"damage":6,"enemies":"HollowMod:StalkingDevout","floor":51,"turns":4},{"damage":28,"enemies":"Time Eater","floor":54,"turns":7}],"seed_played":"2399197556352704263","potions_obtained":[{"floor":1,"key":"sneckomod:MuddlingPotion"},{"floor":12,"key":"DemoMod:LeadSkinPotion"},{"floor":14,"key":"ColorlessPotion"},{"floor":15,"key":"LifebloodPotion"},{"floor":33,"key":"Fire Potion"},{"floor":37,"key":"Block Potion"},{"floor":49,"key":"Guardian:BlockOnCardUsePotion"}],"is_trial":false,"path_per_floor":["M","?","?","PTL","PTL","$","?","E","R","E","T","M","E","?","M","?","R_BF","B",null,"M","T","$","?","M","R","E","M","T","E","M","PTL","PTL","M","R","AVR","R","B",null,"M","?","?","?","M","R","E","M","T","M","E","R","E","AVR","R_BF","B",null],"character_chosen":"DEFECT","items_purchased":["ReplayGash","Membership Card","Clawfect:Clawter+1"],"campfire_rested":2,"item_purchase_floors":[6,22,22],"current_hp_per_floor":[75,75,57,57,57,57,57,55,55,31,31,23,3,3,3,75,75,75,75,62,62,62,62,56,56,49,47,47,33,25,25,25,29,51,51,73,71,75,75,75,75,75,75,75,74,71,71,69,66,66,62,62,62,38],"gold":626,"neow_bonus":"BOSS_RELIC","is_daily":false,"chose_seed":false,"campfire_upgraded":4,"win_rate":0.0,"timestamp":1607893650,"path_taken":["M","?","?","PTL","PTL","$","?","E","R","E","T","M","E","?","?","?","R_BF","BOSS","M","?","$","?","M","R","E","?","T","E","M","PTL","PTL","M","R","AVR","R","BOSS","M","?","?","?","?","R","E","?","T","M","E","R","E","AVR","R_BF","BOSS"],"items_purchased_type":["Card","Relic","Card"],"build_version":"2020-11-30","purchased_purges":0,"victory":true,"max_hp_per_floor":[75,75,75,75,75,75,75,75,75,75,75,75,75,75,75,75,75,75,75,75,75,75,75,75,75,75,75,75,75,75,75,75,75,75,75,75,75,75,75,75,75,75,75,75,75,75,75,75,75,75,75,75,75,75],"card_choices":[{"not_picked":["Glacier","Defragment"],"picked":"Clawfect:ClawForTheEyes","floor":1},{"not_picked":["Coolheaded","Seek"],"picked":"Clawfect:ScrapingClaw+1","floor":8},{"not_picked":["Steam Power","Defragment"],"picked":"FTL+1","floor":10},{"not_picked":["Stack","ReplayTheSpireMod:Calculation Training"],"picked":"Gash+1","floor":12},{"not_picked":["Turbo","ReplayTheSpireMod:System Scan"],"picked":"Clawfect:Clawline+1","floor":13},{"not_picked":["Creative AI","Clawfect:ClawingBeam+1"],"picked":"Clawfect:ClawSnap+1","floor":15},{"not_picked":["ReplayTheSpireMod:Fabricate Wheel","ReplayTheSpireMod:Omega Cannon+1"],"picked":"Machine Learning","floor":18},{"not_picked":["Stack","Clawfect:ClawingBeam+1"],"picked":"Clawfect:ClawLightning+1","floor":20},{"not_picked":["BasicCrystalCard","Panic Button"],"picked":"Clawfect:Clawrage+1","floor":24},{"not_picked":["Capacitor","StuffTheSpire:Coldhearted"],"picked":"Auto Shields","floor":26},{"not_picked":["Consume","Hologram"],"picked":"Clawfect:ClawLightning+1","floor":27},{"not_picked":["Force Field+1","hubris:Prefetch"],"picked":"Leap","floor":29},{"not_picked":["BasicCrystalCard","Stack"],"picked":"Rebound+1","floor":30},{"not_picked":["Double Energy","Clawfect:ClawpileDriver+1"],"picked":"Clawfect:ClawCell+1","floor":33},{"not_picked":["hubris:SpecializedCircuitry","Creative AI"],"picked":"Buffer","floor":37},{"not_picked":["Pain","SwitchConfidence"],"picked":"hubris:Wrath","floor":38},{"not_picked":["hexamod:Haunted","Delirium"],"picked":"conspire:NecroticWound","floor":38},{"not_picked":["Delirium","hexamod:Haunted"],"picked":"Shame","floor":38},{"not_picked":["StuffTheSpire:Plugnplay","Redo+1","ReplaySolidLightProjector"],"picked":"SKIP","floor":39},{"not_picked":["Rebound+1","Steam","Auto Shields"],"picked":"SKIP","floor":43},{"not_picked":["Fusion","Clawfect:Clawline+1"],"picked":"Clawfect:Clawrage+1","floor":45},{"not_picked":["Turbo","ReplayTheSpireMod:System Scan+1"],"picked":"Clawfect:ClawLightning+1","floor":46},{"not_picked":["Tempest","Double Energy+1"],"picked":"Capacitor+1","floor":48},{"not_picked":["ReplayTheSpireMod:GoodbyeWorld","StuffTheSpire:Plugnplay+1"],"picked":"Capacitor","floor":49},{"not_picked":["conspire:SharedLibrary","Defragment","Fission"],"picked":"SKIP","floor":51}],"player_experience":226871,"relics_obtained":[{"floor":8,"key":"StuffTheSpire:Gunfinga"},{"floor":10,"key":"Lizard Tail"},{"floor":11,"key":"Replay:WaspNest"},{"floor":13,"key":"Solar Panel"},{"floor":21,"key":"HornCleat"},{"floor":26,"key":"Replay:PocketPolymizer"},{"floor":28,"key":"infinitespire:SolderingIron"},{"floor":29,"key":"CaptainsWheel"},{"floor":45,"key":"Replay:Accelerometer"},{"floor":47,"key":"Geode"},{"floor":49,"key":"Centennial Puzzle"},{"floor":51,"key":"Sundial"},{"floor":53,"key":"hubris:SlimyHat"}],"event_choices":[{"damage_healed":0,"gold_gain":0,"player_choice":"Take Damage","damage_taken":18,"relics_obtained":["Golden Idol"],"max_hp_gain":0,"max_hp_loss":0,"event_name":"Golden Idol","floor":3,"gold_loss":0},{"damage_healed":0,"gold_gain":0,"player_choice":"Bought 1 Potion","damage_taken":0,"max_hp_gain":0,"max_hp_loss":0,"event_name":"The Woman in Blue","floor":14,"gold_loss":0},{"cards_removed":["ReplayGash"],"damage_healed":72,"gold_gain":0,"player_choice":"Offered Uncommon","damage_taken":0,"max_hp_gain":0,"max_hp_loss":0,"event_name":"Bonfire Elementals","floor":16,"gold_loss":0},{"damage_healed":0,"gold_gain":0,"player_choice":"Read","damage_taken":0,"max_hp_gain":0,"max_hp_loss":0,"event_name":"The Library","floor":23,"gold_loss":0,"cards_obtained":["Gash"]},{"cards_removed":["conspire:NecroticWound"],"damage_healed":0,"gold_gain":0,"player_choice":"Purged","damage_taken":0,"max_hp_gain":0,"max_hp_loss":0,"event_name":"Purifier","floor":42,"gold_loss":0}],"is_beta":false,"boss_relics":[{"not_picked":["hubris:HollowSoul","energizedSpire:OgreHead"],"picked":"energizedSpire:NeverEndingSparkler"},{"not_picked":["conspire:SlowCooker","hubris:VirtuousBlindfold"],"picked":"Replay:Ancient Bell"},{"not_picked":["Lantern","Grinning Jar"],"picked":"Pen Nib"},{"not_picked":["DemoMod:MeltedRock","Replay:Bottled Eggs"],"picked":"aspiration:HummingbirdHeart"},{"not_picked":["conspire:IceCreamScoop","FossilizedHelix"],"picked":"aspiration:MysteriousAuxiliaryCore"}],"items_purged_floors":[],"is_endless":false,"potions_floor_spawned":[1,12,15,24,33,37,43,45,49],"ascension_level":1}}