{"host":"5mo0809oo9tcrmpl","time":1607826224,"event":{"mods":["BaseMod","Highlight Path","Minty Spire (QoL Compilation)","Relic Stats","Slay the Relics Exporter"],"gold_per_floor":[119,135,152,82,93,93,118,118,200,200,231,231,250,262,262,262,262],"floor_reached":16,"playtime":682,"items_purged":[],"score":224,"play_id":"d4f844b8-8843-45c9-949e-93b721aff2e2","local_time":"20201212202344","is_ascension_mode":true,"campfire_choices":[{"data":"Zap","floor":6,"key":"SMITH"},{"data":"Sweeping Beam","floor":8,"key":"SMITH"},{"data":"Coolheaded","floor":10,"key":"SMITH"},{"data":"Ball Lightning","floor":12,"key":"SMITH"},{"data":"Gash","floor":15,"key":"SMITH"}],"circlet_count":0,"master_deck":["AscendersBane","Strike_B","Strike_B","Strike_B","Defend_B","Defend_B","Defend_B","Zap+1","Dualcast","Cold Snap","Coolheaded+1","Coolheaded","Ball Lightning+1","Sweeping Beam+1","Undo+1","Gash+1","Double Energy+1"],"relics":["Empty Cage","Pocketwatch","Anchor","Eternal Feather","Toxic Egg 2"],"acts_visited":["Exordium"],"potions_floor_usage":[7,7],"damage_taken":[{"damage":20,"enemies":"Small Slimes","floor":1,"turns":5},{"damage":4,"enemies":"Cultist","floor":2,"turns":4},{"damage":9,"enemies":"2 Louse","floor":3,"turns":3},{"damage":0,"enemies":"Looter","floor":5,"turns":5},{"damage":4,"enemies":"Gremlin Nob","floor":7,"turns":3},{"damage":8,"enemies":"3 Sentries","floor":11,"turns":5},{"damage":4,"enemies":"Exordium Wildlife","floor":13,"turns":3},{"damage":0,"enemies":"2 Fungi Beasts","floor":14,"turns":3},{"damage":45,"enemies":"Hexaghost","floor":16,"turns":11}],"seed_played":"-7986087546590691284","potions_obtained":[{"floor":1,"key":"Fire Potion"},{"floor":3,"key":"Fruit Juice"},{"floor":13,"key":"Explosive Potion"}],"is_trial":false,"path_per_floor":["M","M","M","?","M","R","E","R","T","R","E","R","M","M","R","B"],"character_chosen":"DEFECT","items_purchased":[],"campfire_rested":0,"item_purchase_floors":[],"current_hp_per_floor":[44,40,31,31,31,31,32,32,32,38,30,39,35,35,44,0,0],"gold":262,"neow_bonus":"BOSS_RELIC","is_daily":false,"chose_seed":false,"campfire_upgraded":5,"win_rate":0.0,"timestamp":1607826224,"path_taken":["M","M","M","?","?","R","E","R","T","R","E","R","M","M","R","BOSS"],"items_purchased_type":[],"build_version":"2020-11-30","purchased_purges":0,"victory":false,"max_hp_per_floor":[71,71,71,71,71,71,76,76,76,76,76,76,76,76,76,76,76],"relic_stats":{"counters":[9,42],"Eternal Feather":24,"obtain_stats":[{"Anchor":7,"Eternal Feather":9,"Toxic Egg 2":11,"Cracked Core":0,"Empty Cage":0,"Pocketwatch":4},{"Anchor":5,"Eternal Feather":5,"Toxic Egg 2":6,"Cracked Core":0,"Empty Cage":0,"Pocketwatch":3},{"Anchor":20,"Eternal Feather":20,"Toxic Egg 2":25,"Cracked Core":0,"Empty Cage":0,"Pocketwatch":12}],"Pocketwatch":[39]},"card_choices":[{"not_picked":["Storm","Darkness"],"picked":"Cold Snap","floor":1},{"not_picked":["Turbo","Blizzard"],"picked":"Coolheaded","floor":2},{"not_picked":["Darkness","Skim"],"picked":"Coolheaded","floor":3},{"not_picked":["Steam","Leap"],"picked":"Ball Lightning","floor":5},{"not_picked":["Compile Driver","Beam Cell"],"picked":"Sweeping Beam","floor":7},{"not_picked":["Fusion+1","Buffer"],"picked":"Undo+1","floor":11},{"not_picked":["Leap+1","Cold Snap"],"picked":"Gash","floor":13},{"not_picked":["Barrage","Hello World"],"picked":"Double Energy+1","floor":14}],"player_experience":1252284,"relics_obtained":[{"floor":7,"key":"Anchor"},{"floor":9,"key":"Eternal Feather"},{"floor":11,"key":"Toxic Egg 2"}],"event_choices":[{"damage_healed":0,"gold_gain":0,"player_choice":"Paid Gold","damage_taken":0,"relics_obtained":["Pocketwatch"],"max_hp_gain":0,"max_hp_loss":0,"event_name":"WeMeetAgain","floor":4,"gold_loss":70}],"is_beta":false,"boss_relics":[],"items_purged_floors":[],"is_endless":false,"potions_floor_spawned":[1,3,13],"killed_by":"Hexaghost","ascension_level":20}}