{"host":"kh6fvhxn285ncg0o","time":1607890130,"event":{"mods":["Act Like it!","BaseMod","Colored Map","Friendly Minions","Keyboard Shortcuts","Minty Spire (QoL Compilation)","Quick Restart","Relic Stats","StSLib","SuperFastMode"],"gold_per_floor":[118,98,108,183,195,225,225,254,299,67,81,92,102,119,119,191,191,191,191,191,116,116,116,116,116,116,116,116,116,66,66,66,66,66,66,66,66,66,66,66,66,66,66,66,66,66,66,66,66,66,66,66,66,16,16,16],"floor_reached":57,"playtime":1832,"items_purged":["Strike_R","Strike_R","Rampage"],"score":3052,"play_id":"7474c70e-cb3e-47de-afb9-2b06d7e20a64","local_time":"20201214050850","is_ascension_mode":true,"campfire_choices":[{"data":"Bash","floor":7.0,"key":"SMITH"},{"data":"Blood for Blood","floor":15.0,"key":"SMITH"},{"data":"Fiend Fire","floor":25.0,"key":"SMITH"},{"data":"Offering","floor":29.0,"key":"SMITH"},{"data":"Burning Pact","floor":32.0,"key":"SMITH"},{"floor":41.0,"key":"RECALL"},{"floor":45.0,"key":"REST"},{"data":"Shrug It Off","floor":49.0,"key":"SMITH"},{"floor":53.0,"key":"REST"}],"circlet_count":0,"master_deck":["AscendersBane","Defend_R","Defend_R","Defend_R","Bash+1","Ghostly Armor","Disarm","Offering+1","Blood for Blood+1","Clothesline","Brutality","Impervious","Infernal Blade","Fiend Fire+1","Burning Pact+1","Dropkick","Barricade","Dropkick+1","Dual Wield+1","Bloodletting+1","Offering","Shrug It Off+1","Disarm"],"relics":["Burning Blood","TungstenRod","Pear","Vajra","Bronze Scales","Pen Nib","Ectoplasm","Smiling Mask","Self Forming Clay","InkBottle","Sozu","Regal Pillow","Strawberry","Bottled Tornado","Anchor","Akabeko"],"acts_visited":["Exordium","TheCity","TheBeyond","TheEnding"],"potions_floor_usage":[],"damage_taken":[{"damage":7.0,"enemies":"Jaw Worm","floor":1.0,"turns":5.0},{"damage":5.0,"enemies":"Cultist","floor":3.0,"turns":4.0},{"damage":4.0,"enemies":"2 Louse","floor":5.0,"turns":5.0},{"damage":16.0,"enemies":"Lagavulin","floor":6.0,"turns":8.0},{"damage":30.0,"enemies":"Gremlin Nob","floor":8.0,"turns":4.0},{"damage":0.0,"enemies":"Exordium Wildlife","floor":11.0,"turns":3.0},{"damage":5.0,"enemies":"Looter","floor":12.0,"turns":1.0},{"damage":5.0,"enemies":"2 Fungi Beasts","floor":13.0,"turns":4.0},{"damage":20.0,"enemies":"Exordium Wildlife","floor":14.0,"turns":3.0},{"damage":14.0,"enemies":"Hexaghost","floor":16.0,"turns":8.0},{"damage":7.0,"enemies":"Chosen","floor":18.0,"turns":4.0},{"damage":5.0,"enemies":"Spheric Guardian","floor":20.0,"turns":3.0},{"damage":5.0,"enemies":"Snecko","floor":22.0,"turns":4.0},{"damage":13.0,"enemies":"Book of Stabbing","floor":23.0,"turns":3.0},{"damage":16.0,"enemies":"3 Cultists","floor":24.0,"turns":4.0},{"damage":6.0,"enemies":"Gremlin Leader","floor":27.0,"turns":3.0},{"damage":5.0,"enemies":"Centurion and Healer","floor":28.0,"turns":4.0},{"damage":21.0,"enemies":"Chosen and Byrds","floor":31.0,"turns":5.0},{"damage":37.0,"enemies":"Collector","floor":33.0,"turns":7.0},{"damage":5.0,"enemies":"3 Shapes","floor":35.0,"turns":3.0},{"damage":5.0,"enemies":"Orb Walker","floor":36.0,"turns":2.0},{"damage":25.0,"enemies":"Sphere and 2 Shapes","floor":39.0,"turns":4.0},{"damage":5.0,"enemies":"Giant Head","floor":40.0,"turns":4.0},{"damage":10.0,"enemies":"Transient","floor":42.0,"turns":6.0},{"damage":5.0,"enemies":"Reptomancer","floor":44.0,"turns":1.0},{"damage":9.0,"enemies":"Giant Head","floor":46.0,"turns":5.0},{"damage":7.0,"enemies":"Spire Growth","floor":47.0,"turns":3.0},{"damage":10.0,"enemies":"Nemesis","floor":48.0,"turns":3.0},{"damage":60.0,"enemies":"Time Eater","floor":50.0,"turns":8.0},{"damage":26.0,"enemies":"Donu and Deca","floor":51.0,"turns":4.0},{"damage":16.0,"enemies":"Shield and Spear","floor":55.0,"turns":5.0},{"damage":73,"enemies":"The Heart","floor":56,"turns":6}],"seed_played":"3824320856806637788","potions_obtained":[{"floor":1.0,"key":"GamblersBrew"},{"floor":2.0,"key":"SkillPotion"},{"floor":5.0,"key":"BlessingOfTheForge"},{"floor":6.0,"key":"SkillPotion"},{"floor":8.0,"key":"LiquidMemories"},{"floor":14.0,"key":"Fruit Juice"},{"floor":20.0,"key":"BlessingOfTheForge"},{"floor":24.0,"key":"Energy Potion"},{"floor":27.0,"key":"Swift Potion"},{"floor":28.0,"key":"SteroidPotion"}],"is_trial":false,"path_per_floor":["M","?","M","?","M","E","R","E","T","$","M","M","M","M","R","B",null,"M","?","M","?","M","E","M","R","T","E","M","R","$","M","R","B",null,"M","M","?","?","M","E","R","M","T","E","R","E","M","E","R","B","B",null,"R","$","E","B",null],"character_chosen":"IRONCLAD","items_purchased":["Pen Nib"],"campfire_rested":2,"item_purchase_floors":[10],"current_hp_per_floor":[49,49,50,40,42,42,42,18,18,18,24,25,26,12,12,9,70,69,69,70,70,71,64,54,54,54,54,55,55,55,40,40,9,70,71,72,72,72,53,54,54,50,50,58,92,89,88,84,84,30,10,72,92,92,82,15],"gold":16,"neow_bonus":"ONE_RARE_RELIC","is_daily":false,"chose_seed":false,"campfire_upgraded":6,"win_rate":0.0,"timestamp":1607890130,"path_taken":["M","?","?","?","M","E","R","E","T","?","M","M","M","M","R","BOSS","M","?","M","?","M","E","M","R","T","E","?","R","$","M","R","BOSS","M","?","?","?","M","E","R","M","T","E","R","E","?","E","R","BOSS","BOSS","R","$","E","BOSS"],"items_purchased_type":["Relic"],"build_version":"2020-11-30","purchased_purges":3,"victory":true,"max_hp_per_floor":[75,75,75,75,75,85,85,85,85,85,85,85,85,85,85,90,90,90,90,90,90,90,90,90,90,90,90,90,90,90,90,90,90,90,90,90,90,85,85,85,85,85,85,92,92,92,92,92,92,92,92,92,92,92,92,92],"relic_stats":{"Sozu":3,"Regal Pillow":7,"counters":[32,136],"Self Forming Clay":[168],"Bronze Scales":[314],"Pen Nib":[34],"Ectoplasm":496,"Smiling Mask":125,"obtain_stats":[{"Regal Pillow":40,"Pear":6,"Self Forming Clay":26,"Vajra":8,"Pen Nib":10,"Bottled Tornado":46,"Smiling Mask":23,"Burning Blood":0,"Akabeko":55,"Sozu":34,"Anchor":48,"Bronze Scales":9,"Strawberry":44,"Ectoplasm":17,"TungstenRod":0,"InkBottle":27},{"Regal Pillow":23,"Pear":4,"Self Forming Clay":15,"Vajra":5,"Pen Nib":5,"Bottled Tornado":26,"Smiling Mask":14,"Burning Blood":0,"Akabeko":31,"Sozu":19,"Anchor":28,"Bronze Scales":5,"Strawberry":25,"Ectoplasm":10,"TungstenRod":0,"InkBottle":16},{"Regal Pillow":95,"Pear":22,"Self Forming Clay":63,"Vajra":26,"Pen Nib":26,"Bottled Tornado":107,"Smiling Mask":59,"Burning Blood":0,"Akabeko":130,"Sozu":82,"Anchor":113,"Bronze Scales":26,"Strawberry":102,"Ectoplasm":45,"TungstenRod":0,"InkBottle":66}],"Burning Blood":192,"TungstenRod":154,"InkBottle":[36]},"card_choices":[{"not_picked":["Havoc","Sword Boomerang"],"picked":"Ghostly Armor","floor":1.0},{"not_picked":["Sentinel","True Grit","Rupture"],"picked":"SKIP","floor":3.0},{"not_picked":["Whirlwind","Thunderclap"],"picked":"Rampage","floor":5.0},{"not_picked":["Wild Strike","Flex"],"picked":"Disarm","floor":6.0},{"not_picked":["Hemokinesis","Intimidate"],"picked":"Offering","floor":8.0},{"not_picked":["Iron Wave","Ghostly Armor","Perfected Strike"],"picked":"SKIP","floor":11.0},{"not_picked":["Disarm","Carnage"],"picked":"Blood for Blood","floor":12.0},{"not_picked":["Clothesline","Whirlwind","Body Slam"],"picked":"SKIP","floor":13.0},{"not_picked":["Bloodletting","Wild Strike"],"picked":"Clothesline","floor":14.0},{"not_picked":["Double Tap","Limit Break"],"picked":"Brutality","floor":16.0},{"not_picked":["Havoc","Headbutt","Sword Boomerang"],"picked":"SKIP","floor":18.0},{"not_picked":["Cleave","Perfected Strike+1","Anger"],"picked":"SKIP","floor":20.0},{"not_picked":["Havoc","Thunderclap","Clash"],"picked":"SKIP","floor":22.0},{"not_picked":["Flex","Iron Wave"],"picked":"Fiend Fire","floor":23.0},{"not_picked":["Sword Boomerang","Reckless Charge"],"picked":"Burning Pact","floor":24.0},{"not_picked":["Thunderclap+1","Warcry","Wild Strike"],"picked":"SKIP","floor":27.0},{"not_picked":["Twin Strike","Shockwave"],"picked":"Dropkick","floor":28.0},{"not_picked":["Clothesline","Thunderclap","True Grit"],"picked":"SKIP","floor":31.0},{"not_picked":["Brutality","Fiend Fire"],"picked":"Barricade","floor":33.0},{"not_picked":["Intimidate","Headbutt","Clothesline"],"picked":"SKIP","floor":35.0},{"not_picked":["Havoc","Body Slam"],"picked":"Dropkick+1","floor":36.0},{"not_picked":["Pommel Strike+1","Rampage+1","Searing Blow+1"],"picked":"SKIP","floor":39.0},{"not_picked":["Armaments","Pommel Strike","Clash"],"picked":"SKIP","floor":40.0},{"not_picked":["Rupture","Clash"],"picked":"Dual Wield+1","floor":42.0},{"not_picked":["Demon Form","Dual Wield+1","Bloodletting+1"],"picked":"SKIP","floor":44.0},{"not_picked":["Demon Form","Dual Wield+1"],"picked":"Bloodletting+1","floor":44.0},{"not_picked":["Heavy Blade","Cleave+1"],"picked":"Offering","floor":46.0},{"not_picked":["Clothesline+1","Pommel Strike+1","Armaments+1"],"picked":"SKIP","floor":47.0},{"not_picked":["Hemokinesis","Body Slam+1"],"picked":"Shrug It Off","floor":48.0},{"not_picked":["Warcry+1","Body Slam"],"picked":"Disarm","floor":55}],"player_experience":3148800,"relics_obtained":[{"floor":6.0,"key":"Pear"},{"floor":8.0,"key":"Vajra"},{"floor":9.0,"key":"Bronze Scales"},{"floor":23.0,"key":"Smiling Mask"},{"floor":26.0,"key":"Self Forming Clay"},{"floor":27.0,"key":"InkBottle"},{"floor":40.0,"key":"Regal Pillow"},{"floor":44.0,"key":"Strawberry"},{"floor":46.0,"key":"Bottled Tornado"},{"floor":48.0,"key":"Anchor"},{"floor":55,"key":"Akabeko"}],"event_choices":[{"damage_healed":0.0,"max_hp_gain":0.0,"max_hp_loss":0.0,"gold_gain":0.0,"event_name":"The Woman in Blue","player_choice":"Bought 1 Potion","floor":2.0,"gold_loss":0.0,"damage_taken":0.0},{"damage_healed":0.0,"max_hp_gain":0.0,"max_hp_loss":0.0,"gold_gain":75.0,"event_name":"World of Goop","player_choice":"Gather Gold","floor":4.0,"gold_loss":0.0,"damage_taken":11.0},{"damage_healed":0.0,"max_hp_gain":0.0,"max_hp_loss":0.0,"gold_gain":0.0,"cards_transformed":["Strike_R","Strike_R"],"event_name":"Drug Dealer","player_choice":"Became Test Subject","floor":19.0,"gold_loss":0.0,"damage_taken":0.0,"cards_obtained":["Impervious","Infernal Blade"]},{"cards_removed":["Strike_R"],"damage_healed":0.0,"max_hp_gain":0.0,"max_hp_loss":0.0,"gold_gain":0.0,"event_name":"Beggar","player_choice":"Gave Gold","floor":21.0,"gold_loss":75.0,"damage_taken":0.0},{"cards_removed":["Defend_R"],"damage_healed":0.0,"max_hp_gain":0.0,"max_hp_loss":0.0,"gold_gain":0.0,"event_name":"Falling","player_choice":"Removed Skill","floor":37.0,"gold_loss":0.0,"damage_taken":0.0},{"damage_healed":0.0,"max_hp_gain":0.0,"max_hp_loss":5.0,"gold_gain":0.0,"event_name":"Winding Halls","player_choice":"Max HP","floor":38.0,"gold_loss":0.0,"damage_taken":0.0}],"is_beta":false,"boss_relics":[{"not_picked":["Snecko Eye","Runic Cube"],"picked":"Ectoplasm"},{"not_picked":["Tiny House","Mark of Pain"],"picked":"Sozu"}],"items_purged_floors":[10,30,54],"is_endless":false,"potions_floor_spawned":[1,5,6,8,14,20,24,27,28,35,36,47],"ascension_level":20}}