{"host":"0285y92tozoijo7k","time":1607877928,"event":{"mods":["AchievementEnabler","Act Like it!","BaseMod","Colored Map","DeckTracker","Keyboard Shortcuts","Minty Spire (QoL Compilation)","Permanent Neow","StSLib","SuperFastMode"],"gold_per_floor":[115,115,134,151,168,168,178,22,45,45,64,64,76,86,86,181,181,167,92,92,111,11,46,66,94,94,193,206,206,206,222,222,319,319,329,329,429,443,455,490,490,510,510,539,558,433,445,465,465,465,465,465,100,133,133,133],"floor_reached":55,"playtime":2417,"items_purged":["Strike_B","Pain","Strike_B"],"score":1147,"play_id":"2077fcbf-9797-4913-9340-6f1b7a62f53e","local_time":"20201214014528","is_ascension_mode":true,"campfire_choices":[{"floor":6.0,"key":"REST"},{"data":"Genetic Algorithm","floor":10.0,"key":"SMITH"},{"data":"Biased Cognition","floor":12.0,"key":"SMITH"},{"data":"Defragment","floor":15.0,"key":"SMITH"},{"floor":30.0,"key":"REST"},{"data":"Defragment","floor":32.0,"key":"SMITH"},{"floor":41.0,"key":"REST"},{"floor":49.0,"key":"RECALL"},{"data":"Consume","floor":52.0,"key":"SMITH"}],"circlet_count":0,"master_deck":["AscendersBane","Strike_B+1","Defend_B","Defend_B+1","Defend_B","Zap","Dualcast+1","Sunder","Compile Driver+1","Glacier","Gash+1","Genetic Algorithm+1","Biased Cognition+1","Defragment+1","Core Surge","Defragment+1","Electrodynamics","Coolheaded+1","Barrage","Turbo","Biased Cognition+1","Meteor Strike","Hologram+1","Double Energy+1","Consume+1","Reboot","Coolheaded","Skim+1","Recycle","Multi-Cast","Loop"],"relics":["Cracked Core","Anchor","Black Star","WarpedTongs","Regal Pillow","Whetstone","MealTicket","Bag of Marbles","Ice Cream","Inserter","Calipers","Mercury Hourglass","Pocketwatch","Bottled Lightning","War Paint","Bronze Scales","CaptainsWheel"],"acts_visited":["Exordium","TheCity","TheBeyond","TheEnding"],"potions_floor_usage":[55],"damage_taken":[{"damage":9.0,"enemies":"2 Louse","floor":1.0,"turns":3.0},{"damage":12.0,"enemies":"Jaw Worm","floor":3.0,"turns":2.0},{"damage":6.0,"enemies":"Cultist","floor":4.0,"turns":3.0},{"damage":9.0,"enemies":"2 Fungi Beasts","floor":5.0,"turns":3.0},{"damage":11.0,"enemies":"Exordium Thugs","floor":7.0,"turns":6.0},{"damage":4.0,"enemies":"Blue Slaver","floor":11.0,"turns":3.0},{"damage":0.0,"enemies":"3 Louse","floor":13.0,"turns":3.0},{"damage":0.0,"enemies":"Red Slaver","floor":14.0,"turns":4.0},{"damage":11.0,"enemies":"Slime Boss","floor":16.0,"turns":16.0},{"damage":9.0,"enemies":"2 Thieves","floor":18.0,"turns":4.0},{"damage":2.0,"enemies":"Shell Parasite","floor":21.0,"turns":6.0},{"damage":29.0,"enemies":"Slavers","floor":23.0,"turns":7.0},{"damage":0.0,"enemies":"Chosen and Byrds","floor":24.0,"turns":4.0},{"damage":7.0,"enemies":"Book of Stabbing","floor":25.0,"turns":7.0},{"damage":14.0,"enemies":"Shelled Parasite and Fungi","floor":28.0,"turns":7.0},{"damage":9.0,"enemies":"Snecko","floor":31.0,"turns":7.0},{"damage":23.0,"enemies":"Collector","floor":33.0,"turns":12.0},{"damage":3.0,"enemies":"3 Shapes","floor":35.0,"turns":3.0},{"damage":6.0,"enemies":"Orb Walker","floor":38.0,"turns":3.0},{"damage":8.0,"enemies":"4 Shapes","floor":39.0,"turns":5.0},{"damage":33.0,"enemies":"Nemesis","floor":40.0,"turns":9.0},{"damage":3.0,"enemies":"Spire Growth","floor":42.0,"turns":6.0},{"damage":0.0,"enemies":"Giant Head","floor":44.0,"turns":8.0},{"damage":0.0,"enemies":"Sphere and 2 Shapes","floor":45.0,"turns":3.0},{"damage":0.0,"enemies":"Writhing Mass","floor":47.0,"turns":4.0},{"damage":0.0,"enemies":"Spire Growth","floor":48.0,"turns":5.0},{"damage":35.0,"enemies":"Awakened One","floor":50.0,"turns":16.0},{"damage":55.0,"enemies":"Shield and Spear","floor":54.0,"turns":6.0},{"damage":45,"enemies":"The Heart","floor":55,"turns":6}],"seed_played":"3288852018209396723","potions_obtained":[{"floor":1.0,"key":"Regen Potion"},{"floor":3.0,"key":"SkillPotion"},{"floor":13.0,"key":"Dexterity Potion"},{"floor":21.0,"key":"SpeedPotion"},{"floor":23.0,"key":"FocusPotion"},{"floor":24.0,"key":"SpeedPotion"},{"floor":28.0,"key":"AttackPotion"},{"floor":31.0,"key":"Block Potion"},{"floor":39.0,"key":"Dexterity Potion"},{"floor":42.0,"key":"SneckoOil"},{"floor":44.0,"key":"FairyPotion"},{"floor":45.0,"key":"LiquidBronze"}],"is_trial":false,"path_per_floor":["M","?","M","M","M","R","M","$","T","R","M","R","M","M","R","B",null,"M","?","?","M","$","E","M","E","T","?","M","?","R","M","R","B",null,"M","T","?","M","M","E","R","M","T","E","M","$","M","M","R","B",null,"R","$","E","B"],"character_chosen":"DEFECT","items_purchased":["Genetic Algorithm","Bronze Scales","Multi-Cast","Loop"],"campfire_rested":3,"item_purchase_floors":[8,53,53,53],"current_hp_per_floor":[59,44,32,26,17,39,28,28,28,28,24,24,24,24,24,28,63,54,54,54,52,52,23,23,16,16,16,2,2,39,30,30,7,58,55,55,55,49,41,8,45,42,42,42,42,57,57,57,57,22,62,62,75,20,0,0],"gold":133,"neow_bonus":"REMOVE_CARD","is_daily":false,"chose_seed":false,"campfire_upgraded":5,"win_rate":0.0,"timestamp":1607877928,"path_taken":["M","?","M","M","M","R","M","?","T","R","M","R","M","M","R","BOSS","M","?","?","M","$","E","?","E","T","?","M","?","R","M","R","BOSS","M","?","?","M","M","E","R","M","T","E","?","$","M","M","R","BOSS","R","$","E","BOSS"],"items_purchased_type":["Card","Relic","Card","Card"],"build_version":"2020-11-30","purchased_purges":3,"victory":false,"max_hp_per_floor":[75,75,75,75,75,75,75,75,75,75,75,75,75,75,75,75,75,75,75,75,75,75,75,75,75,75,75,75,75,75,75,75,75,75,75,75,75,75,75,75,75,75,75,75,75,75,75,75,75,75,75,75,75,75,75,75],"card_choices":[{"not_picked":["Stack","Turbo"],"picked":"Sunder","floor":1.0},{"not_picked":["Streamline","Stack","Redo"],"picked":"SKIP","floor":3.0},{"not_picked":["Tempest","Force Field"],"picked":"Compile Driver","floor":4.0},{"not_picked":["FTL","Steam"],"picked":"Glacier","floor":5.0},{"not_picked":["Streamline","Hologram"],"picked":"Gash","floor":7.0},{"not_picked":["Chill","Leap"],"picked":"Biased Cognition","floor":11.0},{"not_picked":["Cold Snap","Stack"],"picked":"Defragment","floor":13.0},{"not_picked":["Doom and Gloom","Compile Driver","Beam Cell"],"picked":"SKIP","floor":14.0},{"not_picked":["Machine Learning","Meteor Strike"],"picked":"Core Surge","floor":16.0},{"not_picked":["Tempest","Compile Driver"],"picked":"Defragment","floor":18.0},{"not_picked":["Streamline","Compile Driver+1","Gash"],"picked":"SKIP","floor":21.0},{"not_picked":["Doom and Gloom","Loop+1"],"picked":"Electrodynamics","floor":23.0},{"not_picked":["BootSequence","Gash"],"picked":"Coolheaded","floor":24.0},{"not_picked":["Redo","Multi-Cast"],"picked":"Barrage","floor":25.0},{"not_picked":["Cold Snap","Stack"],"picked":"Turbo","floor":28.0},{"not_picked":["Steam Power","Streamline","Stack"],"picked":"SKIP","floor":31.0},{"not_picked":["Seek","Amplify"],"picked":"Meteor Strike","floor":33.0},{"not_picked":["Go for the Eyes","Coolheaded"],"picked":"Hologram+1","floor":35.0},{"not_picked":["Reinforced Body","Leap+1"],"picked":"Double Energy+1","floor":38.0},{"not_picked":["Recycle","Rebound"],"picked":"Consume","floor":39.0},{"not_picked":["Double Energy+1","Hologram+1"],"picked":"Reboot","floor":40.0},{"not_picked":["Leap","Genetic Algorithm","Melter"],"picked":"SKIP","floor":42.0},{"not_picked":["Tempest+1","Go for the Eyes"],"picked":"Coolheaded","floor":44.0},{"not_picked":["Rebound","Reinforced Body"],"picked":"Skim+1","floor":45.0},{"not_picked":["Gash","Ball Lightning","Steam+1"],"picked":"SKIP","floor":47.0},{"not_picked":["Force Field+1","Auto Shields+1"],"picked":"Recycle","floor":48.0},{"not_picked":["Steam+1","Steam Power+1","Gash"],"picked":"SKIP","floor":54.0}],"player_experience":368568,"relics_obtained":[{"floor":9.0,"key":"Anchor"},{"floor":23.0,"key":"Regal Pillow"},{"floor":23.0,"key":"Whetstone"},{"floor":25.0,"key":"MealTicket"},{"floor":25.0,"key":"Bag of Marbles"},{"floor":26.0,"key":"Ice Cream"},{"floor":36.0,"key":"Calipers"},{"floor":40.0,"key":"Mercury Hourglass"},{"floor":40.0,"key":"Pocketwatch"},{"floor":44.0,"key":"Bottled Lightning"},{"floor":44.0,"key":"War Paint"},{"floor":54.0,"key":"CaptainsWheel"}],"event_choices":[{"damage_healed":0.0,"max_hp_gain":0.0,"max_hp_loss":0.0,"gold_gain":0.0,"event_name":"Shining Light","player_choice":"Entered Light","floor":2.0,"gold_loss":0.0,"damage_taken":15.0,"cards_upgraded":["Defend_B","Strike_B"]},{"cards_removed":["Defend_B"],"damage_healed":0.0,"max_hp_gain":0.0,"max_hp_loss":0.0,"gold_gain":0.0,"event_name":"Beggar","player_choice":"Gave Gold","floor":19.0,"gold_loss":75.0,"damage_taken":0.0},{"damage_healed":0.0,"max_hp_gain":0.0,"max_hp_loss":0.0,"gold_gain":0.0,"event_name":"Accursed Blacksmith","player_choice":"Rummage","floor":20.0,"gold_loss":0.0,"damage_taken":0.0,"relics_obtained":["WarpedTongs"],"cards_obtained":["Pain"]},{"damage_healed":0.0,"max_hp_gain":0.0,"max_hp_loss":0.0,"gold_gain":99.0,"event_name":"Nest","player_choice":"Stole From Cult","floor":27.0,"gold_loss":0.0,"damage_taken":0.0},{"damage_healed":0.0,"max_hp_gain":0.0,"max_hp_loss":0.0,"gold_gain":0.0,"event_name":"Duplicator","player_choice":"Copied","floor":29.0,"gold_loss":0.0,"damage_taken":0.0,"cards_obtained":["Biased Cognition"]},{"damage_healed":0.0,"max_hp_gain":0.0,"max_hp_loss":0.0,"gold_gain":100.0,"event_name":"Golden Shrine","player_choice":"Pray","floor":37.0,"gold_loss":0.0,"damage_taken":0.0}],"is_beta":false,"boss_relics":[{"not_picked":["Snecko Eye","Runic Pyramid"],"picked":"Black Star"},{"not_picked":["Empty Cage","Pandora\u0027s Box"],"picked":"Inserter"}],"items_purged_floors":[8,22,46],"is_endless":false,"potions_floor_spawned":[1,3,11,13,21,23,24,28,31,39,42,44,45,54],"killed_by":"The Heart","ascension_level":11}}