{"host":"oluf6aumjll4vfac","time":1607827635,"event":{"mods":["BaseMod","Colored Map","Colored Powertips","Conspire","Minty Spire (QoL Compilation)","Quick Restart","Shop Mod","StSLib","SuperFastMode"],"gold_per_floor":[369,7,7,17,17,17,50,50,77,94,94,111,123,16,16,117,117,127,52,66,66,83,83,83],"floor_reached":23,"playtime":937,"items_purged":[],"score":191,"play_id":"d7d614f4-3ba6-4611-9027-5cc55fe0db2f","local_time":"20201213104715","is_ascension_mode":false,"campfire_choices":[{"data":"Survivor","floor":6,"key":"SMITH"},{"data":"conspire:PoisonWeapons","floor":8,"key":"SMITH"},{"floor":15,"key":"REST"}],"circlet_count":0,"master_deck":["Strike_G","Strike_G","Strike_G","Strike_G","Strike_G","Defend_G","Defend_G","Defend_G","Defend_G","Defend_G+1","Survivor+1","Neutralize","conspire:PoisonWeapons+1","Flying Knee","Finisher","Bane","Choke","Outmaneuver","Slice","Catalyst","Backstab","Caltrops","Corpse Explosion","Deadly Poison+1","Poisoned Stab","Dash"],"relics":["Ring of the Snake","Membership Card","Regal Pillow","MerchantsRug","Omamori","Strawberry","MealTicket","War Paint"],"acts_visited":["Exordium","TheCity"],"potions_floor_usage":[7,12,13,16,16,22,23],"damage_taken":[{"damage":0,"enemies":"Small Slimes","floor":1,"turns":4},{"damage":6,"enemies":"Cultist","floor":4,"turns":3},{"damage":14,"enemies":"Lagavulin","floor":7,"turns":5},{"damage":0,"enemies":"2 Louse","floor":10,"turns":2},{"damage":11,"enemies":"Exordium Wildlife","floor":12,"turns":2},{"damage":9,"enemies":"2 Fungi Beasts","floor":13,"turns":3},{"damage":74,"enemies":"Slime Boss","floor":16,"turns":14},{"damage":25,"enemies":"Spheric Guardian","floor":18,"turns":4},{"damage":5,"enemies":"3 Byrds","floor":20,"turns":2},{"damage":31,"enemies":"Sentry and Sphere","floor":22,"turns":7},{"damage":29,"enemies":"Gremlin Leader","floor":23,"turns":2}],"seed_played":"-8252461655807282411","potions_obtained":[{"floor":1,"key":"Block Potion"},{"floor":12,"key":"FearPotion"},{"floor":13,"key":"Swift Potion"},{"floor":16,"key":"GhostInAJar"},{"floor":22,"key":"PowerPotion"}],"is_trial":false,"path_per_floor":["M","$","?","M","?","R","E","R","T","M","?","M","M","$","R","B",null,"M","$","M","?","M","E"],"character_chosen":"THE_SILENT","items_purchased":["Membership Card","Regal Pillow","MerchantsRug","Flying Knee","Regen Potion","Backstab","Caltrops","Regen Potion","War Paint"],"campfire_rested":1,"item_purchase_floors":[2,2,2,2,2,14,14,14,19],"current_hp_per_floor":[63,63,63,57,62,62,48,48,55,55,30,24,15,30,67,7,75,50,65,60,60,29,0,0],"gold":83,"neow_bonus":"TWO_FIFTY_GOLD","is_daily":false,"chose_seed":false,"campfire_upgraded":2,"win_rate":0.0,"timestamp":1607827635,"path_taken":["M","$","?","?","?","R","E","R","T","M","?","?","M","$","R","BOSS","M","$","M","?","M","E"],"items_purchased_type":["Relic","Relic","Relic","Card","Potion","Card","Card","Potion","Relic"],"build_version":"2020-11-30","purchased_purges":0,"victory":false,"max_hp_per_floor":[63,63,63,63,68,68,68,68,75,75,75,75,75,75,75,75,75,75,75,75,75,75,75,75],"card_choices":[{"not_picked":["Riddle With Holes","Noxious Fumes"],"picked":"conspire:PoisonWeapons","floor":1},{"not_picked":["Calculated Gamble","Skewer"],"picked":"Bane","floor":4},{"not_picked":["Quick Slash","Backflip"],"picked":"Choke","floor":7},{"not_picked":["Well Laid Plans","Backflip"],"picked":"Outmaneuver","floor":10},{"not_picked":["Footwork","Distraction"],"picked":"Slice","floor":12},{"not_picked":["Quick Slash","Riddle With Holes"],"picked":"Catalyst","floor":13},{"not_picked":["After Image","A Thousand Cuts"],"picked":"Corpse Explosion","floor":16},{"not_picked":["Poisoned Stab","Slice+1"],"picked":"Deadly Poison","floor":18},{"not_picked":["Backflip","Finisher"],"picked":"Poisoned Stab","floor":20},{"not_picked":["Backflip","Cloak And Dagger+1"],"picked":"Dash","floor":22}],"player_experience":41540,"relics_obtained":[{"floor":7,"key":"Omamori"},{"floor":9,"key":"Strawberry"}],"event_choices":[{"damage_healed":0,"gold_gain":0,"player_choice":"1 cards matched","damage_taken":0,"max_hp_gain":0,"max_hp_loss":0,"event_name":"Match and Keep!","floor":3,"gold_loss":0,"cards_obtained":["Finisher"]},{"damage_healed":0,"gold_gain":0,"player_choice":"Donut","damage_taken":0,"max_hp_gain":5,"max_hp_loss":0,"event_name":"Big Fish","floor":5,"gold_loss":0},{"damage_healed":0,"gold_gain":0,"player_choice":"Success","damage_taken":25,"relics_obtained":["MealTicket"],"max_hp_gain":0,"max_hp_loss":0,"event_name":"Scrap Ooze","floor":11,"gold_loss":0},{"damage_healed":0,"gold_gain":0,"player_choice":"Leave","damage_taken":0,"max_hp_gain":0,"max_hp_loss":0,"event_name":"conspire:Investor","floor":21,"gold_loss":0}],"is_beta":false,"boss_relics":[{"not_picked":["Runic Dome","Ectoplasm","Coffee Dripper"]}],"items_purged_floors":[],"is_endless":false,"potions_floor_spawned":[1,12,13,16,22],"killed_by":"Gremlin Leader","ascension_level":0}}