{"host":"17xjy7b7ubl548g2","time":1607843831,"event":{"mods":["2.2 Compatiblity","Act Like it!","Aspiration","Astrologer","Bard","BaseMod","Bestiary","Challenge The Spire","ChefMod","Colored Map","Conspire","Elementarium","Energized Spire","GifTheSpireLib","Halation","Hallownest","Hermit","Hubris","Infinite Spire","Jedi Mod","Jorbs\u0027s Wanderer Trilogy","Marisa（霧雨　魔理沙）","Marked Mod","Minty Spire (QoL Compilation)","Pale of the Ancients","Permanent Neow","Puzzle Mod","Replay The Spire","Robot Space Explorer","Spicy Shops","StSLib","Stuff the Spire","The Blue Laboratory","The Bug Knight","The Construct","The Disciple","The Hayseed","The Hierophant","The Runesmith","The Sage"],"gold_per_floor":[118,68,68,68,84,84,115,115,138,138,150,178,178,211,211,288,288,300,300,300,319,334,334,369,369,423,464,476,505,551,583,595,685,697,721,750,774,800,141,170,170,202,254,265,64,64,64,64,64,64],"floor_reached":51,"playtime":6198,"items_purged":[],"score":1147,"play_id":"df7e0d47-324a-4e43-97ef-2c53caef4ace","local_time":"20201213021711","is_ascension_mode":true,"campfire_choices":[{"data":"Eruption","floor":6.0,"key":"SMITH"},{"data":"Fasting2","floor":8.0,"key":"SMITH"},{"data":"ForeignInfluence","floor":10.0,"key":"SMITH"},{"data":"Vigilance","floor":13.0,"key":"SMITH"},{"data":"aspiration:Lunge","floor":15.0,"key":"SMITH"},{"data":"Fasting2","floor":23.0,"key":"SMITH"},{"data":"jedi:pocketpoison","floor":25.0,"key":"SMITH"},{"data":"Dramatic Entrance","floor":28.0,"key":"SMITH"},{"floor":32.0,"key":"REST"},{"floor":41,"key":"REST"},{"data":"infinitespire:SevenWalls","floor":47,"key":"SMITH"},{"floor":49,"key":"REST"}],"circlet_count":0,"master_deck":["AscendersBane","Defend_P+1","Defend_P","Eruption+1","Vigilance+1","Dramatic Entrance+1","FollowUp","Slice","jedi:pocketpoison+1","ForeignInfluence+1","Steam+1","Halt","Fasting2+1","Perseverance","FearNoEvil","CutThroughFate","Vault+1","Protect","Fasting2+1","ThirdEye","FlyingSleeves","Replay:Vibes+1","DeceiveReality","Conclude","Ragnarok","BowlingBash+1","Sanctity","aspiration:Lunge+1","EmptyBody+1","Vault+1","infinitespire:SevenWalls+1","DeceiveReality","jedi:LeechingStrike","stsjorbsmod:Procrastination"],"relics":["PureWater","Orichalcum","War Paint","halation:KoshaPiece","infinitespire:Broken Mirror","energizedSpire:NeverEndingSparkler","halation:EternalFortune","aspiration:Stabinomicon","Akabeko","MawBank","aspiration:ChemicalBlood","StuffTheSpire:Mouthbags","aspiration:RunesmithSkillbook","TeardropLocket","jedi:heavyjacket","DollysMirror","Mercury Hourglass","Replay:Mystery Machine","jedi:arcanewood","jedi:ominousloannote","Replay:Rubber Ducky","Lizard Tail"],"acts_visited":["Exordium","TheCity","TheBeyond"],"potions_floor_usage":[38,38,40,40,50],"damage_taken":[{"damage":0.0,"enemies":"2 Louse","floor":1.0,"turns":2.0},{"damage":0.0,"enemies":"Small Slimes","floor":5.0,"turns":2.0},{"damage":0.0,"enemies":"Gremlin Nob","floor":7.0,"turns":2.0},{"damage":0.0,"enemies":"Jaw Worm","floor":11.0,"turns":1.0},{"damage":0.0,"enemies":"Lagavulin","floor":12.0,"turns":6.0},{"damage":11.0,"enemies":"3 Sentries","floor":14.0,"turns":3.0},{"damage":5.0,"enemies":"The Guardian","floor":16.0,"turns":7.0},{"damage":0.0,"enemies":"Spheric Guardian","floor":18.0,"turns":2.0},{"damage":0.0,"enemies":"Shell Parasite","floor":21.0,"turns":2.0},{"damage":21.0,"enemies":"Centurion and Healer","floor":22.0,"turns":3.0},{"damage":0.0,"enemies":"Book of Stabbing","floor":24.0,"turns":3.0},{"damage":13.0,"enemies":"Slavers","floor":27.0,"turns":3.0},{"damage":0.0,"enemies":"Snake Plant","floor":29.0,"turns":2.0},{"damage":8.0,"enemies":"Book of Stabbing","floor":30.0,"turns":3.0},{"damage":3.0,"enemies":"3 Cultists","floor":31.0,"turns":4.0},{"damage":16.0,"enemies":"Collector","floor":33.0,"turns":7.0},{"damage":10.0,"enemies":"3 Shapes","floor":35.0,"turns":1.0},{"damage":0.0,"enemies":"3 Darklings","floor":36.0,"turns":3.0},{"damage":14.0,"enemies":"Writhing Mass","floor":37.0,"turns":5.0},{"damage":27,"enemies":"Maw","floor":38,"turns":7},{"damage":2,"enemies":"Nightmare","floor":40,"turns":12},{"damage":11,"enemies":"Giant Head","floor":42,"turns":9},{"damage":0,"enemies":"Spire Growth","floor":44,"turns":5},{"damage":0,"enemies":"Writhing Mass","floor":46,"turns":5},{"damage":0,"enemies":"4 Shapes","floor":48,"turns":2},{"damage":0,"enemies":"Replay:Hell Engine","floor":50,"turns":8}],"seed_played":"-9081952369564648925","potions_obtained":[{"floor":5.0,"key":"EssenceOfSteel"},{"floor":12.0,"key":"blueLaboratory:AlphaPotion"},{"floor":14.0,"key":"blueLaboratory:PyrophylliteBrew"},{"floor":16.0,"key":"construct:ShiftPotion"},{"floor":18.0,"key":"jedi:holywater"},{"floor":22.0,"key":"blueLaboratory:StoneskinPotion"},{"floor":24.0,"key":"SteroidPotion"},{"floor":30.0,"key":"blueLaboratory:AbyssPotion"},{"floor":36.0,"key":"blueLaboratory:FrostheartPotion"},{"floor":38,"key":"jedi:StrikingPotion"},{"floor":44,"key":"blueLaboratory:PressurePotion"},{"floor":48,"key":"Energy Potion"}],"is_trial":false,"path_per_floor":["M","?","?","?","M","R","E","R","T","R","M","E","R","E","R","B",null,"M","?","?","M","M","R","E","R","T","E","R","M","E","M","R","B",null,"M","M","M","M","$","NM","R","E","T","M","$","M","R","M","R","B",null],"character_chosen":"WATCHER","items_purchased":["TeardropLocket","jedi:heavyjacket","DollysMirror","jedi:ominousloannote","Replay:Rubber Ducky","Lizard Tail","jedi:LeechingStrike"],"campfire_rested":3,"item_purchase_floors":[39,39,39,45,45,45,45],"current_hp_per_floor":[61,61,61,61,61,61,61,61,61,61,61,61,61,50,50,45,62,62,65,65,65,44,44,44,44,44,31,31,31,23,20,41,25,60,50,50,36,9,9,7,28,17,17,17,17,17,17,17,38,48],"gold":64,"neow_bonus":"RANDOM_COLORLESS","is_daily":false,"chose_seed":false,"campfire_upgraded":9,"win_rate":0.0,"timestamp":1607843831,"path_taken":["M","?","?","?","M","R","E","R","T","R","M","E","R","E","R","BOSS","M","?","?","M","M","R","E","R","T","E","R","M","E","M","R","BOSS","M","M","M","M","$","NM","R","E","T","M","$","M","R","?","R","BOSS"],"items_purchased_type":["Relic","Relic","Relic","Relic","Relic","Relic","Card"],"build_version":"2020-11-30","purchased_purges":0,"victory":true,"max_hp_per_floor":[68,68,68,68,68,68,68,68,68,68,68,68,68,68,68,68,68,68,71,71,71,71,71,71,71,71,71,71,71,71,71,71,71,71,71,71,71,71,71,71,71,71,71,71,71,71,71,71,71,71],"card_choices":[{"not_picked":["Good Instincts","Blind"],"picked":"Dramatic Entrance","floor":0.0},{"not_picked":["ThirdEye","Sanctity"],"picked":"FollowUp","floor":1.0},{"not_picked":["ThirdEye","Replay:AtTheReady"],"picked":"Halt","floor":5.0},{"not_picked":["Adaptation","Swivel"],"picked":"Fasting2","floor":7.0},{"not_picked":["WreathOfFlame","Replay:DivineShield"],"picked":"Perseverance","floor":11.0},{"not_picked":["CrushJoints","ThirdEye"],"picked":"FearNoEvil","floor":12.0},{"not_picked":["EmptyFist","MasterReality"],"picked":"CutThroughFate","floor":14.0},{"not_picked":["Devotion","Establishment"],"picked":"Vault","floor":16.0},{"not_picked":["MentalFortress","SignatureMove"],"picked":"Protect","floor":18.0},{"not_picked":["JustLucky","LikeWater"],"picked":"Fasting2","floor":21.0},{"not_picked":["Replay:Battleflow","Crescendo"],"picked":"ThirdEye","floor":22.0},{"not_picked":["EmptyFist","Protect"],"picked":"FlyingSleeves","floor":24.0},{"not_picked":["Replay:Battleflow+1","Replay:BluntJabs"],"picked":"Replay:Vibes+1","floor":27.0},{"not_picked":["ClearTheMind","WheelKick","Pray"],"picked":"SKIP","floor":29.0},{"not_picked":["Conclude","Scrawl"],"picked":"DeceiveReality","floor":30.0},{"not_picked":["Weave","Replay:AtTheReady"],"picked":"Conclude","floor":31.0},{"not_picked":["MasterReality","Replay:AllIn"],"picked":"Ragnarok","floor":33.0},{"not_picked":["Runesmith:ShiftingStrike","PathToVictory","Replay:Anticipation+1"],"picked":"BowlingBash+1","floor":35.0},{"not_picked":["Replay:ManipulateFuture","Conclude+1","Runesmith:HeatExchange","Runesmith:StaticCage"],"picked":"SKIP","floor":36.0},{"not_picked":["BowlingBash","Conclude","Runesmith:HeatExchange"],"picked":"Sanctity","floor":37.0},{"not_picked":["Runesmith:CraftProtectio","Runesmith:RunicBlueprint+1","Runesmith:HeatExchange"],"picked":"EmptyBody+1","floor":38},{"not_picked":["ReplayTheSpireMod:??????????????????????","infinitespire:Gouge"],"picked":"infinitespire:SevenWalls","floor":40},{"not_picked":["Runesmith:CraftProtectio","Runesmith:Overpower","Runesmith:Empowerment+1"],"picked":"DeceiveReality","floor":40},{"not_picked":["EmptyFist","Protect","CrushJoints+1","MarkedMod:FirstStrike"],"picked":"SKIP","floor":42},{"not_picked":["MarkedMod:FirstStrike","Runesmith:BackupBattery","FlurryOfBlows","Runesmith:RuneHurl"],"picked":"SKIP","floor":44},{"not_picked":["Runesmith:CreatorForm","Runesmith:NegativeSpace","MarkedMod:GracefulMovements+1","Runesmith:ElementalConversion"],"picked":"SKIP","floor":46},{"not_picked":["Replay:BluntJabs+1","Runesmith:ElementalConversion","Runesmith:RuneHurl+1","Runesmith:Repurpose"],"picked":"SKIP","floor":48}],"player_experience":1531088,"relics_obtained":[{"floor":7.0,"key":"Orichalcum"},{"floor":9.0,"key":"War Paint"},{"floor":12.0,"key":"halation:KoshaPiece"},{"floor":14.0,"key":"infinitespire:Broken Mirror"},{"floor":24.0,"key":"aspiration:Stabinomicon"},{"floor":24.0,"key":"Akabeko"},{"floor":26.0,"key":"MawBank"},{"floor":27.0,"key":"aspiration:ChemicalBlood"},{"floor":30.0,"key":"StuffTheSpire:Mouthbags"},{"floor":40,"key":"Mercury Hourglass"},{"floor":42,"key":"Replay:Mystery Machine"},{"floor":43,"key":"jedi:arcanewood"}],"event_choices":[{"cards_removed":["Strike_P"],"damage_healed":0.0,"max_hp_gain":0.0,"max_hp_loss":0.0,"gold_gain":0.0,"event_name":"The Cleric","player_choice":"Card Removal","floor":2.0,"gold_loss":50.0,"damage_taken":0.0},{"damage_healed":0.0,"max_hp_gain":0.0,"max_hp_loss":0.0,"gold_gain":0.0,"event_name":"Accursed Blacksmith","player_choice":"Forge","floor":20.0,"gold_loss":0.0,"damage_taken":0.0,"cards_upgraded":["Vault"]}],"is_beta":false,"boss_relics":[{"not_picked":["Astrolabe","halation:ForbiddenBikini"],"picked":"energizedSpire:NeverEndingSparkler"},{"not_picked":["halation:Risk","hubris:VirtuousBlindfold"],"picked":"aspiration:RunesmithSkillbook"}],"items_purged_floors":[],"is_endless":false,"potions_floor_spawned":[5,12,14,16,18,22,24,30,36,38,44,48],"ascension_level":14}}