{"host":"bebwmhhch11ak7yk","time":1607892669,"event":{"mods":["Act Like it!","Aspiration","BaseMod","Better Skull","Better Third Choice","Colored Powertips","Elementarium","Fiend Mod","Hermit","Hunter ??","Kratos Character Expansion","Luminous","Minty Spire (QoL Compilation)","Replay The Spire","SIMod","StSLib","The Animator","The Blackbeard","The Bladedancer","The Bug Knight","The Cursed","The Disciple","The Necromancer","The Servant 0.9.4","The Vixen"],"gold_per_floor":[112,128,142,142,3,3,3],"floor_reached":6,"playtime":609,"items_purged":[],"score":36,"play_id":"6441bac4-fd4c-4230-a02b-f36767209111","local_time":"20201213215109","is_ascension_mode":false,"campfire_choices":[],"circlet_count":0,"master_deck":["animator:Strike_Konosuba+1","animator:Defend_Konosuba","animator:Strike","animator:Strike","animator:Strike","animator:Defend","animator:Defend","animator:Defend","animator:Kazuma","animator:Aqua+1","animator:Demiurge","animator:Tyuule","animator:RoryMercury","animator:Kaijin","animator:HighElfArcher"],"relics":["animator:LivingPicture","animator:TheMissingPiece","NeowsBlessing"],"acts_visited":["Exordium"],"potions_floor_usage":[],"damage_taken":[{"damage":0,"enemies":"Small Slimes","floor":1,"turns":1},{"damage":0,"enemies":"Jaw Worm","floor":2,"turns":1},{"damage":0,"enemies":"2 Louse","floor":3,"turns":1},{"damage":74,"enemies":"Lagavulin","floor":6,"turns":9}],"seed_played":"4784457187423376513","potions_obtained":[{"floor":2,"key":"Regen Potion"}],"is_trial":false,"path_per_floor":["M","M","M","?","$","E"],"character_chosen":"THE_ANIMATOR","items_purchased":["animator:Kaijin","animator:HighElfArcher"],"campfire_rested":0,"item_purchase_floors":[5,5],"current_hp_per_floor":[66,66,66,66,66,0,0],"gold":3,"neow_bonus":"THREE_ENEMY_KILL","is_daily":false,"chose_seed":false,"campfire_upgraded":0,"win_rate":0.0,"timestamp":1607892669,"path_taken":["M","M","M","?","$","E"],"items_purchased_type":["Card","Card"],"build_version":"2020-11-30","purchased_purges":0,"victory":false,"max_hp_per_floor":[66,66,66,66,66,66,66],"card_choices":[{"not_picked":["animator:Hakurou","animator:CrowleyEusford"],"picked":"animator:Demiurge","floor":1},{"not_picked":["animator:Spearman","animator:LizardPriest"],"picked":"animator:Tyuule","floor":2},{"not_picked":["animator:Souei","animator:PandorasActor"],"picked":"animator:RoryMercury","floor":3}],"player_experience":332948,"relics_obtained":[],"event_choices":[{"damage_healed":0,"gold_gain":0,"player_choice":"Grow","damage_taken":0,"max_hp_gain":0,"max_hp_loss":0,"event_name":"Living Wall","floor":4,"gold_loss":0,"cards_upgraded":["animator:Aqua"]}],"is_beta":false,"boss_relics":[],"items_purged_floors":[],"is_endless":false,"potions_floor_spawned":[2],"killed_by":"Lagavulin","ascension_level":0}}