{"host":"sst22apzgpn07t8v","time":1607869893,"event":{"mods":["Act Like it!","BaseMod","Downfall","Hallownest","HololiveMod","Lobotomy","LobotomyExtend","Minty Spire (QoL Compilation)","Replay The Spire","Shop Mod","StSLib"],"gold_per_floor":[100,132,57,86,86,86,112,112,37,62,62,62,47,39,51,100,100,100,110,120,136,168,156,156,156,156,81,81,103,122,122,122,136,180,278,278,278,289,302,327,327,327,327],"floor_reached":42,"playtime":3848,"items_purged":[],"score":614,"play_id":"92003275-08b7-4394-97e4-5aef4130b8fb","local_time":"20201213223133","is_ascension_mode":false,"campfire_choices":[{"floor":1,"key":"RECALL"}],"circlet_count":0,"master_deck":["LongBird","BodiesMountain","DespairKnight","Woodsman","SpecialBullet","SpecialBullet","SpecialBullet","SpecialBullet","SpecialBullet","SpecialBullet","SecurityCode","InformationCode","ControlCode","Moonlight+1","WristCuter+1","DisciplinaryCode","OSAHOGD","HereticApostle","Freischutz","SoundOfStar","BearPaw","SingingMachine","GoldRush","FourthMatchFlame","ShyLook","Moonlight","OldLady","Harmony","Lamp+1","SomewhereSpear","TT2Protocol","TrainingCode","FourthMatchFlame","Galaxy","Scorched","InTheNameOfLoveAndHate","Lamp+1","GoldRush","Gaze+1","Tough+1","CentralCode"],"relics":["CogitoBucket","downfall:HeartsMalice","Replay:Bottled Flurry","LetterFromLob","downfall:HeartBlessingRed","Replay:Accelerometer","downfall:HeartBlessingBlue","ReplayTheSpireMod:TigerMarble","InkBottle","Sozu","Logging_r","TreeSap","SwordSharpenedByTears_r","Incense Burner","TheSmile_r","Iron Hammer","downfall:HeartBlessingGreen","Ring of Fangs","SkinProphecy","WantedRequest","Justitia_r","Fusion Hammer","AtMidnight","Hololive_LightStick"],"acts_visited":["Exordium","Hallownest:CityofTears","TheBeyond"],"potions_floor_usage":[22],"damage_taken":[{"damage":0,"enemies":"3 Sentries","floor":2,"turns":1},{"damage":0,"enemies":"Lagavulin","floor":4,"turns":1},{"damage":0,"enemies":"Replay:BlueRogue","floor":10,"turns":1},{"damage":0,"enemies":"downfall:FleeingMerchant","floor":13,"turns":4},{"damage":0,"enemies":"2 Louse","floor":14,"turns":1},{"damage":0,"enemies":"Small Slimes","floor":15,"turns":2},{"damage":38,"enemies":"downfall:Silent","floor":16,"turns":4},{"damage":13,"enemies":"Hallownest:Flukemon_and_Top","floor":19,"turns":5},{"damage":16,"enemies":"Hallownest:2_Mistakes","floor":20,"turns":3},{"damage":0,"enemies":"Hallownest:Warrior_and_Youth","floor":21,"turns":4},{"damage":91,"enemies":"Hallownest:Nosk","floor":22,"turns":12},{"damage":4,"enemies":"Hallownest:2_Husk_Sentries","floor":23,"turns":2},{"damage":14,"enemies":"Hallownest:Glutton_and_Coward","floor":29,"turns":2},{"damage":8,"enemies":"Hallownest:monsterShrumalOgre","floor":30,"turns":3},{"damage":7,"enemies":"Hallownest:3_Mistakes","floor":33,"turns":2},{"damage":31,"enemies":"Hallownest:Glutton_and_Coward","floor":34,"turns":2},{"damage":53,"enemies":"downfall:Ironclad","floor":35,"turns":5},{"damage":1,"enemies":"3 Shapes","floor":38,"turns":1},{"damage":21,"enemies":"Orb Walker","floor":39,"turns":10},{"damage":8,"enemies":"Giant Head","floor":40,"turns":4},{"damage":125,"enemies":"3 Darklings","floor":42,"turns":5}],"seed_played":"2101487008580652602","potions_obtained":[{"floor":14,"key":"LiquidBronze"},{"floor":15,"key":"Regen Potion"},{"floor":16,"key":"Elixir"}],"is_trial":false,"path_per_floor":["R","E","R","E","?","?","T","?","R","E","T","?","$","M","M","B",null,"R","M","M","M","E","M","T","R","?","R","?","M","M","PTL","PTL","M","M","B",null,"R","M","M","E","R","M"],"character_chosen":"Angela","items_purchased":[],"campfire_rested":0,"item_purchase_floors":[],"current_hp_per_floor":[70,70,70,70,70,70,70,70,80,80,80,80,80,80,80,42,80,80,77,77,77,37,71,71,71,71,71,71,77,77,77,77,79,62,83,83,83,85,89,91,91,0,0],"gold":327,"neow_bonus":"THREE_ENEMY_KILL","is_daily":false,"chose_seed":false,"campfire_upgraded":0,"win_rate":0.0,"timestamp":1607869893,"path_taken":["R","E","R","E","?","?","T","?","R","E","?","?","?","?","M","BOSS","R","?","M","M","E","M","T","R","?","R","?","M","?","PTL","PTL","?","M","BOSS","R","M","?","E","R","M"],"items_purchased_type":[],"build_version":"2020-11-30","purchased_purges":0,"victory":false,"max_hp_per_floor":[70,70,70,70,70,70,70,70,80,80,80,80,80,80,80,80,80,80,77,77,77,77,77,77,77,77,77,77,77,77,77,77,79,81,83,83,83,85,89,91,91,95,95],"card_choices":[{"not_picked":["Yin","FieryBird"],"picked":"DespairKnight","floor":2},{"not_picked":["SoundOfStar"],"picked":"Moonlight","floor":2},{"not_picked":["BlackSwan_ego"],"picked":"WristCuter","floor":4},{"not_picked":["UniverseFragment","Wellcheers"],"picked":"OSAHOGD","floor":10},{"not_picked":["RapturousDream"],"picked":"Wingbeat","floor":10},{"not_picked":["WallGazer","Murderer"],"picked":"Freischutz","floor":13},{"not_picked":["Lantern"],"picked":"SoundOfStar","floor":13},{"not_picked":["WallGazer","SpiderBud"],"picked":"BodiesMountain","floor":14},{"not_picked":["RedEyes"],"picked":"BearPaw","floor":14},{"not_picked":["Horn","Loneliness"],"picked":"SKIP","floor":15},{"not_picked":["SpiderBud","VoidDream"],"picked":"SingingMachine","floor":16},{"not_picked":["CENSORED_ego"],"picked":"GoldRush","floor":16},{"not_picked":["PunishingBird","QueenBee"],"picked":"Woodsman","floor":19},{"not_picked":["CherryBlossom+1"],"picked":"FourthMatchFlame","floor":19},{"not_picked":["Scorched","Bloodbath"],"picked":"ShyLook","floor":20},{"not_picked":["CherryBlossom"],"picked":"Moonlight","floor":20},{"not_picked":["BlackSwan","Murderer"],"picked":"OldLady","floor":21},{"not_picked":["CUTE"],"picked":"Harmony","floor":21},{"not_picked":["FourthMatchFlame"],"picked":"Lamp+1","floor":22},{"not_picked":["GalaxyChild","MeatLantern"],"picked":"Mercenary","floor":23},{"not_picked":["Harvest"],"picked":"SomewhereSpear","floor":23},{"not_picked":["Penitence"],"picked":"FourthMatchFlame","floor":29},{"not_picked":["LaLuna","Funeral"],"picked":"QueenOfHatred","floor":30},{"not_picked":["GreenStem"],"picked":"Galaxy","floor":30},{"not_picked":["MeatLantern","PunishingBird"],"picked":"Scorched","floor":33},{"not_picked":["Reverberation"],"picked":"InTheNameOfLoveAndHate","floor":33},{"not_picked":["QueenBee","Yin"],"picked":"LongBird","floor":34},{"not_picked":["BlueScar"],"picked":"Lamp","floor":34},{"not_picked":["Pinks"],"picked":"GoldRush","floor":35},{"not_picked":["CUTE","Penitence"],"picked":"SKIP","floor":38},{"not_picked":["SoundOfStar"],"picked":"Gaze+1","floor":39},{"not_picked":["Horn"],"picked":"Tough+1","floor":40},{"not_picked":["QueenBee","Wellcheers"],"picked":"WhiteNight","floor":40}],"player_experience":143167,"relics_obtained":[{"floor":2,"key":"Replay:Bottled Flurry"},{"floor":2,"key":"LetterFromLob"},{"floor":4,"key":"Replay:Accelerometer"},{"floor":10,"key":"ReplayTheSpireMod:TigerMarble"},{"floor":11,"key":"InkBottle"},{"floor":22,"key":"Incense Burner"},{"floor":24,"key":"Iron Hammer"},{"floor":28,"key":"Ring of Fangs"},{"floor":39,"key":"AtMidnight"},{"floor":40,"key":"Hololive_LightStick"}],"event_choices":[{"cards_removed":["Regret"],"damage_healed":0,"gold_gain":0,"player_choice":"Card Removal","damage_taken":0,"max_hp_gain":0,"max_hp_loss":0,"event_name":"The Cleric","floor":6,"gold_loss":0},{"damage_healed":17,"gold_gain":0,"player_choice":"Healed and dodged fight","damage_taken":0,"max_hp_gain":0,"max_hp_loss":0,"event_name":"Mushrooms","floor":8,"gold_loss":0,"cards_obtained":["Parasite"]}],"is_beta":false,"boss_relics":[{"not_picked":["Snecko Eye","Tiny House"],"picked":"Sozu"},{"not_picked":["Abe\u0027s Treasure","SacredBark"],"picked":"Fusion Hammer"}],"items_purged_floors":[],"is_endless":false,"potions_floor_spawned":[14,15,16,21,23,29,33,34],"killed_by":"3 Darklings","ascension_level":0}}