{"host":"6vv0uythevi5qk1w","time":1607855354,"event":{"mods":["Act Like it!","BaseMod","Downfall","Gensokyo","Minty Spire (QoL Compilation)","Remilia£®¿Ÿ√◊¿Ú—«£©","Replay The Spire","StSLib"],"gold_per_floor":[111,130,48,65,65,65,65,104,128,128,176,196,223,223,223],"floor_reached":14,"playtime":572,"items_purged":[],"score":156,"play_id":"4d6cf985-b07b-4f66-b14e-10dfc9e65df3","local_time":"20201213182914","is_ascension_mode":true,"campfire_choices":[{"data":"expansioncontent:YouAreMine","floor":6.0,"key":"SMITH"},{"data":"Neutralize","floor":10,"key":"SMITH"}],"circlet_count":0,"master_deck":["Strike_G","Strike_G","Strike_G","Strike_G","Strike_G","Defend_G","Defend_G","Defend_G","Defend_G","Defend_G","Survivor","Neutralize+1","Hidden Blade","Catalyst","expansioncontent:YouAreMine+1","Reflex","Pain","Adrenaline","PiercingWail"],"relics":["Ring of the Snake","NeowsBlessing","Golden Idol","WarpedTongs","Centennial Puzzle","CeramicFish","PreservedInsect"],"acts_visited":["Exordium"],"potions_floor_usage":[8,11],"damage_taken":[{"damage":0.0,"enemies":"Cultist","floor":1.0,"turns":1.0},{"damage":0.0,"enemies":"Small Slimes","floor":2.0,"turns":1.0},{"damage":0.0,"enemies":"Jaw Worm","floor":4.0,"turns":1.0},{"damage":20,"enemies":"Lagavulin","floor":8,"turns":7},{"damage":6,"enemies":"Gremlin Nob","floor":11,"turns":4},{"damage":12,"enemies":"Red Slaver","floor":12,"turns":3},{"damage":10,"enemies":"Blue Slaver","floor":13,"turns":4},{"damage":5,"enemies":"Lagavulin","floor":14,"turns":4}],"seed_played":"-4714045481409922643","potions_obtained":[{"floor":4.0,"key":"Adrenaline Potion"},{"floor":8,"key":"Strength Potion"}],"is_trial":false,"path_per_floor":["M","M","$","M","?","R","?","E","T","R","E","M","M","E"],"character_chosen":"THE_SILENT","items_purchased":["expansioncontent:YouAreMine"],"campfire_rested":0,"item_purchase_floors":[3],"current_hp_per_floor":[70,70,70,70,53,53,53,33,33,33,27,15,5,0,0],"gold":223,"neow_bonus":"THREE_ENEMY_KILL","is_daily":false,"chose_seed":false,"campfire_upgraded":2,"win_rate":0.0,"timestamp":1607855354,"path_taken":["M","M","$","?","?","R","?","E","T","R","E","M","?","E"],"items_purchased_type":["Card"],"build_version":"2020-11-30","purchased_purges":0,"victory":false,"max_hp_per_floor":[70,70,70,70,70,70,70,70,70,70,70,70,70,70,70],"card_choices":[{"not_picked":["Deadly Poison","PiercingWail"],"picked":"Hidden Blade","floor":1.0},{"not_picked":["Slice","Prepared"],"picked":"Catalyst","floor":2.0},{"not_picked":["Quick Slash","Underhanded Strike"],"picked":"Reflex","floor":4.0},{"not_picked":["Poisoned Stab","Toxin Wave","Dagger Spray"],"picked":"SKIP","floor":8},{"not_picked":["Dash","Sucker Punch"],"picked":"Adrenaline","floor":11},{"not_picked":["Outmaneuver","Quick Slash","Prepared"],"picked":"SKIP","floor":12},{"not_picked":["Fluid Movement","Underhanded Strike"],"picked":"PiercingWail","floor":13}],"player_experience":335096,"relics_obtained":[{"floor":8,"key":"Centennial Puzzle"},{"floor":9,"key":"CeramicFish"},{"floor":11,"key":"PreservedInsect"}],"event_choices":[{"damage_healed":0.0,"max_hp_gain":0.0,"max_hp_loss":0.0,"gold_gain":0.0,"event_name":"Golden Idol","player_choice":"Take Damage","floor":5.0,"gold_loss":0.0,"damage_taken":17.0,"relics_obtained":["Golden Idol"]},{"damage_healed":0.0,"max_hp_gain":0.0,"max_hp_loss":0.0,"gold_gain":0.0,"event_name":"Accursed Blacksmith","player_choice":"Rummage","floor":7.0,"gold_loss":0.0,"damage_taken":0.0,"relics_obtained":["WarpedTongs"],"cards_obtained":["Pain"]}],"is_beta":false,"boss_relics":[],"items_purged_floors":[],"is_endless":false,"potions_floor_spawned":[4,8],"killed_by":"Lagavulin","ascension_level":5}}