{"host":"kda2p2afd6bvz6qo","time":1607823348,"event":{"mods":["BaseMod","Colored Map","Minty Spire (QoL Compilation)","Relic Stats"],"gold_per_floor":[113,133,149,164,6,39,39,214,294,294,323,323,323,323,323,448,448,473,498,518,433,433,473,473,491,491,523,26,39,74,88,88,88,88],"floor_reached":33,"playtime":2743,"items_purged":["Writhe"],"score":347,"play_id":"f97a141c-bd91-48a6-a49f-f6b08fc9b06b","local_time":"20201213013548","is_ascension_mode":true,"campfire_choices":[{"data":"Flechettes","floor":7,"key":"SMITH"},{"data":"Predator","floor":10,"key":"SMITH"},{"data":"Glass Knife","floor":12,"key":"SMITH"},{"data":"Leg Sweep","floor":15,"key":"SMITH"},{"data":"Noxious Fumes","floor":32,"key":"SMITH"}],"circlet_count":0,"master_deck":["Strike_G","Strike_G","Defend_G","Defend_G","Defend_G","Defend_G","Defend_G","Survivor","Neutralize","Backflip","Quick Slash","Crippling Poison","Terror","Leg Sweep+1","Predator+1","Flechettes+1","Glass Knife+1","A Thousand Cuts","Reflex+1","Expertise+1","Tactician+1","Blur","Noxious Fumes+1","Backflip","Caltrops","Bane+1","Deadly Poison+1","Choke","PiercingWail+1","Venomology","Outmaneuver"],"relics":["Snecko Eye","TungstenRod","Mercury Hourglass","Toy Ornithopter","Bloody Idol","Astrolabe","Smiling Mask","Paper Crane","Ornamental Fan","Du-Vu Doll","Shuriken","Calipers","Snake Skull"],"acts_visited":["Exordium","TheCity"],"potions_floor_usage":[18,20,23,25,29,30,31],"damage_taken":[{"damage":9,"enemies":"Jaw Worm","floor":1,"turns":5},{"damage":0,"enemies":"Small Slimes","floor":2,"turns":3},{"damage":0,"enemies":"2 Louse","floor":3,"turns":2},{"damage":5,"enemies":"Looter","floor":4,"turns":5},{"damage":17,"enemies":"Gremlin Nob","floor":6,"turns":5},{"damage":2,"enemies":"Lagavulin","floor":11,"turns":3},{"damage":12,"enemies":"The Guardian","floor":16,"turns":8},{"damage":0,"enemies":"2 Thieves","floor":18,"turns":3},{"damage":2,"enemies":"Shell Parasite","floor":19,"turns":3},{"damage":2,"enemies":"Cultist and Chosen","floor":20,"turns":4},{"damage":22,"enemies":"Gremlin Leader","floor":23,"turns":7},{"damage":12,"enemies":"Snecko","floor":25,"turns":4},{"damage":10,"enemies":"Slavers","floor":27,"turns":4},{"damage":0,"enemies":"Shelled Parasite and Fungi","floor":29,"turns":4},{"damage":7,"enemies":"Book of Stabbing","floor":30,"turns":7},{"damage":29,"enemies":"Cultist and Chosen","floor":31,"turns":7},{"damage":59,"enemies":"Automaton","floor":33,"turns":6}],"seed_played":"-4080197799827885125","potions_obtained":[{"floor":1,"key":"AttackPotion"},{"floor":2,"key":"Dexterity Potion"},{"floor":11,"key":"LiquidMemories"},{"floor":18,"key":"FearPotion"},{"floor":20,"key":"SkillPotion"},{"floor":23,"key":"FearPotion"}],"is_trial":false,"path_per_floor":["M","M","M","M","$","E","R","?","T","R","E","R","?","?","R","B",null,"M","M","M","?","?","E","?","M","T","E","$","M","E","M","R","B"],"character_chosen":"THE_SILENT","items_purchased":["Leg Sweep","Predator","Choke","DistilledChaos","Calipers"],"campfire_rested":0,"item_purchase_floors":[5,5,28,28,28],"current_hp_per_floor":[61,61,61,56,56,39,39,39,39,39,37,37,37,21,21,9,70,70,68,70,70,70,48,48,46,46,41,41,51,54,35,35,0,0],"gold":88,"neow_bonus":"BOSS_RELIC","is_daily":false,"chose_seed":false,"campfire_upgraded":5,"win_rate":0.0,"timestamp":1607823348,"path_taken":["M","M","M","M","$","E","R","?","T","R","E","R","?","?","R","BOSS","M","M","M","?","?","E","?","M","T","E","$","M","E","M","R","BOSS"],"items_purchased_type":["Card","Card","Card","Potion","Relic"],"build_version":"2020-11-30","purchased_purges":1,"victory":false,"max_hp_per_floor":[70,70,70,70,70,70,70,70,70,70,70,70,70,70,70,70,70,70,70,70,70,70,70,70,70,70,70,70,70,70,70,70,70,70],"relic_stats":{"counters":[17,79],"Ornamental Fan":[4],"Shuriken":[1],"Bloody Idol":25,"Astrolabe":["Reflex","Expertise","Tactician"],"Snecko Eye":[137,155,153,161],"Snake Skull":[11],"Smiling Mask":25,"obtain_stats":[{"Calipers":28,"Golden Idol":14,"Astrolabe":17,"Snake Skull":30,"Paper Crane":22,"Smiling Mask":21,"Mercury Hourglass":9,"Du-Vu Doll":26,"Ornamental Fan":23,"Shuriken":27,"Bloody Idol":24,"Snecko Eye":0,"TungstenRod":6,"Toy Ornithopter":11,"Ring of the Snake":0},{"Calipers":13,"Golden Idol":6,"Astrolabe":7,"Snake Skull":15,"Paper Crane":10,"Smiling Mask":10,"Mercury Hourglass":5,"Du-Vu Doll":12,"Ornamental Fan":11,"Shuriken":13,"Bloody Idol":11,"Snecko Eye":0,"TungstenRod":5,"Toy Ornithopter":6,"Ring of the Snake":0},{"Calipers":55,"Golden Idol":23,"Astrolabe":31,"Snake Skull":66,"Paper Crane":41,"Smiling Mask":41,"Mercury Hourglass":20,"Du-Vu Doll":52,"Ornamental Fan":48,"Shuriken":55,"Bloody Idol":48,"Snecko Eye":0,"TungstenRod":20,"Toy Ornithopter":23,"Ring of the Snake":0}],"TungstenRod":31,"Toy Ornithopter":24,"Mercury Hourglass":[235]},"card_choices":[{"not_picked":["Outmaneuver","Deflect"],"picked":"Backflip","floor":1},{"not_picked":["Distraction","Cloak And Dagger"],"picked":"Quick Slash","floor":2},{"not_picked":["Envenom","Tactician"],"picked":"Crippling Poison","floor":3},{"not_picked":["Deadly Poison","Dodge and Roll"],"picked":"Terror","floor":4},{"not_picked":["Infinite Blades","Deadly Poison"],"picked":"Flechettes","floor":6},{"not_picked":["Deflect","Terror"],"picked":"Glass Knife","floor":11},{"not_picked":["Wraith Form v2","Tools of the Trade"],"picked":"A Thousand Cuts","floor":16},{"not_picked":["Slice","Underhanded Strike"],"picked":"Blur","floor":18},{"not_picked":["Underhanded Strike","Slice+1"],"picked":"Noxious Fumes","floor":19},{"not_picked":["Skewer","Outmaneuver"],"picked":"Backflip","floor":20},{"not_picked":["Malaise","Backflip"],"picked":"Caltrops","floor":23},{"not_picked":["Eviscerate","Blade Dance"],"picked":"Bane+1","floor":25},{"not_picked":["Choke","PiercingWail"],"picked":"Deadly Poison+1","floor":27},{"not_picked":["Deadly Poison","Calculated Gamble"],"picked":"PiercingWail+1","floor":29},{"not_picked":["PiercingWail+1","Dagger Throw"],"picked":"Venomology","floor":30},{"not_picked":["Catalyst","Deadly Poison"],"picked":"Outmaneuver","floor":31}],"player_experience":17696,"relics_obtained":[{"floor":6,"key":"TungstenRod"},{"floor":9,"key":"Mercury Hourglass"},{"floor":11,"key":"Toy Ornithopter"},{"floor":23,"key":"Ornamental Fan"},{"floor":26,"key":"Du-Vu Doll"},{"floor":27,"key":"Shuriken"},{"floor":30,"key":"Snake Skull"}],"event_choices":[{"damage_healed":0,"gold_gain":175,"player_choice":"AGREE","damage_taken":0,"max_hp_gain":0,"max_hp_loss":0,"event_name":"Liars Game","floor":8,"gold_loss":0,"cards_obtained":["Doubt"]},{"cards_removed":["Doubt"],"damage_healed":0,"gold_gain":0,"player_choice":"Forget","damage_taken":0,"max_hp_gain":0,"max_hp_loss":0,"event_name":"Living Wall","floor":13,"gold_loss":0},{"damage_healed":0,"gold_gain":0,"player_choice":"Take Damage","damage_taken":17,"relics_obtained":["Golden Idol"],"max_hp_gain":0,"max_hp_loss":0,"event_name":"Golden Idol","floor":14,"gold_loss":0},{"damage_healed":0,"gold_gain":0,"player_choice":"Obtained Relic","damage_taken":0,"relics_obtained":["Smiling Mask"],"max_hp_gain":0,"max_hp_loss":0,"event_name":"Addict","floor":21,"gold_loss":85},{"damage_healed":0,"gold_gain":0,"player_choice":"Opened","damage_taken":0,"relics_obtained":["Paper Crane"],"max_hp_gain":0,"max_hp_loss":0,"event_name":"The Mausoleum","floor":22,"gold_loss":0,"cards_obtained":["Writhe"]},{"damage_healed":0,"gold_gain":0,"player_choice":"Gave Idol","damage_taken":0,"relics_obtained":["Bloody Idol"],"max_hp_gain":0,"max_hp_loss":0,"event_name":"Forgotten Altar","floor":24,"relics_lost":["Golden Idol"],"gold_loss":0}],"is_beta":false,"boss_relics":[{"not_picked":["Philosopher\u0027s Stone","Empty Cage"],"picked":"Astrolabe"}],"items_purged_floors":[28],"is_endless":false,"potions_floor_spawned":[1,2,11,18,20,23],"killed_by":"Automaton","ascension_level":2}}