{"host":"32dedufnxebqtmo3","time":1607876090,"event":{"mods":["AchievementEnabler","BaseMod","Better Third Choice","Card Filter","Colored Powertips","Defuse TimeMaze Blight","Downfall","GifTheSpireLib","Minty Spire (QoL Compilation)","Permanent Neow","Relic Filter","Relic Stats","Remove Card Discount Mod","Shop Mod","StSLib","The Cursed","Unceasing Turn Reminder"],"gold_per_floor":[99,99,113,124,158,175,175,194,194,194],"floor_reached":9,"playtime":845,"items_purged":[],"score":63,"play_id":"a72596e6-51ab-403d-a99f-2e55f515e58e","local_time":"20201213081450","is_ascension_mode":false,"campfire_choices":[{"floor":1.0,"key":"RECALL"}],"circlet_count":0,"master_deck":["champ:Strike","champ:Strike","champ:Strike","champ:Strike","champ:Defend","champ:Defend","champ:Defend","champ:Defend","champ:Execute","champ:Taunt","champ:MurderStrike","champ:Circumvent","champ:PreciseThrust","champ:SkillfulDodge","champ:PerfectedStrike","champ:AdrenalArmor"],"relics":["champ:ChampionCrown","Nunchaku","StoneCalendar"],"acts_visited":["Exordium"],"potions_floor_usage":[9,9],"damage_taken":[{"damage":9.0,"enemies":"Jaw Worm","floor":3.0,"turns":7.0},{"damage":6.0,"enemies":"Cultist","floor":4.0,"turns":4.0},{"damage":32.0,"enemies":"Lagavulin","floor":5.0,"turns":10.0},{"damage":5,"enemies":"Small Slimes","floor":6,"turns":4},{"damage":0,"enemies":"Exordium Wildlife","floor":8,"turns":4},{"damage":73,"enemies":"Gremlin Nob","floor":9,"turns":6}],"seed_played":"-4067763630789421459","potions_obtained":[{"floor":4.0,"key":"SpeedPotion"},{"floor":6,"key":"hexamod:EctoCoolerPotion"}],"is_trial":false,"path_per_floor":["R","?","M","M","E","M","T","M","E"],"character_chosen":"THE_CHAMP","items_purchased":[],"campfire_rested":0,"item_purchase_floors":[],"current_hp_per_floor":[90,90,89,88,66,66,66,66,0,0],"gold":194,"neow_bonus":"ONE_RANDOM_RARE_CARD","is_daily":false,"chose_seed":false,"campfire_upgraded":0,"win_rate":0.0,"timestamp":1607876090,"path_taken":["R","?","M","M","E","?","T","M","E"],"items_purchased_type":[],"build_version":"2020-11-30","purchased_purges":0,"victory":false,"max_hp_per_floor":[90,90,90,90,90,90,90,90,90,90],"relic_stats":{"Nunchaku":[2],"counters":[6,35],"StoneCalendar":[0],"obtain_stats":[{"Nunchaku":5,"champ:ChampionCrown":0,"StoneCalendar":7},{"Nunchaku":3,"champ:ChampionCrown":0,"StoneCalendar":4},{"Nunchaku":21,"champ:ChampionCrown":0,"StoneCalendar":25}]},"card_choices":[{"not_picked":["champ:RisingSlash","champ:Encircle"],"picked":"champ:Circumvent","floor":3.0},{"not_picked":["champ:BerserkersShout","champ:DefensiveShout"],"picked":"champ:PreciseThrust","floor":4.0},{"not_picked":["champ:BringItOn","champ:FocusedBerserking"],"picked":"champ:SkillfulDodge","floor":5.0},{"not_picked":["champ:Encircle","champ:Lariat"],"picked":"champ:PerfectedStrike","floor":6},{"not_picked":["champ:BringItOn","champ:CrookedStrike"],"picked":"champ:AdrenalArmor","floor":8}],"player_experience":770760,"relics_obtained":[{"floor":5.0,"key":"Nunchaku"},{"floor":7,"key":"StoneCalendar"}],"event_choices":[{"damage_healed":0.0,"max_hp_gain":0.0,"max_hp_loss":0.0,"gold_gain":0.0,"event_name":"NoteForYourself","player_choice":"Ignored","floor":2.0,"gold_loss":0.0,"damage_taken":0.0}],"is_beta":false,"boss_relics":[],"items_purged_floors":[],"is_endless":false,"potions_floor_spawned":[4,6],"killed_by":"Gremlin Nob","ascension_level":0}}