{"host":"4qkvkh7pd9qr2mca","time":1607873314,"event":{"mods":["AchievementEnabler","BaseMod","Colored Map","Colored Powertips","Highlight Path","Minty Spire (QoL Compilation)","Permanent Neow","Quick Restart","StSLib","SuperFastMode"],"gold_per_floor":[119,136,28,41,53,53,87,87,133,133,145,70,70,85,85,161,161,176,176,192,192,192,192,226,226,226,236,46,74,88,99,99,172,172,192,203,220,239,139,170,170,190,262,287,287,300,0,32,32,32,32],"floor_reached":50,"playtime":2074,"items_purged":["Strike_G","Strike_G"],"score":1148,"play_id":"22de3ad8-1368-461a-b8ce-97a510ded7fe","local_time":"20201213162834","is_ascension_mode":true,"campfire_choices":[{"data":"1","floor":6.0,"key":"LIFT"},{"floor":8.0,"key":"REST"},{"data":"2","floor":10.0,"key":"LIFT"},{"data":"3","floor":13.0,"key":"LIFT"},{"data":"Well Laid Plans","floor":15.0,"key":"SMITH"},{"floor":23.0,"key":"REST"},{"floor":25.0,"key":"REST"},{"floor":32.0,"key":"REST"},{"floor":41,"key":"REST"},{"floor":45,"key":"REST"},{"floor":49,"key":"REST"}],"circlet_count":0,"master_deck":["AscendersBane","Strike_G","Strike_G","Strike_G+1","Defend_G","Defend_G+1","Defend_G","Defend_G","Defend_G","Survivor","Neutralize","Skewer","Backstab+1","Well Laid Plans+1","Acrobatics","Blade Dance","Blade Dance","Choke","Terror","Leg Sweep","Malaise+1","Shame","Cloak And Dagger","Crippling Poison","Sadistic Nature","Storm of Steel+1","Adrenaline","Blade Dance","Acrobatics"],"relics":["Ring of the Snake","Girya","Paper Crane","Art of War","WristBlade","Snake Skull","Enchiridion","Whetstone","Matryoshka","Du-Vu Doll","Busted Crown","War Paint","Lantern","Ornamental Fan","Oddly Smooth Stone","Red Mask","Regal Pillow"],"acts_visited":["TheCity","TheBeyond"],"potions_floor_usage":[40,40,48],"damage_taken":[{"damage":0.0,"enemies":"2 Louse","floor":1.0,"turns":4.0},{"damage":4.0,"enemies":"Small Slimes","floor":2.0,"turns":5.0},{"damage":1.0,"enemies":"Cultist","floor":4.0,"turns":3.0},{"damage":7.0,"enemies":"Exordium Thugs","floor":5.0,"turns":4.0},{"damage":33.0,"enemies":"Lagavulin","floor":7.0,"turns":6.0},{"damage":0.0,"enemies":"Looter","floor":11.0,"turns":1.0},{"damage":0.0,"enemies":"Blue Slaver","floor":14.0,"turns":1.0},{"damage":11.0,"enemies":"Slime Boss","floor":16.0,"turns":8.0},{"damage":12.0,"enemies":"3 Byrds","floor":18.0,"turns":5.0},{"damage":0.0,"enemies":"Shell Parasite","floor":20.0,"turns":1.0},{"damage":16.0,"enemies":"Book of Stabbing","floor":24.0,"turns":5.0},{"damage":0.0,"enemies":"3 Cultists","floor":27.0,"turns":4.0},{"damage":12.0,"enemies":"Gremlin Leader","floor":29.0,"turns":4.0},{"damage":0.0,"enemies":"Snecko","floor":30.0,"turns":2.0},{"damage":4.0,"enemies":"Snake Plant","floor":31.0,"turns":3.0},{"damage":12.0,"enemies":"Automaton","floor":33.0,"turns":6.0},{"damage":0.0,"enemies":"3 Shapes","floor":35.0,"turns":3.0},{"damage":4.0,"enemies":"Orb Walker","floor":36.0,"turns":2.0},{"damage":17.0,"enemies":"Writhing Mass","floor":37.0,"turns":6.0},{"damage":0,"enemies":"3 Darklings","floor":38,"turns":2},{"damage":25,"enemies":"Reptomancer","floor":40,"turns":6},{"damage":0,"enemies":"Maw","floor":42,"turns":4},{"damage":17,"enemies":"Nemesis","floor":44,"turns":5},{"damage":0,"enemies":"Transient","floor":46,"turns":6},{"damage":19,"enemies":"Reptomancer","floor":48,"turns":5},{"damage":42,"enemies":"Time Eater","floor":50,"turns":8}],"seed_played":"3801456501031015743","potions_obtained":[{"floor":2.0,"key":"Swift Potion"},{"floor":5.0,"key":"ColorlessPotion"},{"floor":14.0,"key":"FearPotion"},{"floor":18.0,"key":"Weak Potion"},{"floor":24.0,"key":"SkillPotion"},{"floor":29.0,"key":"Energy Potion"},{"floor":31.0,"key":"Dexterity Potion"},{"floor":33.0,"key":"Block Potion"},{"floor":37.0,"key":"GamblersBrew"},{"floor":40,"key":"BlessingOfTheForge"},{"floor":44,"key":"LiquidBronze"},{"floor":48,"key":"Block Potion"}],"is_trial":false,"path_per_floor":["M","M","$","M","M","R","E","R","T","R","M","$","R","M","R","B",null,"M","?","M","?","?","R","E","R","T","M","$","E","M","M","R","B",null,"M","M","M","M","$","E","R","M","T","E","R","M","?","E","R","B"],"character_chosen":"THE_SILENT","items_purchased":["Well Laid Plans","Acrobatics","Sadistic Nature"],"campfire_rested":7,"item_purchase_floors":[3,3,28],"current_hp_per_floor":[59,55,55,54,47,47,14,32,32,32,32,32,32,32,32,21,50,38,38,38,17,17,35,19,37,37,37,37,25,25,21,39,27,52,52,48,31,31,31,6,24,24,24,7,25,25,25,6,39,0,0],"gold":32,"neow_bonus":"ONE_RARE_RELIC","is_daily":false,"chose_seed":false,"campfire_upgraded":1,"win_rate":0.0,"timestamp":1607873314,"path_taken":["M","M","$","M","M","R","E","R","T","R","M","$","R","M","R","BOSS","M","?","M","?","?","R","E","R","T","M","$","E","M","M","R","BOSS","M","M","M","?","$","E","R","M","T","E","R","M","?","E","R","BOSS"],"items_purchased_type":["Card","Card","Card"],"build_version":"2020-11-30","purchased_purges":2,"victory":false,"max_hp_per_floor":[60,60,60,60,60,60,60,60,60,60,60,60,60,60,60,60,60,60,60,60,60,60,60,60,60,60,60,60,60,60,60,60,60,60,60,60,60,60,60,60,60,60,60,60,60,60,60,60,60,60,60],"card_choices":[{"not_picked":["Dodge and Roll","Catalyst"],"picked":"Skewer","floor":1.0},{"not_picked":["Masterful Stab","Reflex"],"picked":"Backstab","floor":2.0},{"not_picked":["Skewer","Slice"],"picked":"Blade Dance","floor":4.0},{"not_picked":["Infinite Blades","Underhanded Strike"],"picked":"Blade Dance","floor":5.0},{"not_picked":["Expertise","Riddle With Holes","Choke"],"picked":"SKIP","floor":7.0},{"not_picked":["Expertise","Riddle With Holes"],"picked":"Choke","floor":7.0},{"not_picked":["Prepared","Bane"],"picked":"Terror","floor":11.0},{"not_picked":["Escape Plan","Masterful Stab"],"picked":"Leg Sweep","floor":14.0},{"not_picked":["Tools of the Trade","Storm of Steel"],"picked":"Malaise","floor":16.0},{"not_picked":["Dagger Throw","Dagger Spray","Noxious Fumes"],"picked":"SKIP","floor":18.0},{"not_picked":["Expertise","Backflip"],"picked":"Cloak And Dagger","floor":20.0},{"not_picked":["Leg Sweep","Bane","Masterful Stab"],"picked":"SKIP","floor":24.0},{"not_picked":["Concentrate","Predator+1"],"picked":"Crippling Poison","floor":27.0},{"not_picked":["Flying Knee","Dagger Throw","Underhanded Strike"],"picked":"SKIP","floor":29.0},{"not_picked":["Riddle With Holes","Dagger Throw+1","Prepared"],"picked":"SKIP","floor":30.0},{"not_picked":["Prepared","Underhanded Strike"],"picked":"Storm of Steel","floor":31.0},{"not_picked":["Bullet Time","Venomology"],"picked":"Adrenaline","floor":33.0},{"not_picked":["Outmaneuver"],"picked":"SKIP","floor":35.0},{"not_picked":["Leg Sweep"],"picked":"SKIP","floor":36.0},{"not_picked":[],"picked":"Blade Dance","floor":37.0},{"not_picked":["Underhanded Strike"],"picked":"SKIP","floor":38},{"not_picked":["Infinite Blades"],"picked":"SKIP","floor":40},{"not_picked":[],"picked":"Acrobatics","floor":42},{"not_picked":["Acrobatics"],"picked":"SKIP","floor":44},{"not_picked":["Distraction"],"picked":"SKIP","floor":46},{"not_picked":["Heel Hook"],"picked":"SKIP","floor":48}],"player_experience":307752,"relics_obtained":[{"floor":7.0,"key":"Paper Crane"},{"floor":9.0,"key":"Art of War"},{"floor":21.0,"key":"Enchiridion"},{"floor":24.0,"key":"Whetstone"},{"floor":26.0,"key":"Matryoshka"},{"floor":29.0,"key":"Du-Vu Doll"},{"floor":40,"key":"War Paint"},{"floor":43,"key":"Lantern"},{"floor":43,"key":"Ornamental Fan"},{"floor":44,"key":"Oddly Smooth Stone"},{"floor":48,"key":"Regal Pillow"}],"event_choices":[{"damage_healed":0.0,"max_hp_gain":0.0,"max_hp_loss":0.0,"gold_gain":0.0,"event_name":"Addict","player_choice":"Stole Relic","floor":19.0,"gold_loss":0.0,"damage_taken":0.0,"relics_obtained":["Snake Skull"],"cards_obtained":["Shame"]},{"damage_healed":0.0,"max_hp_gain":0.0,"max_hp_loss":0.0,"gold_gain":0.0,"event_name":"Cursed Tome","player_choice":"Obtained Book","floor":21.0,"gold_loss":0.0,"damage_taken":21.0},{"damage_healed":0.0,"max_hp_gain":0.0,"max_hp_loss":0.0,"gold_gain":0.0,"event_name":"Accursed Blacksmith","player_choice":"Forge","floor":22.0,"gold_loss":0.0,"damage_taken":0.0,"cards_upgraded":["Malaise"]},{"damage_healed":0,"gold_gain":0,"player_choice":"Paid","damage_taken":0,"relics_obtained":["Red Mask"],"max_hp_gain":0,"max_hp_loss":0,"event_name":"Tomb of Lord Red Mask","floor":47,"gold_loss":300}],"is_beta":false,"boss_relics":[{"not_picked":["Velvet Choker","Astrolabe"],"picked":"WristBlade"},{"not_picked":["SacredBark","Fusion Hammer"],"picked":"Busted Crown"}],"items_purged_floors":[12,39],"is_endless":false,"potions_floor_spawned":[2,5,14,18,24,29,31,33,36,37,40,44,48],"killed_by":"Time Eater","ascension_level":20}}