{"host":"951sez6ulsv0fw1i","time":1607878652,"event":{"mods":["2.2 Compatiblity","Aspiration","BaseMod","BetterRewards","Conspire","Downfall","Googly Eyes","Infinite Spire","JesterMod","Luminous","Marisa????????","Minty Spire (QoL Compilation)","StSLib","The Cursed","The Mystic","The Poker Player","The Servant 0.9.4"],"gold_per_floor":[117,136,86,86,9,40,40,52,52,88,102,102,120,146,146,159,159],"floor_reached":16,"playtime":6775,"items_purged":[],"score":145,"play_id":"e4db20fe-472e-4acf-9658-b374c8f0beb0","local_time":"20201213175732","is_ascension_mode":false,"campfire_choices":[{"floor":7,"key":"RECALL"},{"data":"jesterMod:ButterflyDance","floor":12,"key":"SMITH"},{"floor":15,"key":"REST"}],"circlet_count":0,"master_deck":["jesterMod:Strike","jesterMod:Strike","jesterMod:Strike","jesterMod:Sickle","jesterMod:Defend","jesterMod:Defend","jesterMod:Defend","jesterMod:Defend","jesterMod:Dodge","jesterMod:BouncingKnife","jesterMod:RecklessStrike","conspire:SpireCoStock","jesterMod:MudBall","jesterMod:Finale","jesterMod:ButterflyDance+1","jesterMod:DanceOfChaos","jesterMod:SelfMockery","jesterMod:Procrastination","jesterMod:Inspiration"],"relics":["jesterMod:JesterCap","NeowsBlessing","infinitespire:Eraser","infinitespire:ShieldingShard","infinitespire:Bottled Soul","White Beast Statue"],"acts_visited":["Exordium"],"potions_floor_usage":[16,16,16],"damage_taken":[{"damage":0,"enemies":"Jaw Worm","floor":1,"turns":1},{"damage":0,"enemies":"Small Slimes","floor":2,"turns":1},{"damage":0,"enemies":"3 Sentries","floor":6,"turns":1},{"damage":2,"enemies":"conspire:RoseBush","floor":8,"turns":1},{"damage":2,"enemies":"Gremlin Nob","floor":10,"turns":4},{"damage":11,"enemies":"3 Louse","floor":11,"turns":3},{"damage":20,"enemies":"Large Slime","floor":13,"turns":3},{"damage":33,"enemies":"3 Sentries","floor":14,"turns":5},{"damage":27,"enemies":"The Guardian","floor":16,"turns":9}],"seed_played":"2058195363489690904","potions_obtained":[{"floor":2,"key":"DuplicationPotion"},{"floor":11,"key":"Weak Potion"},{"floor":14,"key":"sneckomod:MuddlingPotion"}],"is_trial":false,"path_per_floor":["M","M","?","?","$","E","R","M","T","E","M","R","M","E","R","B"],"character_chosen":"THE_JESTER","items_purchased":["jesterMod:Finale"],"campfire_rested":1,"item_purchase_floors":[5],"current_hp_per_floor":[70,70,70,70,70,70,70,68,68,66,55,55,35,2,23,0,0],"gold":159,"neow_bonus":"THREE_ENEMY_KILL","is_daily":false,"chose_seed":false,"campfire_upgraded":1,"win_rate":0.0,"timestamp":1607878652,"path_taken":["M","M","?","?","$","E","R","M","T","E","M","R","M","E","R","BOSS"],"items_purchased_type":["Card"],"build_version":"2020-11-30","purchased_purges":0,"victory":false,"max_hp_per_floor":[70,70,70,70,70,70,70,70,70,70,70,70,70,70,70,70,70],"card_choices":[{"not_picked":["jesterMod:SmokeScreen","jesterMod:OblivionStrike"],"picked":"jesterMod:BouncingKnife","floor":1},{"not_picked":["jesterMod:DanceOfChaos","jesterMod:SwiftDodge"],"picked":"jesterMod:RecklessStrike","floor":2},{"not_picked":["jesterMod:QuickStrike","jesterMod:Dilapidation"],"picked":"jesterMod:ButterflyDance","floor":6},{"not_picked":["jesterMod:LightTheWick","jesterMod:Feint"],"picked":"jesterMod:DanceOfChaos","floor":8},{"not_picked":["jesterMod:JackInTheBox","jesterMod:SelfMockery","jesterMod:MudBall"],"picked":"SKIP","floor":10},{"not_picked":["jesterMod:JackInTheBox","jesterMod:MudBall"],"picked":"jesterMod:SelfMockery","floor":10},{"not_picked":["jesterMod:DaggerRain","jesterMod:SmokeScreen","jesterMod:Tinker"],"picked":"SKIP","floor":11},{"not_picked":["jesterMod:Disposophobia","jesterMod:Unleash"],"picked":"jesterMod:Procrastination","floor":13},{"not_picked":["jesterMod:RecklessStrike","jesterMod:DancingMad"],"picked":"jesterMod:Inspiration","floor":14}],"player_experience":479440,"relics_obtained":[{"floor":6,"key":"infinitespire:Eraser"},{"floor":9,"key":"infinitespire:ShieldingShard"},{"floor":10,"key":"infinitespire:Bottled Soul"},{"floor":14,"key":"White Beast Statue"}],"event_choices":[{"damage_healed":0,"gold_gain":0,"player_choice":"Invest 1","damage_taken":0,"max_hp_gain":0,"max_hp_loss":0,"event_name":"conspire:Investor","floor":3,"gold_loss":0},{"damage_healed":0,"gold_gain":0,"cards_transformed":["jesterMod:Strike"],"player_choice":"Transformed","damage_taken":0,"max_hp_gain":0,"max_hp_loss":0,"event_name":"Transmorgrifier","floor":4,"gold_loss":0,"cards_obtained":["jesterMod:MudBall"]}],"is_beta":false,"boss_relics":[],"items_purged_floors":[],"is_endless":false,"potions_floor_spawned":[2,11,14],"killed_by":"The Guardian","ascension_level":0}}