{"host":"63rwe7p34ct1i0qu","time":1607874286,"event":{"mods":["BaseMod","DeckTracker","Minty Spire (QoL Compilation)","Permanent Neow","Quick Restart","StSLib"],"gold_per_floor":[114,114,126,54,54,81,81,81,81,81,100,100,113,124,124,225,225,239,256,256,275,287,287,287,287],"floor_reached":24,"playtime":615,"items_purged":[],"score":257,"play_id":"3e4d3a2e-d176-4366-bc29-784e5f01e606","local_time":"20201214004446","is_ascension_mode":true,"campfire_choices":[{"data":"Defragment","floor":8,"key":"SMITH"},{"data":"Doom and Gloom","floor":10,"key":"SMITH"},{"data":"Loop","floor":12,"key":"SMITH"},{"data":"Zap","floor":15,"key":"SMITH"},{"floor":23,"key":"REST"}],"circlet_count":0,"master_deck":["Defend_B","Defend_B","Defend_B","Defend_B","Zap+1","Dualcast","Defragment+1","Doom and Gloom+1","Echo Form","Hologram","Loop+1","Turbo","Doom and Gloom","Rainbow","Go for the Eyes+1","All For One+1","Reprogram+1","Consume+1","Darkness","Conserve Battery+1"],"relics":["Cracked Core","Meat on the Bone","Vajra","Darkstone Periapt","Astrolabe"],"acts_visited":["Exordium","TheCity"],"potions_floor_usage":[6,11,16,19,24],"damage_taken":[{"damage":6,"enemies":"Cultist","floor":1,"turns":3},{"damage":2,"enemies":"Jaw Worm","floor":3,"turns":3},{"damage":5,"enemies":"Gremlin Nob","floor":6,"turns":3},{"damage":14,"enemies":"Small Slimes","floor":11,"turns":3},{"damage":10,"enemies":"Exordium Thugs","floor":13,"turns":3},{"damage":14,"enemies":"Looter","floor":14,"turns":3},{"damage":19,"enemies":"The Guardian","floor":16,"turns":6},{"damage":25,"enemies":"2 Thieves","floor":18,"turns":3},{"damage":12,"enemies":"3 Byrds","floor":19,"turns":4},{"damage":34,"enemies":"Cultist and Chosen","floor":21,"turns":6},{"damage":22,"enemies":"Sentry and Sphere","floor":22,"turns":4},{"damage":0,"enemies":"Snake Plant","floor":24,"turns":1}],"seed_played":"-1804489629139861602","potions_obtained":[{"floor":3,"key":"SkillPotion"},{"floor":6,"key":"PowerPotion"},{"floor":14,"key":"Dexterity Potion"},{"floor":16,"key":"Regen Potion"},{"floor":19,"key":"Strength Potion"},{"floor":21,"key":"BlessingOfTheForge"}],"is_trial":false,"path_per_floor":["M","$","M","$","?","E","?","R","T","R","M","R","M","M","R","B",null,"M","M","?","M","M","R","M"],"character_chosen":"DEFECT","items_purchased":["Echo Form"],"campfire_rested":1,"item_purchase_floors":[4],"current_hp_per_floor":[58,58,56,56,44,51,80,80,80,80,66,66,56,54,54,47,79,54,54,54,32,22,48,48,48],"gold":287,"neow_bonus":"TWENTY_PERCENT_HP_BONUS","is_daily":false,"chose_seed":false,"campfire_upgraded":4,"win_rate":0.0,"timestamp":1607874286,"path_taken":["M","$","M","?","?","E","?","R","T","R","M","R","M","M","R","BOSS","M","M","?","?","M","R","M"],"items_purchased_type":["Card"],"build_version":"2020-11-30","purchased_purges":0,"victory":false,"max_hp_per_floor":[89,89,89,89,89,89,89,89,89,89,89,89,89,89,89,89,89,89,89,89,89,89,89,89,89],"card_choices":[{"not_picked":["Leap","Turbo"],"picked":"Defragment","floor":1},{"not_picked":["Chill","Hologram"],"picked":"Doom and Gloom","floor":3},{"not_picked":["Tempest","Compile Driver"],"picked":"Hologram","floor":6},{"not_picked":["Compile Driver","Doom and Gloom"],"picked":"Loop","floor":11},{"not_picked":["Gash","Loop"],"picked":"Turbo","floor":13},{"not_picked":["Gash","Turbo"],"picked":"Doom and Gloom","floor":14},{"not_picked":["Echo Form","Biased Cognition"],"picked":"Rainbow","floor":16},{"not_picked":["Coolheaded","Turbo"],"picked":"Consume+1","floor":18},{"not_picked":["Beam Cell","Ball Lightning","Rebound"],"picked":"SKIP","floor":19},{"not_picked":["Lockon","Cold Snap+1","Steam"],"picked":"SKIP","floor":21},{"not_picked":["Steam","Barrage"],"picked":"Conserve Battery+1","floor":22}],"player_experience":749016,"relics_obtained":[{"floor":6,"key":"Vajra"},{"floor":9,"key":"Darkstone Periapt"}],"event_choices":[{"damage_healed":0,"gold_gain":0,"player_choice":"Success","damage_taken":12,"relics_obtained":["Meat on the Bone"],"max_hp_gain":0,"max_hp_loss":0,"event_name":"Scrap Ooze","floor":5,"gold_loss":0},{"damage_healed":29,"gold_gain":0,"player_choice":"Banana","damage_taken":0,"max_hp_gain":0,"max_hp_loss":0,"event_name":"Big Fish","floor":7,"gold_loss":0},{"damage_healed":0,"gold_gain":0,"cards_transformed":["Strike_B"],"player_choice":"Transformed","damage_taken":0,"max_hp_gain":0,"max_hp_loss":0,"event_name":"Transmorgrifier","floor":20,"gold_loss":0,"cards_obtained":["Darkness"]}],"is_beta":false,"boss_relics":[{"not_picked":["Snecko Eye","SacredBark"],"picked":"Astrolabe"}],"items_purged_floors":[],"is_endless":false,"potions_floor_spawned":[3,6,14,16,19,21],"killed_by":"Snake Plant","ascension_level":6}}