{"host":"7yyoe0ei0fseceei","time":1607883066,"event":{"mods":["BaseMod","Colored Map","Highlight Path","Minty Spire (QoL Compilation)","Quick Restart"],"gold_per_floor":[112,112,112,112,112,146,146,71,119,145,161,191,28,85,85,158,158,170,170,188,30,30,48,60,86,86,112,125,125,25,41,41,41,41],"floor_reached":33,"playtime":842,"items_purged":["Strike_R","Havoc"],"score":757,"play_id":"bc32e83f-5d9e-4350-b7b3-78b71c163da3","local_time":"20201213191106","is_ascension_mode":true,"campfire_choices":[{"data":"Shockwave","floor":7.0,"key":"SMITH"},{"data":"Spot Weakness","floor":15.0,"key":"SMITH"},{"floor":29,"key":"REST"},{"floor":32,"key":"REST"}],"circlet_count":0,"master_deck":["AscendersBane","Wild Strike+1","Shockwave+1","Shrug It Off","Spot Weakness+1","Wild Strike+1","Double Tap","Berserk","Immolate","Cleave","Carnage","Anger","Twin Strike","Armaments","Whirlwind+1","Rampage+1","Sword Boomerang","Wild Strike","Seeing Red","Wild Strike","Perfected Strike","Headbutt+1","Spot Weakness"],"relics":["Burning Blood","NeowsBlessing","Omamori","Ornamental Fan","Nunchaku","Red Skull","Oddly Smooth Stone","DollysMirror","Pandora\u0027s Box","ClockworkSouvenir","Dream Catcher","Mercury Hourglass","Pen Nib"],"acts_visited":["Exordium","TheCity"],"potions_floor_usage":[27,31,33],"damage_taken":[{"damage":0.0,"enemies":"2 Louse","floor":1.0,"turns":1.0},{"damage":0.0,"enemies":"Gremlin Nob","floor":6.0,"turns":1.0},{"damage":0.0,"enemies":"3 Sentries","floor":10.0,"turns":1.0},{"damage":0.0,"enemies":"Small Slimes","floor":11.0,"turns":4.0},{"damage":65.0,"enemies":"Hexaghost","floor":16.0,"turns":10.0},{"damage":20.0,"enemies":"3 Byrds","floor":18.0,"turns":4.0},{"damage":0.0,"enemies":"Chosen","floor":20.0,"turns":3.0},{"damage":8.0,"enemies":"3 Cultists","floor":23.0,"turns":4.0},{"damage":22.0,"enemies":"Chosen and Byrds","floor":24.0,"turns":4.0},{"damage":29.0,"enemies":"Slavers","floor":25.0,"turns":3.0},{"damage":0,"enemies":"Gremlin Leader","floor":27,"turns":4},{"damage":14,"enemies":"Centurion and Healer","floor":28,"turns":3},{"damage":24,"enemies":"Snake Plant","floor":31,"turns":2},{"damage":60,"enemies":"Collector","floor":33,"turns":5}],"seed_played":"-2501053148786633735","potions_obtained":[{"floor":10.0,"key":"DistilledChaos"},{"floor":23.0,"key":"ElixirPotion"},{"floor":24.0,"key":"Ancient Potion"},{"floor":25.0,"key":"DuplicationPotion"},{"floor":28,"key":"Strength Potion"}],"is_trial":false,"path_per_floor":["M","?","?","T","?","E","R","$","T","E","M","?","$","?","R","B",null,"M","?","M","$","?","M","M","E","T","E","M","R","$","M","R","B"],"character_chosen":"IRONCLAD","items_purchased":["DollysMirror","ClockworkSouvenir"],"campfire_rested":2,"item_purchase_floors":[13,21],"current_hp_per_floor":[74,69,69,69,69,75,75,75,75,75,75,75,75,75,75,16,60,46,46,52,52,67,65,49,26,26,32,24,46,46,28,50,0,0],"gold":41,"neow_bonus":"THREE_ENEMY_KILL","is_daily":false,"chose_seed":false,"campfire_upgraded":2,"win_rate":0.0,"timestamp":1607883066,"path_taken":["M","?","?","?","?","E","R","$","T","E","?","?","$","?","R","BOSS","M","?","?","$","?","M","M","E","T","E","M","R","$","M","R","BOSS"],"items_purchased_type":["Relic","Relic"],"build_version":"2020-11-30","purchased_purges":2,"victory":false,"max_hp_per_floor":[75,75,75,75,75,75,75,75,75,75,75,75,75,75,75,75,75,75,75,75,75,75,75,75,75,75,75,75,75,75,75,75,75,75],"card_choices":[{"not_picked":["Havoc","Thunderclap"],"picked":"Wild Strike","floor":1.0},{"not_picked":["Blood for Blood","Clash"],"picked":"Shockwave","floor":6.0},{"not_picked":["Disarm","Sever Soul"],"picked":"Shrug It Off","floor":10.0},{"not_picked":["Shrug It Off","Cleave"],"picked":"Spot Weakness","floor":11.0},{"not_picked":["Offering","Barricade"],"picked":"Double Tap","floor":16.0},{"not_picked":["Headbutt","Ghostly Armor"],"picked":"Whirlwind+1","floor":18.0},{"not_picked":["Sword Boomerang","Iron Wave"],"picked":"Rampage+1","floor":20.0},{"not_picked":["Dark Embrace","Uppercut","Anger"],"picked":"SKIP","floor":23.0},{"not_picked":["Thunderclap","Iron Wave"],"picked":"Sword Boomerang","floor":24.0},{"not_picked":["Flex","Twin Strike"],"picked":"Wild Strike","floor":25.0},{"not_picked":["Thunderclap+1","Juggernaut"],"picked":"Seeing Red","floor":27},{"not_picked":["Flame Barrier","Clothesline"],"picked":"Wild Strike","floor":28},{"not_picked":["Combust","Sentinel"],"picked":"Perfected Strike","floor":29},{"not_picked":["Infernal Blade","Juggernaut"],"picked":"Headbutt+1","floor":31},{"not_picked":["Infernal Blade","Flame Barrier"],"picked":"Spot Weakness","floor":32}],"player_experience":844729,"relics_obtained":[{"floor":4.0,"key":"Ornamental Fan"},{"floor":6.0,"key":"Nunchaku"},{"floor":9.0,"key":"Red Skull"},{"floor":10.0,"key":"Oddly Smooth Stone"},{"floor":25.0,"key":"Dream Catcher"},{"floor":26.0,"key":"Mercury Hourglass"},{"floor":27,"key":"Pen Nib"}],"event_choices":[{"damage_healed":0.0,"max_hp_gain":0.0,"max_hp_loss":0.0,"gold_gain":0.0,"event_name":"Scrap Ooze","player_choice":"Success","floor":2.0,"gold_loss":0.0,"damage_taken":5.0,"relics_obtained":["Omamori"]},{"damage_healed":0.0,"max_hp_gain":0.0,"max_hp_loss":0.0,"gold_gain":0.0,"event_name":"Living Wall","player_choice":"Grow","floor":3.0,"gold_loss":0.0,"damage_taken":0.0,"cards_upgraded":["Wild Strike"]},{"cards_removed":["Bash"],"damage_healed":0.0,"max_hp_gain":0.0,"max_hp_loss":0.0,"gold_gain":0.0,"event_name":"Wheel of Change","player_choice":"Card Removal","floor":5.0,"gold_loss":0.0,"damage_taken":0.0},{"damage_healed":0.0,"max_hp_gain":0.0,"max_hp_loss":0.0,"gold_gain":30.0,"event_name":"Dead Adventurer","player_choice":"Searched \u00272\u0027 times","floor":12.0,"gold_loss":0.0,"damage_taken":0.0},{"damage_healed":0.0,"max_hp_gain":0.0,"max_hp_loss":0.0,"gold_gain":57.0,"event_name":"Golden Wing","player_choice":"Gained Gold","floor":14.0,"gold_loss":0.0,"damage_taken":0.0},{"damage_healed":0.0,"max_hp_gain":0.0,"max_hp_loss":0.0,"gold_gain":0.0,"event_name":"FaceTrader","player_choice":"Leave","floor":19.0,"gold_loss":0.0,"damage_taken":0.0},{"damage_healed":15.0,"max_hp_gain":0.0,"max_hp_loss":0.0,"gold_gain":0.0,"event_name":"The Library","player_choice":"Heal","floor":22.0,"gold_loss":0.0,"damage_taken":0.0}],"is_beta":false,"boss_relics":[{"not_picked":["Ectoplasm","Runic Dome"],"picked":"Pandora\u0027s Box"}],"items_purged_floors":[8,30],"is_endless":false,"potions_floor_spawned":[10,23,24,25,28],"killed_by":"Collector","ascension_level":20}}