{"host":"y94psiiulyl24n05","time":1607858592,"event":{"mods":["AchievementEnabler","Aspiration","BaseMod","Better Altar","Better Match","Better Note","Better Sensory Stone","Better Skull","Better Third Choice","BetterRewards","Colored Map","Colored Powertips","Downfall","GifTheSpireLib","Googly Eyes","Halation","Highlight Path","Hubris","Mimic Mod","Minty Spire (QoL Compilation)","Replay The Spire","Shop Mod","Spicy Shops","StSLib","Stuff the Spire","Unceasing Turn Reminder","everything is the same but u backflip on backflip","slay the spire mod where everything is the same but ironclad has a cowboy hat"],"gold_per_floor":[112,131,131,150,167,193,210,236,275,286,286,320,336,355,355,458,458,469,469,469,469],"floor_reached":20,"playtime":3548,"items_purged":[],"score":198,"play_id":"244a8e8b-fc59-4d19-928c-d3b14d53f6b9","local_time":"20201213122312","is_ascension_mode":false,"campfire_choices":[{"data":"Apotheosis","floor":15,"key":"SMITH"}],"circlet_count":0,"master_deck":["Strike_R","Strike_R","Strike_R","Strike_R","Strike_R","Defend_R","Defend_R","Defend_R","Defend_R","Bash","Replay:Undeath\u0027s Touch","ReplayTheSpireMod:Stacked","Apotheosis+1","Ghostly Armor","StuffTheSpire:RockThrow","ReplayTheSpireMod:Strike From Hell+1","ReplayTheSpireMod:Stacked","ReplayTheSpireMod:Strike From Hell+1","Rage","Thunderclap","Seeing Red","Combust","Havoc","Double Tap","Sever Soul"],"relics":["Burning Blood","NeowsBlessing","Ginger","Replay:Bottled Eggs","Anchor","halation:Risk"],"acts_visited":["Exordium","TheCity"],"potions_floor_usage":[6,8,16,16,18],"damage_taken":[{"damage":0,"enemies":"Jaw Worm","floor":1,"turns":1},{"damage":0,"enemies":"2 Louse","floor":2,"turns":1},{"damage":0,"enemies":"Cultist","floor":4,"turns":1},{"damage":0,"enemies":"Blue Slaver","floor":5,"turns":6},{"damage":21,"enemies":"3 Sentries","floor":6,"turns":13},{"damage":14,"enemies":"2 Fungi Beasts","floor":7,"turns":5},{"damage":14,"enemies":"Gremlin Nob","floor":8,"turns":5},{"damage":5,"enemies":"Looter","floor":9,"turns":8},{"damage":10,"enemies":"Looter","floor":10,"turns":4},{"damage":10,"enemies":"Lagavulin","floor":12,"turns":8},{"damage":0,"enemies":"Red Slaver","floor":13,"turns":3},{"damage":6,"enemies":"Lots of Slimes","floor":14,"turns":3},{"damage":39,"enemies":"Hexaghost","floor":16,"turns":7},{"damage":40,"enemies":"Spheric Guardian","floor":18,"turns":6},{"damage":10,"enemies":"Shell Parasite","floor":20,"turns":2}],"seed_played":"-4830895845917609436","potions_obtained":[{"floor":2,"key":"hexamod:EctoCoolerPotion"},{"floor":5,"key":"LifebloodPotion"},{"floor":7,"key":"SpeedPotion"},{"floor":8,"key":"BloodPotion"},{"floor":12,"key":"Adrenaline Potion"},{"floor":13,"key":"PowerPotion"},{"floor":18,"key":"SkillPotion"},{"floor":19,"key":"LifebloodPotion"},{"floor":19,"key":"Swift Potion"}],"is_trial":false,"path_per_floor":["M","M","?","M","M","E","M","E","MIM","M","?","E","M","M","R","B",null,"M","?","M"],"character_chosen":"IRONCLAD","items_purchased":[],"campfire_rested":0,"item_purchase_floors":[],"current_hp_per_floor":[80,80,80,80,80,65,57,49,50,46,72,68,74,74,74,41,80,62,62,52,52],"gold":469,"neow_bonus":"THREE_ENEMY_KILL","is_daily":false,"chose_seed":false,"campfire_upgraded":1,"win_rate":0.0,"timestamp":1607858592,"path_taken":["M","M","?","M","M","E","M","E","MIM","M","?","E","M","M","R","BOSS","M","?","M"],"items_purchased_type":[],"build_version":"2020-11-30","purchased_purges":0,"victory":false,"max_hp_per_floor":[80,80,80,80,80,80,80,80,80,80,80,80,80,80,80,80,80,80,80,80,80],"card_choices":[{"not_picked":["Headbutt","Pommel Strike"],"picked":"Replay:Undeath\u0027s Touch","floor":1},{"not_picked":["Heavy Blade","Sever Soul"],"picked":"ReplayTheSpireMod:Stacked","floor":2},{"not_picked":["expansioncontent:FaceSlap","Poisoned Strike"],"picked":"Apotheosis","floor":3},{"not_picked":["Flame Barrier","Heavy Blade"],"picked":"Ghostly Armor","floor":4},{"not_picked":["Evolve","StuffTheSpire:Incineration"],"picked":"StuffTheSpire:RockThrow","floor":5},{"not_picked":["Cleave","Pommel Strike"],"picked":"ReplayTheSpireMod:Strike From Hell","floor":6},{"not_picked":["Clothesline","Sword Boomerang"],"picked":"ReplayTheSpireMod:Stacked","floor":7},{"not_picked":["Pommel Strike","Dark Embrace"],"picked":"ReplayTheSpireMod:Strike From Hell","floor":8},{"not_picked":["Demon Form","Anger"],"picked":"Rage","floor":9},{"not_picked":["Warcry","Searing Blow"],"picked":"Thunderclap","floor":10},{"not_picked":["Perfected Strike","Clothesline"],"picked":"Seeing Red","floor":12},{"not_picked":["Clothesline","Rampage"],"picked":"Combust","floor":13},{"not_picked":["Twin Strike","True Grit"],"picked":"Havoc","floor":14},{"not_picked":["Berserk","StuffTheSpire:TitanForm"],"picked":"Double Tap","floor":16},{"not_picked":["Thunderclap","ReplayTheSpireMod:Strike From Hell"],"picked":"Sever Soul","floor":18}],"player_experience":141970,"relics_obtained":[{"floor":6,"key":"Ginger"},{"floor":8,"key":"Replay:Bottled Eggs"},{"floor":12,"key":"Anchor"}],"event_choices":[{"damage_healed":0,"gold_gain":1,"player_choice":"1","damage_taken":0,"max_hp_gain":0,"max_hp_loss":0,"event_name":"betterStone:BetterStone","floor":3,"gold_loss":0},{"damage_healed":26,"gold_gain":0,"player_choice":"Banana","damage_taken":0,"max_hp_gain":0,"max_hp_loss":0,"event_name":"Big Fish","floor":11,"gold_loss":0},{"damage_healed":0,"gold_gain":0,"player_choice":"Got Potions","damage_taken":0,"max_hp_gain":0,"max_hp_loss":0,"event_name":"Lab","floor":19,"gold_loss":0}],"is_beta":false,"boss_relics":[{"not_picked":["hubris:TerracottaHorce","halation:ForbiddenBikini"],"picked":"halation:Risk"}],"items_purged_floors":[],"is_endless":false,"potions_floor_spawned":[2,5,7,8,12,13,18],"killed_by":"Shell Parasite","ascension_level":0}}