{"host":"sst22apzgpn07t8v","time":1607864845,"event":{"mods":["Act Like it!","BaseMod","Downfall","Hallownest","HololiveMod","Lobotomy","LobotomyExtend","Minty Spire (QoL Compilation)","Replay The Spire","Shop Mod","StSLib"],"gold_per_floor":[99,114,39,53,53,53,53,70,70,98,112,164,164,181,198,301,301,226,226,261,261,277,377,427,427,512,512,497,497,515,515,525,621,621,621,621,621],"floor_reached":36,"playtime":2767,"items_purged":[],"score":403,"play_id":"0a957ed3-5eeb-4bcc-aef1-491fed738cfe","local_time":"20201213210725","is_ascension_mode":false,"campfire_choices":[{"floor":1.0,"key":"RECALL"},{"data":"Slimebound:Split","floor":3.0,"key":"SMITH"},{"data":"Slimebound:CorrosiveSpit","floor":5.0,"key":"SMITH"},{"data":"Slimebound:FirmFortitude","floor":18.0,"key":"SMITH"},{"data":"Slimebound:Replication","floor":25.0,"key":"SMITH"},{"data":"Slimebound:LeechEnergy","floor":27.0,"key":"SMITH"},{"data":"Ghostly","floor":35,"key":"SMITH"}],"circlet_count":0,"master_deck":["Slimebound:Strike_Slimebound","Slimebound:Strike_Slimebound","Slimebound:Strike_Slimebound","Slimebound:Tackle","Slimebound:Defend_Slimebound","Slimebound:Defend_Slimebound","Slimebound:Defend_Slimebound","Slimebound:Defend_Slimebound","Slimebound:Split+1","Slimebound:CorrosiveSpit+1","Slimebound:Prepare","Slimebound:LeechEnergy+1","Slimebound:GrowthPunch+1","Slimebound:ComboTackle","Slimebound:Schlurp","Slimebound:SamplingLick","Slimebound:SplitMire","Slimebound:PressTheAttack","Slimebound:FirmFortitude+1","Slimebound:LeechLife","Slimebound:Replication+1","Slimebound:LevelUp","Slimebound:LeechEnergy+1","Slimebound:Schlurp+1","sneckomod:Bewildered","Slimebound:SplitMire+1","Slimebound:Nibble+1","Ghostly+1","Ghostly","Ghostly","Ghostly","Ghostly","Slimebound:SlimeSpikes","Slimebound:WasteNot+1"],"relics":["Slimebound:AbsorbEndCombat","downfall:HeartBlessingRed","Vajra","Replay:Bottled Eggs","Du-Vu Doll","Ancient Tea Set","Ring of Misfortune","ReplayTheSpireMod:Ring of Addiction","Toy Ornithopter","Potion Belt","Cursed Key","downfall:HeartBlessingBlue","Nilry\u0027s Codex","Hololive_LightStick","Pocketwatch","Golden Egg","Bag of Preparation","SacredBark"],"acts_visited":["Exordium","TheCity","TheBeyond"],"potions_floor_usage":[33],"damage_taken":[{"damage":15.0,"enemies":"Jaw Worm","floor":2.0,"turns":3.0},{"damage":11.0,"enemies":"Cultist","floor":4.0,"turns":3.0},{"damage":8.0,"enemies":"Small Slimes","floor":8.0,"turns":3.0},{"damage":25.0,"enemies":"Lagavulin","floor":10.0,"turns":6.0},{"damage":9.0,"enemies":"Exordium Wildlife","floor":11.0,"turns":2.0},{"damage":18.0,"enemies":"Blue Slaver","floor":14.0,"turns":2.0},{"damage":14.0,"enemies":"3 Louse","floor":15.0,"turns":3.0},{"damage":40.0,"enemies":"downfall:Watcher","floor":16.0,"turns":6.0},{"damage":5.0,"enemies":"Replay:Snechameleon","floor":20.0,"turns":4.0},{"damage":22.0,"enemies":"3 Byrds","floor":22.0,"turns":4.0},{"damage":18.0,"enemies":"Colosseum Nobs","floor":23.0,"turns":4.0},{"damage":7.0,"enemies":"downfall:FleeingMerchant","floor":28.0,"turns":4.0},{"damage":5,"enemies":"Chosen","floor":30,"turns":3},{"damage":0,"enemies":"Centurion and Healer","floor":32,"turns":4},{"damage":32,"enemies":"downfall:Silent","floor":33,"turns":7},{"damage":24,"enemies":"3 Darklings","floor":36,"turns":4}],"seed_played":"7064885738077008882","potions_obtained":[{"floor":2.0,"key":"Block Potion"},{"floor":10.0,"key":"Death Potion"},{"floor":11.0,"key":"Reflective Coating"},{"floor":12.0,"key":"Fire Potion"},{"floor":13.0,"key":"Fire Potion"},{"floor":13.0,"key":"SkillPotion"},{"floor":16.0,"key":"LiquidMemories"},{"floor":33,"key":"ColorlessPotion"}],"is_trial":false,"path_per_floor":["R","M","R","M","R","?","T","M","T","E","M","?","?","M","M","B",null,"R","?","E","?","M","?","T","R","?","R","$","?","M","?","M","B",null,"R","M"],"character_chosen":"SLIMEBOUND","items_purchased":[],"campfire_rested":0,"item_purchase_floors":[],"current_hp_per_floor":[66,59,59,64,64,52,52,64,64,56,51,25,25,27,29,38,66,76,60,74,74,74,74,72,72,60,60,70,57,75,36,36,21,36,36,0,0],"gold":621,"neow_bonus":"TEN_PERCENT_HP_BONUS","is_daily":false,"chose_seed":false,"campfire_upgraded":6,"win_rate":0.0,"timestamp":1607864845,"path_taken":["R","M","R","M","R","?","T","M","?","E","?","?","?","M","M","BOSS","R","?","E","?","M","?","T","R","?","R","?","?","?","?","M","BOSS","R","M"],"items_purchased_type":[],"build_version":"2020-11-30","purchased_purges":0,"victory":false,"max_hp_per_floor":[66,66,66,66,66,66,66,66,66,66,66,66,66,66,66,66,66,76,76,74,74,74,74,72,72,72,70,70,75,75,36,36,36,36,36,36,36],"card_choices":[{"not_picked":["Slimebound:Repurpose","Slimebound:ViciousTackle"],"picked":"Slimebound:Prepare","floor":2.0},{"not_picked":["Slimebound:RollThrough","Slimebound:TongueLash"],"picked":"Slimebound:LeechEnergy","floor":4.0},{"not_picked":["Slimebound:SplitAcid","Slimebound:SamplingLick"],"picked":"Slimebound:GrowthPunch","floor":8.0},{"not_picked":["Slimebound:SplitAcid","Slimebound:FlameTackle"],"picked":"Slimebound:ComboTackle","floor":10.0},{"not_picked":["Slimebound:ComboTackle","Slimebound:SplitBruiser"],"picked":"Slimebound:Schlurp","floor":11.0},{"not_picked":["Slimebound:PressTheAttack","Slimebound:ForwardTackle"],"picked":"Slimebound:SamplingLick","floor":12.0},{"not_picked":["Slimebound:FormOfPuddle","Slimebound:HauntingLick"],"picked":"Slimebound:SplitMire","floor":12.0},{"not_picked":["Slimebound:GoopSpray","Slimebound:GrowthPunch"],"picked":"Slimebound:PressTheAttack","floor":14.0},{"not_picked":["Slimebound:DuplicatedForm","Slimebound:LeechingTouch"],"picked":"Slimebound:FirmFortitude","floor":15.0},{"not_picked":["Slimebound:SlimeSlap","Slimebound:MassRepurpose"],"picked":"Slimebound:LeechLife","floor":16.0},{"not_picked":["Slimebound:SplitMire","Slimebound:SlimeBrawl"],"picked":"Slimebound:Replication","floor":20.0},{"not_picked":["Slimebound:SplitBruiser","Slimebound:Replication"],"picked":"Slimebound:LeechEnergy+1","floor":22.0},{"not_picked":["Slimebound:FlameTackle","Slimebound:LeechingTouch"],"picked":"Slimebound:Schlurp+1","floor":23.0},{"not_picked":["Slimebound:SplitAcid","Slimebound:LeechingTouch"],"picked":"Slimebound:SplitMire+1","floor":28},{"not_picked":["Slimebound:MassRepurpose","Slimebound:SplitMire"],"picked":"Slimebound:Nibble+1","floor":30},{"not_picked":["Slimebound:FormOfPuddle","Slimebound:RollThrough"],"picked":"Slimebound:SlimeSpikes","floor":32},{"not_picked":["Slimebound:DouseInSlime","Slimebound:MassFeed"],"picked":"Slimebound:WasteNot","floor":33}],"player_experience":140400,"relics_obtained":[{"floor":9.0,"key":"Replay:Bottled Eggs"},{"floor":10.0,"key":"Du-Vu Doll"},{"floor":12.0,"key":"Ancient Tea Set"},{"floor":13.0,"key":"Ring of Misfortune"},{"floor":13.0,"key":"ReplayTheSpireMod:Ring of Addiction"},{"floor":13.0,"key":"Toy Ornithopter"},{"floor":13.0,"key":"Potion Belt"},{"floor":19.0,"key":"Nilry\u0027s Codex"},{"floor":20.0,"key":"Hololive_LightStick"},{"floor":23.0,"key":"Pocketwatch"},{"floor":23.0,"key":"Golden Egg"},{"floor":24.0,"key":"Bag of Preparation"}],"event_choices":[{"damage_healed":0.0,"max_hp_gain":0.0,"max_hp_loss":0.0,"gold_gain":0.0,"event_name":"Scrap Ooze","player_choice":"Success","floor":6.0,"gold_loss":0.0,"damage_taken":12.0,"relics_obtained":["Vajra"]},{"damage_healed":0.0,"max_hp_gain":0.0,"max_hp_loss":0.0,"gold_gain":0.0,"event_name":"The Library","player_choice":"Read","floor":21.0,"gold_loss":0.0,"damage_taken":0.0,"cards_obtained":["Slimebound:LevelUp"]},{"damage_healed":0,"gold_gain":0,"player_choice":"Became a Ghost","damage_taken":0,"max_hp_gain":0,"max_hp_loss":37,"event_name":"Ghosts","floor":31,"gold_loss":0,"cards_obtained":["Ghostly","Ghostly","Ghostly","Ghostly","Ghostly"]}],"is_beta":false,"boss_relics":[{"not_picked":["SlaversCollar","Painkiller Herb"],"picked":"Cursed Key"},{"not_picked":["Kintsugi","Empty Cage"],"picked":"SacredBark"}],"items_purged_floors":[],"is_endless":false,"potions_floor_spawned":[2,10,11,16,33],"killed_by":"3 Darklings","ascension_level":0}}