{"host":"y76clbnovzmw9ubx","time":1607822872,"event":{"mods":["AchievementEnabler","BaseMod","Minty Spire (QoL Compilation)","Permanent Neow","Relic Stats"],"gold_per_floor":[109,109,121,131,149,176,176,5,5,5,5],"floor_reached":10,"playtime":483,"items_purged":[],"score":136,"play_id":"5906c101-df14-4e84-ad85-ad5319496e38","local_time":"20201212202752","is_ascension_mode":true,"campfire_choices":[{"floor":7,"key":"REST"}],"circlet_count":0,"master_deck":["AscendersBane","Strike_B","Strike_B","Strike_B","Defend_B","Defend_B+1","Defend_B","Zap+1","Dualcast","Amplify","Creative AI","Barrage","Force Field","Capacitor","Leap"],"relics":["Cracked Core","Centennial Puzzle","OrangePellets"],"acts_visited":["Exordium"],"potions_floor_usage":[10,10],"damage_taken":[{"damage":1.0,"enemies":"Cultist","floor":1.0,"turns":3.0},{"damage":4.0,"enemies":"Jaw Worm","floor":3.0,"turns":4.0},{"damage":0.0,"enemies":"2 Louse","floor":4.0,"turns":3.0},{"damage":23,"enemies":"Lots of Slimes","floor":5,"turns":4},{"damage":6,"enemies":"Lagavulin","floor":6,"turns":7},{"damage":61,"enemies":"Gremlin Nob","floor":10,"turns":4}],"seed_played":"5278069690648772874","potions_obtained":[{"floor":3.0,"key":"Strength Potion"},{"floor":5,"key":"Fruit Juice"}],"is_trial":false,"path_per_floor":["M","?","M","M","M","E","R","$","T","E"],"character_chosen":"DEFECT","items_purchased":["OrangePellets"],"campfire_rested":1,"item_purchase_floors":[8],"current_hp_per_floor":[63,44,40,40,17,11,30,30,30,0,0],"gold":5,"neow_bonus":"TRANSFORM_TWO_CARDS","is_daily":false,"chose_seed":false,"campfire_upgraded":0,"win_rate":0.0,"timestamp":1607822872,"path_taken":["M","?","M","M","M","E","R","$","T","E"],"items_purchased_type":["Relic"],"build_version":"2020-11-30","purchased_purges":0,"victory":false,"max_hp_per_floor":[64,64,64,64,64,64,64,64,64,69,69],"relic_stats":{"OrangePellets":[0],"Centennial Puzzle":[3],"counters":[6,25],"obtain_stats":[{"OrangePellets":8,"Centennial Puzzle":6,"Cracked Core":0},{"OrangePellets":5,"Centennial Puzzle":5,"Cracked Core":0},{"OrangePellets":21,"Centennial Puzzle":21,"Cracked Core":0}]},"card_choices":[{"not_picked":["Beam Cell","Coolheaded"],"picked":"Barrage","floor":1.0},{"not_picked":["White Noise","Leap"],"picked":"Force Field","floor":3.0},{"not_picked":["Melter","Cold Snap"],"picked":"Capacitor","floor":4.0},{"not_picked":["Loop","Steam"],"picked":"Leap","floor":5},{"not_picked":["Scrape","Stack","Ball Lightning"],"picked":"SKIP","floor":6}],"player_experience":2836060,"relics_obtained":[{"floor":6,"key":"Centennial Puzzle"}],"event_choices":[{"damage_healed":0.0,"max_hp_gain":0.0,"max_hp_loss":0.0,"gold_gain":0.0,"event_name":"Shining Light","player_choice":"Entered Light","floor":2.0,"gold_loss":0.0,"damage_taken":19.0,"cards_upgraded":["Defend_B","Zap"]}],"is_beta":false,"boss_relics":[],"items_purged_floors":[],"is_endless":false,"potions_floor_spawned":[3,5],"killed_by":"Gremlin Nob","ascension_level":20}}