{"host":"vh33hu3wddwn6yt6","time":1607877754,"event":{"mods":["AchievementEnabler","Act Like it!","Aspiration","BaseMod","Better Altar","Better Match","Better Note","Better Sensory Stone","Better Skull","Better Third Choice","BetterRewards","Downfall","Hubris","Minty Spire (QoL Compilation)","Permanent Neow","Replay The Spire","Shop Mod","Spicy Shops","StSLib","SuperFastMode","The Necromancer","The Poker Player","The Servant 0.9.4"],"gold_per_floor":[199,219,0,0,0,0,0,34,34,61,61,74,74,86,96,196,196,121,154,164,174,187,222,301,151,164,164,191,191,191,210,222,321,321,321,61,61,61,79,79,151,151,164,164,164,196,220,234,95,95,107,107,107,137,59,59,59,59],"floor_reached":57,"playtime":2205,"items_purged":[],"score":878,"play_id":"cb50312e-6023-423e-9d29-e9ff95bbafaa","local_time":"20201213174234","is_ascension_mode":false,"campfire_choices":[{"floor":1,"key":"RECALL"},{"data":"hexamod:ThermalTransfer","floor":5,"key":"SMITH"},{"data":"hexamod:SpectersWail","floor":9,"key":"SMITH"},{"data":"hexamod:EmpoweringStance","floor":18,"key":"SMITH"},{"floor":25,"key":"REST"},{"data":"hexamod:TimeOfNeed","floor":27,"key":"SMITH"},{"data":"hexamod:Float","floor":35,"key":"PURGE"},{"data":"hexamod:ParanormalForm","floor":40,"key":"SMITH"},{"data":"hexamod:TimeOfNeed","floor":42,"key":"SMITH"},{"floor":56,"key":"REST"}],"circlet_count":0,"master_deck":["hexamod:Strike","hexamod:Strike","hexamod:Strike","hexamod:Strike","hexamod:Defend","hexamod:Defend","hexamod:Defend","hexamod:Defend","hexamod:Sear","hexamod:ThermalTransfer+1","hexamod:SpectersWail","hexamod:SpectersWail+1","hexamod:EtherealExpedition","hexamod:GhostShield","hexamod:EmpoweringStance+1","Replay:Bootleg Shield Generator","hexamod:Firestarter","hexamod:TimeOfNeed+1","hexamod:TimeOfNeed+1","hexamod:NightmareStrike+1","hexamod:SpectersWail+1","hexamod:ParanormalForm+1","hexamod:PowerFromBeyond","hexamod:SpectersWail","Summon_Undead_Army","ReplayUltimateDefense","hubris:NaturalOne"],"relics":["hexamod:SpiritBrand","aspiration:Nostalgia","Ring of the Snake","hubris:Icosahedron","StrikeDummy","Replay:Rubber Ducky","Tiny Chest","SacredBark","downfall:HeartBlessingRed","hubris:Potato","aspiration:ChemicalBlood","downfall:HeartBlessingBlue","downfall:HeartBlessingGreen","hexamod:MatchstickCase","Busted Crown","hubris:DisguiseKit","Boot","PreservedInsect","aspiration:HummingbirdHeart","Oddly Smooth Stone","Akabeko","Ice Cream","PrismaticShard","Pantograph","Chemical X"],"acts_visited":["Exordium","TheCity","TheBeyond","TheEnding"],"potions_floor_usage":[20,23,23,23,23,23,33,33,33,36,54,54,57,57,57],"damage_taken":[{"damage":1,"enemies":"Jaw Worm","floor":2,"turns":3},{"damage":0,"enemies":"downfall:FleeingMerchant","floor":3,"turns":4},{"damage":15,"enemies":"Replay:BlueRogue","floor":8,"turns":4},{"damage":2,"enemies":"3 Sentries","floor":10,"turns":5},{"damage":0,"enemies":"Small Slimes","floor":12,"turns":1},{"damage":0,"enemies":"2 Louse","floor":14,"turns":1},{"damage":2,"enemies":"Large Slime","floor":15,"turns":4},{"damage":18,"enemies":"downfall:Ironclad","floor":16,"turns":9},{"damage":36,"enemies":"Book of Stabbing","floor":19,"turns":6},{"damage":0,"enemies":"Spheric Guardian","floor":20,"turns":4},{"damage":11,"enemies":"Shelled Parasite and Fungi","floor":21,"turns":5},{"damage":3,"enemies":"Cultist and Chosen","floor":22,"turns":6},{"damage":12,"enemies":"Slavers","floor":23,"turns":4},{"damage":2,"enemies":"Snecko","floor":26,"turns":5},{"damage":0,"enemies":"Chosen and Byrds","floor":31,"turns":6},{"damage":0,"enemies":"Cultist and Chosen","floor":32,"turns":5},{"damage":20,"enemies":"downfall:Defect","floor":33,"turns":9},{"damage":0,"enemies":"downfall:FleeingMerchant","floor":36,"turns":4},{"damage":0,"enemies":"3 Shapes","floor":39,"turns":4},{"damage":1,"enemies":"3 Darklings","floor":43,"turns":5},{"damage":0,"enemies":"Reptomancer","floor":46,"turns":3},{"damage":0,"enemies":"4 Shapes","floor":48,"turns":3},{"damage":0,"enemies":"downfall:FleeingMerchant","floor":49,"turns":4},{"damage":0,"enemies":"Transient","floor":51,"turns":5},{"damage":0,"enemies":"downfall:Watcher","floor":52,"turns":9},{"damage":35,"enemies":"downfall:CharBossMerchant","floor":54,"turns":8},{"damage":97,"enemies":"downfall:NeowBoss","floor":57,"turns":22}],"seed_played":"8311724306195224394","potions_obtained":[{"floor":2,"key":"Cursed Concoction"},{"floor":12,"key":"Regen Potion"},{"floor":15,"key":"ColorlessPotion"},{"floor":21,"key":"EntropicBrew"},{"floor":26,"key":"Adrenaline Potion"},{"floor":30,"key":"Guardian:BlockOnCardUsePotion"},{"floor":30,"key":"Adrenaline Potion"},{"floor":33,"key":"Swift Potion"},{"floor":39,"key":"Fire Potion"},{"floor":48,"key":"Fire Potion"}],"is_trial":false,"path_per_floor":["R","M","$","?","R","?","T","E","R","E","?","M","?","M","M","B",null,"R","E","M","M","M","E","T","R","M","R","T","?","?","M","M","B",null,"R","$","T","T","M","R","T","R","M","PTL","PTL","E","?","M","$","$","M","B",null,"E","$","R","B"],"character_chosen":"THE_SPIRIT","items_purchased":["aspiration:Nostalgia","hexamod:SpectersWail","hubris:DisguiseKit","Ice Cream","ReplayUltimateDefense","Chemical X"],"campfire_rested":2,"item_purchase_floors":[3,3,36,49,49,55],"current_hp_per_floor":[70,69,69,69,69,69,69,54,54,52,52,52,52,52,50,32,70,70,34,61,50,47,35,35,69,67,67,67,67,67,67,67,47,80,80,80,80,80,80,80,80,80,79,79,79,79,79,79,79,79,79,79,80,45,45,69,0,0],"gold":59,"neow_bonus":"HUNDRED_GOLD","is_daily":false,"chose_seed":false,"campfire_upgraded":6,"win_rate":0.0,"timestamp":1607877754,"path_taken":["R","M","$","?","R","?","T","E","R","E","?","M","?","M","M","BOSS","R","E","?","M","M","E","T","R","M","R","?","?","?","M","M","BOSS","R","?","?","?","M","R","T","R","?","PTL","PTL","E","?","M","$","$","M","BOSS","E","$","R","BOSS"],"items_purchased_type":["Relic","Card","Relic","Relic","Card","Relic"],"build_version":"2020-11-30","purchased_purges":0,"victory":false,"max_hp_per_floor":[70,70,70,70,70,70,70,70,70,70,70,70,70,70,70,70,70,70,70,70,70,70,70,70,80,80,80,80,80,80,80,80,80,80,80,80,80,80,80,80,80,80,80,80,80,80,80,80,80,80,80,80,80,80,80,80,80,80],"card_choices":[{"not_picked":["hexamod:Haunt","hexamod:BacktrackSmack","hexamod:ShieldOfDarkness"],"picked":"SKIP","floor":2},{"not_picked":["hexamod:ShieldOfDarkness","hexamod:Hexaguard"],"picked":"hexamod:ThermalTransfer","floor":3},{"not_picked":["hexamod:SixthSeal","hexamod:NightmareStrike"],"picked":"hexamod:SpectersWail","floor":8},{"not_picked":["hexamod:NightmareStrike","hexamod:Rewind"],"picked":"hexamod:EtherealExpedition","floor":10},{"not_picked":["hexamod:RetreatToShadows","hexamod:HauntingEcho"],"picked":"hexamod:GhostShield","floor":12},{"not_picked":["hexamod:RainOfEmbers","hexamod:Rewind"],"picked":"hexamod:Firestarter","floor":14},{"not_picked":["hexamod:HauntingEcho","hexamod:BacktrackSmack"],"picked":"hexamod:TimeOfNeed","floor":15},{"not_picked":["hexamod:GhostflameInferno","hexamod:UnleashSpirits"],"picked":"hexamod:TimeOfNeed","floor":16},{"not_picked":["hexamod:SecondSeal","hexamod:RainOfEmbers","hexamod:NightmareGuise"],"picked":"SKIP","floor":19},{"not_picked":["hexamod:ThirdSeal","hexamod:HeatCrush","hexamod:Hexaguard"],"picked":"SKIP","floor":20},{"not_picked":["hexamod:ThirdSeal","hexamod:GhostShield+1","hexamod:GhostflameBarrier+1"],"picked":"SKIP","floor":21},{"not_picked":["hexamod:GhostflameInferno","hexamod:AdvancingGuard"],"picked":"hexamod:NightmareStrike+1","floor":22},{"not_picked":["hexamod:HeatShield","hexamod:ShieldOfDarkness+1","hexamod:NecessarySacrifice"],"picked":"SKIP","floor":23},{"not_picked":["hexamod:BurningTouch","hexamod:GhostShield"],"picked":"hexamod:SpectersWail+1","floor":26},{"not_picked":["hexamod:Firestarter","hexamod:RainOfEmbers"],"picked":"hexamod:PowerFromBeyond","floor":31},{"not_picked":["hexamod:AdvancingGuard","hexamod:GhostShield"],"picked":"hexamod:SpectersWail","floor":32},{"not_picked":["hexamod:RetreatToShadows+1"],"picked":"SKIP","floor":36},{"not_picked":["hexamod:FastForward+1","Finger_Of_Death"],"picked":"SKIP","floor":39},{"not_picked":["hexamod:Firestarter","Bone_Armor"],"picked":"SKIP","floor":43},{"not_picked":["hexamod:RainOfEmbers+1"],"picked":"Summon_Undead_Army","floor":46},{"not_picked":["hexamod:GhostOfSpirePast","Negative_Energy_Javelin"],"picked":"SKIP","floor":48},{"not_picked":["hexamod:GhostflameBarrier+1","Bone_Bullets"],"picked":"SKIP","floor":49},{"not_picked":["hexamod:GhostShield+1","Slay_Living"],"picked":"SKIP","floor":51},{"not_picked":["hexamod:PhantomFireball+1","Blood_Shield"],"picked":"SKIP","floor":54}],"player_experience":467601,"relics_obtained":[{"floor":7,"key":"StrikeDummy"},{"floor":8,"key":"Replay:Rubber Ducky"},{"floor":10,"key":"Tiny Chest"},{"floor":19,"key":"hubris:Potato"},{"floor":23,"key":"aspiration:ChemicalBlood"},{"floor":28,"key":"hexamod:MatchstickCase"},{"floor":37,"key":"Boot"},{"floor":38,"key":"PreservedInsect"},{"floor":41,"key":"aspiration:HummingbirdHeart"},{"floor":46,"key":"Oddly Smooth Stone"},{"floor":47,"key":"Akabeko"},{"floor":54,"key":"PrismaticShard"},{"floor":54,"key":"Pantograph"}],"event_choices":[{"damage_healed":0,"gold_gain":0,"player_choice":"Got Potions","damage_taken":0,"max_hp_gain":0,"max_hp_loss":0,"event_name":"Lab","floor":30,"gold_loss":0}],"is_beta":false,"boss_relics":[{"not_picked":["hubris:Stopwatch","Velvet Choker"],"picked":"SacredBark"},{"not_picked":["aspiration:FutureDiary","Abe\u0027s Treasure"],"picked":"Busted Crown"}],"items_purged_floors":[],"is_endless":false,"potions_floor_spawned":[2,12,15,19,21,26,32,33,39,48],"killed_by":"downfall:NeowBoss","ascension_level":0}}