{"host":"gk5m6v7zec9neb0j","time":1607856870,"event":{"mods":["AchievementEnabler","AlwaysNeverKeys","BaseMod","BetterRewards","Block Reminder","Minty Spire (QoL Compilation)","Rare Cards Sparkle","Relic Stats","StSLib"],"gold_per_floor":[112,112,130,145,145,145,161,161,208,222,249,249,249,262,262,367,367,380,210,485,485,188,188,139,139,139,139,149,149,163,182,182,278,278,290,1289,522,522,535,535,535,122,146,146,0,31,31,50,50,50,50,50,50,84,84],"floor_reached":56,"playtime":2363,"items_purged":["Regret","Normality","Normality"],"score":1473,"play_id":"781e91c4-54d4-4e55-8c99-e9004a5bbedf","local_time":"20201213055430","is_ascension_mode":false,"campfire_choices":[{"data":"Neutralize","floor":6.0,"key":"SMITH"},{"data":"Footwork","floor":8.0,"key":"SMITH"},{"data":"Footwork","floor":12.0,"key":"SMITH"},{"data":"Footwork","floor":15.0,"key":"SMITH"},{"data":"Footwork","floor":23.0,"key":"SMITH"},{"data":"A Thousand Cuts","floor":25.0,"key":"SMITH"},{"data":"Caltrops","floor":27.0,"key":"SMITH"},{"data":"Caltrops","floor":29.0,"key":"SMITH"},{"data":"Terror","floor":32.0,"key":"SMITH"},{"data":"Footwork","floor":40.0,"key":"SMITH"},{"floor":44.0,"key":"REST"},{"floor":49.0,"key":"REST"},{"data":"Malaise","floor":52.0,"key":"SMITH"}],"circlet_count":0,"master_deck":["Strike_G","Defend_G","Defend_G","Defend_G","Defend_G","Defend_G","Survivor","Neutralize+1","Footwork+1","Footwork+1","Deflect","Cloak And Dagger","Terror+1","Caltrops+1","Quick Slash","Footwork+1","A Thousand Cuts+1","Caltrops+1","Backflip","Footwork+1","Dodge and Roll","Deflect+1","Footwork+1","Blade Dance+1","Malaise+1","Deflect+1"],"relics":["Ring of the Snake","Bird Faced Urn","DollysMirror","PreservedInsect","Tiny Chest","Empty Cage","Bronze Scales","Vajra","Toy Ornithopter","WristBlade","HandDrill","Strawberry","Sundial","Question Card","Anchor","Bag of Preparation","Regal Pillow","Red Mask","Blood Vial","Ninja Scroll","Bag of Marbles"],"acts_visited":["Exordium","TheCity","TheBeyond","TheEnding"],"potions_floor_usage":[55,55],"damage_taken":[{"damage":0.0,"enemies":"Small Slimes","floor":1.0,"turns":7.0},{"damage":0.0,"enemies":"2 Louse","floor":3.0,"turns":4.0},{"damage":0.0,"enemies":"Cultist","floor":4.0,"turns":4.0},{"damage":0.0,"enemies":"Blue Slaver","floor":7.0,"turns":7.0},{"damage":9.0,"enemies":"Exordium Thugs","floor":10.0,"turns":9.0},{"damage":9.0,"enemies":"3 Sentries","floor":11.0,"turns":10.0},{"damage":0.0,"enemies":"Large Slime","floor":14.0,"turns":10.0},{"damage":9.0,"enemies":"Slime Boss","floor":16.0,"turns":23.0},{"damage":0.0,"enemies":"Shell Parasite","floor":18.0,"turns":10.0},{"damage":0.0,"enemies":"Chosen","floor":21.0,"turns":1.0},{"damage":16.0,"enemies":"3 Cultists","floor":28.0,"turns":5.0},{"damage":3.0,"enemies":"Snake Plant","floor":30.0,"turns":6.0},{"damage":4.0,"enemies":"Centurion and Healer","floor":31.0,"turns":13.0},{"damage":18.0,"enemies":"Champ","floor":33.0,"turns":18.0},{"damage":1.0,"enemies":"Orb Walker","floor":35.0,"turns":6.0},{"damage":39.0,"enemies":"3 Shapes","floor":39.0,"turns":6.0},{"damage":0.0,"enemies":"Giant Head","floor":46.0,"turns":8.0},{"damage":11.0,"enemies":"Transient","floor":48.0,"turns":5.0},{"damage":21.0,"enemies":"Time Eater","floor":50.0,"turns":18.0},{"damage":64.0,"enemies":"Shield and Spear","floor":54.0,"turns":14.0},{"damage":31,"enemies":"The Heart","floor":55,"turns":14}],"seed_played":"-6814371688546047298","potions_obtained":[{"floor":4.0,"key":"Ancient Potion"},{"floor":11.0,"key":"Strength Potion"},{"floor":14.0,"key":"SmokeBomb"},{"floor":54.0,"key":"GamblersBrew"}],"is_trial":false,"path_per_floor":["M","?","M","M","?","R","M","R","T","M","E","R","?","M","R","B",null,"M","$","?","M","$","R","$","R","T","R","M","R","M","M","R","B",null,"M","?","$","T","M","R","?","$","T","R","?","E","T","M","R","B",null,"R","$","E","B",null],"character_chosen":"THE_SILENT","items_purchased":["Footwork","DollysMirror","Backflip","Bronze Scales","Footwork","Vajra","Dodge and Roll","Footwork","HandDrill","Strawberry","Sundial","Flash of Steel","Anchor","Bag of Preparation"],"campfire_rested":2,"item_purchase_floors":[0,0,19,19,22,22,24,37,37,37,37,37,42,42],"current_hp_per_floor":[53,53,57,61,61,61,65,65,65,60,57,57,50,56,56,55,70,70,70,70,70,70,70,70,70,70,70,58,58,69,68,68,56,70,70,70,77,77,42,42,42,42,42,77,77,77,77,66,77,66,77,77,77,23,20],"gold":84,"neow_bonus":"","is_daily":false,"chose_seed":false,"campfire_upgraded":11,"win_rate":0.0,"timestamp":1607856870,"path_taken":["M","?","M","M","?","R","M","R","T","M","E","R","?","M","R","BOSS","M","$","?","M","$","R","$","R","T","R","M","R","M","M","R","BOSS","M","?","$","?","?","R","?","$","T","R","?","E","?","M","R","BOSS","R","$","E","BOSS"],"items_purchased_type":["Card","Relic","Card","Relic","Card","Relic","Card","Card","Relic","Relic","Relic","Card","Relic","Relic"],"build_version":"2020-11-30","purchased_purges":3,"victory":true,"max_hp_per_floor":[70,70,70,70,70,70,70,70,70,70,70,70,70,70,70,70,70,70,70,70,70,70,70,70,70,70,70,70,70,70,70,70,70,70,70,70,77,77,77,77,77,77,77,77,77,77,77,77,77,77,77,77,77,77,77],"relic_stats":{"Regal Pillow":12,"counters":[592,3509],"PreservedInsect":225,"Bag of Preparation":[2],"Question Card":8,"Blood Vial":2,"Sundial":[10],"Bird Faced Urn":[106],"Bronze Scales":[473],"Tiny Chest":2,"HandDrill":[4],"obtain_stats":[{"TwistedFunnel":0,"Ginger":0,"Whetstone":4,"Bottled Tornado":14,"Sling":0,"Boot":49,"FrozenCore":17,"Old Coin":15,"Blood Vial":19,"Sundial":52,"MealTicket":8,"Fusion Hammer":34,"HandDrill":10,"Necronomicon":28,"Kunai":9,"Pear":26,"Blue Candle":9,"Tingsha":0,"Eternal Feather":52,"Pen Nib":9,"Paper Crane":40,"Akabeko":9,"SlaversCollar":34,"Bird Faced Urn":7,"MutagenicStrength":20,"CultistMask":10,"StrikeDummy":47,"Unceasing Top":3,"Ring of the Serpent":17,"Lantern":13,"Regal Pillow":11,"Torii":0,"StoneCalendar":0,"Bag of Preparation":7,"Cursed Key":34,"Ancient Tea Set":26,"Smiling Mask":26,"Shovel":9,"Matryoshka":24,"WristBlade":17,"Ninja Scroll":43,"Toolbox":53,"WingedGreaves":0,"Chemical X":0,"InkBottle":49,"Ring of the Snake":0,"Potion Belt":14,"The Specimen":0,"Golden Idol":8,"PreservedInsect":43,"The Courier":26,"Omamori":23,"Seething Fire":0,"Frozen Egg 2":25,"MawBank":43,"Ornamental Fan":30,"Orrery":20,"Turnip":48,"Art of War":7,"Bottled Lightning":9,"Toy Ornithopter":9,"Ice Cream":42,"Calipers":9,"Tiny House":17,"Gremlin Horn":29,"CeramicFish":43,"Vajra":10,"HoveringKite":17,"Hammer of Thor":0,"Runic Capacitor":0,"Sozu":34,"Lizard Tail":0,"Centennial Puzzle":42,"DollysMirror":0,"Strawberry":23,"Prayer Wheel":47,"Toxic Egg 2":11,"Girya":0,"Happy Flower":26,"Dead Branch":17,"Oddly Smooth Stone":28,"Letter Opener":17,"War Paint":43,"Question Card":41,"WarpedTongs":3,"Du-Vu Doll":20,"OrangePellets":0,"Bottled Flame":28,"Shuriken":42,"Anvil of the Gods":0,"Bronze Scales":0,"Molten Egg 2":43,"Pocketwatch":0,"Meat on the Bone":14,"Darkstone Periapt":42,"SacredBark":17,"Enchiridion":20,"Mango":0,"Snake Skull":54,"Juzu Bracelet":43,"Incense Burner":17,"Empty Cage":17,"PrismaticShard":0,"ClockworkSouvenir":0,"Frozen Eye":45,"Nunchaku":3,"Dream Catcher":40,"Tough Bandages":0,"TheAbacus":22,"Mummified Hand":31,"Pantograph":3,"Gambling Chip":0,"Tiny Chest":30,"Red Mask":29,"Cracked Core":0,"Runic Pyramid":17,"Orichalcum":26,"Odd Mushroom":8,"White Beast Statue":41,"Mercury Hourglass":17,"Peace Pipe":0,"Calling Bell":17,"Cauldron":36,"Strange Spoon":37,"CaptainsWheel":9,"Anchor":26,"Bag of Marbles":30,"Membership Card":20,"TungstenRod":0,"FossilizedHelix":40},{"TwistedFunnel":195,"Ginger":96,"Whetstone":196,"Bottled Tornado":144,"Sling":149,"Boot":367,"FrozenCore":145,"Old Coin":299,"Blood Vial":192,"Sundial":368,"MealTicket":142,"Fusion Hammer":232,"HandDrill":155,"Necronomicon":383,"Kunai":164,"Pear":205,"Blue Candle":526,"Tingsha":149,"Eternal Feather":216,"Pen Nib":220,"Paper Crane":389,"Akabeko":155,"SlaversCollar":284,"Bird Faced Urn":154,"MutagenicStrength":354,"CultistMask":422,"StrikeDummy":135,"Unceasing Top":98,"Ring of the Serpent":353,"Lantern":116,"Regal Pillow":298,"Torii":195,"StoneCalendar":218,"Bag of Preparation":113,"Cursed Key":255,"Ancient Tea Set":305,"Smiling Mask":356,"Shovel":198,"Matryoshka":382,"WristBlade":326,"Ninja Scroll":213,"Toolbox":445,"WingedGreaves":521,"Chemical X":370,"InkBottle":215,"Ring of the Snake":0,"Potion Belt":352,"The Specimen":149,"Golden Idol":164,"PreservedInsect":365,"The Courier":382,"Omamori":123,"Seething Fire":0,"Frozen Egg 2":253,"MawBank":261,"Ornamental Fan":171,"Orrery":202,"Turnip":315,"Art of War":244,"Bottled Lightning":113,"Toy Ornithopter":187,"Ice Cream":338,"Calipers":100,"Tiny House":166,"Gremlin Horn":282,"CeramicFish":236,"Vajra":198,"HoveringKite":201,"Hammer of Thor":0,"Runic Capacitor":136,"Sozu":173,"Lizard Tail":159,"Centennial Puzzle":389,"DollysMirror":184,"Strawberry":304,"Prayer Wheel":341,"Toxic Egg 2":114,"Girya":184,"Happy Flower":125,"Dead Branch":224,"Oddly Smooth Stone":126,"Letter Opener":426,"War Paint":338,"Question Card":515,"WarpedTongs":397,"Du-Vu Doll":147,"OrangePellets":292,"Bottled Flame":534,"Shuriken":312,"Anvil of the Gods":0,"Bronze Scales":136,"Molten Egg 2":468,"Pocketwatch":240,"Meat on the Bone":249,"Darkstone Periapt":568,"SacredBark":378,"Enchiridion":405,"Mango":136,"Snake Skull":217,"Juzu Bracelet":312,"Incense Burner":426,"Empty Cage":250,"PrismaticShard":419,"ClockworkSouvenir":108,"Frozen Eye":261,"Nunchaku":138,"Dream Catcher":312,"Tough Bandages":318,"TheAbacus":251,"Mummified Hand":359,"Pantograph":241,"Gambling Chip":395,"Tiny Chest":462,"Red Mask":307,"Cracked Core":0,"Runic Pyramid":118,"Orichalcum":382,"Odd Mushroom":453,"White Beast Statue":312,"Mercury Hourglass":224,"Peace Pipe":96,"Calling Bell":224,"Cauldron":210,"Strange Spoon":513,"CaptainsWheel":142,"Anchor":253,"Bag of Marbles":384,"Membership Card":276,"TungstenRod":136,"FossilizedHelix":212},{"TwistedFunnel":1189,"Ginger":557,"Whetstone":1192,"Bottled Tornado":862,"Sling":888,"Boot":2096,"FrozenCore":869,"Old Coin":1756,"Blood Vial":1170,"Sundial":2104,"MealTicket":855,"Fusion Hammer":1381,"HandDrill":918,"Necronomicon":2179,"Kunai":960,"Pear":1237,"Blue Candle":3024,"Tingsha":888,"Eternal Feather":1305,"Pen Nib":1324,"Paper Crane":2214,"Akabeko":918,"SlaversCollar":1680,"Bird Faced Urn":914,"MutagenicStrength":2040,"CultistMask":2385,"StrikeDummy":823,"Unceasing Top":563,"Ring of the Serpent":2036,"Lantern":676,"Regal Pillow":1753,"Torii":1189,"StoneCalendar":1315,"Bag of Preparation":659,"Cursed Key":1509,"Ancient Tea Set":1788,"Smiling Mask":2047,"Shovel":1198,"Matryoshka":2174,"WristBlade":1903,"Ninja Scroll":1279,"Toolbox":2526,"WingedGreaves":3001,"Chemical X":2114,"InkBottle":1292,"Ring of the Snake":0,"Potion Belt":2028,"The Specimen":888,"Golden Idol":960,"PreservedInsect":2086,"The Courier":2174,"Omamori":726,"Seething Fire":0,"Frozen Egg 2":1491,"MawBank":1540,"Ornamental Fan":1014,"Orrery":1224,"Turnip":1843,"Art of War":1440,"Bottled Lightning":659,"Toy Ornithopter":1139,"Ice Cream":1963,"Calipers":572,"Tiny House":977,"Gremlin Horn":1668,"CeramicFish":1397,"Vajra":1198,"HoveringKite":1218,"Hammer of Thor":0,"Runic Capacitor":826,"Sozu":1042,"Lizard Tail":936,"Centennial Puzzle":2214,"DollysMirror":1127,"Strawberry":1784,"Prayer Wheel":1981,"Toxic Egg 2":663,"Girya":1127,"Happy Flower":737,"Dead Branch":1342,"Oddly Smooth Stone":743,"Letter Opener":2414,"War Paint":1963,"Question Card":2941,"WarpedTongs":2266,"Du-Vu Doll":878,"OrangePellets":1727,"Bottled Flame":3059,"Shuriken":1826,"Anvil of the Gods":0,"Bronze Scales":826,"Molten Egg 2":2649,"Pocketwatch":1420,"Meat on the Bone":1468,"Darkstone Periapt":3296,"SacredBark":2153,"Enchiridion":2303,"Mango":826,"Snake Skull":1313,"Juzu Bracelet":1826,"Incense Burner":2414,"Empty Cage":1476,"PrismaticShard":2372,"ClockworkSouvenir":632,"Frozen Eye":1540,"Nunchaku":835,"Dream Catcher":1826,"Tough Bandages":1864,"TheAbacus":1480,"Mummified Hand":2061,"Pantograph":1424,"Gambling Chip":2258,"Tiny Chest":2611,"Red Mask":1796,"Cracked Core":0,"Runic Pyramid":691,"Orichalcum":2174,"Odd Mushroom":2564,"White Beast Statue":1826,"Mercury Hourglass":1342,"Peace Pipe":557,"Calling Bell":1342,"Cauldron":1264,"Strange Spoon":2928,"CaptainsWheel":855,"Anchor":1491,"Bag of Marbles":2184,"Membership Card":1631,"TungstenRod":826,"FossilizedHelix":1274}],"Toy Ornithopter":12,"Ring of the Snake":[42]},"card_choices":[{"not_picked":["Acrobatics","Bane"],"picked":"Deflect","floor":1.0},{"not_picked":["Bane","Dagger Throw","Poisoned Stab"],"picked":"SKIP","floor":3.0},{"not_picked":["Underhanded Strike","Prepared"],"picked":"Cloak And Dagger","floor":4.0},{"not_picked":["Eviscerate","Dagger Throw"],"picked":"Terror","floor":7.0},{"not_picked":["Setup","Acrobatics"],"picked":"Caltrops","floor":10.0},{"not_picked":["Flying Knee","Tactician"],"picked":"Quick Slash","floor":11.0},{"not_picked":["Setup","PiercingWail"],"picked":"Footwork","floor":14.0},{"not_picked":["Corpse Explosion","Storm of Steel"],"picked":"A Thousand Cuts","floor":16.0},{"not_picked":["Predator+1","Reflex"],"picked":"Caltrops","floor":18.0},{"not_picked":["Cloak And Dagger","Underhanded Strike","Quick Slash"],"picked":"SKIP","floor":28.0},{"not_picked":["Expertise","Well Laid Plans","Setup"],"picked":"SKIP","floor":30.0},{"not_picked":["Prepared","Sucker Punch"],"picked":"Deflect+1","floor":31.0},{"not_picked":["Acrobatics","Outmaneuver+1","Masterful Stab"],"picked":"SKIP","floor":35.0},{"not_picked":["Dash+1","Prepared","Tactician"],"picked":"Blade Dance+1","floor":39.0},{"not_picked":["Riddle With Holes","Distraction","Flying Knee+1"],"picked":"Malaise","floor":46.0},{"not_picked":["Outmaneuver","Deadly Poison","Quick Slash+1"],"picked":"Deflect+1","floor":48.0},{"not_picked":["Wraith Form v2","Caltrops","Tactician+1","Burst"],"picked":"SKIP","floor":54.0}],"player_experience":672974,"relics_obtained":[{"floor":9.0,"key":"PreservedInsect"},{"floor":11.0,"key":"Tiny Chest"},{"floor":26.0,"key":"Toy Ornithopter"},{"floor":38.0,"key":"Question Card"},{"floor":43.0,"key":"Regal Pillow"},{"floor":46.0,"key":"Blood Vial"},{"floor":47.0,"key":"Ninja Scroll"},{"floor":54.0,"key":"Bag of Marbles"}],"event_choices":[{"damage_healed":0.0,"max_hp_gain":0.0,"max_hp_loss":0.0,"gold_gain":0.0,"event_name":"Liars Game","player_choice":"Ignored","floor":2.0,"gold_loss":0.0,"damage_taken":0.0},{"cards_removed":["Strike_G"],"damage_healed":0.0,"max_hp_gain":0.0,"max_hp_loss":0.0,"gold_gain":0.0,"event_name":"Living Wall","player_choice":"Forget","floor":5.0,"gold_loss":0.0,"damage_taken":0.0},{"cards_removed":["Strike_G"],"damage_healed":0.0,"max_hp_gain":0.0,"max_hp_loss":0.0,"gold_gain":0.0,"event_name":"Golden Wing","player_choice":"Card Removal","floor":13.0,"gold_loss":0.0,"damage_taken":7.0},{"damage_healed":0.0,"max_hp_gain":0.0,"max_hp_loss":0.0,"gold_gain":275.0,"event_name":"Golden Shrine","player_choice":"Desecrate","floor":20.0,"gold_loss":0.0,"damage_taken":0.0,"cards_obtained":["Regret"]},{"damage_healed":0.0,"max_hp_gain":0.0,"max_hp_loss":0.0,"gold_gain":999.0,"event_name":"MindBloom","player_choice":"Gold","floor":36.0,"gold_loss":0.0,"damage_taken":0.0,"cards_obtained":["Normality","Normality"]},{"cards_removed":["Flash of Steel"],"damage_healed":0.0,"max_hp_gain":0.0,"max_hp_loss":0.0,"gold_gain":0.0,"event_name":"Falling","player_choice":"Removed Attack","floor":41.0,"gold_loss":0.0,"damage_taken":0.0},{"damage_healed":0.0,"max_hp_gain":0.0,"max_hp_loss":0.0,"gold_gain":0.0,"event_name":"Tomb of Lord Red Mask","player_choice":"Paid","floor":45.0,"gold_loss":146.0,"damage_taken":0.0,"relics_obtained":["Red Mask"]}],"is_beta":false,"boss_relics":[{"not_picked":["Pandora\u0027s Box","Snecko Eye"],"picked":"Empty Cage"},{"not_picked":["Coffee Dripper","Runic Dome"],"picked":"WristBlade"}],"items_purged_floors":[22,37,42],"is_endless":false,"potions_floor_spawned":[4,11,14,21,39,48,54],"ascension_level":0}}