{"host":"jak4ncvfzor9mys0","time":1607896329,"event":{"mods":["2.2 Compatiblity","AchievementEnabler","BaseMod","Better Altar","Better Match","Better Note","Better Sensory Stone","Better Skull","Better Third Choice","BetterRewards","Block Reminder","Colored Map","Colored Powertips","Energized Spire","Gold Saver","Hubris","Infinite Spire","Key Reminder","Minty Spire (QoL Compilation)","Rare Cards Sparkle","Red Circlet Mod","Relic Sorter","Relic Stats","Replay The Spire","Retaliation","StSLib","SuperFastMode","The Blue Laboratory"],"gold_per_floor":[385,385,238,238,238,238,253,264,264,264,277,6,24,52,52,153,153,171,171,30,30,44,44,77,77,101,101,101,121,121,141,141,240,240,258,258,278,178,193,224,224,224,224,235,235,235,255,255,255,255],"floor_reached":50,"playtime":1608,"items_purged":["Strike_P","Strike_P","Defend_P","Strike_P"],"score":738,"play_id":"81f995ab-d039-42b4-baf9-9c8832f98ed9","local_time":"20201213135209","is_ascension_mode":false,"campfire_choices":[{"data":"SandsOfTime","floor":6,"key":"SMITH"},{"data":"Wallop","floor":10,"key":"SMITH"},{"data":"Vigilance","floor":15,"key":"SMITH"},{"floor":23,"key":"REST"},{"floor":25,"key":"REST"},{"data":"ReachHeaven","floor":27,"key":"SMITH"},{"data":"Replay:BluntJabs","floor":32,"key":"SMITH"},{"floor":46,"key":"REST"},{"data":"Perseverance","floor":49,"key":"SMITH"}],"circlet_count":0,"master_deck":["Strike_P","Defend_P","Defend_P","Defend_P","Eruption+1","Vigilance+1","SandsOfTime+1","LikeWater+1","Protect","FlurryOfBlows","Wallop+1","Perseverance+1","FlyingSleeves","Establishment+1","EmptyBody","ReachHeaven+1","Replay:BluntJabs+1","Consecrate","infinitespire:Fortify"],"relics":["PureWater","Pen Nib","Regal Pillow","hubris:Towel","Vajra","infinitespire:Satchel","Oddly Smooth Stone","Replay:Baseball","Busted Crown","Quantum Egg","Durian","Black Star","hubris:Teleporter","Blood Vial","Centennial Puzzle","Orichalcum","infinitespire:EmpoweringShard"],"acts_visited":["Exordium","TheCity","TheBeyond"],"potions_floor_usage":[14,14,24,33,33,50,50],"damage_taken":[{"damage":3,"enemies":"Small Slimes","floor":1,"turns":4},{"damage":0,"enemies":"2 Louse","floor":7,"turns":3},{"damage":0,"enemies":"Jaw Worm","floor":8,"turns":3},{"damage":0,"enemies":"Looter","floor":11,"turns":3},{"damage":6,"enemies":"3 Louse","floor":13,"turns":3},{"damage":13,"enemies":"Lagavulin","floor":14,"turns":6},{"damage":12,"enemies":"The Guardian","floor":16,"turns":7},{"damage":37,"enemies":"3 Byrds","floor":18,"turns":5},{"damage":0,"enemies":"Chosen","floor":22,"turns":4},{"damage":31,"enemies":"Nightmare","floor":24,"turns":10},{"damage":0,"enemies":"Snake Plant","floor":29,"turns":3},{"damage":0,"enemies":"Shelled Parasite and Fungi","floor":31,"turns":3},{"damage":0,"enemies":"Automaton","floor":33,"turns":6},{"damage":9,"enemies":"3 Darklings","floor":35,"turns":5},{"damage":3,"enemies":"Orb Walker","floor":37,"turns":3},{"damage":27,"enemies":"Spire Growth","floor":39,"turns":5},{"damage":0,"enemies":"R_Hoarder","floor":40,"turns":7},{"damage":0,"enemies":"Maw","floor":44,"turns":6},{"damage":5,"enemies":"4 Shapes","floor":47,"turns":5},{"damage":75,"enemies":"Awakened One","floor":50,"turns":6}],"seed_played":"5089794326899620022","potions_obtained":[{"floor":8,"key":"blueLaboratory:AlphaPotion"},{"floor":11,"key":"Strength Potion"},{"floor":16,"key":"Dexterity Potion"},{"floor":28,"key":"Ambrosia"},{"floor":28,"key":"CultistPotion"},{"floor":28,"key":"LiquidMemories"},{"floor":33,"key":"blueLaboratory:MidnightOil"},{"floor":37,"key":"blueLaboratory:ArtificerPotion"}],"is_trial":false,"path_per_floor":["M","?","$","?","?","R","M","M","T","R","M","$","M","E","R","B",null,"M","?","$","?","M","R","NM","R","T","R","?","M","AVR","M","R","B",null,"M","?","M","$","M","E","?","AVR","T","M","?","R","M","R","B"],"character_chosen":"WATCHER","items_purchased":["SandsOfTime","Regal Pillow","LikeWater+1","Vajra","FlyingSleeves","Oddly Smooth Stone","EmptyBody","ReachHeaven","Replay:BluntJabs"],"campfire_rested":3,"item_purchase_floors":[0,0,0,3,12,12,20,20,20],"current_hp_per_floor":[69,69,69,69,69,69,69,69,69,69,69,69,63,50,50,38,72,35,35,35,35,35,71,40,72,72,72,72,72,77,77,77,77,77,68,68,65,65,38,38,38,38,38,40,40,77,72,72,0,0],"gold":255,"neow_bonus":"","is_daily":false,"chose_seed":false,"campfire_upgraded":6,"win_rate":0.0,"timestamp":1607896329,"path_taken":["M","?","$","?","?","R","M","M","T","R","?","$","M","E","R","BOSS","M","?","$","?","?","R","NM","R","T","R","?","?","AVR","M","R","BOSS","M","?","M","$","M","E","?","AVR","T","M","?","R","?","R","BOSS"],"items_purchased_type":["Card","Relic","Card","Relic","Card","Relic","Card","Card","Card"],"build_version":"2020-11-30","purchased_purges":4,"victory":false,"max_hp_per_floor":[72,72,72,72,72,72,72,72,72,72,72,72,72,72,72,72,72,72,72,72,72,72,72,72,72,72,72,72,72,77,77,77,77,77,77,77,77,77,77,77,77,77,77,77,77,77,77,77,77,77],"relic_stats":{"Blood Vial":4,"Regal Pillow":40,"Centennial Puzzle":[6],"Busted Crown":80,"counters":[57,257],"Pen Nib":[13],"Black Star":1,"Orichalcum":[24],"obtain_stats":[{"Regal Pillow":0,"Vajra":3,"Incense Burner":12,"hubris:SlimyHat":14,"TeardropLocket":0,"ClockworkSouvenir":3,"energizedSpire:BlackCloud":17,"Blood Vial":40,"Replay:Ringing Soul":19,"Lizard Tail":19,"Centennial Puzzle":41,"Mummified Hand":3,"HandDrill":2,"Toxic Egg 2":26,"Replay:Wax Seal":10,"InkBottle":7,"hubris:Teleporter":40,"Quantum Egg":24,"Oddly Smooth Stone":12,"Pen Nib":26,"hubris:Towel":2,"Orichalcum":42,"Mercury Hourglass":9,"Replay:Baseball":14,"Busted Crown":17,"infinitespire:Lychee Nut":28,"Shuriken":14,"HolyWater":17,"infinitespire:Satchel":9,"Coffee Dripper":17,"Durian":30,"Black Star":34,"infinitespire:EmpoweringShard":43,"Membership Card":0,"PureWater":0,"Kintsugi":34,"hubris:Reverence":9,"hubris:BottledRain":3},{"Regal Pillow":37,"Vajra":38,"Incense Burner":4,"hubris:SlimyHat":19,"TeardropLocket":12,"ClockworkSouvenir":14,"energizedSpire:BlackCloud":33,"Blood Vial":54,"Replay:Ringing Soul":6,"Lizard Tail":34,"Centennial Puzzle":54,"Mummified Hand":14,"HandDrill":27,"Toxic Egg 2":8,"Replay:Wax Seal":16,"InkBottle":16,"hubris:Teleporter":54,"Quantum Egg":47,"Oddly Smooth Stone":41,"Pen Nib":47,"hubris:Towel":38,"Orichalcum":54,"Mercury Hourglass":16,"Replay:Baseball":43,"Busted Crown":44,"infinitespire:Lychee Nut":8,"Shuriken":32,"HolyWater":20,"infinitespire:Satchel":40,"Coffee Dripper":5,"Durian":48,"Black Star":50,"infinitespire:EmpoweringShard":54,"Membership Card":12,"PureWater":0,"Kintsugi":11,"hubris:Reverence":3,"hubris:BottledRain":14},{"Regal Pillow":160,"Vajra":164,"Incense Burner":11,"hubris:SlimyHat":89,"TeardropLocket":66,"ClockworkSouvenir":72,"energizedSpire:BlackCloud":141,"Blood Vial":240,"Replay:Ringing Soul":26,"Lizard Tail":144,"Centennial Puzzle":240,"Mummified Hand":72,"HandDrill":118,"Toxic Egg 2":36,"Replay:Wax Seal":80,"InkBottle":80,"hubris:Teleporter":240,"Quantum Egg":208,"Oddly Smooth Stone":173,"Pen Nib":208,"hubris:Towel":164,"Orichalcum":240,"Mercury Hourglass":80,"Replay:Baseball":182,"Busted Crown":189,"infinitespire:Lychee Nut":36,"Shuriken":130,"HolyWater":100,"infinitespire:Satchel":170,"Coffee Dripper":21,"Durian":211,"Black Star":220,"infinitespire:EmpoweringShard":240,"Membership Card":66,"PureWater":0,"Kintsugi":62,"hubris:Reverence":8,"hubris:BottledRain":72}]},"card_choices":[{"not_picked":["Replay:AtTheReady","ClearTheMind"],"picked":"Protect","floor":1},{"not_picked":["Replay:AtTheReady","Weave"],"picked":"FlurryOfBlows","floor":7},{"not_picked":["CrushJoints","InnerPeace"],"picked":"Wallop","floor":8},{"not_picked":["CrushJoints","Replay:DivineShield"],"picked":"Perseverance","floor":11},{"not_picked":["FollowUp","JustLucky","Wallop"],"picked":"SKIP","floor":13},{"not_picked":["Crescendo","PathToVictory","Sanctity"],"picked":"SKIP","floor":14},{"not_picked":["DevaForm","Scrawl"],"picked":"Establishment","floor":16},{"not_picked":["PathToVictory"],"picked":"SKIP","floor":18},{"not_picked":[],"picked":"Consecrate","floor":22},{"not_picked":["Collect"],"picked":"SKIP","floor":24},{"not_picked":["BowlingBash"],"picked":"SKIP","floor":29},{"not_picked":["Adaptation"],"picked":"SKIP","floor":31},{"not_picked":["FollowUp"],"picked":"SKIP","floor":35},{"not_picked":["CrushJoints+1"],"picked":"SKIP","floor":37},{"not_picked":["Protect"],"picked":"SKIP","floor":39},{"not_picked":["DevaForm"],"picked":"SKIP","floor":40},{"not_picked":["LikeWater"],"picked":"SKIP","floor":44},{"not_picked":["Consecrate+1"],"picked":"SKIP","floor":47}],"player_experience":2597086,"relics_obtained":[{"floor":9,"key":"infinitespire:Satchel"},{"floor":14,"key":"Replay:Baseball"},{"floor":24,"key":"Quantum Egg"},{"floor":26,"key":"Pen Nib"},{"floor":40,"key":"hubris:Teleporter"},{"floor":40,"key":"Blood Vial"},{"floor":43,"key":"infinitespire:EmpoweringShard"}],"event_choices":[{"damage_healed":0,"gold_gain":0,"player_choice":"Leave","damage_taken":0,"max_hp_gain":0,"max_hp_loss":0,"event_name":"The Cleric","floor":4,"gold_loss":0},{"damage_healed":0,"gold_gain":0,"player_choice":"Forge","damage_taken":0,"max_hp_gain":0,"max_hp_loss":0,"event_name":"Accursed Blacksmith","floor":19,"gold_loss":0,"cards_upgraded":["Establishment"]},{"damage_healed":0,"gold_gain":0,"player_choice":"Ignored","damage_taken":0,"max_hp_gain":0,"max_hp_loss":0,"event_name":"Transmorgrifier","floor":21,"gold_loss":0},{"damage_healed":0,"gold_gain":0,"player_choice":"Got Potions","damage_taken":0,"max_hp_gain":0,"max_hp_loss":0,"event_name":"Lab","floor":28,"gold_loss":0},{"damage_healed":0,"gold_gain":3,"player_choice":"1","damage_taken":0,"max_hp_gain":0,"max_hp_loss":0,"event_name":"betterStone:BetterStone","floor":36,"gold_loss":0},{"damage_healed":0,"gold_gain":0,"player_choice":"Ignored","damage_taken":0,"max_hp_gain":0,"max_hp_loss":0,"event_name":"betterThird:BetterPortal","floor":45,"gold_loss":0}],"is_beta":false,"boss_relics":[{"not_picked":["hubris:GrandSneckoEye","Runic Dome"],"picked":"Busted Crown"},{"not_picked":["Replay:Wanted Poster","hubris:Stopwatch"],"picked":"Black Star"}],"items_purged_floors":[12,30,38,42],"is_endless":true,"potions_floor_spawned":[8,11,16,22,33,37,47],"killed_by":"Awakened One","ascension_level":0}}