{"host":"5dk97cf2ubw2v967","time":1607838087,"event":{"mods":["AlwaysNeverKeys","BaseMod","Better Altar","Better Vampires","Block Reminder","Colored Powertips","Downfall","Googly Eyes","Highlight Path","Minty Spire (QoL Compilation)","Permanent Neow","Potion Indicator Mod","Quick Restart","Relic Filter","Relic Stats","Say the Spire","Spicy Shops","StSLib","Waifu the Spire","everything is the same but u backflip on backflip"],"gold_per_floor":[412,424,349,359,15,43,43,78,130,130,130,130,130,31,31,106,106,119,119,139,156,156,156,190,190,190,190,74,86,113,125,125,196,196,209,4,18,0,13,13,13,13],"floor_reached":41,"playtime":2046,"items_purged":[],"score":874,"play_id":"64b42492-8113-42ab-bcbf-6918d98b75b2","local_time":"20201213054127","is_ascension_mode":true,"campfire_choices":[{"floor":10,"key":"REST"},{"floor":13,"key":"REST"},{"floor":15,"key":"REST"},{"data":"Accuracy","floor":23,"key":"SMITH"},{"data":"Backstab","floor":25,"key":"SMITH"},{"floor":32,"key":"REST"},{"data":"Noxious Fumes","floor":40,"key":"SMITH"}],"circlet_count":0,"master_deck":["AscendersBane","Strike_G+1","Strike_G+1","Strike_G+1","Strike_G+1","Defend_G+1","Defend_G+1","Defend_G+1","Defend_G+1","Defend_G+1","Survivor","Neutralize","Bouncing Flask","Slice","Slice","Dodge and Roll+1","Blur+1","Accuracy+1","Blade Dance+1","Doppelganger+1","Backstab+1","Escape Plan+1","Blade Dance+1","expansioncontent:DecasProtection+1","Dodge and Roll+1","Dodge and Roll+1","Noxious Fumes","Well Laid Plans","Storm of Steel+1","Noxious Fumes+1","Caltrops","Blade Dance+1","Backflip+1"],"relics":["Ring of the Snake","Old Coin","Toxic Egg 2","TwistedFunnel","Akabeko","White Beast Statue","Toy Ornithopter","Runic Dome","HornCleat","Frozen Eye","StrikeDummy","Pear","Black Star","OrangePellets","Red Mask"],"acts_visited":["Exordium","TheCity","TheBeyond"],"potions_floor_usage":[8,20,24,24,29,30,33,37,39,41,41],"damage_taken":[{"damage":8,"enemies":"Small Slimes","floor":1,"turns":5},{"damage":6,"enemies":"2 Louse","floor":2,"turns":3},{"damage":1,"enemies":"Cultist","floor":4,"turns":3},{"damage":29,"enemies":"Gremlin Nob","floor":6,"turns":4},{"damage":10,"enemies":"3 Sentries","floor":8,"turns":9},{"damage":43,"enemies":"Hexaghost","floor":16,"turns":11},{"damage":23,"enemies":"Chosen","floor":18,"turns":5},{"damage":2,"enemies":"2 Thieves","floor":20,"turns":4},{"damage":0,"enemies":"Snecko","floor":21,"turns":5},{"damage":11,"enemies":"Gremlin Leader","floor":24,"turns":7},{"damage":26,"enemies":"Shelled Parasite and Fungi","floor":29,"turns":5},{"damage":14,"enemies":"Slavers","floor":30,"turns":6},{"damage":0,"enemies":"3 Cultists","floor":31,"turns":4},{"damage":15,"enemies":"Automaton","floor":33,"turns":9},{"damage":12,"enemies":"3 Darklings","floor":35,"turns":4},{"damage":0,"enemies":"3 Shapes","floor":37,"turns":5},{"damage":11,"enemies":"Spire Growth","floor":39,"turns":5},{"damage":63,"enemies":"Giant Head","floor":41,"turns":7}],"seed_played":"6853071849737280309","potions_obtained":[{"floor":6,"key":"LiquidBronze"},{"floor":16,"key":"Dexterity Potion"},{"floor":18,"key":"SneckoOil"},{"floor":20,"key":"FearPotion"},{"floor":21,"key":"Strength Potion"},{"floor":24,"key":"Regen Potion"},{"floor":29,"key":"Fruit Juice"},{"floor":30,"key":"LiquidBronze"},{"floor":31,"key":"Strength Potion"},{"floor":33,"key":"BlessingOfTheForge"},{"floor":35,"key":"SpeedPotion"},{"floor":37,"key":"SkillPotion"},{"floor":39,"key":"Energy Potion"}],"is_trial":false,"path_per_floor":["M","M","?","M","$","E","?","E","T","R","?","?","R","$","R","B",null,"M","?","M","M","?","R","E","R","T","?","$","M","E","M","R","B",null,"M","$","M","?","M","R","E"],"character_chosen":"THE_SILENT","items_purchased":["Toxic Egg 2","TwistedFunnel","Accuracy","Blade Dance+1","expansioncontent:DecasProtection+1","Dodge and Roll+1","OrangePellets","Caltrops"],"campfire_rested":4,"item_purchase_floors":[5,5,14,14,28,28,36,36],"current_hp_per_floor":[51,45,45,44,44,15,15,5,5,23,16,16,34,34,52,9,47,24,24,27,27,27,27,26,26,26,26,26,20,26,26,48,38,66,54,54,59,59,53,53,0,0],"gold":13,"neow_bonus":"ONE_RARE_RELIC","is_daily":false,"chose_seed":false,"campfire_upgraded":3,"win_rate":0.0,"timestamp":1607838087,"path_taken":["M","M","?","M","$","E","?","E","T","R","?","?","R","$","R","BOSS","M","?","M","?","?","R","E","R","T","?","?","M","E","M","R","BOSS","M","$","?","?","M","R","E"],"items_purchased_type":["Relic","Relic","Card","Card","Card","Card","Relic","Card"],"build_version":"2020-11-30","purchased_purges":0,"victory":false,"max_hp_per_floor":[60,60,60,60,60,60,60,60,60,60,60,60,60,60,60,60,60,60,60,60,60,60,60,60,60,60,60,60,60,75,75,75,75,75,75,75,75,75,75,75,75,75],"relic_stats":{"OrangePellets":[2],"counters":[18,101],"Black Star":0,"obtain_stats":[{"TwistedFunnel":5,"Pear":30,"Akabeko":6,"White Beast Statue":8,"Old Coin":0,"Runic Dome":17,"Frozen Eye":24,"OrangePellets":36,"HornCleat":19,"Black Star":34,"Red Mask":38,"Toxic Egg 2":5,"StrikeDummy":26,"Toy Ornithopter":9,"Ring of the Snake":0},{"TwistedFunnel":3,"Pear":12,"Akabeko":4,"White Beast Statue":5,"Old Coin":0,"Runic Dome":6,"Frozen Eye":10,"OrangePellets":15,"HornCleat":7,"Black Star":14,"Red Mask":16,"Toxic Egg 2":3,"StrikeDummy":10,"Toy Ornithopter":5,"Ring of the Snake":0},{"TwistedFunnel":11,"Pear":67,"Akabeko":15,"White Beast Statue":24,"Old Coin":0,"Runic Dome":35,"Frozen Eye":56,"OrangePellets":84,"HornCleat":40,"Black Star":80,"Red Mask":89,"Toxic Egg 2":11,"StrikeDummy":56,"Toy Ornithopter":24,"Ring of the Snake":0}],"Toy Ornithopter":50,"Ring of the Snake":[36]},"card_choices":[{"not_picked":["Outmaneuver","Deflect"],"picked":"Bouncing Flask","floor":1},{"not_picked":["Dodge and Roll","Cloak And Dagger"],"picked":"Slice","floor":2},{"not_picked":["Reflex","Night Terror"],"picked":"Slice","floor":4},{"not_picked":["Finisher","PiercingWail+1"],"picked":"Dodge and Roll+1","floor":6},{"not_picked":["Setup+1","Caltrops"],"picked":"Blur+1","floor":8},{"not_picked":["Night Terror+1","Die Die Die"],"picked":"Doppelganger+1","floor":16},{"not_picked":["Dagger Spray","Outmaneuver+1","Flying Knee"],"picked":"SKIP","floor":18},{"not_picked":["Sucker Punch","PiercingWail+1"],"picked":"Backstab","floor":20},{"not_picked":["Crippling Poison+1","Eviscerate"],"picked":"Escape Plan+1","floor":21},{"not_picked":["Acrobatics+1","Caltrops"],"picked":"Blade Dance+1","floor":24},{"not_picked":["Expertise+1","Deflect+1"],"picked":"Dodge and Roll+1","floor":29},{"not_picked":["All Out Attack","Finisher"],"picked":"Noxious Fumes","floor":30},{"not_picked":["Poisoned Stab","Backstab"],"picked":"Well Laid Plans","floor":31},{"not_picked":["Bullet Time+1","Glass Knife"],"picked":"Storm of Steel+1","floor":33},{"not_picked":["Eviscerate","Underhanded Strike"],"picked":"Noxious Fumes","floor":35},{"not_picked":["Reflex+1","Infinite Blades+1"],"picked":"Blade Dance+1","floor":37},{"not_picked":["Concentrate+1","Deadly Poison+1"],"picked":"Backflip+1","floor":39}],"player_experience":1235150,"relics_obtained":[{"floor":6,"key":"Akabeko"},{"floor":8,"key":"White Beast Statue"},{"floor":9,"key":"Toy Ornithopter"},{"floor":24,"key":"Frozen Eye"},{"floor":26,"key":"StrikeDummy"},{"floor":30,"key":"Pear"}],"event_choices":[{"cards_removed":["Strike_G"],"damage_healed":0,"gold_gain":0,"player_choice":"Card Removal","damage_taken":0,"max_hp_gain":0,"max_hp_loss":0,"event_name":"The Cleric","floor":3,"gold_loss":75},{"damage_healed":0,"gold_gain":0,"player_choice":"Fled","damage_taken":0,"max_hp_gain":0,"max_hp_loss":0,"event_name":"Scrap Ooze","floor":7,"gold_loss":0},{"cards_removed":["Clumsy"],"damage_healed":0,"gold_gain":0,"player_choice":"Card Removal","damage_taken":7,"max_hp_gain":0,"max_hp_loss":0,"event_name":"Golden Wing","floor":11,"gold_loss":0},{"damage_healed":0,"gold_gain":0,"player_choice":"Ignored","damage_taken":0,"max_hp_gain":0,"max_hp_loss":0,"event_name":"Shining Light","floor":12,"gold_loss":0},{"damage_healed":0,"gold_gain":0,"player_choice":"Gave Potion","damage_taken":0,"relics_obtained":["HornCleat"],"max_hp_gain":0,"max_hp_loss":0,"event_name":"WeMeetAgain","floor":19,"gold_loss":0},{"damage_healed":0,"gold_gain":0,"player_choice":"Simplicity","damage_taken":0,"max_hp_gain":0,"max_hp_loss":0,"event_name":"Back to Basics","floor":22,"gold_loss":0,"cards_upgraded":["Strike_G","Strike_G","Strike_G","Strike_G","Defend_G","Defend_G","Defend_G","Defend_G","Defend_G"]},{"damage_healed":0,"gold_gain":0,"player_choice":"Ignored","damage_taken":0,"max_hp_gain":0,"max_hp_loss":0,"event_name":"Ghosts","floor":27,"gold_loss":0},{"damage_healed":0,"gold_gain":0,"player_choice":"Paid","damage_taken":0,"relics_obtained":["Red Mask"],"max_hp_gain":0,"max_hp_loss":0,"event_name":"Tomb of Lord Red Mask","floor":38,"gold_loss":18}],"is_beta":false,"boss_relics":[{"not_picked":["Snecko Eye","Empty Cage"],"picked":"Runic Dome"},{"not_picked":["Astrolabe","Sozu"],"picked":"Black Star"}],"items_purged_floors":[],"is_endless":false,"potions_floor_spawned":[6,16,18,20,21,24,29,30,31,33,35,37,39],"killed_by":"Giant Head","ascension_level":20}}