{"host":"tj57avznel0uzvp6","time":1607830545,"event":{"mods":["BaseMod","Downfall","Glutton Mod","Minty Spire (QoL Compilation)","Remove Card Discount Mod","Replay The Spire","StSLib"],"gold_per_floor":[114,114,68,68,68,18,18,35,35,35,35,52,2,15,15,117,117,129,140,140,140,415,365,209,159,159,109,59,9,9,28,28,123,123,142,142,160,160,160,110,212,212,212,162,124,74,74,86,36,36,36],"floor_reached":50,"playtime":1893,"items_purged":[],"score":620,"play_id":"e51c5559-ef4b-4ba7-8d58-21283a8942fa","local_time":"20201212203545","daily_mods":["Colorless Cards","Time Dilation","Flight"],"is_ascension_mode":false,"campfire_choices":[{"data":"Slimebound:DuplicatedForm","floor":6,"key":"SMITH"},{"data":"Slimebound:Split","floor":7,"key":"SMITH"},{"data":"Slimebound:SpikyOuterGoop","floor":10,"key":"SMITH"},{"data":"expansioncontent:DefensiveStance","floor":11,"key":"SMITH"},{"data":"Replay:SS_hec_2","floor":13,"key":"SMITH"},{"floor":15,"key":"REST"},{"data":"Glutton:StarvationMode","floor":23,"key":"SMITH"},{"data":"Guardian:ConstructionForm","floor":25,"key":"SMITH"},{"data":"Slimebound:GrowthPunch","floor":27,"key":"SMITH"},{"data":"Slimebound:SlimeSpikes","floor":28,"key":"SMITH"},{"data":"Slimebound:Prepare","floor":29,"key":"SMITH"},{"data":"Slimebound:ProtectTheBoss","floor":30,"key":"SMITH"},{"floor":32,"key":"REST"},{"floor":40,"key":"REST"},{"data":"Slimebound:SelfFormingGoo","floor":44,"key":"SMITH"},{"data":"Slimebound:LevelUp","floor":46,"key":"SMITH"},{"data":"Slimebound:SlimeSpikes","floor":49,"key":"SMITH"}],"circlet_count":0,"master_deck":["Demon Form","Wraith Form v2","Echo Form+1","DevaForm","Glutton:StarvationMode+1","Guardian:ConstructionForm+1","hexamod:ParanormalForm","Slimebound:DuplicatedForm+1","sneckomod:SerpentMind","Slimebound:Strike_Slimebound","Slimebound:Strike_Slimebound","Slimebound:Tackle","Slimebound:Defend_Slimebound","Slimebound:Defend_Slimebound","Slimebound:Defend_Slimebound","Slimebound:Defend_Slimebound","Slimebound:Split+1","Slimebound:CorrosiveSpit","expansioncontent:DefensiveStance+1","Slimebound:SplitBruiser","Slimebound:GrowthPunch+1","Slimebound:SpikyOuterGoop+1","Replay:SS_hec_2+1","Slimebound:Prepare+1","Violence","Slimebound:SlimeSpikes+1","Slimebound:ProtectTheBoss+1","Regret","Glutton:StarvationMode+1","Slimebound:SlimeSpikes","Slimebound:LeechLife","Slimebound:Gluttony+1","Slimebound:SplitMire","Amnesia","ReplayTheSpireMod:Doomed","Slimebound:SlimeSpikes+1","Slimebound:SelfFormingGoo+1","Slimebound:LevelUp+1","Slimebound:LeechingTouch+1"],"relics":["Slimebound:AbsorbEndCombatUpgraded","replay:Trail_Library","Slimebound:GreedOozeRelic","Gremlin Horn","MutagenicStrength","DollysMirror","Bottled Flame","Replay:Bronze Core","Ring of Misfortune","ReplayTheSpireMod:Ring of Exchange","ReplayTheSpireMod:CursedCoin","Meat on the Bone"],"acts_visited":["Exordium","TheCity","TheBeyond"],"potions_floor_usage":[16,16,50,50],"damage_taken":[{"damage":29,"enemies":"Jaw Worm","floor":1,"turns":6},{"damage":4,"enemies":"Small Slimes","floor":8,"turns":4},{"damage":24,"enemies":"Cultist","floor":12,"turns":4},{"damage":31,"enemies":"Gremlin Gang","floor":14,"turns":5},{"damage":57,"enemies":"Hexaghost","floor":16,"turns":9},{"damage":19,"enemies":"3 Byrds","floor":18,"turns":5},{"damage":27,"enemies":"Shell Parasite","floor":19,"turns":7},{"damage":14,"enemies":"Snecko","floor":31,"turns":5},{"damage":33,"enemies":"Collector","floor":33,"turns":10},{"damage":47,"enemies":"3 Darklings","floor":35,"turns":6},{"damage":24,"enemies":"Orb Walker","floor":37,"turns":6},{"damage":23,"enemies":"Maw","floor":48,"turns":9},{"damage":76,"enemies":"Awakened One","floor":50,"turns":4}],"seed_played":"-819576418565696408","potions_obtained":[{"floor":8,"key":"Toxic Potion"},{"floor":12,"key":"sneckomod:MuddlingPotion"},{"floor":33,"key":"BlessingOfTheForge"},{"floor":47,"key":"SneckoOil"},{"floor":47,"key":"sneckomod:MuddlingPotion"},{"floor":47,"key":"Languid Potion"}],"is_trial":true,"path_per_floor":["M","$","$","?","?","R","R","M","T","R","R","M","R","M","R","B",null,"M","M","$","?","?","R","$","R","T","R","R","R","R","M","R","B",null,"M","$","M","?","?","R","$","?","T","R","$","R","?","M","R","B"],"character_chosen":"SLIMEBOUND","items_purchased":["Slimebound:SplitBruiser","DollysMirror","ReplayTheSpireMod:CursedCoin","Slimebound:SlimeSpikes","Slimebound:LevelUp"],"campfire_rested":3,"item_purchase_floors":[3,24,41,41,45],"current_hp_per_floor":[43,43,43,43,43,43,43,47,47,47,47,50,50,39,57,58,60,53,57,57,57,57,57,57,57,57,57,57,57,57,58,60,39,60,33,33,37,37,37,55,55,55,55,55,55,55,55,60,60,0,0],"gold":36,"neow_bonus":"","is_daily":false,"chose_seed":false,"campfire_upgraded":14,"win_rate":0.0,"timestamp":1607830545,"path_taken":["M","$","$","?","?","R","R","?","T","R","R","?","R","M","R","BOSS","M","?","$","?","?","R","$","R","T","R","R","R","R","M","R","BOSS","M","$","?","?","?","R","$","?","T","R","$","R","?","M","R","BOSS"],"items_purchased_type":["Card","Relic","Relic","Card","Card"],"build_version":"2020-11-30","purchased_purges":0,"victory":false,"max_hp_per_floor":[60,60,60,60,60,60,60,60,60,60,60,60,60,60,60,60,60,60,60,60,60,60,60,60,60,60,60,60,60,60,60,60,60,60,60,60,60,60,60,60,60,60,60,60,60,60,60,60,60,60,60],"card_choices":[{"not_picked":["Slimebound:LeechingTouch","Slimebound:ViciousTackle"],"picked":"expansioncontent:DefensiveStance","floor":1},{"not_picked":["Slimebound:FinishingTackle","Slimebound:SplitAcid"],"picked":"Slimebound:GrowthPunch","floor":8},{"not_picked":["expansioncontent:PolyBeam","Slimebound:GrowthPunch"],"picked":"Replay:SS_hec_2","floor":12},{"not_picked":["Slimebound:ComboTackle","Jack Of All Trades"],"picked":"Slimebound:Prepare","floor":14},{"not_picked":["Slimebound:CheckThePlaybook","Chrysalis"],"picked":"Violence","floor":16},{"not_picked":["Slimebound:ViciousTackle","Slimebound:RollThrough"],"picked":"Slimebound:SlimeSpikes","floor":18},{"not_picked":["Slimebound:ComboTackle+1","Slimebound:SplitLeeching"],"picked":"Slimebound:ProtectTheBoss","floor":19},{"not_picked":["Slimebound:SplitBruiser","Slimebound:SplitMire"],"picked":"Slimebound:SlimeSpikes","floor":31},{"not_picked":["Crow Ritual","Master of Strategy"],"picked":"Slimebound:LeechLife","floor":33},{"not_picked":["Slimebound:Grow+1","Replay:SS_fish_3"],"picked":"Slimebound:Gluttony+1","floor":35},{"not_picked":["expansioncontent:SuperHexaguard+1","Slimebound:ViciousTackle"],"picked":"Slimebound:SplitMire","floor":37},{"not_picked":["Slimebound:Schlurp","Slimebound:PressTheAttack"],"picked":"Slimebound:LeechingTouch+1","floor":48}],"player_experience":544300,"relics_obtained":[{"floor":9,"key":"Gremlin Horn"},{"floor":26,"key":"Bottled Flame"},{"floor":38,"key":"Ring of Misfortune"},{"floor":38,"key":"ReplayTheSpireMod:Ring of Exchange"},{"floor":43,"key":"Meat on the Bone"}],"event_choices":[{"damage_healed":0,"gold_gain":0,"player_choice":"Forge","damage_taken":0,"max_hp_gain":0,"max_hp_loss":0,"event_name":"Accursed Blacksmith","floor":5,"gold_loss":0,"cards_upgraded":["Echo Form"]},{"damage_healed":0,"gold_gain":0,"player_choice":"Inject Mutagens","damage_taken":0,"relics_obtained":["MutagenicStrength"],"max_hp_gain":0,"max_hp_loss":0,"event_name":"Drug Dealer","floor":21,"gold_loss":0},{"damage_healed":0,"gold_gain":275,"player_choice":"Desecrate","damage_taken":0,"max_hp_gain":0,"max_hp_loss":0,"event_name":"Golden Shrine","floor":22,"gold_loss":0,"cards_obtained":["Regret"]},{"cards_removed":["Slimebound:Strike_Slimebound"],"damage_healed":0,"gold_gain":0,"player_choice":"Removed Attack","damage_taken":0,"max_hp_gain":0,"max_hp_loss":0,"event_name":"Falling","floor":39,"gold_loss":0},{"damage_healed":0,"gold_gain":0,"player_choice":"Ignored","damage_taken":0,"max_hp_gain":0,"max_hp_loss":0,"event_name":"Mysterious Sphere","floor":42,"gold_loss":0},{"damage_healed":0,"gold_gain":0,"player_choice":"Got Potions","damage_taken":0,"max_hp_gain":0,"max_hp_loss":0,"event_name":"Lab","floor":47,"gold_loss":0}],"is_beta":false,"boss_relics":[{"not_picked":["expansioncontent:StudyCardRelic","Velvet Choker"],"picked":"Slimebound:AbsorbEndCombatUpgraded"},{"not_picked":["Kintsugi","Philosopher\u0027s Stone"],"picked":"Replay:Bronze Core"}],"items_purged_floors":[],"is_endless":true,"potions_floor_spawned":[8,12,33],"killed_by":"Awakened One","ascension_level":0}}