{"host":"1","time":1607871345,"event":{"mods":["Act Like it!","BaseMod","Better Third Choice","Hubris","Jorbs\u0027s Wanderer Trilogy","Minty Spire (QoL Compilation)","Replay The Spire","Shade Mod","StSLib","The Cursed","The Mystic","Wandering Minibosses"],"gold_per_floor":[213,223,236,7,7,32,32,32,32,0,35,70,35,35,35,135,135,169,202,202,215,291,291,318,318,318,318,318,21,39,70,40,53,53,53,53],"floor_reached":35,"playtime":1541,"items_purged":[],"score":377,"play_id":"5e92b81d-7ca1-4d50-9677-f561365e1669","local_time":"20201213175545","is_ascension_mode":true,"campfire_choices":[{"floor":8,"key":"REST"},{"data":"Neutralize","floor":15,"key":"SMITH"},{"floor":23,"key":"REST"},{"data":"Envenom","floor":25,"key":"SMITH"},{"data":"Toxin Wave","floor":34,"key":"SMITH"}],"circlet_count":0,"master_deck":["Strike_G","Strike_G","Strike_G","Strike_G","Strike_G","Defend_G","Defend_G","Defend_G","Defend_G","Defend_G","Survivor","Neutralize+1","Bane","Poisoned Stab","Backflip","Toxin Wave+1","A Thousand Cuts","Venomology","Delirium","Enlightenment","Catalyst","Fluid Movement","Envenom+1","AbeCurse","Prepared","hubris:NaturalOne","Bouncing Flask","Venomology","Slice"],"relics":["Ring of the Snake","hubris:Towel","Potion Belt","ReplayTheSpireMod:Ring of Challenge","Ring of Peace","Bottled Flame","The Specimen","hubris:Icosahedron","Abe\u0027s Treasure","Meat on the Bone","Pet Ghost","Iron Hammer","Durian"],"acts_visited":["Exordium","TheCity"],"potions_floor_usage":[6,11,11,16,16,16,19,19,19,24,24,30,30,30,31,31,31,31,31,33,33,35,35,35,35,35],"damage_taken":[{"damage":0,"enemies":"Small Slimes","floor":1,"turns":4},{"damage":5,"enemies":"2 Louse","floor":2,"turns":3},{"damage":8,"enemies":"Jaw Worm","floor":3,"turns":3},{"damage":18,"enemies":"3 Sentries","floor":6,"turns":8},{"damage":8,"enemies":"Gremlin Nob","floor":11,"turns":4},{"damage":0,"enemies":"Blue Slaver","floor":12,"turns":7},{"damage":0,"enemies":"Slime Boss","floor":16,"turns":9},{"damage":8,"enemies":"Shell Parasite","floor":18,"turns":7},{"damage":0,"enemies":"Chosen","floor":19,"turns":3},{"damage":22,"enemies":"Snecko","floor":21,"turns":8},{"damage":32,"enemies":"Gremlin Leader","floor":24,"turns":7},{"damage":10,"enemies":"Sentry and Sphere","floor":30,"turns":4},{"damage":36,"enemies":"Centurion and Healer","floor":31,"turns":7},{"damage":0,"enemies":"Snake Plant","floor":33,"turns":2},{"damage":53,"enemies":"Automaton","floor":35,"turns":8}],"seed_played":"1918831679394030706","potions_obtained":[{"floor":3,"key":"AttackPotion"},{"floor":6,"key":"Adrenaline Potion"},{"floor":11,"key":"SteroidPotion"},{"floor":12,"key":"BlessingOfTheForge"},{"floor":21,"key":"Strength Potion"},{"floor":24,"key":"LiquidMemories"},{"floor":30,"key":"ColorlessPotion"},{"floor":31,"key":"FearPotion"},{"floor":32,"key":"Death Potion"}],"is_trial":false,"path_per_floor":["M","M","M","$","?","E","?","R","T","?","E","M","$","?","R","B",null,"M","M","?","M","T","R","E","R","PTL","PTL","T","$","M","M","?","M","R","B"],"character_chosen":"THE_SILENT","items_purchased":["Toxin Wave","A Thousand Cuts","Fluid Movement","Durian"],"campfire_rested":2,"item_purchase_floors":[4,4,13,29],"current_hp_per_floor":[70,65,57,57,57,39,39,60,60,66,58,58,58,58,58,58,76,76,76,62,40,40,64,44,44,44,44,44,49,51,41,41,53,53,0,0],"gold":53,"neow_bonus":"HUNDRED_GOLD","is_daily":false,"chose_seed":false,"campfire_upgraded":3,"win_rate":0.0,"timestamp":1607871345,"path_taken":["M","M","M","$","?","E","?","R","T","?","E","M","$","?","R","BOSS","M","M","?","M","?","R","E","R","PTL","PTL","T","$","M","M","?","?","R","BOSS"],"items_purchased_type":["Card","Card","Card","Relic"],"build_version":"2020-11-17","purchased_purges":0,"victory":false,"max_hp_per_floor":[70,70,70,70,70,70,70,70,70,76,76,76,76,76,76,76,76,76,76,81,81,81,81,81,81,81,81,81,86,86,86,86,86,86,86,86],"card_choices":[{"not_picked":["Sneak Up","Quick Slash"],"picked":"Bane","floor":1},{"not_picked":["Bane","PiercingWail"],"picked":"Poisoned Stab","floor":2},{"not_picked":["PiercingWail","hubris:Counter"],"picked":"Backflip","floor":3},{"not_picked":["A Thousand Cuts","Dagger Spray"],"picked":"Venomology","floor":6},{"not_picked":["Heel Hook","Slice","Blade Dance"],"picked":"SKIP","floor":11},{"not_picked":["Acrobatics","Finisher"],"picked":"Catalyst","floor":12},{"not_picked":["Venomology","Die Die Die"],"picked":"Envenom","floor":16},{"not_picked":["Dash","hubris:SlightOfHand"],"picked":"Prepared","floor":18},{"not_picked":["Heel Hook","Predator","Bane+1"],"picked":"SKIP","floor":19},{"not_picked":["Blade Dance+1","All Out Attack"],"picked":"Bouncing Flask","floor":21},{"not_picked":["Slice","Dagger Spray"],"picked":"Venomology","floor":24},{"not_picked":["Sucker Punch","Choke","ReplayTheSpireMod:Scrap Shanks"],"picked":"SKIP","floor":30},{"not_picked":["Blade Dance","Bane"],"picked":"Slice","floor":31},{"not_picked":["Quick Slash","Backflip","All Out Attack"],"picked":"SKIP","floor":33}],"player_experience":55363,"relics_obtained":[{"floor":6,"key":"Potion Belt"},{"floor":7,"key":"ReplayTheSpireMod:Ring of Challenge"},{"floor":7,"key":"Ring of Peace"},{"floor":9,"key":"Bottled Flame"},{"floor":11,"key":"The Specimen"},{"floor":22,"key":"Meat on the Bone"},{"floor":24,"key":"Pet Ghost"},{"floor":28,"key":"Iron Hammer"}],"event_choices":[{"damage_healed":0,"gold_gain":0,"player_choice":"RENOUNCE","damage_taken":32,"max_hp_gain":0,"max_hp_loss":0,"event_name":"betterThird:BetterSerpent","floor":10,"gold_loss":32,"cards_obtained":["Enlightenment"]},{"damage_healed":0,"gold_gain":0,"player_choice":"Shed Blood","damage_taken":19,"max_hp_gain":5,"max_hp_loss":0,"event_name":"Forgotten Altar","floor":20,"gold_loss":0},{"damage_healed":0,"gold_gain":0,"player_choice":"Bought 2 Potions","damage_taken":0,"max_hp_gain":0,"max_hp_loss":0,"event_name":"The Woman in Blue","floor":32,"gold_loss":0}],"is_beta":true,"boss_relics":[{"not_picked":["Replay:Wanted Poster","HoveringKite"],"picked":"Abe\u0027s Treasure"}],"items_purged_floors":[],"is_endless":false,"potions_floor_spawned":[3,6,11,12,21,24,30,31],"killed_by":"Automaton","ascension_level":1}}