{"host":"mv9iawyrph7ym8en","time":1607891753,"event":{"mods":["Act Like it!","Aspiration","BaseMod","Conspire","Defuse TimeMaze Blight","Minty Spire (QoL Compilation)","Replay The Spire","Ryuuou¡˙Õı","Shop Mod","Spicy Shops","StSLib","TestMod","[IsaacMod]“‘»ˆº‚À˛","vexMod"],"gold_per_floor":[16,33,46,46,57,87,87,139,139,155,155,172,204,204,204,56,56,56,56],"floor_reached":18,"playtime":572,"items_purged":[],"score":216,"play_id":"aa6a41a6-b6a3-4038-bfb2-32621d52f0f3","local_time":"20201214043553","is_ascension_mode":true,"campfire_choices":[{"data":"Hemogenesis","floor":7,"key":"SMITH"},{"floor":11,"key":"RECALL"},{"data":"conspire:Purge","floor":17,"key":"SMITH"}],"circlet_count":0,"master_deck":["Strike_R","Strike_R","Defend_R","Defend_R","Bash","BettingIsNotGood","Limit Break","Skewer","Night Terror","Choke","Sword Boomerang","Hemogenesis+1","Exhume","Demonic Infusion","conspire:Purge+1","Feed","Rupture","Shrug It Off","Warcry"],"relics":["Burning Blood","testmod-TestBox","HushsDoor","Leech","testmod-AscensionHeart","D6","testmod-Hope","King of Hearts","Orrery"],"acts_visited":["Exordium"],"potions_floor_usage":[6,6,10,13],"damage_taken":[{"damage":4.0,"enemies":"Cultist","floor":1.0,"turns":3.0},{"damage":0,"enemies":"Small Slimes","floor":2,"turns":2},{"damage":0,"enemies":"conspire:RoseBush","floor":3,"turns":3},{"damage":6,"enemies":"Blue Slaver","floor":5,"turns":3},{"damage":18,"enemies":"Lagavulin","floor":6,"turns":5},{"damage":10,"enemies":"3 Sentries","floor":8,"turns":4},{"damage":7,"enemies":"Gremlin Gang","floor":10,"turns":3},{"damage":12,"enemies":"Exordium Wildlife","floor":12,"turns":4},{"damage":16,"enemies":"Gremlin Nob","floor":13,"turns":4},{"damage":101,"enemies":"Slime Boss","floor":18,"turns":6}],"seed_played":"-2304035953352552794","potions_obtained":[{"floor":1.0,"key":"AttackPotion"},{"floor":2,"key":"testmod-TimePotion"},{"floor":8,"key":"LifebloodPotion"},{"floor":10,"key":"SmokeBomb"},{"floor":12,"key":"CultistPotion"}],"is_trial":false,"path_per_floor":["M","M","M","?","M","E","R","E","T","M","R","M","E","PTL","PTL","$","R","B"],"character_chosen":"IRONCLAD","items_purchased":["Orrery"],"campfire_rested":0,"item_purchase_floors":[16],"current_hp_per_floor":[93,96,96,96,96,87,87,88,88,95,95,96,87,87,87,87,87,0,0],"gold":56,"neow_bonus":"TWENTY_PERCENT_HP_BONUS","is_daily":false,"chose_seed":false,"campfire_upgraded":2,"win_rate":0.0,"timestamp":1607891753,"path_taken":["M","M","?","?","M","E","R","E","T","M","R","M","E","PTL","PTL","$","R","BOSS"],"items_purchased_type":["Relic"],"build_version":"2020-11-30","purchased_purges":0,"victory":false,"max_hp_per_floor":[96,96,96,96,96,96,96,96,96,96,96,96,96,96,96,96,96,96,96],"card_choices":[{"not_picked":[],"picked":"BettingIsNotGood","floor":0.0},{"not_picked":["Wild Strike","Run Through","Iron Wave"],"picked":"SKIP","floor":1.0},{"not_picked":["Sword Boomerang","Flex"],"picked":"Limit Break","floor":2},{"not_picked":["Body Slam","Dual Wield","Warcry"],"picked":"SKIP","floor":3},{"not_picked":["ReplayTheSpireMod:Strike From Hell","conspire:ExplosiveBarrier"],"picked":"Sword Boomerang","floor":5},{"not_picked":["Demonic Infusion","Reaper"],"picked":"Hemogenesis","floor":6},{"not_picked":["Barricade","Berserk"],"picked":"Exhume","floor":8},{"not_picked":["Sentinel","Sword Boomerang","Thunderclap"],"picked":"SKIP","floor":10},{"not_picked":["Havoc","Sword Boomerang","Headbutt"],"picked":"SKIP","floor":12},{"not_picked":["Double Tap","Eclipse"],"picked":"Demonic Infusion","floor":13},{"not_picked":["Wild Strike","Flex"],"picked":"conspire:Purge","floor":16},{"not_picked":["Perfected Strike","Havoc"],"picked":"Feed","floor":16},{"not_picked":["Clothesline","Flame Barrier"],"picked":"Rupture","floor":16},{"not_picked":["ReplayTheSpireMod:Strike From Hell","Cleave"],"picked":"Shrug It Off","floor":16},{"not_picked":["Heavy Blade","Pommel Strike"],"picked":"Warcry","floor":16}],"player_experience":473739,"relics_obtained":[{"floor":6,"key":"D6"},{"floor":8,"key":"testmod-Hope"},{"floor":13,"key":"King of Hearts"}],"event_choices":[],"is_beta":false,"boss_relics":[],"items_purged_floors":[],"is_endless":false,"potions_floor_spawned":[1,2,8,10,12],"killed_by":"Slime Boss","ascension_level":9}}