{"host":"3rixevx6n8b56xaj","time":1607865847,"event":{"mods":["2.2 Compatiblity","AchievementEnabler","BaseMod","Better Third Choice","Colored Map","DeckTracker","Friendly Minions","Minty Spire (QoL Compilation)","StSLib","SuperFastMode"],"gold_per_floor":[117,133,83,98,113,113,113,129,129,154,154,179,222,245,245,369,369,388,388,157,198,217,217,231,231,231,231,356,377,393,429,429,559,559,578,578,591,591,368,399,423,423,449,469,469,493,826,852,852,852,852,852,374,409,409],"floor_reached":56,"playtime":2424,"items_purged":["Strike_B","Defend_B","Zap"],"score":1256,"play_id":"503db96f-bc8e-4769-a773-93ac007dc963","local_time":"20201213222407","is_ascension_mode":false,"campfire_choices":[{"data":"Fusion","floor":6,"key":"SMITH"},{"data":"Defragment","floor":15,"key":"SMITH"},{"data":"Amplify","floor":23,"key":"SMITH"},{"data":"Darkness","floor":27,"key":"SMITH"},{"data":"Dualcast","floor":32,"key":"SMITH"},{"data":"Heatsinks","floor":42,"key":"SMITH"},{"data":"Madness","floor":45,"key":"SMITH"},{"floor":49,"key":"RECALL"},{"data":"Madness","floor":52,"key":"SMITH"}],"circlet_count":0,"master_deck":["Defend_B","Dualcast+1","Ball Lightning","Fusion+1","Conserve Battery","Self Repair","Compile Driver","Hyperbeam","Chaos","Undo","Defragment+1","Amplify+1","Go for the Eyes+1","Storm","Glacier","Darkness+1","Coolheaded","Cold Snap+1","Skim","Turbo+1","Heatsinks+1","BootSequence","Core Surge","Redo+1","Loop+1","Madness+1","Madness+1","Coolheaded+1","Defragment","Loop","Master of Strategy","Turbo"],"relics":["Cracked Core","TungstenRod","Mercury Hourglass","Empty Cage","Red Mask","InkBottle","Ice Cream","Bottled Tornado","Emotion Chip","Coffee Dripper","Membership Card","Unceasing Top","Smiling Mask","Incense Burner","Shuriken","Toy Ornithopter"],"acts_visited":["Exordium","TheCity","TheBeyond","TheEnding"],"potions_floor_usage":[13,18,28,55,55,55],"damage_taken":[{"damage":1,"enemies":"Jaw Worm","floor":1,"turns":4},{"damage":2,"enemies":"Small Slimes","floor":2,"turns":3},{"damage":0,"enemies":"2 Louse","floor":4,"turns":2},{"damage":5,"enemies":"Looter","floor":5,"turns":2},{"damage":7,"enemies":"Large Slime","floor":8,"turns":5},{"damage":10,"enemies":"3 Louse","floor":10,"turns":4},{"damage":3,"enemies":"2 Fungi Beasts","floor":12,"turns":3},{"damage":12,"enemies":"Lagavulin","floor":13,"turns":4},{"damage":6,"enemies":"Looter","floor":14,"turns":3},{"damage":8,"enemies":"The Guardian","floor":16,"turns":10},{"damage":15,"enemies":"2 Thieves","floor":18,"turns":3},{"damage":26,"enemies":"Masked Bandits","floor":21,"turns":4},{"damage":18,"enemies":"Shell Parasite","floor":22,"turns":6},{"damage":4,"enemies":"Snecko","floor":24,"turns":5},{"damage":12,"enemies":"Colosseum Slavers","floor":28,"turns":5},{"damage":14,"enemies":"Colosseum Nobs","floor":28,"turns":4},{"damage":6,"enemies":"Centurion and Healer","floor":29,"turns":7},{"damage":0,"enemies":"Sentry and Sphere","floor":30,"turns":5},{"damage":26,"enemies":"Slavers","floor":31,"turns":4},{"damage":2,"enemies":"Champ","floor":33,"turns":12},{"damage":5,"enemies":"3 Darklings","floor":35,"turns":3},{"damage":0,"enemies":"Orb Walker","floor":37,"turns":4},{"damage":27,"enemies":"Reptomancer","floor":40,"turns":4},{"damage":2,"enemies":"Maw","floor":41,"turns":5},{"damage":0,"enemies":"4 Shapes","floor":44,"turns":3},{"damage":0,"enemies":"Jaw Worm Horde","floor":46,"turns":2},{"damage":0,"enemies":"Giant Head","floor":48,"turns":6},{"damage":21,"enemies":"Donu and Deca","floor":50,"turns":8},{"damage":21,"enemies":"Shield and Spear","floor":54,"turns":5},{"damage":86,"enemies":"The Heart","floor":55,"turns":11}],"seed_played":"8987494859162734543","potions_obtained":[{"floor":4,"key":"GamblersBrew"},{"floor":10,"key":"Strength Potion"},{"floor":12,"key":"AttackPotion"},{"floor":16,"key":"ColorlessPotion"},{"floor":28,"key":"FearPotion"},{"floor":30,"key":"DuplicationPotion"},{"floor":31,"key":"SkillPotion"}],"is_trial":false,"path_per_floor":["M","M","?","M","M","R","?","M","T","M","?","M","E","M","R","B",null,"M","?","$","?","M","R","M","?","T","R","?","M","M","E","R","B",null,"M","?","M","?","$","E","M","R","T","M","R","M","?","E","R","B",null,"R","$","E","B",null],"character_chosen":"DEFECT","items_purchased":["Storm","Glacier","Membership Card","PowerPotion","Incense Burner","Loop","Master of Strategy","Shuriken","PotionOfCapacity"],"campfire_rested":0,"item_purchase_floors":[20,20,39,39,53,53,53,53,53],"current_hp_per_floor":[81,79,79,79,74,74,54,47,47,44,44,48,43,37,37,36,82,67,67,67,48,37,37,47,47,47,47,42,43,50,31,31,36,82,82,82,82,73,73,60,65,65,65,72,72,79,79,82,82,68,82,82,82,75,15],"gold":409,"neow_bonus":"TEN_PERCENT_HP_BONUS","is_daily":false,"chose_seed":false,"campfire_upgraded":8,"win_rate":0.0,"timestamp":1607865847,"path_taken":["M","M","?","M","M","R","?","M","T","M","?","M","E","M","R","BOSS","M","?","$","?","M","R","M","?","T","R","?","M","M","E","R","BOSS","M","?","M","?","$","E","M","R","T","M","R","M","?","E","R","BOSS","R","$","E","BOSS"],"items_purchased_type":["Card","Card","Relic","Potion","Relic","Card","Card","Relic","Potion"],"build_version":"2020-11-30","purchased_purges":3,"victory":true,"max_hp_per_floor":[82,82,82,82,82,82,82,82,82,82,82,82,82,82,82,82,82,82,82,82,82,82,82,82,82,82,82,82,82,82,82,82,82,82,82,82,82,82,82,82,82,82,82,82,82,82,82,82,82,82,82,82,82,82,82],"card_choices":[{"not_picked":["Barrage","Recycle"],"picked":"Ball Lightning","floor":1},{"not_picked":["Steam","Melter"],"picked":"Fusion","floor":2},{"not_picked":["Redo","Melter","Hologram"],"picked":"SKIP","floor":4},{"not_picked":["Steam","Go for the Eyes"],"picked":"Conserve Battery","floor":5},{"not_picked":["Rip and Tear","Streamline"],"picked":"Self Repair","floor":8},{"not_picked":["Sweeping Beam","Fission"],"picked":"Compile Driver","floor":10},{"not_picked":["Gash","Double Energy"],"picked":"Chaos","floor":12},{"not_picked":["Beam Cell","Stack"],"picked":"Undo","floor":13},{"not_picked":["Glacier","Melter"],"picked":"Defragment","floor":14},{"not_picked":["Fission","Seek"],"picked":"Amplify","floor":16},{"not_picked":["Chill","Rebound"],"picked":"Go for the Eyes+1","floor":18},{"not_picked":["Leap","Rebound"],"picked":"Darkness","floor":21},{"not_picked":["Hologram","Genetic Algorithm"],"picked":"Coolheaded","floor":22},{"not_picked":["FTL","Fusion+1"],"picked":"Cold Snap+1","floor":24},{"not_picked":["Fusion","Storm"],"picked":"Turbo+1","floor":28},{"not_picked":["Scrape","Beam Cell+1"],"picked":"Heatsinks","floor":29},{"not_picked":["All For One","Cold Snap","Steam Power"],"picked":"SKIP","floor":30},{"not_picked":["Compile Driver","Self Repair"],"picked":"BootSequence","floor":31},{"not_picked":["Amplify","Buffer"],"picked":"Core Surge","floor":33},{"not_picked":["Darkness+1","Leap+1"],"picked":"Redo+1","floor":35},{"not_picked":["Cold Snap","Go for the Eyes+1"],"picked":"Loop+1","floor":37},{"not_picked":["Go for the Eyes+1","Loop+1"],"picked":"Coolheaded+1","floor":40},{"not_picked":["Conserve Battery","Hologram","Steam"],"picked":"SKIP","floor":41},{"not_picked":["Leap","Coolheaded+1"],"picked":"Defragment","floor":44},{"not_picked":["Cold Snap+1","Beam Cell","Leap+1"],"picked":"SKIP","floor":46},{"not_picked":["Undo+1","All For One","Steam+1"],"picked":"SKIP","floor":48},{"not_picked":["FTL","Electrodynamics"],"picked":"Turbo","floor":54}],"player_experience":516671,"relics_obtained":[{"floor":9,"key":"TungstenRod"},{"floor":13,"key":"Mercury Hourglass"},{"floor":21,"key":"Red Mask"},{"floor":26,"key":"InkBottle"},{"floor":28,"key":"Ice Cream"},{"floor":28,"key":"Bottled Tornado"},{"floor":31,"key":"Emotion Chip"},{"floor":40,"key":"Unceasing Top"},{"floor":48,"key":"Smiling Mask"},{"floor":54,"key":"Toy Ornithopter"}],"event_choices":[{"cards_removed":["Strike_B"],"damage_healed":0,"gold_gain":0,"player_choice":"Card Removal","damage_taken":0,"max_hp_gain":0,"max_hp_loss":0,"event_name":"The Cleric","floor":3,"gold_loss":50},{"damage_healed":0,"gold_gain":0,"player_choice":"Take Damage","damage_taken":20,"relics_obtained":["Golden Idol"],"max_hp_gain":0,"max_hp_loss":0,"event_name":"Golden Idol","floor":7,"gold_loss":0},{"damage_healed":0,"gold_gain":0,"cards_transformed":["Defend_B"],"player_choice":"Change","damage_taken":0,"max_hp_gain":0,"max_hp_loss":0,"event_name":"Living Wall","floor":11,"gold_loss":0,"cards_obtained":["Hyperbeam"]},{"damage_healed":0,"gold_gain":0,"player_choice":"Adaptability","damage_taken":0,"max_hp_gain":0,"max_hp_loss":0,"event_name":"betterThird:BetterWriting","floor":19,"gold_loss":0},{"damage_healed":0,"gold_gain":0,"player_choice":"Fought Bandits","damage_taken":0,"max_hp_gain":0,"max_hp_loss":0,"event_name":"Masked Bandits","floor":21,"gold_loss":0},{"damage_healed":0,"gold_gain":0,"player_choice":"Read","damage_taken":0,"max_hp_gain":0,"max_hp_loss":0,"event_name":"The Library","floor":25,"gold_loss":0,"cards_obtained":["Skim"]},{"damage_healed":0,"gold_gain":0,"player_choice":"Fight","damage_taken":0,"max_hp_gain":0,"max_hp_loss":0,"event_name":"Colosseum","floor":28,"gold_loss":0},{"damage_healed":0,"gold_gain":0,"player_choice":"Fought Nobs","damage_taken":0,"max_hp_gain":0,"max_hp_loss":0,"event_name":"Colosseum","floor":28,"gold_loss":0},{"cards_removed":["Strike_B"],"damage_healed":0,"gold_gain":0,"player_choice":"Removed Attack","damage_taken":0,"max_hp_gain":0,"max_hp_loss":0,"event_name":"Falling","floor":36,"gold_loss":0},{"damage_healed":0,"gold_gain":0,"player_choice":"Embrace Madness","damage_taken":10,"max_hp_gain":0,"max_hp_loss":0,"event_name":"Winding Halls","floor":38,"gold_loss":0,"cards_obtained":["Madness","Madness"]},{"damage_healed":0,"gold_gain":333,"player_choice":"Gave Idol","damage_taken":0,"max_hp_gain":0,"max_hp_loss":0,"event_name":"The Moai Head","floor":47,"relics_lost":["Golden Idol"],"gold_loss":0}],"is_beta":false,"boss_relics":[{"not_picked":["Runic Pyramid","Busted Crown"],"picked":"Empty Cage"},{"not_picked":["Cursed Key","Black Star"],"picked":"Coffee Dripper"}],"items_purged_floors":[20,39,53],"is_endless":false,"potions_floor_spawned":[4,10,12,16,28,28,30,31,37,40,41,46],"ascension_level":0}}