{"host":"uceopoba4zvqsgiy","time":1607884461,"event":{"mods":["Act Like it!","BaseMod","Better Skull","Better Third Choice","Elementarium","GifTheSpireLib","Hermit","Humility","Infinite Spire","Jorbs\u0027s Wanderer Trilogy","Marked Mod","Minty Spire (QoL Compilation)","Potionbrewer","Replay The Spire","Robot Space Explorer","Shade Mod","Spicy Shops","StSLib","Stuff the Spire","The Blue Laboratory","The Cursed","The Dragon Tamer","The Hierophant","The Judge","The Jungle","Wandering Minibosses"],"gold_per_floor":[13,13,0,0,0,0,13,13,13,13,64,84,84,84],"floor_reached":13,"playtime":3283,"items_purged":[],"score":92,"play_id":"3610738e-5da4-48bd-860d-86b83fa54554","local_time":"20201214050421","is_ascension_mode":true,"campfire_choices":[{"data":"Shade:SoulPierce","floor":6.0,"key":"SMITH"}],"circlet_count":0,"master_deck":["Shade:Strike_Shade","Shade:Strike_Shade","Shade:Strike_Shade","Shade:Strike_Shade","Shade:Defend_Shade","Shade:Defend_Shade","Shade:Defend_Shade","Shade:AnimateDead","Shade:CarefulCut","Shade:SoulPierce+1","Shade:StitchTogether","Enlightenment","Shade:Bonestorm"],"relics":["Shade:YorickSkull","Golden Idol","StuffTheSpire:TintedRock"],"acts_visited":["Exordium"],"potions_floor_usage":[],"damage_taken":[{"damage":10.0,"enemies":"Small Slimes","floor":1.0,"turns":4.0},{"damage":12.0,"enemies":"Jaw Worm","floor":7.0,"turns":4.0},{"damage":1.0,"enemies":"Cultist","floor":12.0,"turns":4.0},{"damage":38,"enemies":"Gremlin Nob","floor":13,"turns":3}],"seed_played":"5477379556264031665","potions_obtained":[{"floor":1.0,"key":"AttackPotion"}],"is_trial":false,"path_per_floor":["M","?","?","?","$","R","M","$","PTL","PTL","T","M","E"],"character_chosen":"SHADE","items_purchased":[],"campfire_rested":0,"item_purchase_floors":[],"current_hp_per_floor":[49,33,39,39,39,39,27,27,27,27,27,33,0,0],"gold":84,"neow_bonus":"THREE_RARE_CARDS","is_daily":false,"chose_seed":false,"campfire_upgraded":1,"win_rate":0.0,"timestamp":1607884461,"path_taken":["M","?","?","?","$","R","M","$","PTL","PTL","T","T","?","E"],"items_purchased_type":[],"build_version":"2020-11-30","purchased_purges":0,"victory":false,"max_hp_per_floor":[65,65,71,71,71,71,71,71,71,71,71,71,71,71],"card_choices":[{"not_picked":["Shade:Consume","Shade:MadHubris"],"picked":"Shade:SoulPierce","floor":0.0},{"not_picked":["Shade:Haruspicy","Shade:AncientSpear"],"picked":"Shade:StitchTogether","floor":1.0},{"not_picked":["Shade:AncientSpear","Shade:LyeBath"],"picked":"Shade:Bonestorm","floor":7.0},{"not_picked":["Shade:Trample","Shade:RitualOffering","Shade:CoffinDance"],"picked":"SKIP","floor":12.0},{"not_picked":["Shade:Trample","Shade:RitualOffering","Shade:CoffinDance"],"picked":"SKIP","floor":12.0}],"player_experience":1506923,"relics_obtained":[{"floor":11.0,"key":"StuffTheSpire:TintedRock"}],"event_choices":[{"damage_healed":0.0,"max_hp_gain":0.0,"max_hp_loss":0.0,"gold_gain":0.0,"event_name":"Golden Idol","player_choice":"Take Damage","floor":2.0,"gold_loss":0.0,"damage_taken":16.0,"relics_obtained":["Golden Idol"]},{"damage_healed":0.0,"max_hp_gain":0.0,"max_hp_loss":0.0,"gold_gain":0.0,"event_name":"betterThird:BetterSerpent","player_choice":"RENOUNCE","floor":3.0,"gold_loss":13.0,"damage_taken":13.0,"cards_obtained":["Enlightenment"]},{"cards_removed":["Shade:Defend_Shade"],"damage_healed":0.0,"max_hp_gain":0.0,"max_hp_loss":0.0,"gold_gain":0.0,"event_name":"Purifier","player_choice":"Purged","floor":4.0,"gold_loss":0.0,"damage_taken":0.0}],"is_beta":false,"boss_relics":[],"items_purged_floors":[],"is_endless":false,"potions_floor_spawned":[1],"killed_by":"Gremlin Nob","ascension_level":6}}