{"host":"qwttrqaysb380yri","time":1607825904,"event":{"mods":["BaseMod","Custom Start","Minty Spire (QoL Compilation)","Puzzle Mod","Relic Stats","StSLib","The Cursed","The Hierophant"],"gold_per_floor":[125,148,173,196,147,147,183,246,271,271,312,340,340,368,368,454,454,482,118,43,41,69,97,103,148,148,148,148,148,158,58,58,44,44],"floor_reached":33,"playtime":1095,"items_purged":["hierophant:Strike_Hierophant","Decay"],"score":695,"play_id":"28cf30b0-1d61-4a66-970d-a7334e159800","local_time":"20201213031824","is_ascension_mode":true,"campfire_choices":[{"data":"hierophant:FieryStrike","floor":6,"key":"SMITH"},{"floor":10,"key":"REST"},{"data":"hierophant:Purify","floor":15,"key":"SMITH"},{"data":"hierophant:Chorus","floor":27,"key":"SMITH"},{"floor":29,"key":"REST"},{"floor":32,"key":"REST"}],"circlet_count":0,"master_deck":["AscendersBane","hierophant:Punish","hierophant:Defend_Hierophant","hierophant:Defend_Hierophant","hierophant:Defend_Hierophant","hierophant:Defend_Hierophant","hierophant:ChurchCoffers","hierophant:CoinFling","hierophant:Doubloon","hierophant:OrnateBuckler","hierophant:FlamingChariot","hierophant:PassingBell","hierophant:FieryStrike+1","hierophant:Purify+1","hierophant:Empathy","hierophant:HammerAndAnvil","hierophant:Levitation","hierophant:HolyVerse","hierophant:Shelter","hierophant:Chorus+1","hierophant:HammerAndAnvil+1","hierophant:Encroach+1"],"relics":["hierophant:PropheticMaskRelic","Oddly Smooth Stone","Happy Flower","Akabeko","Philosopher\u0027s Stone","Question Card","hierophant:DonationBoxRelic","StrikeDummy","Bag of Marbles"],"acts_visited":["Exordium","TheCity"],"potions_floor_usage":[7,16,23,25,33,33],"damage_taken":[{"damage":0,"enemies":"2 Louse","floor":1,"turns":2},{"damage":6,"enemies":"Jaw Worm","floor":2,"turns":4},{"damage":1,"enemies":"Cultist","floor":3,"turns":4},{"damage":1,"enemies":"2 Fungi Beasts","floor":4,"turns":4},{"damage":32,"enemies":"Lagavulin","floor":7,"turns":4},{"damage":11,"enemies":"3 Sentries","floor":11,"turns":5},{"damage":3,"enemies":"Exordium Wildlife","floor":12,"turns":2},{"damage":0,"enemies":"3 Louse","floor":14,"turns":2},{"damage":0,"enemies":"Slime Boss","floor":16,"turns":3},{"damage":5,"enemies":"Chosen","floor":18,"turns":3},{"damage":9,"enemies":"2 Thieves","floor":21,"turns":3},{"damage":8,"enemies":"Snecko","floor":22,"turns":3},{"damage":17,"enemies":"Slavers","floor":23,"turns":5},{"damage":1,"enemies":"Centurion and Healer","floor":24,"turns":6},{"damage":0,"enemies":"Book of Stabbing","floor":25,"turns":1},{"damage":28,"enemies":"Cultist and Chosen","floor":30,"turns":6},{"damage":37,"enemies":"Champ","floor":33,"turns":11}],"seed_played":"239893215328900421","potions_obtained":[{"floor":2,"key":"LiquidMemories"},{"floor":3,"key":"Strength Potion"},{"floor":12,"key":"SteroidPotion"},{"floor":16,"key":"Fire Potion"},{"floor":23,"key":"LiquidBronze"},{"floor":24,"key":"BlessingOfTheForge"},{"floor":25,"key":"DuplicationPotion"}],"is_trial":false,"path_per_floor":["M","M","M","M","$","R","E","?","T","R","E","M","?","M","R","B",null,"M","$","?","M","M","E","M","E","T","R","?","R","M","$","R","B"],"character_chosen":"HIEROPHANT","items_purchased":["hierophant:FieryStrike","Question Card","hierophant:HolyVerse"],"campfire_rested":3,"item_purchase_floors":[5,19,19],"current_hp_per_floor":[68,62,61,60,60,60,28,28,28,50,39,36,36,36,36,36,65,60,60,60,51,43,26,25,25,25,25,25,47,19,19,41,4,4],"gold":44,"neow_bonus":"TRANSFORM_CARD","is_daily":false,"chose_seed":false,"campfire_upgraded":3,"win_rate":0.0,"timestamp":1607825904,"path_taken":["M","M","M","M","$","R","E","?","T","R","E","M","?","?","R","BOSS","M","$","?","M","M","E","M","E","T","R","?","R","M","$","R","BOSS"],"items_purchased_type":["Card","Relic","Card"],"build_version":"2020-11-30","purchased_purges":2,"victory":false,"max_hp_per_floor":[75,75,75,75,75,75,75,75,75,75,75,75,75,75,75,75,75,75,75,75,75,75,75,75,75,75,75,75,75,75,75,75,75,75],"relic_stats":{"Happy Flower":[16],"counters":[17,68],"Question Card":13,"obtain_stats":[{"Happy Flower":9,"hierophant:PropheticMaskRelic":0,"Oddly Smooth Stone":7,"hierophant:DonationBoxRelic":23,"Philosopher\u0027s Stone":17,"Bag of Marbles":26,"Question Card":19,"StrikeDummy":25,"Akabeko":11},{"Happy Flower":5,"hierophant:PropheticMaskRelic":0,"Oddly Smooth Stone":5,"hierophant:DonationBoxRelic":13,"Philosopher\u0027s Stone":9,"Bag of Marbles":15,"Question Card":10,"StrikeDummy":15,"Akabeko":6},{"Happy Flower":18,"hierophant:PropheticMaskRelic":0,"Oddly Smooth Stone":18,"hierophant:DonationBoxRelic":44,"Philosopher\u0027s Stone":30,"Bag of Marbles":51,"Question Card":33,"StrikeDummy":51,"Akabeko":23}]},"card_choices":[{"not_picked":["hierophant:Doomsaying","hierophant:MorningPrayer","hierophant:Rebuild"],"picked":"SKIP","floor":1},{"not_picked":["hierophant:Doubloon","hierophant:Shelter"],"picked":"hierophant:OrnateBuckler","floor":2},{"not_picked":["hierophant:Smite","hierophant:PassingBell"],"picked":"hierophant:FlamingChariot","floor":3},{"not_picked":["hierophant:AuricShield","hierophant:SolarFlare"],"picked":"hierophant:PassingBell","floor":4},{"not_picked":["hierophant:Shelter","hierophant:Chorus"],"picked":"hierophant:Purify","floor":7},{"not_picked":["hierophant:AuricShield","hierophant:FaithHealing"],"picked":"hierophant:Empathy","floor":11},{"not_picked":["hierophant:Doomsaying","hierophant:Community"],"picked":"hierophant:HammerAndAnvil","floor":12},{"not_picked":["hierophant:HolyVerse","hierophant:PassingBell","hierophant:Blessing"],"picked":"SKIP","floor":14},{"not_picked":["hierophant:Determination","hierophant:Cornucopia"],"picked":"hierophant:Levitation","floor":16},{"not_picked":["hierophant:FieryStrike","hierophant:Glossolalia","hierophant:Prophecy"],"picked":"SKIP","floor":18},{"not_picked":["hierophant:Doubloon","hierophant:Smite","hierophant:Purify"],"picked":"hierophant:Shelter","floor":21},{"not_picked":["hierophant:Doubloon","hierophant:Shelter","hierophant:Dazzle"],"picked":"hierophant:Chorus","floor":22},{"not_picked":["hierophant:Purify","hierophant:Remorse","hierophant:Prophecy","hierophant:RepressedViolence"],"picked":"SKIP","floor":23},{"not_picked":["hierophant:ConvertCurrency","hierophant:RepressedViolence+1","hierophant:DisplayOfPower+1"],"picked":"hierophant:HammerAndAnvil+1","floor":24},{"not_picked":["hierophant:Refuge","hierophant:Charity","hierophant:EyeForCoin","hierophant:PassingBell"],"picked":"SKIP","floor":25},{"not_picked":["hierophant:SealAway","hierophant:Doubloon","hierophant:Remorse+1"],"picked":"hierophant:Encroach+1","floor":30}],"player_experience":1817814,"relics_obtained":[{"floor":7,"key":"Oddly Smooth Stone"},{"floor":9,"key":"Happy Flower"},{"floor":11,"key":"Akabeko"},{"floor":23,"key":"hierophant:DonationBoxRelic"},{"floor":25,"key":"StrikeDummy"},{"floor":26,"key":"Bag of Marbles"}],"event_choices":[{"damage_healed":0,"gold_gain":63,"player_choice":"Gained Gold","damage_taken":0,"max_hp_gain":0,"max_hp_loss":0,"event_name":"Golden Wing","floor":8,"gold_loss":0},{"cards_removed":["hierophant:Strike_Hierophant"],"damage_healed":0,"gold_gain":0,"player_choice":"Purged","damage_taken":0,"max_hp_gain":0,"max_hp_loss":0,"event_name":"Purifier","floor":13,"gold_loss":0},{"cards_removed":["hierophant:Strike_Hierophant"],"damage_healed":0,"gold_gain":0,"player_choice":"Gave Gold","damage_taken":0,"max_hp_gain":0,"max_hp_loss":0,"event_name":"Beggar","floor":20,"gold_loss":75},{"damage_healed":0,"gold_gain":0,"player_choice":"Smashed Altar","damage_taken":0,"max_hp_gain":0,"max_hp_loss":0,"event_name":"Forgotten Altar","floor":28,"gold_loss":0,"cards_obtained":["Decay"]}],"is_beta":false,"boss_relics":[{"not_picked":["Ectoplasm","Fusion Hammer"],"picked":"Philosopher\u0027s Stone"}],"items_purged_floors":[19,31],"is_endless":false,"potions_floor_spawned":[2,3,12,16,18,23,24,25],"killed_by":"Champ","ascension_level":15}}