{"host":"jlz4is0nf6zo9oab","time":1607824537,"event":{"mods":["AchievementEnabler","BaseMod","Colored Map","Colored Powertips","Highlight Path","Minty Spire (QoL Compilation)","StSLib"],"gold_per_floor":[112,130,80,97,97,97,125,125,125,125,145,145,47,81,81,177,177,187,66,166,178,178,178,0,0,46,46,57,57,57,68,68,170,170,189,189,169,186,200,200,200,200],"floor_reached":41,"playtime":1091,"items_purged":[],"score":615,"play_id":"c515892d-fdfb-4db5-b2cd-df6b2d6ef56f","local_time":"20201213025537","is_ascension_mode":true,"campfire_choices":[{"data":"Metallicize","floor":6,"key":"SMITH"},{"floor":8,"key":"REST"},{"data":"Uppercut","floor":10,"key":"SMITH"},{"data":"Bash","floor":12,"key":"SMITH"},{"data":"Inflame","floor":15,"key":"SMITH"},{"data":"Limit Break","floor":23,"key":"SMITH"},{"data":"Metallicize","floor":30,"key":"SMITH"},{"floor":32,"key":"REST"},{"floor":40,"key":"REST"}],"circlet_count":0,"master_deck":["AscendersBane","Strike_R","Strike_R","Strike_R","Strike_R","Defend_R","Defend_R","Defend_R","Bash+1","Pommel Strike","Metallicize+1","Uppercut+1","Inflame+1","Limit Break+1","Metallicize+1","Twin Strike","Twin Strike","Feed"],"relics":["Burning Blood","Art of War","Bottled Tornado","Question Card","Gremlin Horn","Bronze Scales","Cursed Key"],"acts_visited":["Exordium","TheCity","TheBeyond"],"potions_floor_usage":[2,16,18,31,38,39,39],"damage_taken":[{"damage":1,"enemies":"Cultist","floor":1,"turns":3},{"damage":6,"enemies":"Small Slimes","floor":2,"turns":2},{"damage":12,"enemies":"2 Louse","floor":4,"turns":3},{"damage":29,"enemies":"3 Sentries","floor":7,"turns":9},{"damage":0,"enemies":"Red Slaver","floor":11,"turns":3},{"damage":15,"enemies":"Gremlin Nob","floor":14,"turns":5},{"damage":35,"enemies":"Slime Boss","floor":16,"turns":10},{"damage":23,"enemies":"2 Thieves","floor":18,"turns":4},{"damage":8,"enemies":"Shell Parasite","floor":21,"turns":5},{"damage":23,"enemies":"Snake Plant","floor":28,"turns":4},{"damage":18,"enemies":"3 Cultists","floor":31,"turns":5},{"damage":96,"enemies":"Collector","floor":33,"turns":9},{"damage":17,"enemies":"Orb Walker","floor":35,"turns":3},{"damage":0,"enemies":"3 Shapes","floor":38,"turns":4},{"damage":43,"enemies":"Transient","floor":39,"turns":5},{"damage":78,"enemies":"Nemesis","floor":41,"turns":5}],"seed_played":"3737722050680878140","potions_obtained":[{"floor":1,"key":"Fire Potion"},{"floor":2,"key":"ElixirPotion"},{"floor":16,"key":"DuplicationPotion"},{"floor":21,"key":"Explosive Potion"},{"floor":33,"key":"Explosive Potion"},{"floor":37,"key":"Dexterity Potion"},{"floor":39,"key":"BloodPotion"}],"is_trial":false,"path_per_floor":["M","M","?","M","?","R","E","R","T","R","M","R","$","E","R","B",null,"M","$","?","M","$","R","?","?","T","?","M","?","R","M","R","B",null,"M","?","?","M","M","R","E"],"character_chosen":"IRONCLAD","items_purchased":["FairyPotion","Metallicize","Twin Strike"],"campfire_rested":3,"item_purchase_floors":[13,19,19],"current_hp_per_floor":[77,77,77,71,71,71,48,72,72,72,78,78,78,69,69,40,70,53,53,53,51,51,51,51,77,77,77,60,60,60,48,72,7,62,54,54,54,60,39,63,0,0],"gold":200,"neow_bonus":"RANDOM_COMMON_RELIC","is_daily":false,"chose_seed":false,"campfire_upgraded":6,"win_rate":0.0,"timestamp":1607824537,"path_taken":["M","?","?","M","?","R","E","R","T","R","M","R","$","E","R","BOSS","M","$","?","M","?","R","?","?","T","?","?","?","R","M","R","BOSS","M","?","?","M","M","R","E"],"items_purchased_type":["Potion","Card","Card"],"build_version":"2020-11-30","purchased_purges":0,"victory":false,"max_hp_per_floor":[80,80,80,80,80,80,80,80,80,80,80,80,80,80,80,80,80,80,80,80,80,80,80,80,80,80,80,80,80,80,80,80,80,80,83,83,83,83,83,83,83,83],"card_choices":[{"not_picked":["Carnage","Seeing Red"],"picked":"Pommel Strike","floor":1},{"not_picked":["Iron Wave","Perfected Strike"],"picked":"Metallicize","floor":2},{"not_picked":["Iron Wave","Heavy Blade"],"picked":"Uppercut","floor":4},{"not_picked":["Body Slam","Warcry","Sword Boomerang"],"picked":"SKIP","floor":7},{"not_picked":["Dark Embrace","Armaments","Iron Wave","Wild Strike"],"picked":"SKIP","floor":11},{"not_picked":["Wild Strike","Offering","True Grit"],"picked":"Inflame","floor":14},{"not_picked":["Impervious","Juggernaut","Offering"],"picked":"Limit Break","floor":16},{"not_picked":["Infernal Blade","True Grit","Flex","Wild Strike"],"picked":"SKIP","floor":18},{"not_picked":["Anger","Infernal Blade","Pommel Strike+1"],"picked":"Rampage","floor":21},{"not_picked":["Rupture","Armaments","Body Slam"],"picked":"Twin Strike","floor":28},{"not_picked":["Thunderclap","Wild Strike+1","Dark Embrace+1","Clash+1"],"picked":"SKIP","floor":31},{"not_picked":["Limit Break","Barricade","Immolate"],"picked":"Feed","floor":33},{"not_picked":["True Grit+1","Warcry+1","Clothesline","Heavy Blade"],"picked":"SKIP","floor":35},{"not_picked":["Infernal Blade+1","Pommel Strike+1","Wild Strike","Evolve"],"picked":"SKIP","floor":38},{"not_picked":["Flex","Disarm","Perfected Strike","Havoc"],"picked":"SKIP","floor":39}],"player_experience":933839,"relics_obtained":[{"floor":7,"key":"Bottled Tornado"},{"floor":9,"key":"Question Card"},{"floor":14,"key":"Gremlin Horn"},{"floor":26,"key":"Bronze Scales"}],"event_choices":[{"cards_removed":["Strike_R"],"damage_healed":0,"gold_gain":0,"player_choice":"Card Removal","damage_taken":0,"max_hp_gain":0,"max_hp_loss":0,"event_name":"The Cleric","floor":3,"gold_loss":50},{"cards_removed":["Defend_R"],"damage_healed":0,"gold_gain":0,"player_choice":"Card Removal","damage_taken":0,"max_hp_gain":0,"max_hp_loss":0,"event_name":"Wheel of Change","floor":5,"gold_loss":0},{"damage_healed":0,"gold_gain":100,"player_choice":"Pray","damage_taken":0,"max_hp_gain":0,"max_hp_loss":0,"event_name":"Golden Shrine","floor":20,"gold_loss":0},{"damage_healed":0,"gold_gain":0,"player_choice":"Paid Fearfully","damage_taken":0,"max_hp_gain":0,"max_hp_loss":0,"event_name":"Masked Bandits","floor":24,"gold_loss":178},{"damage_healed":26,"gold_gain":0,"player_choice":"Heal","damage_taken":0,"max_hp_gain":0,"max_hp_loss":0,"event_name":"The Library","floor":25,"gold_loss":0},{"damage_healed":0,"gold_gain":0,"player_choice":"Ignored","damage_taken":0,"max_hp_gain":0,"max_hp_loss":0,"event_name":"N\u0027loth","floor":27,"gold_loss":0},{"damage_healed":0,"gold_gain":0,"player_choice":"Ignored","damage_taken":0,"max_hp_gain":0,"max_hp_loss":0,"event_name":"Cursed Tome","floor":29,"gold_loss":0},{"cards_removed":["Rampage"],"damage_healed":0,"gold_gain":0,"player_choice":"Removed Attack","damage_taken":0,"max_hp_gain":0,"max_hp_loss":0,"event_name":"Falling","floor":36,"gold_loss":0},{"damage_healed":0,"gold_gain":0,"player_choice":"Bought 1 Potion","damage_taken":0,"max_hp_gain":0,"max_hp_loss":0,"event_name":"The Woman in Blue","floor":37,"gold_loss":0}],"is_beta":false,"boss_relics":[{"not_picked":["Pandora\u0027s Box","Philosopher\u0027s Stone","Snecko Eye"]},{"not_picked":["Fusion Hammer","SacredBark"],"picked":"Cursed Key"}],"items_purged_floors":[],"is_endless":false,"potions_floor_spawned":[1,2,16,21,28,33,39],"killed_by":"Nemesis","ascension_level":11}}