{"host":"es9iqxsx76c74tza","time":1607829422,"event":{"mods":["BaseMod","Colored Map","Colored Powertips","Downfall","Lobotomy","LobotomyExtend","Minty Spire (QoL Compilation)","Quick Restart","Relic Stats","StSLib"],"gold_per_floor":[111,111,39,39,52,52,77,77,77,77,77,77,48,64,64,64,64],"floor_reached":16,"playtime":323,"items_purged":[],"score":88,"play_id":"342b5a2a-a4b4-4a32-ac3b-845393d72718","local_time":"20201213111702","is_ascension_mode":false,"campfire_choices":[{"data":"Second Wind","floor":6,"key":"SMITH"},{"data":"Thunderclap","floor":8,"key":"SMITH"},{"data":"Defend_R","floor":10,"key":"SMITH"},{"data":"Defend_R","floor":12,"key":"SMITH"},{"data":"Whirlwind","floor":15,"key":"SMITH"}],"circlet_count":0,"master_deck":["Strike_R","Strike_R","Strike_R","Strike_R","Strike_R","Defend_R","Defend_R","Defend_R+1","Defend_R+1","Bash","Thunderclap+1","Second Wind+1","Whirlwind+1"],"relics":["Burning Blood","NeowsBlessing","LetterFromLob","Golden Idol","The Courier"],"acts_visited":["Exordium"],"potions_floor_usage":[16,16],"damage_taken":[{"damage":0,"enemies":"2 Louse","floor":1,"turns":1},{"damage":0,"enemies":"Small Slimes","floor":5,"turns":1},{"damage":0,"enemies":"Jaw Worm","floor":7,"turns":1},{"damage":36,"enemies":"Exordium Thugs","floor":14,"turns":4},{"damage":42,"enemies":"The Guardian","floor":16,"turns":9}],"seed_played":"-254074554803660062","potions_obtained":[{"floor":1,"key":"SkillPotion"},{"floor":7,"key":"BlessingOfTheForge"},{"floor":14,"key":"Energy Potion"}],"is_trial":false,"path_per_floor":["M","?","$","?","M","R","M","R","T","R","M","R","$","M","R","B"],"character_chosen":"IRONCLAD","items_purchased":["Second Wind","Whirlwind"],"campfire_rested":0,"item_purchase_floors":[3,13],"current_hp_per_floor":[80,80,80,60,66,66,72,72,72,72,72,72,72,42,42,0,0],"gold":64,"neow_bonus":"THREE_ENEMY_KILL","is_daily":false,"chose_seed":false,"campfire_upgraded":5,"win_rate":0.0,"timestamp":1607829422,"path_taken":["M","?","$","?","M","R","M","R","T","R","M","R","?","M","R","BOSS"],"items_purchased_type":["Card","Card"],"build_version":"2020-11-30","purchased_purges":0,"victory":false,"max_hp_per_floor":[80,80,80,80,80,80,80,80,80,80,80,80,80,80,80,80,80],"relic_stats":{"counters":[5,16],"Golden Idol":11,"obtain_stats":[{"NeowsBlessing":0,"Golden Idol":4,"The Courier":9,"LetterFromLob":1,"Burning Blood":0},{"NeowsBlessing":0,"Golden Idol":1,"The Courier":3,"LetterFromLob":1,"Burning Blood":0},{"NeowsBlessing":0,"Golden Idol":1,"The Courier":3,"LetterFromLob":1,"Burning Blood":0}],"Burning Blood":18},"card_choices":[{"not_picked":["Bloodletting","Iron Wave"],"picked":"Thunderclap","floor":1},{"not_picked":["Havoc","Metallicize","Iron Wave"],"picked":"SKIP","floor":5},{"not_picked":["Heavy Blade","Rampage","Dual Wield"],"picked":"SKIP","floor":7},{"not_picked":["Cleave","Thunderclap","Twin Strike"],"picked":"SKIP","floor":14}],"player_experience":278538,"relics_obtained":[{"floor":1,"key":"LetterFromLob"},{"floor":9,"key":"The Courier"}],"event_choices":[{"damage_healed":0,"gold_gain":0,"player_choice":"Take Damage","damage_taken":20,"relics_obtained":["Golden Idol"],"max_hp_gain":0,"max_hp_loss":0,"event_name":"Golden Idol","floor":4,"gold_loss":0}],"is_beta":false,"boss_relics":[],"items_purged_floors":[],"is_endless":false,"potions_floor_spawned":[1,7,14],"killed_by":"The Guardian","ascension_level":0}}