{"host":"g75gtovmj0ine2rf","time":1607852836,"event":{"mods":["2.2 Compatiblity","AchievementEnabler","Act Like it!","Aspiration","Astrologer","Bard","BaseMod","Better Match","BetterRewards","CapriCore","Challenge The Spire","ChefMod","Colored Map","Conspire","Elementarium","Energized Spire","Friendly Minions","Gensokyo","Halation","Hallownest","Hermit","HexUI Lib","Highlight Path","Hubris","Infinite Spire","Jedi Mod","Lobotomy","Minty Spire (QoL Compilation)","Puzzle Mod","Quick Restart","Rare Cards Sparkle","Relic Stats","Replay The Spire","Shade Mod","Shop Mod","Spicy Shops","StSLib","SuperFastMode","The Construct","The Cursed","The Factory","The Jungle","The Runesmith","TheBandit","TheFirefly","TheSwordswoman","TheVacant","Transform Curses","Wandering Minibosses","thorton","vexMod"],"gold_per_floor":[117,137,62,74,74,104,64,64,64,64,98,98,0,0,0,0,0,0],"floor_reached":16,"playtime":772,"items_purged":["wariomod:Leap"],"score":179,"play_id":"820b9f5b-ef25-4191-8a4e-cb1f7130c97d","local_time":"20201213204716","is_ascension_mode":true,"campfire_choices":[{"data":"wariomod:Bomblaster","floor":8,"key":"SMITH"},{"data":"wariomod:MassiveParty","floor":12,"key":"SMITH"},{"data":"wariomod:Step","floor":15,"key":"SMITH"}],"circlet_count":0,"master_deck":["AscendersBane","wariomod:Strike","wariomod:Strike","wariomod:Strike","wariomod:Strike","wariomod:Defend","wariomod:Defend","wariomod:Defend","wariomod:Defend","wariomod:Step+1","wariomod:Bomblaster+1","wariomod:BodyBlock","wariomod:MassiveParty+1","wariomod:SmackSlam","wariomod:RacingSpeed"],"relics":["wariomod:TheHat","hubris:Icosahedron","Hallownest:BankAccountRelic","Anchor","Kunai","aspiration:HummingbirdHeart","thethorton:BankDeed"],"acts_visited":["Exordium"],"potions_floor_usage":[],"damage_taken":[{"damage":2,"enemies":"Hallownest:2_MossCreeps","floor":1,"turns":5},{"damage":7,"enemies":"Hallownest:2_Baldur","floor":2,"turns":3},{"damage":7,"enemies":"Hallownest:monsterHuskGuard","floor":4,"turns":4},{"damage":0,"enemies":"Hallownest:monsterAspidMother","floor":5,"turns":3},{"damage":17,"enemies":"Hallownest:eliteVengeflyKing","floor":6,"turns":7},{"damage":10,"enemies":"Hallownest:eliteCrystalGuardian","floor":11,"turns":7},{"damage":51,"enemies":"Hallownest:BossHornet","floor":16,"turns":12}],"seed_played":"3433361134564654588","potions_obtained":[{"floor":1,"key":"AttackPotion"},{"floor":2,"key":"SpeedPotion"}],"is_trial":false,"path_per_floor":["M","M","?","M","M","E","?","R","T","?","E","R","$","T","R","B"],"character_chosen":"THE_BANDIT","items_purchased":["wariomod:RacingSpeed"],"campfire_rested":0,"item_purchase_floors":[13],"current_hp_per_floor":[63,56,56,49,49,32,52,52,52,59,49,49,49,49,49,0,0,0],"gold":0,"neow_bonus":"RANDOM_EVENT","is_daily":false,"chose_seed":false,"campfire_upgraded":3,"win_rate":0.0,"timestamp":1607852836,"path_taken":["M","M","?","M","M","E","?","R","T","?","E","R","$","?","R","BOSS"],"items_purchased_type":["Card"],"build_version":"2020-11-30","purchased_purges":1,"victory":false,"max_hp_per_floor":[72,72,72,72,72,72,72,72,72,72,72,72,72,72,72,72,72,72],"relic_stats":{"counters":[7,41],"Kunai":[6],"obtain_stats":[{"Anchor":6,"hubris:Icosahedron":0,"Hallownest:BankAccountRelic":3,"wariomod:TheHat":0,"aspiration:HummingbirdHeart":11,"Kunai":9,"thethorton:BankDeed":14},{"Anchor":5,"hubris:Icosahedron":0,"Hallownest:BankAccountRelic":2,"wariomod:TheHat":0,"aspiration:HummingbirdHeart":6,"Kunai":5,"thethorton:BankDeed":6},{"Anchor":22,"hubris:Icosahedron":0,"Hallownest:BankAccountRelic":8,"wariomod:TheHat":0,"aspiration:HummingbirdHeart":29,"Kunai":22,"thethorton:BankDeed":29}]},"card_choices":[{"not_picked":["wariomod:DiceyMove","wariomod:SimpleShield"],"picked":"wariomod:Bomblaster","floor":1},{"not_picked":["wariomod:SpikeSlash","wariomod:DoubleDash"],"picked":"wariomod:BodyBlock","floor":2},{"not_picked":["wariomod:f","wariomod:AwfulLook"],"picked":"wariomod:MassiveParty","floor":4},{"not_picked":["wariomod:DanceDash","wariomod:PayItForwards","wariomod:ThatsNotAll"],"picked":"SKIP","floor":5},{"not_picked":["wariomod:DisarmingMoves","wariomod:DanceDash","wariomod:DonateDraw"],"picked":"SKIP","floor":6},{"not_picked":["wariomod:Leapslam","wariomod:DropBash"],"picked":"wariomod:SmackSlam","floor":11}],"player_experience":1318278,"relics_obtained":[{"floor":6,"key":"Anchor"},{"floor":9,"key":"Kunai"},{"floor":11,"key":"aspiration:HummingbirdHeart"},{"floor":14,"key":"thethorton:BankDeed"}],"event_choices":[],"is_beta":false,"boss_relics":[],"items_purged_floors":[13],"is_endless":false,"potions_floor_spawned":[1,2,11],"killed_by":"Hallownest:BossHornet","ascension_level":17}}