{"host":"ow9msrs9p2ctkx99","time":1607865802,"event":{"mods":["AchievementEnabler","BaseMod","Colored Map","Colored Powertips","Minty Spire (QoL Compilation)","Permanent Neow","Quick Restart","SuperFastMode"],"gold_per_floor":[110,110,285,299,224,252,268,16,16,16,55,55,95,115,115,225,234,261,261,275,123,123,123,123,123],"floor_reached":24,"playtime":455,"items_purged":["Doubt","Strike_B"],"score":367,"play_id":"47bc7b7a-6c42-4d18-8476-5a01bd9af698","local_time":"20201213142322","is_ascension_mode":true,"campfire_choices":[{"data":"Sunder","floor":10,"key":"SMITH"},{"floor":12,"key":"REST"},{"data":"Consume","floor":15,"key":"SMITH"},{"floor":23,"key":"REST"}],"circlet_count":0,"master_deck":["AscendersBane","Strike_B","Strike_B","Strike_B","Defend_B","Defend_B","Defend_B","Defend_B","Zap","Dualcast","Rainbow","Steam","Turbo","Steam","Sunder+1","Self Repair","Conserve Battery","Consume+1","Biased Cognition","CurseOfTheBell","Aggregate+1"],"relics":["Cracked Core","Calipers","Toolbox","TungstenRod","CeramicFish","Lizard Tail","Calling Bell","Lantern","Singing Bowl","CaptainsWheel","PrismaticShard","Nilry\u0027s Codex"],"acts_visited":["Exordium","TheCity"],"potions_floor_usage":[11,16,24],"damage_taken":[{"damage":0,"enemies":"2 Louse","floor":1,"turns":3},{"damage":10,"enemies":"Small Slimes","floor":4,"turns":3},{"damage":22,"enemies":"Lagavulin","floor":6,"turns":6},{"damage":2,"enemies":"Jaw Worm","floor":7,"turns":3},{"damage":0,"enemies":"3 Sentries","floor":11,"turns":3},{"damage":25,"enemies":"Gremlin Nob","floor":13,"turns":5},{"damage":3,"enemies":"Looter","floor":14,"turns":3},{"damage":17,"enemies":"The Guardian","floor":16,"turns":8},{"damage":13,"enemies":"Spheric Guardian","floor":18,"turns":6},{"damage":10,"enemies":"3 Byrds","floor":20,"turns":5},{"damage":92,"enemies":"Gremlin Leader","floor":24,"turns":8}],"seed_played":"3730054716428381189","potions_obtained":[{"floor":1,"key":"Block Potion"},{"floor":7,"key":"Strength Potion"},{"floor":13,"key":"PowerPotion"},{"floor":20,"key":"Block Potion"}],"is_trial":false,"path_per_floor":["M","?","?","M","$","E","M","$","T","R","E","R","E","M","R","B",null,"M","?","M","$","?","R","E"],"character_chosen":"DEFECT","items_purchased":["Toolbox","PrismaticShard"],"campfire_rested":2,"item_purchase_floors":[8,21],"current_hp_per_floor":[68,61,61,51,51,29,27,27,27,27,27,49,31,35,35,25,63,57,44,36,36,24,48,0,0],"gold":123,"neow_bonus":"THREE_RARE_CARDS","is_daily":false,"chose_seed":false,"campfire_upgraded":2,"win_rate":0.0,"timestamp":1607865802,"path_taken":["M","?","?","M","$","E","M","$","T","R","E","R","E","M","R","BOSS","M","?","M","$","?","R","E"],"items_purchased_type":["Relic","Relic"],"build_version":"2020-11-30","purchased_purges":2,"victory":false,"max_hp_per_floor":[75,75,75,75,75,75,75,75,75,75,75,75,75,75,75,75,75,75,80,82,82,82,82,82,82],"card_choices":[{"not_picked":["All For One","Fission"],"picked":"Rainbow","floor":0},{"not_picked":["Conserve Battery","Compile Driver"],"picked":"Steam","floor":1},{"not_picked":["Conserve Battery","Chaos"],"picked":"Turbo","floor":4},{"not_picked":["Hyperbeam","Meteor Strike"],"picked":"Steam","floor":6},{"not_picked":["Rebound","Turbo"],"picked":"Sunder","floor":7},{"not_picked":["Gash","Thunder Strike"],"picked":"Self Repair","floor":11},{"not_picked":["Barrage","Redo"],"picked":"Conserve Battery","floor":13},{"not_picked":["Chill","Cold Snap"],"picked":"Consume","floor":14},{"not_picked":["Hyperbeam","Creative AI"],"picked":"Biased Cognition","floor":16},{"not_picked":["Barrage","Sweeping Beam"],"picked":"Aggregate+1","floor":18},{"not_picked":["Melter","Beam Cell","Heatsinks"],"picked":"Singing Bowl","floor":20}],"player_experience":1013391,"relics_obtained":[{"floor":6,"key":"Calipers"},{"floor":9,"key":"TungstenRod"},{"floor":11,"key":"CeramicFish"},{"floor":13,"key":"Lizard Tail"},{"floor":17,"key":"Lantern"},{"floor":17,"key":"Singing Bowl"},{"floor":17,"key":"CaptainsWheel"},{"floor":22,"key":"Nilry\u0027s Codex"}],"event_choices":[{"cards_removed":["Doubt"],"damage_healed":0,"gold_gain":0,"player_choice":"Card Removal","damage_taken":7,"max_hp_gain":0,"max_hp_loss":0,"event_name":"Golden Wing","floor":2,"gold_loss":0},{"damage_healed":0,"gold_gain":175,"player_choice":"AGREE","damage_taken":0,"max_hp_gain":0,"max_hp_loss":0,"event_name":"Liars Game","floor":3,"gold_loss":0,"cards_obtained":["Doubt"]},{"damage_healed":0,"gold_gain":0,"player_choice":"Shed Blood","damage_taken":19,"max_hp_gain":5,"max_hp_loss":0,"event_name":"Forgotten Altar","floor":19,"gold_loss":0},{"damage_healed":0,"gold_gain":0,"player_choice":"Obtained Book","damage_taken":16,"max_hp_gain":0,"max_hp_loss":0,"event_name":"Cursed Tome","floor":22,"gold_loss":0}],"is_beta":false,"boss_relics":[{"not_picked":["SlaversCollar","Velvet Choker"],"picked":"Calling Bell"}],"items_purged_floors":[5,8],"is_endless":false,"potions_floor_spawned":[1,7,13,20],"killed_by":"Gremlin Leader","ascension_level":11}}