{"host":"hfxp6ue4pvwo3fit","time":1607827700,"event":{"mods":["AchievementEnabler","BaseMod","Colored Map","Colored Powertips","Highlight Path","Minty Spire (QoL Compilation)","StSLib","SuperFastMode"],"gold_per_floor":[17,17,17,35,58,97,97,111,162,162,183,223,223,236,236,329,329,350,375,390,480,503,503,503],"floor_reached":23,"playtime":1056,"items_purged":[],"score":349,"play_id":"f2371d00-521b-48c7-89b2-03ceba3804e8","local_time":"20201212204820","is_ascension_mode":true,"campfire_choices":[{"data":"Glacier","floor":7.0,"key":"SMITH"},{"data":"Darkness","floor":13.0,"key":"SMITH"},{"data":"Zap","floor":15.0,"key":"SMITH"}],"circlet_count":0,"master_deck":["AscendersBane","Strike_B","Strike_B","Strike_B","Strike_B","Defend_B","Defend_B","Defend_B","Defend_B","Zap+1","Dualcast","Hologram+1","Darkness+1","Ball Lightning","Glacier+1","Glacier","Ball Lightning","Loop","Compile Driver","Echo Form","Barrage"],"relics":["Cracked Core","Pocketwatch","Golden Idol","HornCleat","Centennial Puzzle","Nunchaku","Busted Crown"],"acts_visited":["Exordium","TheCity"],"potions_floor_usage":[],"damage_taken":[{"damage":2.0,"enemies":"Jaw Worm","floor":1.0,"turns":4.0},{"damage":0.0,"enemies":"2 Louse","floor":4.0,"turns":3.0},{"damage":1.0,"enemies":"Cultist","floor":5.0,"turns":4.0},{"damage":35.0,"enemies":"3 Sentries","floor":6.0,"turns":7.0},{"damage":3.0,"enemies":"Blue Slaver","floor":8.0,"turns":3.0},{"damage":4.0,"enemies":"Exordium Wildlife","floor":11.0,"turns":7.0},{"damage":10.0,"enemies":"Gremlin Nob","floor":12.0,"turns":4.0},{"damage":0.0,"enemies":"Red Slaver","floor":14.0,"turns":5.0},{"damage":30.0,"enemies":"Slime Boss","floor":16.0,"turns":12.0},{"damage":0.0,"enemies":"Shell Parasite","floor":18.0,"turns":8.0},{"damage":0.0,"enemies":"Spheric Guardian","floor":19.0,"turns":5.0},{"damage":3.0,"enemies":"3 Cultists","floor":20.0,"turns":6.0},{"damage":14.0,"enemies":"Cultist and Chosen","floor":22.0,"turns":5.0},{"damage":25,"enemies":"Slavers","floor":23,"turns":3}],"seed_played":"5789079273239468828","potions_obtained":[{"floor":4.0,"key":"SpeedPotion"},{"floor":5.0,"key":"Regen Potion"},{"floor":11.0,"key":"Regen Potion"},{"floor":12.0,"key":"Explosive Potion"},{"floor":22,"key":"FocusPotion"}],"is_trial":false,"path_per_floor":["M","?","?","M","M","E","R","M","T","?","M","E","R","M","R","B",null,"M","M","M","?","M","E"],"character_chosen":"DEFECT","items_purchased":[],"campfire_rested":0,"item_purchase_floors":[],"current_hp_per_floor":[62,62,62,62,61,41,41,38,38,60,56,46,46,46,46,16,54,54,54,51,39,25,0,0],"gold":503,"neow_bonus":"ONE_RARE_RELIC","is_daily":false,"chose_seed":false,"campfire_upgraded":3,"win_rate":0.0,"timestamp":1607827700,"path_taken":["M","?","?","?","M","E","R","M","T","?","M","E","R","M","R","BOSS","M","M","M","?","?","E"],"items_purchased_type":[],"build_version":"2020-11-30","purchased_purges":0,"victory":false,"max_hp_per_floor":[71,66,66,66,66,66,66,66,66,66,66,66,66,66,66,66,66,66,66,66,66,66,66,66],"card_choices":[{"not_picked":["Beam Cell","Rip and Tear"],"picked":"Hologram","floor":1.0},{"not_picked":["Beam Cell","Hologram"],"picked":"Darkness","floor":4.0},{"not_picked":["Recycle","Turbo"],"picked":"Ball Lightning","floor":5.0},{"not_picked":["Cold Snap","Self Repair"],"picked":"Glacier","floor":6.0},{"not_picked":["Melter","Fusion"],"picked":"Glacier","floor":8.0},{"not_picked":["Skim","Hello World"],"picked":"Ball Lightning","floor":11.0},{"not_picked":["Sweeping Beam","Redo"],"picked":"Loop","floor":12.0},{"not_picked":["Tempest","Scrape"],"picked":"Compile Driver","floor":14.0},{"not_picked":["Reboot","Creative AI"],"picked":"Echo Form","floor":16.0},{"not_picked":[],"picked":"Barrage","floor":18.0},{"not_picked":["Gash"],"picked":"SKIP","floor":19.0},{"not_picked":["Hologram"],"picked":"SKIP","floor":20.0},{"not_picked":["Leap"],"picked":"SKIP","floor":22}],"player_experience":370314,"relics_obtained":[{"floor":6.0,"key":"HornCleat"},{"floor":9.0,"key":"Centennial Puzzle"},{"floor":12.0,"key":"Nunchaku"}],"event_choices":[{"damage_healed":0.0,"max_hp_gain":0.0,"max_hp_loss":5.0,"gold_gain":0.0,"event_name":"Golden Idol","player_choice":"Lose Max HP","floor":2.0,"gold_loss":0.0,"damage_taken":0.0,"relics_obtained":["Golden Idol"]},{"damage_healed":0.0,"max_hp_gain":0.0,"max_hp_loss":0.0,"gold_gain":0.0,"event_name":"Accursed Blacksmith","player_choice":"Forge","floor":3.0,"gold_loss":0.0,"damage_taken":0.0,"cards_upgraded":["Hologram"]},{"damage_healed":22.0,"max_hp_gain":0.0,"max_hp_loss":0.0,"gold_gain":0.0,"event_name":"Big Fish","player_choice":"Banana","floor":10.0,"gold_loss":0.0,"damage_taken":0.0},{"damage_healed":0.0,"max_hp_gain":0.0,"max_hp_loss":0.0,"gold_gain":90.0,"event_name":"Knowing Skull","player_choice":"GOLD ","floor":21.0,"potions_obtained":[],"gold_loss":0.0,"damage_taken":12.0,"cards_obtained":[]}],"is_beta":false,"boss_relics":[{"not_picked":["Runic Pyramid","Velvet Choker"],"picked":"Busted Crown"}],"items_purged_floors":[],"is_endless":false,"potions_floor_spawned":[4,5,11,12,19,22],"killed_by":"Slavers","ascension_level":14}}