{"host":"qwttrqaysb380yri","time":1607829847,"event":{"mods":["BaseMod","Custom Start","Minty Spire (QoL Compilation)","Puzzle Mod","Relic Stats","StSLib","The Cursed","The Hierophant"],"gold_per_floor":[113,141,163,164,164,19,19,42,42,42,42,405,438,24,24,82,82,96,96,116,116,40,40,76,56,56,63,77,77,73,73],"floor_reached":30,"playtime":880,"items_purged":[],"score":483,"play_id":"11266783-089f-4cd3-9c1b-2b0d71c7cc53","local_time":"20201213042407","is_ascension_mode":true,"campfire_choices":[{"floor":7.0,"key":"REST"},{"data":"hierophant:LocustPlague","floor":11,"key":"SMITH"},{"data":"hierophant:LocustPlague","floor":15,"key":"SMITH"},{"data":"hierophant:PristineSoul","floor":23,"key":"SMITH"},{"floor":29,"key":"REST"}],"circlet_count":0,"master_deck":["AscendersBane","hierophant:Strike_Hierophant","hierophant:Strike_Hierophant","hierophant:Punish","hierophant:Defend_Hierophant","hierophant:Defend_Hierophant","hierophant:Defend_Hierophant","hierophant:Defend_Hierophant","hierophant:ChurchCoffers","hierophant:Anathema","hierophant:Doubloon","hierophant:DisplayOfPower","hierophant:Purify","hierophant:Purify","hierophant:LocustPlague+1","hierophant:Bribe","hierophant:Endure","hierophant:HolyVerse","hierophant:LocustPlague+1","hierophant:SolarFlare","hierophant:Exaltation","hierophant:LocustPlague","hierophant:MorningPrayer","hierophant:Smite","hierophant:Bribe","hierophant:PristineSoul+1","hierophant:SolarFlare","hierophant:MorningPrayer","hierophant:Embezzle+1"],"relics":["hierophant:PropheticMaskRelic","Strange Spoon","MealTicket","HornCleat","Old Coin","Omamori","White Beast Statue","Velvet Choker","Bird Faced Urn","InkBottle","Bag of Marbles"],"acts_visited":["Exordium","TheCity"],"potions_floor_usage":[13,16,24,27,30],"damage_taken":[{"damage":3.0,"enemies":"2 Louse","floor":1.0,"turns":2.0},{"damage":11.0,"enemies":"Cultist","floor":2.0,"turns":4.0},{"damage":12.0,"enemies":"Jaw Worm","floor":3.0,"turns":2.0},{"damage":16.0,"enemies":"Exordium Wildlife","floor":4.0,"turns":4.0},{"damage":25.0,"enemies":"3 Sentries","floor":8.0,"turns":6.0},{"damage":2,"enemies":"Gremlin Nob","floor":12,"turns":3},{"damage":20,"enemies":"Lagavulin","floor":13,"turns":5},{"damage":3,"enemies":"Hexaghost","floor":16,"turns":6},{"damage":3,"enemies":"2 Thieves","floor":18,"turns":4},{"damage":6,"enemies":"Chosen","floor":20,"turns":5},{"damage":16,"enemies":"Gremlin Leader","floor":24,"turns":3},{"damage":20,"enemies":"Shelled Parasite and Fungi","floor":25,"turns":3},{"damage":8,"enemies":"Book of Stabbing","floor":27,"turns":3},{"damage":0,"enemies":"Snecko","floor":28,"turns":5},{"damage":36,"enemies":"Gremlin Leader","floor":30,"turns":6}],"seed_played":"-8926310427343951892","potions_obtained":[{"floor":2.0,"key":"GamblersBrew"},{"floor":8.0,"key":"Regen Potion"},{"floor":13,"key":"Strength Potion"},{"floor":16,"key":"CultistPotion"},{"floor":18,"key":"Strength Potion"},{"floor":24,"key":"Dexterity Potion"},{"floor":25,"key":"FearPotion"},{"floor":27,"key":"FearPotion"}],"is_trial":false,"path_per_floor":["M","M","M","M","?","$","R","E","T","$","R","?","E","$","R","B",null,"M","?","M","?","$","R","E","M","T","E","M","R","E"],"character_chosen":"HIEROPHANT","items_purchased":["Strange Spoon","White Beast Statue","hierophant:SolarFlare","hierophant:Exaltation","hierophant:PristineSoul"],"campfire_rested":2,"item_purchase_floors":[6,14,14,14,22],"current_hp_per_floor":[65,54,42,26,26,26,48,23,23,38,38,36,30,45,45,42,67,64,64,58,58,73,73,57,37,37,29,29,51,15,15],"gold":73,"neow_bonus":"ONE_RANDOM_RARE_CARD","is_daily":false,"chose_seed":false,"campfire_upgraded":3,"win_rate":0.0,"timestamp":1607829847,"path_taken":["M","M","M","M","?","?","R","E","T","$","R","?","E","?","R","BOSS","M","?","M","?","$","R","E","M","T","E","M","R","E"],"items_purchased_type":["Relic","Relic","Card","Card","Card"],"build_version":"2020-11-30","purchased_purges":0,"victory":false,"max_hp_per_floor":[75,75,75,75,75,75,75,75,75,75,75,75,75,75,75,75,75,75,75,75,75,75,75,75,75,75,75,75,75,75,75],"relic_stats":{"Strange Spoon":[9],"counters":[15,61],"Bird Faced Urn":[0],"MealTicket":45,"obtain_stats":[{"Strange Spoon":6,"HornCleat":9,"hierophant:PropheticMaskRelic":0,"Bird Faced Urn":24,"Velvet Choker":17,"MealTicket":8,"Omamori":13,"Bag of Marbles":27,"White Beast Statue":14,"InkBottle":26,"Old Coin":12},{"Strange Spoon":4,"HornCleat":5,"hierophant:PropheticMaskRelic":0,"Bird Faced Urn":11,"Velvet Choker":8,"MealTicket":5,"Omamori":7,"Bag of Marbles":13,"White Beast Statue":7,"InkBottle":12,"Old Coin":6},{"Strange Spoon":12,"HornCleat":18,"hierophant:PropheticMaskRelic":0,"Bird Faced Urn":44,"Velvet Choker":32,"MealTicket":18,"Omamori":26,"Bag of Marbles":50,"White Beast Statue":26,"InkBottle":47,"Old Coin":21}],"InkBottle":[3]},"card_choices":[{"not_picked":["hierophant:Shelter","hierophant:Doomsaying"],"picked":"hierophant:Doubloon","floor":1.0},{"not_picked":["hierophant:OrnateBuckler","hierophant:Sermon"],"picked":"hierophant:DisplayOfPower","floor":2.0},{"not_picked":["hierophant:PassingBell","hierophant:Encroach"],"picked":"hierophant:Purify","floor":3.0},{"not_picked":["hierophant:Sermon","hierophant:EyeForCoin"],"picked":"hierophant:Purify","floor":4.0},{"not_picked":["hierophant:SecretStash","hierophant:Generosity"],"picked":"hierophant:Endure","floor":8.0},{"not_picked":["hierophant:MorningPrayer","hierophant:Sermon"],"picked":"hierophant:HolyVerse","floor":12},{"not_picked":["hierophant:Smite","hierophant:BulkyChest"],"picked":"hierophant:LocustPlague","floor":13},{"not_picked":["hierophant:Anathema","hierophant:Cornucopia"],"picked":"hierophant:LocustPlague","floor":16},{"not_picked":["hierophant:FlamingChariot","hierophant:ThreeLashes","hierophant:Smite"],"picked":"SKIP","floor":18},{"not_picked":["hierophant:FaithHealing","hierophant:HammerAndAnvil","hierophant:Zeal"],"picked":"SKIP","floor":20},{"not_picked":["hierophant:Alms","hierophant:SealAway","hierophant:Zeal"],"picked":"SKIP","floor":24},{"not_picked":["hierophant:OrnateBuckler","hierophant:Community+1"],"picked":"hierophant:SolarFlare","floor":25},{"not_picked":["hierophant:FlamingChariot","hierophant:PassingBell"],"picked":"hierophant:MorningPrayer","floor":27},{"not_picked":["hierophant:FlamingChariot","hierophant:Zeal"],"picked":"hierophant:Embezzle+1","floor":28}],"player_experience":1821836,"relics_obtained":[{"floor":8.0,"key":"MealTicket"},{"floor":9.0,"key":"HornCleat"},{"floor":12,"key":"Old Coin"},{"floor":13,"key":"Omamori"},{"floor":24,"key":"Bird Faced Urn"},{"floor":26,"key":"InkBottle"},{"floor":27,"key":"Bag of Marbles"}],"event_choices":[{"damage_healed":0.0,"max_hp_gain":0.0,"max_hp_loss":0.0,"gold_gain":0.0,"event_name":"Match and Keep!","player_choice":"2 cards matched","floor":5.0,"gold_loss":0.0,"damage_taken":0.0,"cards_obtained":["hierophant:LocustPlague","hierophant:Bribe"]},{"damage_healed":0,"gold_gain":0,"player_choice":"Searched \u00272\u0027 times","damage_taken":0,"max_hp_gain":0,"max_hp_loss":0,"event_name":"Dead Adventurer","floor":12,"gold_loss":0},{"damage_healed":0,"gold_gain":0,"player_choice":"Read","damage_taken":0,"max_hp_gain":0,"max_hp_loss":0,"event_name":"The Library","floor":19,"gold_loss":0,"cards_obtained":["hierophant:MorningPrayer"]},{"damage_healed":0,"gold_gain":0,"cards_transformed":["hierophant:Strike_Hierophant","hierophant:Strike_Hierophant"],"player_choice":"Became Test Subject","damage_taken":0,"max_hp_gain":0,"max_hp_loss":0,"event_name":"Drug Dealer","floor":21,"gold_loss":0,"cards_obtained":["hierophant:Smite","hierophant:Bribe"]}],"is_beta":false,"boss_relics":[{"not_picked":["SlaversCollar","Calling Bell"],"picked":"Velvet Choker"}],"items_purged_floors":[],"is_endless":false,"potions_floor_spawned":[2,8,13,16,18,20,24,25,27,28],"killed_by":"Gremlin Leader","ascension_level":15}}