{"host":"t7mx8yfj1no5p62f","time":1607840595,"event":{"mods":["BaseMod","Colored Map","Colored Powertips","Minty Spire (QoL Compilation)","Relic Stats","StSLib"],"gold_per_floor":[112,112,126,126,142,142,159,186,210,226,226,226,242,254,254,254,254],"floor_reached":16,"playtime":384,"items_purged":[],"score":208,"play_id":"a7e2839c-bc73-4621-9cea-f7d076ac86f6","local_time":"20201213012315","is_ascension_mode":true,"campfire_choices":[{"data":"Cleave","floor":6,"key":"SMITH"},{"data":"Armaments","floor":12,"key":"SMITH"},{"data":"Whirlwind","floor":15,"key":"SMITH"}],"circlet_count":0,"master_deck":["AscendersBane","Strike_R","Strike_R+1","Strike_R","Strike_R","Strike_R+1","Defend_R","Defend_R","Defend_R","Defend_R","Bash","Armaments+1","Perfected Strike+1","Cleave+1","Pommel Strike","Combust","Corruption","Ghostly Armor","Whirlwind+1"],"relics":["Burning Blood","Peace Pipe","Strawberry","Potion Belt"],"acts_visited":["Exordium"],"potions_floor_usage":[8,16],"damage_taken":[{"damage":5,"enemies":"2 Louse","floor":1,"turns":4},{"damage":11,"enemies":"Small Slimes","floor":3,"turns":3},{"damage":2,"enemies":"Jaw Worm","floor":5,"turns":3},{"damage":6,"enemies":"Blue Slaver","floor":7,"turns":4},{"damage":15,"enemies":"3 Sentries","floor":8,"turns":5},{"damage":7,"enemies":"Exordium Wildlife","floor":10,"turns":3},{"damage":7,"enemies":"3 Louse","floor":13,"turns":3},{"damage":8,"enemies":"Blue Slaver","floor":14,"turns":3},{"damage":12,"enemies":"Slime Boss","floor":16,"turns":5}],"seed_played":"5306902779846783379","potions_obtained":[{"floor":5,"key":"AttackPotion"},{"floor":7,"key":"Ancient Potion"},{"floor":10,"key":"FearPotion"},{"floor":14,"key":"EssenceOfSteel"}],"is_trial":false,"path_per_floor":["M","?","M","?","M","R","M","E","T","M","?","R","M","M","R","B"],"character_chosen":"IRONCLAD","items_purchased":[],"campfire_rested":0,"item_purchase_floors":[],"current_hp_per_floor":[51,28,23,23,27,27,27,25,25,24,24,24,23,21,21,9,9],"gold":254,"neow_bonus":"ONE_RARE_RELIC","is_daily":false,"chose_seed":false,"campfire_upgraded":3,"win_rate":0.0,"timestamp":1607840595,"path_taken":["M","?","M","?","M","R","M","E","T","M","?","R","M","M","R","BOSS"],"items_purchased_type":[],"build_version":"2020-11-30","purchased_purges":0,"victory":false,"max_hp_per_floor":[75,75,75,75,75,75,75,82,82,82,82,82,82,82,82,82,82],"relic_stats":{"Peace Pipe":0,"counters":[9,33],"obtain_stats":[{"Peace Pipe":0,"Potion Belt":9,"Strawberry":8,"Burning Blood":0},{"Peace Pipe":0,"Potion Belt":5,"Strawberry":5,"Burning Blood":0},{"Peace Pipe":0,"Potion Belt":19,"Strawberry":19,"Burning Blood":0}],"Burning Blood":48},"card_choices":[{"not_picked":["True Grit","Clash"],"picked":"Armaments","floor":1},{"not_picked":["Thunderclap","Bloodletting"],"picked":"Perfected Strike","floor":3},{"not_picked":["Wild Strike","Sword Boomerang"],"picked":"Cleave","floor":5},{"not_picked":["Searing Blow","Iron Wave"],"picked":"Pommel Strike","floor":7},{"not_picked":["Pummel","Clothesline"],"picked":"Combust","floor":8},{"not_picked":["Perfected Strike","Pommel Strike"],"picked":"Corruption","floor":10},{"not_picked":["Heavy Blade","Flex"],"picked":"Ghostly Armor","floor":13},{"not_picked":["Flex","Iron Wave"],"picked":"Whirlwind","floor":14}],"player_experience":1541692,"relics_obtained":[{"floor":8,"key":"Strawberry"},{"floor":9,"key":"Potion Belt"}],"event_choices":[{"damage_healed":0,"gold_gain":0,"player_choice":"Entered Light","damage_taken":23,"max_hp_gain":0,"max_hp_loss":0,"event_name":"Shining Light","floor":2,"gold_loss":0,"cards_upgraded":["Strike_R","Strike_R"]},{"damage_healed":0,"gold_gain":0,"player_choice":"Grow","damage_taken":0,"max_hp_gain":0,"max_hp_loss":0,"event_name":"Living Wall","floor":4,"gold_loss":0,"cards_upgraded":["Perfected Strike"]},{"damage_healed":0,"gold_gain":0,"player_choice":"Ignored","damage_taken":0,"max_hp_gain":0,"max_hp_loss":0,"event_name":"Liars Game","floor":11,"gold_loss":0}],"is_beta":false,"boss_relics":[],"items_purged_floors":[],"is_endless":false,"potions_floor_spawned":[5,7,10,14],"killed_by":"Slime Boss","ascension_level":20}}