{"host":"8g24zuco0epbjwbo","time":1607848434,"event":{"mods":["Act Like it!","Aspiration","BaseMod","Hubris","Infinite Spire","Minty Spire (QoL Compilation)","Relic Stats","Replay The Spire","StSLib","The Blue Laboratory","The Factory","The Jungle"],"gold_per_floor":[117,117,128,128,145,145,177,177,177,219,231,276,220,495,495,596,596,596,596],"floor_reached":18,"playtime":549,"items_purged":[],"score":185,"play_id":"c1c30bd2-439a-4cf5-82c0-73fbc087e41c","local_time":"20201213033354","is_ascension_mode":true,"campfire_choices":[{"data":"Replay:Poison Smokescreen","floor":6,"key":"SMITH"},{"data":"Bouncing Flask","floor":8,"key":"SMITH"},{"data":"Neutralize","floor":11,"key":"SMITH"},{"data":"Noxious Fumes","floor":15,"key":"SMITH"}],"circlet_count":0,"master_deck":["Strike_G","Strike_G","Strike_G","Strike_G","Strike_G","Defend_G","Defend_G","Defend_G","Defend_G","Survivor","Neutralize+1","Well Laid Plans","Replay:Poison Smokescreen+1","Bouncing Flask+1","Caltrops","Noxious Fumes+1","Regret","Envenom"],"relics":["Ring of the Snake","NeowsBlessing","Replay:Wax Seal","infinitespire:Broken Mirror","MawBank","Potion Belt","Replay:Rubber Ducky","Replay:Bronze Core"],"acts_visited":["Exordium","Exordium"],"potions_floor_usage":[],"damage_taken":[{"damage":0,"enemies":"2 Louse","floor":1,"turns":1},{"damage":0,"enemies":"Small Slimes","floor":3,"turns":1},{"damage":0,"enemies":"Cultist","floor":5,"turns":1},{"damage":4,"enemies":"Replay:BlueRogue","floor":7,"turns":7},{"damage":18,"enemies":"3 Sentries","floor":10,"turns":8},{"damage":13,"enemies":"Replay:BlueRogue","floor":12,"turns":5},{"damage":11,"enemies":"Hexaghost","floor":16,"turns":8},{"damage":28,"enemies":"theJungle:GiantWrat","floor":18,"turns":8}],"seed_played":"-2503783827909972244","potions_obtained":[{"floor":3,"key":"Elixir"},{"floor":7,"key":"blueLaboratory:HummingbirdPotion"},{"floor":12,"key":"blueLaboratory:EnvenomedCoating"}],"is_trial":false,"path_per_floor":["M","?","M","?","M","R","E","R","T","E","R","E","$","?","R","B",null,"M"],"character_chosen":"THE_SILENT","items_purchased":["Noxious Fumes"],"campfire_rested":0,"item_purchase_floors":[13],"current_hp_per_floor":[70,63,63,60,60,60,56,56,56,38,38,25,25,25,25,14,70,42,42],"gold":596,"neow_bonus":"THREE_ENEMY_KILL","is_daily":false,"chose_seed":false,"campfire_upgraded":4,"win_rate":0.0,"timestamp":1607848434,"path_taken":["M","?","M","?","M","R","E","R","T","E","R","E","$","?","R","BOSS","M"],"items_purchased_type":["Card"],"build_version":"2020-11-30","purchased_purges":0,"victory":false,"max_hp_per_floor":[70,70,70,70,70,70,70,70,70,70,70,70,70,70,70,70,70,70,70],"relic_stats":{"counters":[8,39],"MawBank":48,"obtain_stats":[{"Potion Belt":10,"NeowsBlessing":0,"infinitespire:Broken Mirror":7,"Replay:Bronze Core":17,"Replay:Wax Seal":4,"MawBank":9,"Ring of the Snake":0,"Replay:Rubber Ducky":12},{"Potion Belt":5,"NeowsBlessing":0,"infinitespire:Broken Mirror":4,"Replay:Bronze Core":7,"Replay:Wax Seal":2,"MawBank":4,"Ring of the Snake":0,"Replay:Rubber Ducky":6},{"Potion Belt":18,"NeowsBlessing":0,"infinitespire:Broken Mirror":10,"Replay:Bronze Core":31,"Replay:Wax Seal":2,"MawBank":10,"Ring of the Snake":0,"Replay:Rubber Ducky":23}],"Ring of the Snake":[16]},"card_choices":[{"not_picked":["Poisoned Stab","Endless Agony"],"picked":"Well Laid Plans","floor":1},{"not_picked":["hubris:TrickCloak","Blur"],"picked":"Replay:Poison Smokescreen","floor":3},{"not_picked":["Deflect","Dagger Spray","Outmaneuver"],"picked":"SKIP","floor":5},{"not_picked":["Poisoned Stab","Dagger Throw"],"picked":"Bouncing Flask","floor":7},{"not_picked":["Deflect","Finisher","Dodge and Roll"],"picked":"SKIP","floor":10},{"not_picked":["hubris:SlightOfHand","A Thousand Cuts"],"picked":"Caltrops","floor":12},{"not_picked":["Unload","Storm of Steel"],"picked":"Envenom","floor":16}],"player_experience":325484,"relics_obtained":[{"floor":7,"key":"infinitespire:Broken Mirror"},{"floor":9,"key":"MawBank"},{"floor":10,"key":"Potion Belt"},{"floor":12,"key":"Replay:Rubber Ducky"}],"event_choices":[{"cards_removed":["Defend_G"],"damage_healed":0,"gold_gain":0,"player_choice":"Card Removal","damage_taken":7,"max_hp_gain":0,"max_hp_loss":0,"event_name":"Golden Wing","floor":2,"gold_loss":0},{"damage_healed":0,"gold_gain":0,"player_choice":"Success","damage_taken":3,"relics_obtained":["Replay:Wax Seal"],"max_hp_gain":0,"max_hp_loss":0,"event_name":"Scrap Ooze","floor":4,"gold_loss":0},{"damage_healed":0,"gold_gain":275,"player_choice":"Desecrate","damage_taken":0,"max_hp_gain":0,"max_hp_loss":0,"event_name":"Golden Shrine","floor":14,"gold_loss":0,"cards_obtained":["Regret"]}],"is_beta":false,"boss_relics":[{"not_picked":["Honey Jar","Replay:Wanted Poster"],"picked":"Replay:Bronze Core"}],"items_purged_floors":[],"is_endless":false,"potions_floor_spawned":[3,7,12],"killed_by":"theJungle:GiantWrat","ascension_level":1}}