{"host":"glov7fr9isr0b8g3","time":1607888888,"event":{"mods":["BaseMod","Downfall","Hubris","Infinite Spire","Mimic Mod","Minty Spire (QoL Compilation)","StSLib","The Construct"],"gold_per_floor":[109,109,109,128,128,162,28,28,28,72,259,289,301,44,44,142,142,153,153,169,169,169,169,169,188,188,188,204,233,233,233,233,233,233],"floor_reached":33,"playtime":3051,"items_purged":[],"score":293,"play_id":"c5aaac82-8088-4a8e-8ba4-320a143751cb","local_time":"20201213114808","is_ascension_mode":false,"campfire_choices":[{"floor":8,"key":"REST"},{"floor":15,"key":"REST"},{"floor":27,"key":"REST"},{"floor":30,"key":"REST"},{"data":"hubris:DuctTapeCard","floor":32,"key":"SMITH"}],"circlet_count":0,"master_deck":["construct:Strike_Gold+1","construct:Strike_Gold+1","construct:Strike_Gold+1","construct:Strike_Gold+1","construct:Strike_Gold+1","construct:Defend_Gold+1","construct:Defend_Gold+1","construct:Defend_Gold+1","construct:Defend_Gold+1","construct:Defend_Gold+1","construct:AttackMode","construct:DefenseMode","construct:Overcharge","construct:Analyze","construct:Versatility","construct:Electrocute","construct:ScrapCannon","construct:ScrapCannon","construct:FocusedBeam","construct:LaserCore","construct:ModeShift","construct:BatteryCore","construct:Missile","construct:Versatility","Writhe","Slimebound:CheckThePlaybook","construct:PowerUp+1","hubris:DuctTapeCard+2","construct:Isolate+1"],"relics":["construct:Cogwheel","construct:BoolHorns","Spirit Poop","Juzu Bracelet","MawBank","Sundial","infinitespire:PuzzleCube","ClockworkSouvenir","construct:ClawGrip","infinitespire:EmpoweringShard","Molten Egg 2","hubris:DuctTape","hubris:BottledHeart"],"acts_visited":["Exordium","TheCity"],"potions_floor_usage":[6,16,16,20,33],"damage_taken":[{"damage":0,"enemies":"Small Slimes","floor":1,"turns":3},{"damage":0,"enemies":"2 Louse","floor":4,"turns":4},{"damage":46,"enemies":"Lagavulin","floor":6,"turns":7},{"damage":0,"enemies":"Gremlin Nob","floor":10,"turns":2},{"damage":4,"enemies":"Cultist","floor":12,"turns":4},{"damage":47,"enemies":"Hexaghost","floor":16,"turns":9},{"damage":14,"enemies":"Chosen","floor":18,"turns":5},{"damage":14,"enemies":"3 Byrds","floor":20,"turns":6},{"damage":0,"enemies":"Sentry and Sphere","floor":25,"turns":2},{"damage":16,"enemies":"Snecko","floor":28,"turns":3},{"damage":35,"enemies":"Book of Stabbing","floor":29,"turns":4},{"damage":11,"enemies":"Automaton","floor":33,"turns":6}],"seed_played":"-9021625107349195976","potions_obtained":[{"floor":1,"key":"PowerPotion"},{"floor":5,"key":"CultistPotion"},{"floor":5,"key":"FearPotion"},{"floor":6,"key":"ColorlessPotion"},{"floor":18,"key":"EssenceOfSteel"},{"floor":28,"key":"SmokeBomb"}],"is_trial":false,"path_per_floor":["M","?","?","M","?","E","$","R","T","E","?","M","?","$","R","B",null,"M","?","M","AVR","?","?","?","M","T","R","M","E","R","?","R","B"],"character_chosen":"THE_CONSTRUCT_MOD","items_purchased":["construct:Autoturret","construct:ScrapCannon","construct:BatteryAcid","construct:LaserCore","construct:ModeShift","ClockworkSouvenir"],"campfire_rested":4,"item_purchase_floors":[7,7,7,14,14,14],"current_hp_per_floor":[85,85,85,85,85,39,39,64,64,64,64,60,60,60,85,38,85,71,71,57,57,57,57,57,57,57,77,61,26,49,1,1,0,0],"gold":233,"neow_bonus":"THREE_CARDS","is_daily":false,"chose_seed":false,"campfire_upgraded":1,"win_rate":0.0,"timestamp":1607888888,"path_taken":["M","?","?","?","?","E","?","R","T","E","?","M","?","$","R","BOSS","M","?","M","AVR","?","?","?","M","T","R","M","E","R","?","R","BOSS"],"items_purchased_type":["Card","Card","Card","Card","Card","Relic"],"build_version":"2020-11-30","purchased_purges":0,"victory":false,"max_hp_per_floor":[85,85,85,85,85,85,85,85,85,85,85,85,85,85,85,85,85,85,85,85,85,85,85,77,77,77,77,77,77,77,1,1,1,1],"card_choices":[{"not_picked":["construct:Backfire","construct:Forcefield"],"picked":"construct:Overcharge","floor":0.0},{"not_picked":["construct:Enhance","construct:ClusterMines"],"picked":"construct:Analyze","floor":1},{"not_picked":["construct:HeavyBolt","construct:SaveState"],"picked":"construct:Versatility","floor":4},{"not_picked":["construct:SyphonStrike","construct:Reinforce"],"picked":"construct:Electrocute","floor":6},{"not_picked":["construct:Analyze","construct:Electrocute"],"picked":"construct:ScrapCannon","floor":10},{"not_picked":["construct:GoldenBullet","construct:SaveState"],"picked":"construct:FocusedBeam","floor":12},{"not_picked":["construct:HastyRepair","construct:LongRangeLance"],"picked":"construct:BatteryCore","floor":16},{"not_picked":["construct:LaserCore","construct:ClusterMines"],"picked":"construct:Missile","floor":18},{"not_picked":["construct:VentSteam","construct:Forcefield"],"picked":"construct:Versatility","floor":20},{"not_picked":["construct:Analyze","construct:HeavyBolt","construct:BatteryAcid"],"picked":"SKIP","floor":25},{"not_picked":["construct:Backfire+1","construct:Anticipate"],"picked":"construct:PowerUp+1","floor":28},{"not_picked":["construct:Electrocute+1","construct:Backfire+1"],"picked":"construct:Isolate+1","floor":29}],"player_experience":127160,"relics_obtained":[{"floor":6,"key":"Juzu Bracelet"},{"floor":9,"key":"MawBank"},{"floor":10,"key":"Sundial"},{"floor":13,"key":"infinitespire:PuzzleCube"},{"floor":26,"key":"Molten Egg 2"},{"floor":29,"key":"hubris:DuctTape"}],"event_choices":[{"damage_healed":0,"gold_gain":0,"player_choice":"Box","damage_taken":0,"relics_obtained":["construct:BoolHorns"],"max_hp_gain":0,"max_hp_loss":0,"event_name":"Big Fish","floor":2,"gold_loss":0,"cards_obtained":["Regret"]},{"cards_removed":["Regret"],"damage_healed":0,"gold_gain":0,"player_choice":"Offered Curse","damage_taken":0,"relics_obtained":["Spirit Poop"],"max_hp_gain":0,"max_hp_loss":0,"event_name":"Bonfire Elementals","floor":3,"gold_loss":0},{"damage_healed":0,"gold_gain":0,"player_choice":"Got Potions","damage_taken":0,"max_hp_gain":0,"max_hp_loss":0,"event_name":"Lab","floor":5,"gold_loss":0},{"damage_healed":0,"gold_gain":175,"player_choice":"AGREE","damage_taken":0,"max_hp_gain":0,"max_hp_loss":0,"event_name":"Liars Game","floor":11,"gold_loss":0,"cards_obtained":["Doubt"]},{"damage_healed":0,"gold_gain":0,"player_choice":"Simplicity","damage_taken":0,"max_hp_gain":0,"max_hp_loss":0,"event_name":"Back to Basics","floor":19,"gold_loss":0,"cards_upgraded":["construct:Strike_Gold","construct:Strike_Gold","construct:Strike_Gold","construct:Strike_Gold","construct:Strike_Gold","construct:Defend_Gold","construct:Defend_Gold","construct:Defend_Gold","construct:Defend_Gold","construct:Defend_Gold"]},{"damage_healed":0,"gold_gain":0,"player_choice":"Opened","damage_taken":0,"relics_obtained":["infinitespire:EmpoweringShard"],"max_hp_gain":0,"max_hp_loss":0,"event_name":"The Mausoleum","floor":22,"gold_loss":0,"cards_obtained":["Writhe"]},{"cards_removed":["Doubt"],"damage_healed":0,"gold_gain":0,"player_choice":"Purged","damage_taken":0,"max_hp_gain":0,"max_hp_loss":0,"event_name":"Purifier","floor":23,"gold_loss":0}],"is_beta":false,"boss_relics":[{"not_picked":["Fusion Hammer","Astrolabe"],"picked":"construct:ClawGrip"}],"items_purged_floors":[],"is_endless":false,"potions_floor_spawned":[1,6,18,28],"killed_by":"Automaton","ascension_level":0}}