{"host":"7w1f7px7r26mario","time":1607839526,"event":{"mods":["Act Like it!","BaseMod","Conspire","Gensokyo","Lobotomy","LobotomyExtend","Minty Spire (QoL Compilation)","Quick Restart","Relic Stats","Replay The Spire","StSLib","TestMod","The Bug Knight","The Hierophant","The Jungle","[IsaacMod]ÒÔÈö¼âËþ","vexMod"],"gold_per_floor":[116,126,136,136,146,180,180,207,234,267,267,267,282,293,293,396,396,414,414,464,464,464],"floor_reached":4,"playtime":1356,"items_purged":[],"score":198,"play_id":"51b19076-f5b2-4a4f-949c-cf08c4929992","local_time":"20201213140526","is_ascension_mode":true,"campfire_choices":[{"data":"Body Slam","floor":12.0,"key":"SMITH"},{"data":"Rudolta","floor":15.0,"key":"PURGE"}],"circlet_count":0,"master_deck":["BigBird","conspire:GhostlyStrike","conspire:GhostlyStrike","conspire:GhostlyStrike","conspire:GhostlyStrike","conspire:GhostlyStrike","conspire:GhostlyDefend","conspire:GhostlyDefend","conspire:GhostlyDefend","conspire:GhostlyDefend","Bash","Seeing Red","RedShoes","Scorched","Body Slam+1","BeautyBeast","Eclipse","Barricade","Metallicize","MeatLantern","Regret","FieryBird"],"relics":["Burning Blood","testmod-TestBox","HushsDoor","Leech","testmod-D_4","CogitoBucket","Happy Flower","HollowMod:PaleOreRelic","Strawberry","conspire:TopHat","Lantern","Lamp_r","testmod-IncinerationGenerator","HonorFeather","LetterFromLob","Tiny Chest","Blue Candle","King of Hearts"],"acts_visited":["Exordium","TheCity"],"potions_floor_usage":[],"damage_taken":[{"damage":0.0,"enemies":"Cultist","floor":1.0,"turns":2.0},{"damage":0.0,"enemies":"Jaw Worm","floor":2.0,"turns":2.0},{"damage":2.0,"enemies":"2 Louse","floor":3.0,"turns":2.0},{"damage":0.0,"enemies":"2 Fungi Beasts","floor":5.0,"turns":1.0},{"damage":0.0,"enemies":"HollowMod:MossKnight","floor":6.0,"turns":3.0},{"damage":3.0,"enemies":"Gremlin Nob","floor":8.0,"turns":2.0},{"damage":31.0,"enemies":"Lagavulin","floor":10.0,"turns":4.0},{"damage":0.0,"enemies":"Red Slaver","floor":13.0,"turns":1.0},{"damage":0.0,"enemies":"Gremlin Gang","floor":14.0,"turns":2.0},{"damage":6.0,"enemies":"The Guardian","floor":16.0,"turns":4.0},{"damage":55.0,"enemies":"conspire:FuzzyDice","floor":18.0,"turns":2.0},{"damage":5.0,"enemies":"Small Slimes","floor":1.0,"turns":2.0},{"damage":47.0,"enemies":"Hiden Room Battle","floor":3.0,"turns":2.0},{"damage":58,"enemies":"2 Louse","floor":4,"turns":2}],"seed_played":"7358242206122341473","potions_obtained":[{"floor":1.0,"key":"GamblersBrew"},{"floor":5.0,"key":"Languid Potion"},{"floor":6.0,"key":"SmokeBomb"}],"is_trial":false,"path_per_floor":["M","M","M","?","M","E","$","E","T","E","T","R","M","M","R","B",null,"M","M","?","?","M"],"character_chosen":"IRONCLAD","items_purchased":[],"campfire_rested":0,"item_purchase_floors":[],"current_hp_per_floor":[79,80,80,80,80,80,80,80,87,63,63,63,69,76,76,79,85,87,87,32,0,0],"gold":464,"neow_bonus":"","is_daily":false,"chose_seed":false,"campfire_upgraded":1,"win_rate":0.0,"timestamp":1607839526,"path_taken":["M","M","?","?","?","E","$","E","T","E","?","R","M","M","R","BOSS","M","M","?","?","M"],"items_purchased_type":[],"build_version":"2020-11-30","purchased_purges":0,"victory":false,"max_hp_per_floor":[80,80,80,80,80,80,80,80,87,87,87,87,87,87,87,87,87,87,87,87,87,87],"relic_stats":{"Happy Flower":[7],"counters":[16,33],"Blue Candle":[0],"Tiny Chest":0,"obtain_stats":[{"KeepersGift":0,"Lantern":11,"HonorFeather":18,"testmod-TestBox":0,"Happy Flower":6,"Blue Candle":3,"testmod-IncinerationGenerator":17,"King of Hearts":3,"Burning Blood":0,"conspire:TopHat":10,"Leech":0,"Lamp_r":16,"CogitoBucket":0,"testmod-D_4":0,"Strawberry":9,"Tiny Chest":2,"LetterFromLob":1,"HollowMod:PaleOreRelic":8,"HushsDoor":0},{"KeepersGift":0,"Lantern":7,"HonorFeather":12,"testmod-TestBox":0,"Happy Flower":5,"Blue Candle":14,"testmod-IncinerationGenerator":11,"King of Hearts":14,"Burning Blood":0,"conspire:TopHat":7,"Leech":0,"Lamp_r":11,"CogitoBucket":0,"testmod-D_4":0,"Strawberry":6,"Tiny Chest":13,"LetterFromLob":1,"HollowMod:PaleOreRelic":6,"HushsDoor":0},{"KeepersGift":0,"Lantern":16,"HonorFeather":26,"testmod-TestBox":0,"Happy Flower":10,"Blue Candle":30,"testmod-IncinerationGenerator":24,"King of Hearts":30,"Burning Blood":0,"conspire:TopHat":16,"Leech":0,"Lamp_r":23,"CogitoBucket":0,"testmod-D_4":0,"Strawberry":12,"Tiny Chest":28,"LetterFromLob":2,"HollowMod:PaleOreRelic":12,"HushsDoor":0}],"Burning Blood":45},"card_choices":[{"not_picked":[],"picked":"Bomb","floor":0.0},{"not_picked":["Rage","Carnage"],"picked":"Seeing Red","floor":1.0},{"not_picked":["FairyFestival","OldLady"],"picked":"RedShoes","floor":1.0},{"not_picked":["Bloodbath","FairyFestival"],"picked":"BigBird","floor":2.0},{"not_picked":["Carnage","Rage","Heavy Blade"],"picked":"SKIP","floor":2.0},{"not_picked":["MeatLantern","SpiderBud"],"picked":"Scorched","floor":3.0},{"not_picked":["Heavy Blade","Body Slam","Whirlwind"],"picked":"SKIP","floor":3.0},{"not_picked":["Heavy Blade","Whirlwind"],"picked":"Body Slam","floor":3.0},{"not_picked":["Woodsman","SpiderBud"],"picked":"Rudolta","floor":5.0},{"not_picked":["ReplayTheSpireMod:LeadingStrike","Clash","Power Through"],"picked":"SKIP","floor":5.0},{"not_picked":["ReplayTheSpireMod:LeadingStrike","Rage"],"picked":"Bomb","floor":6.0},{"not_picked":["Body Slam","Shockwave","True Grit"],"picked":"SKIP","floor":8.0},{"not_picked":["Wellcheers","Laetitia"],"picked":"BeautyBeast","floor":10.0},{"not_picked":["Iron Wave","Sword Boomerang","Dual Wield"],"picked":"SKIP","floor":10.0},{"not_picked":["Run Through","Searing Blow"],"picked":"Eclipse","floor":13.0},{"not_picked":["Armaments","Pommel Strike","Shrug It Off"],"picked":"SKIP","floor":14.0},{"not_picked":["conspire:Purge","Replay:Many Hands"],"picked":"Barricade","floor":16.0},{"not_picked":["Reckless Charge","Wild Strike"],"picked":"Metallicize","floor":1.0},{"not_picked":["LittleHelper","Wellcheers"],"picked":"MeatLantern","floor":1.0},{"not_picked":["Scarecrow","Bloodbath"],"picked":"FieryBird","floor":3.0}],"player_experience":203889,"relics_obtained":[{"floor":1.0,"key":"LetterFromLob"},{"floor":6.0,"key":"Happy Flower"},{"floor":8.0,"key":"HollowMod:PaleOreRelic"},{"floor":9.0,"key":"Strawberry"},{"floor":10.0,"key":"conspire:TopHat"},{"floor":11.0,"key":"Lantern"},{"floor":1.0,"key":"LetterFromLob"},{"floor":3.0,"key":"Blue Candle"},{"floor":3.0,"key":"King of Hearts"}],"event_choices":[{"damage_healed":0.0,"max_hp_gain":0.0,"max_hp_loss":0.0,"gold_gain":0.0,"event_name":"conspire:LoneGhost","player_choice":"Agree","floor":4.0,"gold_loss":0.0,"damage_taken":0.0},{"damage_healed":0.0,"max_hp_gain":0.0,"max_hp_loss":0.0,"gold_gain":0.0,"event_name":"Big Fish","player_choice":"Box","floor":2.0,"gold_loss":0.0,"damage_taken":0.0,"relics_obtained":["Tiny Chest"],"cards_obtained":["Regret"]},{"damage_healed":0.0,"max_hp_gain":0.0,"max_hp_loss":0.0,"gold_gain":0.0,"event_name":"HidenRoomEvent","player_choice":"Fight","floor":3.0,"gold_loss":0.0,"damage_taken":0.0}],"is_beta":false,"boss_relics":[{"not_picked":["Electric Blood","vexMod:CursedCompass"],"picked":"testmod-IncinerationGenerator"},{"not_picked":[]}],"items_purged_floors":[],"is_endless":false,"potions_floor_spawned":[1,5,6,10],"killed_by":"2 Louse","ascension_level":6}}