{"host":"i344ixtilokuekwt","time":1607832831,"event":{"mods":["BaseMod","Card Forge","Colored Powertips","Minty Spire (QoL Compilation)","Quick Restart","Relic Stats","StSLib"],"gold_per_floor":[117,117,129,139,151,171,198,198,198,218,246,139,139,174,174,246,246,264,284,76,92,92,124,158,190,190,190,190,115,125,137,137,214,214,225,250,250,261,261,261,277,289,316,341,341,376,395,345,345,345,345,345,345,19,47,47],"floor_reached":57,"playtime":2878,"items_purged":["Strike_P","Strike_P","Strike_P+1"],"score":3168,"play_id":"6e1d38b1-6bc9-4fd4-8b67-fcff822ca8db","local_time":"20201212231351","is_ascension_mode":true,"campfire_choices":[{"floor":8,"key":"REST"},{"data":"SandsOfTime","floor":13,"key":"SMITH"},{"data":"Tantrum","floor":15,"key":"SMITH"},{"floor":28,"key":"REST"},{"floor":32,"key":"REST"},{"floor":40,"key":"DIG"},{"floor":45,"key":"DIG"},{"floor":49,"key":"RECALL"},{"floor":53,"key":"DIG"}],"circlet_count":0,"master_deck":["AscendersBane","Defend_P","Defend_P","Defend_P","Defend_P","Eruption+1","Vigilance","EmptyFist","SandsOfTime+1","WheelKick","Wallop","Tantrum+1","Protect","TalkToTheHand+1","DevaForm","InnerPeace","WheelKick","WheelKick","Swivel+1","Blasphemy+1","FearNoEvil+1","SpiritShield+1","TalkToTheHand+1"],"relics":["Hammer of Thor","Seething Fire","Anvil of the Gods","Snecko Eye","HornCleat","TeardropLocket","The Courier","Kunai","SlaversCollar","Medical Kit","Toxic Egg 2","Red Mask","Bottled Lightning","Bag of Preparation","Fusion Hammer","Shovel","WarpedTongs","Spirit Poop","Centennial Puzzle","Shuriken","Yang","FossilizedHelix","Mercury Hourglass","Sundial","Lantern"],"acts_visited":["Exordium","TheCity","TheBeyond","TheEnding"],"potions_floor_usage":[10,16,18,23,25,56,56],"damage_taken":[{"damage":4,"enemies":"Cultist","floor":1,"turns":5},{"damage":5,"enemies":"Small Slimes","floor":3,"turns":3},{"damage":0,"enemies":"Jaw Worm","floor":4,"turns":2},{"damage":0,"enemies":"Gremlin Gang","floor":5,"turns":4},{"damage":0,"enemies":"3 Louse","floor":6,"turns":2},{"damage":12,"enemies":"3 Sentries","floor":7,"turns":5},{"damage":4,"enemies":"Lots of Slimes","floor":10,"turns":2},{"damage":0,"enemies":"Lagavulin","floor":11,"turns":4},{"damage":0,"enemies":"3 Sentries","floor":14,"turns":2},{"damage":9,"enemies":"Slime Boss","floor":16,"turns":4},{"damage":8,"enemies":"Shell Parasite","floor":18,"turns":2},{"damage":0,"enemies":"2 Thieves","floor":19,"turns":2},{"damage":0,"enemies":"Centurion and Healer","floor":21,"turns":3},{"damage":8,"enemies":"Gremlin Leader","floor":23,"turns":6},{"damage":0,"enemies":"Masked Bandits","floor":24,"turns":2},{"damage":8,"enemies":"Book of Stabbing","floor":25,"turns":4},{"damage":0,"enemies":"3 Cultists","floor":30,"turns":3},{"damage":0,"enemies":"Snecko","floor":31,"turns":2},{"damage":0,"enemies":"Automaton","floor":33,"turns":5},{"damage":0,"enemies":"Orb Walker","floor":35,"turns":1},{"damage":0,"enemies":"Mind Bloom Boss Battle","floor":36,"turns":4},{"damage":3,"enemies":"3 Shapes","floor":38,"turns":2},{"damage":0,"enemies":"Spire Growth","floor":41,"turns":2},{"damage":0,"enemies":"Sphere and 2 Shapes","floor":42,"turns":4},{"damage":0,"enemies":"Nemesis","floor":44,"turns":3},{"damage":0,"enemies":"Reptomancer","floor":46,"turns":3},{"damage":0,"enemies":"Transient","floor":47,"turns":6},{"damage":12,"enemies":"Time Eater","floor":50,"turns":9},{"damage":0,"enemies":"Donu and Deca","floor":51,"turns":6},{"damage":0,"enemies":"Shield and Spear","floor":55,"turns":5},{"damage":21,"enemies":"The Heart","floor":56,"turns":7}],"seed_played":"-3705504329749232533","potions_obtained":[{"floor":3,"key":"DistilledChaos"},{"floor":4,"key":"LiquidBronze"},{"floor":7,"key":"FearPotion"},{"floor":10,"key":"SpeedPotion"},{"floor":14,"key":"Energy Potion"},{"floor":19,"key":"Weak Potion"},{"floor":21,"key":"DuplicationPotion"},{"floor":23,"key":"BottledMiracle"},{"floor":25,"key":"Swift Potion"},{"floor":46,"key":"GamblersBrew"}],"is_trial":false,"path_per_floor":["M","?","M","M","M","M","E","R","T","M","E","$","R","E","R","B",null,"M","M","$","M","$","E","?","E","T","?","R","?","M","M","R","B",null,"M","?","?","M","?","R","M","M","T","E","R","E","M","?","R","B","B",null,"R","$","E","B",null],"character_chosen":"WATCHER","items_purchased":["Protect","Medical Kit","Sundial"],"campfire_rested":3,"item_purchase_floors":[12,20,54],"current_hp_per_floor":[57,37,32,32,32,32,20,40,40,36,36,36,36,36,36,27,58,50,50,50,50,50,42,42,34,34,13,33,33,33,33,53,53,64,64,64,64,61,61,61,61,61,61,61,61,61,61,61,61,49,49,63,63,63,63,42],"gold":47,"neow_bonus":"BOSS_RELIC","is_daily":false,"chose_seed":false,"campfire_upgraded":2,"win_rate":0.0,"timestamp":1607832831,"path_taken":["M","?","M","M","M","M","E","R","T","M","E","$","R","E","R","BOSS","M","M","$","M","$","E","?","E","T","?","R","?","M","M","R","BOSS","M","?","?","?","?","R","?","?","T","E","R","E","M","?","R","BOSS","BOSS","R","$","E","BOSS"],"items_purchased_type":["Card","Relic","Relic"],"build_version":"2020-11-30","purchased_purges":3,"victory":true,"max_hp_per_floor":[68,68,68,68,68,68,68,68,68,68,68,68,68,68,68,68,68,68,68,68,68,68,68,68,68,68,68,68,68,68,68,68,68,68,68,68,68,68,68,68,68,68,68,68,68,68,68,68,68,68,68,68,68,68,68,68],"relic_stats":{"counters":[31,114],"Yang":[129],"Bag of Preparation":[30],"Medical Kit":[13],"WarpedTongs":[47],"Mercury Hourglass":[33],"Centennial Puzzle":[6],"Shovel":3,"Shuriken":[36],"Sundial":[2],"Snecko Eye":[230,217,252,232],"Kunai":[70],"obtain_stats":[{"Lantern":55,"Spirit Poop":39,"Yang":45,"Hammer of Thor":0,"Bag of Preparation":26,"TeardropLocket":9,"Centennial Puzzle":40,"HornCleat":7,"Shovel":36,"Sundial":54,"Fusion Hammer":34,"Red Mask":24,"Kunai":14,"Toxic Egg 2":23,"The Courier":11,"Seething Fire":0,"Medical Kit":20,"WarpedTongs":37,"Mercury Hourglass":53,"SlaversCollar":17,"Anvil of the Gods":0,"Shuriken":44,"Snecko Eye":0,"Bottled Lightning":25,"PureWater":0,"FossilizedHelix":46},{"Lantern":30,"Spirit Poop":22,"Yang":25,"Hammer of Thor":0,"Bag of Preparation":16,"TeardropLocket":6,"Centennial Puzzle":22,"HornCleat":6,"Shovel":21,"Sundial":29,"Fusion Hammer":19,"Red Mask":15,"Kunai":9,"Toxic Egg 2":14,"The Courier":8,"Seething Fire":0,"Medical Kit":12,"WarpedTongs":21,"Mercury Hourglass":29,"SlaversCollar":10,"Anvil of the Gods":0,"Shuriken":25,"Snecko Eye":0,"Bottled Lightning":16,"PureWater":0,"FossilizedHelix":26},{"Lantern":107,"Spirit Poop":69,"Yang":78,"Hammer of Thor":0,"Bag of Preparation":52,"TeardropLocket":21,"Centennial Puzzle":69,"HornCleat":21,"Shovel":67,"Sundial":102,"Fusion Hammer":62,"Red Mask":48,"Kunai":29,"Toxic Egg 2":46,"The Courier":27,"Seething Fire":0,"Medical Kit":37,"WarpedTongs":67,"Mercury Hourglass":102,"SlaversCollar":33,"Anvil of the Gods":0,"Shuriken":78,"Snecko Eye":0,"Bottled Lightning":52,"PureWater":0,"FossilizedHelix":81}]},"card_choices":[{"not_picked":["CrushJoints","FlyingSleeves","Worship"],"picked":"SKIP","floor":1},{"not_picked":["EmptyBody","Prostrate"],"picked":"EmptyFist","floor":3},{"not_picked":["FlyingSleeves","Prostrate"],"picked":"SandsOfTime","floor":4},{"not_picked":["EmptyFist","Pray"],"picked":"WheelKick","floor":5},{"not_picked":["EmptyFist","Adaptation","CutThroughFate"],"picked":"SKIP","floor":6},{"not_picked":["SandsOfTime","EmptyBody"],"picked":"Wallop","floor":7},{"not_picked":["ThirdEye","ClearTheMind","SashWhip"],"picked":"SKIP","floor":10},{"not_picked":["EmptyFist","SashWhip"],"picked":"Tantrum","floor":11},{"not_picked":["FlurryOfBlows","Meditate"],"picked":"TalkToTheHand","floor":14},{"not_picked":["DeusExMachina","Establishment"],"picked":"DevaForm","floor":16},{"not_picked":["ThirdEye","ClearTheMind","Crescendo"],"picked":"SKIP","floor":18},{"not_picked":["Crescendo","PathToVictory"],"picked":"InnerPeace","floor":19},{"not_picked":["Tantrum","FollowUp","EmptyBody"],"picked":"SKIP","floor":21},{"not_picked":["Nirvana","FollowUp"],"picked":"WheelKick","floor":23},{"not_picked":["Weave","InnerPeace+1"],"picked":"WheelKick","floor":25},{"not_picked":["DeusExMachina+1","Crescendo+1","WindmillStrike"],"picked":"SKIP","floor":30},{"not_picked":["Protect+1","Indignation+1"],"picked":"Swivel+1","floor":31},{"not_picked":["Scrawl+1","MasterReality"],"picked":"Blasphemy+1","floor":33},{"not_picked":["Evaluate+1","Perseverance+1","ClearTheMind+1"],"picked":"SKIP","floor":35},{"not_picked":["BattleHymn","Protect+1"],"picked":"FearNoEvil+1","floor":36},{"not_picked":["Evaluate+1","PathToVictory+1","ClearTheMind+1"],"picked":"SKIP","floor":38},{"not_picked":["Blasphemy+1","Evaluate+1","FollowUp+1"],"picked":"SKIP","floor":41},{"not_picked":["CarveReality+1","CrushJoints","Collect+1"],"picked":"SKIP","floor":42},{"not_picked":["Prostrate+1","FlyingSleeves+1","PathToVictory+1"],"picked":"SKIP","floor":44},{"not_picked":["Adaptation","CarveReality+1","Crescendo+1"],"picked":"SKIP","floor":46},{"not_picked":["ThirdEye+1","EmptyFist+1"],"picked":"SpiritShield+1","floor":47},{"not_picked":["FearNoEvil","Conclude"],"picked":"TalkToTheHand+1","floor":55}],"player_experience":649982,"relics_obtained":[{"floor":7,"key":"HornCleat"},{"floor":9,"key":"TeardropLocket"},{"floor":11,"key":"The Courier"},{"floor":14,"key":"Kunai"},{"floor":23,"key":"Toxic Egg 2"},{"floor":24,"key":"Red Mask"},{"floor":25,"key":"Bottled Lightning"},{"floor":26,"key":"Bag of Preparation"},{"floor":36,"key":"Shovel"},{"floor":40,"key":"Centennial Puzzle"},{"floor":44,"key":"Shuriken"},{"floor":45,"key":"Yang"},{"floor":46,"key":"FossilizedHelix"},{"floor":53,"key":"Mercury Hourglass"},{"floor":55,"key":"Lantern"}],"event_choices":[{"damage_healed":0,"gold_gain":0,"player_choice":"Entered Light","damage_taken":20,"max_hp_gain":0,"max_hp_loss":0,"event_name":"Shining Light","floor":2,"gold_loss":0,"cards_upgraded":["Strike_P","Eruption"]},{"damage_healed":0,"gold_gain":0,"player_choice":"Fought Bandits","damage_taken":0,"max_hp_gain":0,"max_hp_loss":0,"event_name":"Masked Bandits","floor":24,"gold_loss":0},{"damage_healed":0,"gold_gain":0,"player_choice":"Obtained Book","damage_taken":21,"max_hp_gain":0,"max_hp_loss":0,"event_name":"Cursed Tome","floor":27,"gold_loss":0},{"cards_removed":["Strike_P"],"damage_healed":0,"gold_gain":0,"player_choice":"Gave Gold","damage_taken":0,"max_hp_gain":0,"max_hp_loss":0,"event_name":"Beggar","floor":29,"gold_loss":75},{"damage_healed":0,"gold_gain":0,"player_choice":"Fight","damage_taken":0,"max_hp_gain":0,"max_hp_loss":0,"event_name":"MindBloom","floor":36,"gold_loss":0},{"damage_healed":0,"gold_gain":0,"player_choice":"Rummage","damage_taken":0,"relics_obtained":["WarpedTongs"],"max_hp_gain":0,"max_hp_loss":0,"event_name":"Accursed Blacksmith","floor":37,"gold_loss":0,"cards_obtained":["Pain"]},{"cards_removed":["Pain"],"damage_healed":0,"gold_gain":0,"player_choice":"Offered Curse","damage_taken":0,"relics_obtained":["Spirit Poop"],"max_hp_gain":0,"max_hp_loss":0,"event_name":"Bonfire Elementals","floor":39,"gold_loss":0},{"damage_healed":0,"gold_gain":0,"player_choice":"Upgrade","damage_taken":0,"max_hp_gain":0,"max_hp_loss":0,"event_name":"Designer","floor":48,"gold_loss":50,"cards_upgraded":["TalkToTheHand"]}],"is_beta":false,"boss_relics":[{"not_picked":["Runic Dome","Velvet Choker"],"picked":"SlaversCollar"},{"not_picked":["Pandora\u0027s Box","Busted Crown"],"picked":"Fusion Hammer"}],"items_purged_floors":[12,20,54],"is_endless":false,"potions_floor_spawned":[3,4,7,10,14,19,21,23,25,36,46,47],"ascension_level":20}}