{"host":"uceopoba4zvqsgiy","time":1607892507,"event":{"mods":["Act Like it!","BaseMod","Better Skull","Better Third Choice","Elementarium","GifTheSpireLib","Hermit","Humility","Infinite Spire","Jorbs\u0027s Wanderer Trilogy","Marked Mod","Minty Spire (QoL Compilation)","Potionbrewer","Replay The Spire","Robot Space Explorer","Shade Mod","Spicy Shops","StSLib","Stuff the Spire","The Blue Laboratory","The Cursed","The Dragon Tamer","The Hierophant","The Judge","The Jungle","Wandering Minibosses"],"gold_per_floor":[117,133,27,27,47,47,47],"floor_reached":6,"playtime":1368,"items_purged":[],"score":52,"play_id":"368cd212-1a7d-4171-98a0-ee9604d8d68c","local_time":"20201214071827","is_ascension_mode":true,"campfire_choices":[],"circlet_count":0,"master_deck":["Strike_B","Strike_B","Strike_B","Strike_B","Defend_B","Defend_B","Defend_B","Defend_B","Zap","Dualcast","potionbrewer:PotionbrewerDefend","hierophant:ChurchCoffers","Biased Cognition","Static Discharge","Ball Lightning","Zap","StuffTheSpire:LaunchingStrike","Capacitor","Capacitor"],"relics":["Cracked Core","Prayer Wheel","Prayer Wheel"],"acts_visited":["Exordium"],"potions_floor_usage":[],"damage_taken":[{"damage":3,"enemies":"2 Louse","floor":1,"turns":2},{"damage":10,"enemies":"Cultist","floor":2,"turns":4},{"damage":1,"enemies":"Small Slimes","floor":5,"turns":4},{"damage":60,"enemies":"Lagavulin","floor":6,"turns":5}],"seed_played":"2171219219671496673","potions_obtained":[{"floor":5,"key":"blueLaboratory:NullPotion"}],"is_trial":false,"path_per_floor":["M","M","$","?","M","E"],"character_chosen":"DEFECT","items_purchased":["ReplayTheSpireMod:Fabricate Wheel"],"campfire_rested":0,"item_purchase_floors":[3],"current_hp_per_floor":[65,55,55,55,54,0,0],"gold":47,"neow_bonus":"THREE_RARE_CARDS","is_daily":false,"chose_seed":false,"campfire_upgraded":0,"win_rate":0.0,"timestamp":1607892507,"path_taken":["M","M","$","?","?","E"],"items_purchased_type":["Card"],"build_version":"2020-11-30","purchased_purges":0,"victory":false,"max_hp_per_floor":[75,75,75,75,75,75,75],"card_choices":[{"not_picked":["Reboot","Mirror Shield"],"picked":"Biased Cognition","floor":0},{"not_picked":["Steam","StuffTheSpire:ShieldGenerator"],"picked":"Static Discharge","floor":1},{"not_picked":["Streamline","BasicCrystalCard"],"picked":"Ball Lightning","floor":2},{"not_picked":["Conserve Battery","Compile Driver"],"picked":"Capacitor","floor":5},{"not_picked":["Steam","Hologram"],"picked":"Capacitor","floor":5}],"player_experience":1515208,"relics_obtained":[],"event_choices":[{"damage_healed":0,"gold_gain":0,"player_choice":"2 cards matched","damage_taken":0,"max_hp_gain":0,"max_hp_loss":0,"event_name":"Match and Keep!","floor":4,"gold_loss":0,"cards_obtained":["Zap","StuffTheSpire:LaunchingStrike"]}],"is_beta":false,"boss_relics":[],"items_purged_floors":[],"is_endless":false,"potions_floor_spawned":[5],"killed_by":"Lagavulin","ascension_level":9}}