{"host":"ow9msrs9p2ctkx99","time":1607874336,"event":{"mods":["AchievementEnabler","BaseMod","Colored Map","Colored Powertips","Minty Spire (QoL Compilation)","Permanent Neow","Quick Restart","SuperFastMode"],"gold_per_floor":[119,136,150,6,6,38,38,66,118,118,136,136,311,327,327,431,431,451,470,250,250],"floor_reached":20,"playtime":355,"items_purged":["Regret"],"score":285,"play_id":"4121394c-0825-46ac-8ac4-f1b2d8c33e35","local_time":"20201213164536","is_ascension_mode":true,"campfire_choices":[{"data":"Hyperbeam","floor":7,"key":"SMITH"},{"floor":10,"key":"REST"},{"floor":12,"key":"REST"},{"data":"Beam Cell","floor":15,"key":"SMITH"}],"circlet_count":0,"master_deck":["AscendersBane","Strike_B","Strike_B","Strike_B","Strike_B","Defend_B","Defend_B","Defend_B","Defend_B","Zap","Dualcast","Seek","Barrage","Aggregate","Ball Lightning","Hyperbeam+1","Machine Learning","Conserve Battery","Doubt","Beam Cell+1","Echo Form","Steam","Stack+1"],"relics":["FrozenCore","Happy Flower","Mummified Hand","Strawberry","Blood Vial","Orrery"],"acts_visited":["Exordium","TheCity"],"potions_floor_usage":[2,6,8,16],"damage_taken":[{"damage":7,"enemies":"Jaw Worm","floor":1,"turns":3},{"damage":14,"enemies":"Small Slimes","floor":2,"turns":4},{"damage":3,"enemies":"2 Louse","floor":3,"turns":2},{"damage":19,"enemies":"Gremlin Nob","floor":6,"turns":3},{"damage":32,"enemies":"Lagavulin","floor":8,"turns":5},{"damage":11,"enemies":"Looter","floor":11,"turns":2},{"damage":0,"enemies":"3 Louse","floor":14,"turns":1},{"damage":47,"enemies":"Slime Boss","floor":16,"turns":10},{"damage":22,"enemies":"Spheric Guardian","floor":18,"turns":4},{"damage":33,"enemies":"2 Thieves","floor":19,"turns":4}],"seed_played":"-9086394751828866076","potions_obtained":[{"floor":1,"key":"Fruit Juice"},{"floor":2,"key":"Fire Potion"},{"floor":6,"key":"GamblersBrew"},{"floor":11,"key":"SpeedPotion"}],"is_trial":false,"path_per_floor":["M","M","M","$","?","E","R","E","T","R","M","R","?","M","R","B",null,"M","M","$"],"character_chosen":"DEFECT","items_purchased":["Happy Flower","Orrery"],"campfire_rested":2,"item_purchase_floors":[4,20],"current_hp_per_floor":[61,52,49,49,49,37,37,5,5,29,20,44,44,46,46,1,60,40,9,9,9],"gold":250,"neow_bonus":"THREE_RARE_CARDS","is_daily":false,"chose_seed":false,"campfire_upgraded":2,"win_rate":0.0,"timestamp":1607874336,"path_taken":["M","M","M","$","?","E","R","E","T","R","M","R","?","M","R","BOSS","M","M","$"],"items_purchased_type":["Relic","Relic"],"build_version":"2020-11-30","purchased_purges":1,"victory":false,"max_hp_per_floor":[68,73,73,73,73,80,80,80,80,80,80,80,80,80,80,80,80,80,80,80,80],"card_choices":[{"not_picked":["Rainbow","Fission"],"picked":"Seek","floor":0},{"not_picked":["Self Repair","Blizzard"],"picked":"Barrage","floor":1},{"not_picked":["Barrage","Go for the Eyes"],"picked":"Aggregate","floor":2},{"not_picked":["Gash","Force Field"],"picked":"Ball Lightning","floor":3},{"not_picked":["Coolheaded","Double Energy"],"picked":"Hyperbeam","floor":6},{"not_picked":["Darkness","Loop"],"picked":"Machine Learning","floor":8},{"not_picked":["Capacitor","Beam Cell"],"picked":"Conserve Battery","floor":11},{"not_picked":["Consume","Barrage"],"picked":"Beam Cell","floor":14},{"not_picked":["Meteor Strike","Hyperbeam"],"picked":"Echo Form","floor":16},{"not_picked":["Heatsinks","Stack"],"picked":"Steam","floor":18},{"not_picked":["Hello World+1","Coolheaded"],"picked":"Stack+1","floor":19}],"player_experience":1017689,"relics_obtained":[{"floor":6,"key":"Strawberry"},{"floor":8,"key":"Blood Vial"}],"event_choices":[{"damage_healed":0,"gold_gain":0,"player_choice":"Box","damage_taken":0,"relics_obtained":["Mummified Hand"],"max_hp_gain":0,"max_hp_loss":0,"event_name":"Big Fish","floor":5,"gold_loss":0,"cards_obtained":["Regret"]},{"damage_healed":0,"gold_gain":175,"player_choice":"AGREE","damage_taken":0,"max_hp_gain":0,"max_hp_loss":0,"event_name":"Liars Game","floor":13,"gold_loss":0,"cards_obtained":["Doubt"]}],"is_beta":false,"boss_relics":[{"not_picked":["Busted Crown","Velvet Choker"],"picked":"FrozenCore"}],"items_purged_floors":[20],"is_endless":false,"potions_floor_spawned":[1,2,6,11],"ascension_level":11}}