{"host":"8go86nc4uvfs5029","time":1607869988,"event":{"mods":["BaseMod","KOR Keyword Fix","Lobotomy","Minty Spire (QoL Compilation)","StSLib"],"gold_per_floor":[99999,100019,99969,99118,99118,99118,99146,99146,99173,99173,99173,97959,97959,97959],"floor_reached":13,"playtime":329,"items_purged":["Strike_B","Defend_B"],"score":79,"play_id":"ef617d48-063c-4219-8639-331e15d34491","local_time":"20201213233308","is_ascension_mode":false,"campfire_choices":[{"data":"Self Repair","floor":6,"key":"SMITH"},{"data":"Strike_B","floor":8,"key":"PURGE"},{"data":"Zap","floor":10,"key":"SMITH"}],"circlet_count":0,"master_deck":["Defend_B","Defend_B","Defend_B","Zap+1","Dualcast","Self Repair+1","Streamline","Capacitor","Compile Driver","Skim","Storm","Lockon","Madness","Master of Strategy"],"relics":["Cracked Core","Gambling Chip","Shuriken","Bag of Preparation","Strange Spoon","Peace Pipe","Anchor","Blood Vial","Medical Kit","Orichalcum","InkBottle"],"acts_visited":["Exordium"],"potions_floor_usage":[7,13,13],"damage_taken":[{"damage":8,"enemies":"2 Louse","floor":1,"turns":2},{"damage":17,"enemies":"Small Slimes","floor":2,"turns":4},{"damage":14,"enemies":"Lagavulin","floor":7,"turns":6},{"damage":13,"enemies":"3 Sentries","floor":13,"turns":2}],"seed_played":"3854550868857284216","potions_obtained":[],"is_trial":false,"path_per_floor":["M","M","?","$","?","R","E","R","T","R","?","$","E"],"character_chosen":"DEFECT","items_purchased":["Shuriken","Bag of Preparation","Capacitor","Compile Driver","Explosive Potion","SteroidPotion","Block Potion","Strange Spoon","Medical Kit","Orichalcum","InkBottle","Storm","Lockon","Madness","Master of Strategy","DuplicationPotion","LiquidBronze"],"campfire_rested":0,"item_purchase_floors":[4,4,4,4,4,4,4,4,12,12,12,12,12,12,12,12,12],"current_hp_per_floor":[46,36,36,36,29,29,25,25,25,25,7,7,0,0],"gold":97959,"neow_bonus":"ONE_RARE_RELIC","is_daily":false,"chose_seed":false,"campfire_upgraded":2,"win_rate":0.0,"timestamp":1607869988,"path_taken":["M","M","?","$","?","R","E","R","T","R","?","?","E"],"items_purchased_type":["Relic","Relic","Card","Card","Potion","Potion","Potion","Relic","Relic","Relic","Relic","Card","Card","Card","Card","Potion","Potion"],"build_version":"2020-11-30","purchased_purges":2,"victory":false,"max_hp_per_floor":[75,75,75,75,75,75,75,75,75,75,75,75,75,75],"card_choices":[{"not_picked":["Ball Lightning","White Noise"],"picked":"Self Repair","floor":1},{"not_picked":["Cold Snap","Gash"],"picked":"Streamline","floor":2},{"not_picked":["Cold Snap","Streamline"],"picked":"Skim","floor":7}],"player_experience":4594,"relics_obtained":[{"floor":7,"key":"Peace Pipe"},{"floor":9,"key":"Anchor"}],"event_choices":[{"cards_removed":["Strike_B"],"damage_healed":0,"gold_gain":0,"player_choice":"Card Removal","damage_taken":0,"max_hp_gain":0,"max_hp_loss":0,"event_name":"The Cleric","floor":3,"gold_loss":50},{"cards_removed":["Strike_B"],"damage_healed":0,"gold_gain":0,"player_choice":"Card Removal","damage_taken":7,"max_hp_gain":0,"max_hp_loss":0,"event_name":"Golden Wing","floor":5,"gold_loss":0},{"damage_healed":0,"gold_gain":0,"player_choice":"Success","damage_taken":18,"relics_obtained":["Blood Vial"],"max_hp_gain":0,"max_hp_loss":0,"event_name":"Scrap Ooze","floor":11,"gold_loss":0}],"is_beta":false,"boss_relics":[],"items_purged_floors":[4,12],"is_endless":false,"potions_floor_spawned":[],"killed_by":"3 Sentries","ascension_level":0}}