{"host":"ehwj6oc29l3x8nvc","time":1607901037,"event":{"mods":["BaseMod","BetterRewards","Colored Map","Colored Powertips","Minty Spire (QoL Compilation)","StSLib","Transform Curses"],"gold_per_floor":[114,124,74,74,74,100,100,125,125,125,145,145,145,145,145,246,246,261,157,3,3,3,3,3,23,23,23,42,42,60,88,88,190,190,200,250,250],"floor_reached":36,"playtime":1755,"items_purged":[],"score":788,"play_id":"47a703a0-065a-42b1-a89e-3718c8b24760","local_time":"20201213161037","daily_mods":["Vintage","Colorless Cards","Flight","Cursed Run","Elite Swarm"],"is_ascension_mode":true,"campfire_choices":[{"floor":7,"key":"REST"},{"floor":15,"key":"REST"},{"floor":23,"key":"REST"},{"data":"Shrug It Off","floor":24,"key":"SMITH"},{"floor":32,"key":"REST"}],"circlet_count":0,"master_deck":["AscendersBane","Strike_R+1","Strike_R","Strike_R","Strike_R","Defend_R","Defend_R+1","Defend_R","Defend_R","Bash","Regret","Apotheosis+1","Doubt","Regret","Shame","Master of Strategy","Cleave","Shrug It Off+1","Clumsy","Pain","Regret","Demon Form","Doubt","Barricade"],"relics":["Cursed Key","Darkstone Periapt","Du-Vu Doll","Tiny Chest","Smiling Mask","Meat on the Bone","Incense Burner","Happy Flower","Paper Frog","Bag of Preparation","White Beast Statue","Spirit Poop","Philosopher\u0027s Stone","FossilizedHelix","TheAbacus","Enchiridion","Peace Pipe","StoneCalendar","Torii","Pear","MealTicket","Unceasing Top","Orichalcum","Mango","Ginger"],"acts_visited":["Exordium","TheCity","TheBeyond"],"potions_floor_usage":[33,33,33,36],"damage_taken":[{"damage":2,"enemies":"Small Slimes","floor":1,"turns":4},{"damage":3,"enemies":"2 Louse","floor":2,"turns":3},{"damage":43,"enemies":"3 Sentries","floor":6,"turns":10},{"damage":0,"enemies":"Jaw Worm","floor":11,"turns":2},{"damage":80,"enemies":"Slime Boss","floor":16,"turns":14},{"damage":18,"enemies":"2 Thieves","floor":18,"turns":3},{"damage":9,"enemies":"Shell Parasite","floor":25,"turns":3},{"damage":15,"enemies":"Shelled Parasite and Fungi","floor":28,"turns":4},{"damage":26,"enemies":"Snecko","floor":30,"turns":5},{"damage":48,"enemies":"Slavers","floor":31,"turns":5},{"damage":71,"enemies":"Champ","floor":33,"turns":7},{"damage":53,"enemies":"3 Darklings","floor":35,"turns":6},{"damage":50,"enemies":"Mind Bloom Boss Battle","floor":36,"turns":6}],"seed_played":"785060982130677162","potions_obtained":[{"floor":11,"key":"SteroidPotion"},{"floor":16,"key":"GamblersBrew"},{"floor":18,"key":"SpeedPotion"},{"floor":25,"key":"AttackPotion"},{"floor":28,"key":"BloodPotion"},{"floor":33,"key":"BlessingOfTheForge"},{"floor":35,"key":"Fire Potion"},{"floor":36,"key":"BloodPotion"}],"is_trial":true,"path_per_floor":["M","M","?","?","$","E","R","T","T","?","M","?","T","?","R","B",null,"M","$","$","?","T","R","R","M","T","?","M","T","M","E","R","B",null,"M","?"],"character_chosen":"IRONCLAD","items_purchased":["Cleave","Shrug It Off","TheAbacus"],"campfire_rested":4,"item_purchase_floors":[19,19,20],"current_hp_per_floor":[70,67,67,73,73,42,67,73,79,79,79,59,65,65,96,34,91,73,73,73,57,63,97,97,88,94,94,89,95,81,45,86,60,123,96,58,58],"gold":250,"neow_bonus":"","is_daily":false,"chose_seed":false,"campfire_upgraded":1,"win_rate":0.0,"timestamp":1607901037,"path_taken":["M","M","?","?","?","E","R","?","T","?","?","?","?","?","R","BOSS","M","?","$","?","?","R","R","?","T","?","?","?","?","E","R","BOSS","M","?"],"items_purchased_type":["Card","Card","Relic"],"build_version":"2020-11-30","purchased_purges":0,"victory":false,"max_hp_per_floor":[80,80,80,86,86,86,86,92,98,98,98,98,104,104,104,110,110,110,110,110,110,116,116,116,116,122,122,132,138,138,138,138,144,144,158,158,158],"card_choices":[{"not_picked":["Metamorphosis","Mayhem"],"picked":"Apotheosis","floor":6},{"not_picked":["Brutality","Apotheosis"],"picked":"Master of Strategy","floor":16},{"not_picked":["Limit Break","Reaper"],"picked":"Demon Form","floor":31},{"not_picked":["Feed","Juggernaut"],"picked":"Barricade","floor":33}],"player_experience":30902,"relics_obtained":[{"floor":1,"key":"Tiny Chest"},{"floor":2,"key":"Smiling Mask"},{"floor":6,"key":"Incense Burner"},{"floor":8,"key":"Happy Flower"},{"floor":9,"key":"Paper Frog"},{"floor":11,"key":"Bag of Preparation"},{"floor":13,"key":"White Beast Statue"},{"floor":18,"key":"FossilizedHelix"},{"floor":21,"key":"Enchiridion"},{"floor":22,"key":"Peace Pipe"},{"floor":25,"key":"StoneCalendar"},{"floor":26,"key":"Torii"},{"floor":28,"key":"Pear"},{"floor":29,"key":"MealTicket"},{"floor":30,"key":"Unceasing Top"},{"floor":31,"key":"Orichalcum"},{"floor":35,"key":"Mango"},{"floor":36,"key":"Ginger"}],"event_choices":[{"cards_removed":["Strike_R"],"damage_healed":0,"gold_gain":0,"player_choice":"Card Removal","damage_taken":0,"max_hp_gain":0,"max_hp_loss":0,"event_name":"The Cleric","floor":3,"gold_loss":50},{"damage_healed":0,"gold_gain":0,"player_choice":"Box","damage_taken":0,"relics_obtained":["Meat on the Bone"],"max_hp_gain":0,"max_hp_loss":0,"event_name":"Big Fish","floor":4,"gold_loss":0,"cards_obtained":["Regret"]},{"damage_healed":0,"gold_gain":0,"player_choice":"Grow","damage_taken":0,"max_hp_gain":0,"max_hp_loss":0,"event_name":"Living Wall","floor":10,"gold_loss":0,"cards_upgraded":["Apotheosis"]},{"damage_healed":0,"gold_gain":0,"player_choice":"Entered Light","damage_taken":20,"max_hp_gain":0,"max_hp_loss":0,"event_name":"Shining Light","floor":12,"gold_loss":0,"cards_upgraded":["Defend_R","Strike_R"]},{"cards_removed":["Writhe"],"damage_healed":0,"gold_gain":0,"player_choice":"Offered Curse","damage_taken":0,"relics_obtained":["Spirit Poop"],"max_hp_gain":0,"max_hp_loss":0,"event_name":"Bonfire Elementals","floor":14,"gold_loss":0},{"damage_healed":0,"gold_gain":0,"player_choice":"Obtained Book","damage_taken":16,"max_hp_gain":0,"max_hp_loss":0,"event_name":"Cursed Tome","floor":21,"gold_loss":0},{"damage_healed":0,"gold_gain":0,"player_choice":"Ignored","damage_taken":0,"max_hp_gain":0,"max_hp_loss":0,"event_name":"Transmorgrifier","floor":27,"gold_loss":0},{"damage_healed":0,"gold_gain":0,"player_choice":"Fight","damage_taken":0,"max_hp_gain":0,"max_hp_loss":0,"event_name":"MindBloom","floor":36,"gold_loss":0}],"is_beta":false,"boss_relics":[{"not_picked":["Empty Cage","Runic Pyramid"],"picked":"Philosopher\u0027s Stone"},{"not_picked":["Coffee Dripper","Sozu","Fusion Hammer"]}],"items_purged_floors":[],"is_endless":false,"potions_floor_spawned":[11,16,18,25,28,30,31,33,35,36],"killed_by":"Mind Bloom Boss Battle","ascension_level":10}}