{"host":"ks12kfi5c4d9hdxy","time":1607889371,"event":{"mods":["BaseMod","Conspire","GifTheSpireLib","HololiveMod","Koishi","LagranYue(拉格朗・月)","Marisa（F雨　魔理沙）","Minty Spire (QoL Compilation)","Reimu（博丽灵梦）","Remilia（蕾米莉亚）","Replay The Spire","RumiaBox-露米娅的神秘盒子","StSLib","SuperFastMode","The Administrix","The Servant 0.9.4","Youmu（魂魄妖梦）","Yuyuko","【功能Mod】混沌之环修复补丁","【功能Mod】聪明的最终Boss","篝火指南"],"gold_per_floor":[118,128,6,31,54,54,54],"floor_reached":6,"playtime":231,"items_purged":[],"score":63,"play_id":"a55651bb-fddd-4ec5-9da7-adc5b3fc5e2b","local_time":"20201214035611","is_ascension_mode":true,"campfire_choices":[],"circlet_count":0,"master_deck":["AscendersBane","Strike_MRS","Strike_MRS","Defend_MRS","MasterSpark","UpSweep","Clumsy","Delirium","OortCloud","ManaConvection","SuperPerseids","WitchOfGreed","EarthLightRay","Pain","Singularity"],"relics":["MiniHakkero","LagranYue:RandomDrawCardRelic","Fusion Hammer","Kintsugi","Replay:Kaleidoscope"],"acts_visited":["Exordium"],"potions_floor_usage":[6],"damage_taken":[{"damage":2.0,"enemies":"2 Louse","floor":1.0,"turns":2.0},{"damage":0.0,"enemies":"Small Slimes","floor":2.0,"turns":3.0},{"damage":0.0,"enemies":"Cultist","floor":4.0,"turns":3.0},{"damage":49,"enemies":"3 Sentries","floor":6,"turns":8}],"seed_played":"1494902165660701757","potions_obtained":[{"floor":1.0,"key":"SteroidPotion"},{"floor":4.0,"key":"FearPotion"}],"is_trial":false,"path_per_floor":["M","M","$","M","?","E"],"character_chosen":"MARISA","items_purchased":["SuperPerseids","WitchOfGreed"],"campfire_rested":0,"item_purchase_floors":[3,3],"current_hp_per_floor":[61,61,61,61,61,16,16],"gold":54,"neow_bonus":"DOUBLE_BOSS_RELIC","is_daily":false,"chose_seed":false,"campfire_upgraded":0,"win_rate":0.0,"timestamp":1607889371,"path_taken":["M","M","$","M","?","E"],"items_purchased_type":["Card","Card"],"build_version":"2020-11-30","purchased_purges":0,"victory":false,"max_hp_per_floor":[70,70,70,70,70,70,70],"card_choices":[{"not_picked":["PowerUp","NonDirectionalLaser"],"picked":"OortCloud","floor":1.0},{"not_picked":["NonDirectionalLaser","Acceleration"],"picked":"ManaConvection","floor":2.0},{"not_picked":["BlazeAway","Acceleration"],"picked":"EarthLightRay","floor":4.0},{"not_picked":["MachineGunSpark","MysteriousBeam"],"picked":"Singularity","floor":5.0}],"player_experience":453696,"relics_obtained":[{"floor":5.0,"key":"Replay:Kaleidoscope"}],"event_choices":[],"is_beta":false,"boss_relics":[],"items_purged_floors":[],"is_endless":false,"potions_floor_spawned":[1],"killed_by":"3 Sentries","ascension_level":15}}