{"host":"18uyx1ev7cnsl5lv","time":1607877895,"event":{"mods":["AchievementEnabler","BaseMod","Colored Map","Minty Spire (QoL Compilation)","Rare Cards Sparkle","StSLib","slay the spire mod where everything is the same but ironclad has a cowboy hat"],"gold_per_floor":[14,14,27,27,40,92,152,152,177,206,230,230,262,262,262,395,395,417,417,417,450,450,450],"floor_reached":22,"playtime":1962,"items_purged":[],"score":283,"play_id":"acb40d67-9731-4bf6-89bb-fd484861f41a","local_time":"20201213114455","is_ascension_mode":true,"campfire_choices":[{"floor":12,"key":"REST"},{"floor":15,"key":"REST"}],"circlet_count":0,"master_deck":["Strike_P+1","Strike_P+1","Strike_P+1","Strike_P+1","Defend_P+1","Defend_P+1","Eruption","Vigilance","FollowUp","Injury","SashWhip","Consecrate","Brilliance","ReachHeaven","Indignation","DevaForm","Judgement","Evaluate","Perseverance"],"relics":["HolyWater","Golden Idol","CeramicFish","Bag of Preparation"],"acts_visited":["Exordium","TheCity"],"potions_floor_usage":[8,16],"damage_taken":[{"damage":0,"enemies":"Small Slimes","floor":1,"turns":2},{"damage":7,"enemies":"2 Louse","floor":3,"turns":2},{"damage":2,"enemies":"Jaw Worm","floor":5,"turns":4},{"damage":52,"enemies":"Lagavulin","floor":6,"turns":11},{"damage":0,"enemies":"3 Sentries","floor":8,"turns":1},{"damage":4,"enemies":"2 Fungi Beasts","floor":10,"turns":3},{"damage":0,"enemies":"Looter","floor":11,"turns":1},{"damage":18,"enemies":"Large Slime","floor":13,"turns":3},{"damage":0,"enemies":"Slime Boss","floor":16,"turns":6},{"damage":29,"enemies":"Shell Parasite","floor":18,"turns":4},{"damage":14,"enemies":"2 Thieves","floor":21,"turns":2},{"damage":0,"enemies":"Centurion and Healer","floor":22,"turns":2}],"seed_played":"-8196438277750226854","potions_obtained":[{"floor":1,"key":"SmokeBomb"},{"floor":6,"key":"StancePotion"},{"floor":10,"key":"ColorlessPotion"},{"floor":16,"key":"LiquidMemories"},{"floor":18,"key":"SmokeBomb"}],"is_trial":false,"path_per_floor":["M","?","M","$","M","E","?","E","T","M","M","R","M","?","R","B",null,"M","?","?","M","M"],"character_chosen":"WATCHER","items_purchased":[],"campfire_rested":2,"item_purchase_floors":[],"current_hp_per_floor":[72,72,65,65,63,11,11,11,11,7,7,28,10,10,31,31,72,43,43,43,29,29,29],"gold":450,"neow_bonus":"REMOVE_TWO","is_daily":false,"chose_seed":false,"campfire_upgraded":0,"win_rate":0.0,"timestamp":1607877895,"path_taken":["M","?","M","$","M","E","?","E","T","?","M","R","M","?","R","BOSS","M","?","?","M","M"],"items_purchased_type":[],"build_version":"2020-11-30","purchased_purges":0,"victory":false,"max_hp_per_floor":[72,72,72,72,72,72,72,72,72,72,72,72,72,72,72,72,72,72,72,72,72,72,72],"card_choices":[{"not_picked":["Fasting2","SignatureMove"],"picked":"FollowUp","floor":1},{"not_picked":["Collect","CrushJoints"],"picked":"SashWhip","floor":3},{"not_picked":["Crescendo","SignatureMove"],"picked":"Consecrate","floor":5},{"not_picked":["ClearTheMind","EmptyFist"],"picked":"Brilliance","floor":6},{"not_picked":["FlyingSleeves","Halt"],"picked":"ReachHeaven","floor":10},{"not_picked":["CutThroughFate","FlurryOfBlows"],"picked":"Indignation","floor":11},{"not_picked":["FlyingSleeves","FlurryOfBlows"],"picked":"DevaForm","floor":13},{"not_picked":["MasterReality","Omniscience"],"picked":"Judgement","floor":16},{"not_picked":["Crescendo","DeceiveReality"],"picked":"Evaluate","floor":18},{"not_picked":["CrushJoints","Study+1"],"picked":"Perseverance","floor":21}],"player_experience":398833,"relics_obtained":[{"floor":6,"key":"CeramicFish"},{"floor":9,"key":"Bag of Preparation"}],"event_choices":[{"damage_healed":0,"gold_gain":0,"player_choice":"Take Wound","damage_taken":0,"relics_obtained":["Golden Idol"],"max_hp_gain":0,"max_hp_loss":0,"event_name":"Golden Idol","floor":2,"gold_loss":0,"cards_obtained":["Injury"]},{"damage_healed":0,"gold_gain":60,"player_choice":"Gained Gold","damage_taken":0,"max_hp_gain":0,"max_hp_loss":0,"event_name":"Golden Wing","floor":7,"gold_loss":0},{"damage_healed":0,"gold_gain":0,"player_choice":"Ignored","damage_taken":0,"max_hp_gain":0,"max_hp_loss":0,"event_name":"Shining Light","floor":14,"gold_loss":0},{"damage_healed":0,"gold_gain":0,"player_choice":"Simplicity","damage_taken":0,"max_hp_gain":0,"max_hp_loss":0,"event_name":"Back to Basics","floor":19,"gold_loss":0,"cards_upgraded":["Strike_P","Strike_P","Strike_P","Strike_P","Defend_P","Defend_P"]},{"damage_healed":0,"gold_gain":0,"player_choice":"Ignored","damage_taken":0,"max_hp_gain":0,"max_hp_loss":0,"event_name":"Vampires","floor":20,"gold_loss":0}],"is_beta":false,"boss_relics":[{"not_picked":["Fusion Hammer","Velvet Choker"],"picked":"HolyWater"}],"items_purged_floors":[],"is_endless":false,"potions_floor_spawned":[1,6,10,16,18],"killed_by":"Centurion and Healer","ascension_level":3}}