{"host":"e9x02d116nyd6j9y","time":1607849153,"event":{"mods":["BaseMod","Lobotomy","Minty Spire (QoL Compilation)","SuperFastMode","everything is the same but u backflip on backflip"],"gold_per_floor":[115,115,128,128,143,143,178,178,178,178,32,32,52,52,52,52,52],"floor_reached":16,"playtime":650,"items_purged":[],"score":98,"play_id":"0e6c6ad1-436a-4264-b963-d51e2ddaccec","local_time":"20201213174553","is_ascension_mode":false,"campfire_choices":[{"data":"Cleave","floor":6,"key":"SMITH"},{"floor":8,"key":"REST"},{"floor":10,"key":"REST"},{"data":"Entrench","floor":15,"key":"SMITH"}],"circlet_count":0,"master_deck":["Strike_R","Strike_R","Strike_R","Strike_R","Strike_R","Defend_R","Defend_R","Defend_R","Defend_R","Bash","Shrug It Off","Cleave+1","Armaments","Entrench+1","Headbutt","Battle Trance","Sword Boomerang"],"relics":["Burning Blood","CultistMask","Self Forming Clay","Eternal Feather","Vajra"],"acts_visited":["Exordium"],"potions_floor_usage":[7,16],"damage_taken":[{"damage":5,"enemies":"Jaw Worm","floor":1,"turns":5},{"damage":2,"enemies":"Cultist","floor":3,"turns":4},{"damage":7,"enemies":"Small Slimes","floor":5,"turns":3},{"damage":64,"enemies":"Lagavulin","floor":7,"turns":14},{"damage":3,"enemies":"Red Slaver","floor":13,"turns":4},{"damage":90,"enemies":"Hexaghost","floor":16,"turns":14}],"seed_played":"-8393626049718051415","potions_obtained":[{"floor":3,"key":"Weak Potion"},{"floor":5,"key":"Energy Potion"}],"is_trial":false,"path_per_floor":["M","?","M","$","M","R","E","R","T","R","$","?","M","?","R","B"],"character_chosen":"IRONCLAD","items_purchased":["Vajra"],"campfire_rested":2,"item_purchase_floors":[11],"current_hp_per_floor":[80,80,80,80,79,79,21,45,45,78,78,78,80,85,85,0,0],"gold":52,"neow_bonus":"THREE_CARDS","is_daily":false,"chose_seed":false,"campfire_upgraded":2,"win_rate":0.0,"timestamp":1607849153,"path_taken":["M","?","?","$","M","R","E","R","T","R","?","?","?","?","R","BOSS"],"items_purchased_type":["Relic"],"build_version":"2020-11-30","purchased_purges":0,"victory":false,"max_hp_per_floor":[80,80,80,80,80,80,80,80,80,80,80,80,80,85,85,85,85],"card_choices":[{"not_picked":["Clash","Cleave"],"picked":"Shrug It Off","floor":0},{"not_picked":["Rampage","Dual Wield"],"picked":"Cleave","floor":1},{"not_picked":["Rupture","Rampage"],"picked":"Armaments","floor":3},{"not_picked":["Clothesline","Heavy Blade"],"picked":"Entrench","floor":5},{"not_picked":["Armaments","Dropkick"],"picked":"Headbutt","floor":7},{"not_picked":["Whirlwind","Reckless Charge"],"picked":"Sword Boomerang","floor":13}],"player_experience":7571,"relics_obtained":[{"floor":7,"key":"Self Forming Clay"},{"floor":9,"key":"Eternal Feather"}],"event_choices":[{"damage_healed":0,"gold_gain":0,"player_choice":"Trade","damage_taken":0,"relics_obtained":["CultistMask"],"max_hp_gain":0,"max_hp_loss":0,"event_name":"FaceTrader","floor":2,"gold_loss":0},{"damage_healed":0,"gold_gain":0,"player_choice":"1 cards matched","damage_taken":0,"max_hp_gain":0,"max_hp_loss":0,"event_name":"Match and Keep!","floor":12,"gold_loss":0,"cards_obtained":["Battle Trance"]},{"damage_healed":0,"gold_gain":0,"player_choice":"Donut","damage_taken":0,"max_hp_gain":5,"max_hp_loss":0,"event_name":"Big Fish","floor":14,"gold_loss":0}],"is_beta":false,"boss_relics":[],"items_purged_floors":[],"is_endless":false,"potions_floor_spawned":[3,5],"killed_by":"Hexaghost","ascension_level":0}}