{"host":"61ejhfsushs0xmcl","time":1607861996,"event":{"mods":["Act Like it!","BaseMod","Colored Map","Gold Saver","Marisa（F雨　魔理沙）","Minty Spire (QoL Compilation)","MostiFishMod","Replay The Spire","Robot Space Explorer","Spicy Shops","StSLib","TestMod","The Alterego","The Dragon Tamer","Waifu the Spire","篝火指南"],"gold_per_floor":[2014,1395,1410,1426,1140,1172,1172,1201,1201,1201,1222,1257,1257,1282,1282,1382,1382,1398,864,1264,1234,1249,1249,1280,1280,1280,972,1002,1015,1033,1058,1058,1155,1155,1167,1180,967,967,979,1009,959,994,1020,1050,878,931,964,1064,509,521,521,302,202,229,234],"floor_reached":56,"playtime":2484,"items_purged":["alterego_mod:Defend","alterego_mod:Strike","Pride","alterego_mod:Strike","alterego_mod:Impale","alterego_mod:Strike","alterego_mod:Strike+1","alterego_mod:Valkyrie+1","alterego_mod:Defend","alterego_mod:Defend","alterego_mod:Weigh+1","alterego_mod:BrynhildrRomantia+1","alterego_mod:BigMeatyClaws+1"],"score":2012,"play_id":"e5d137f1-53e3-4c94-8920-5b51144127cc","local_time":"20201213201956","is_ascension_mode":true,"campfire_choices":[{"data":"alterego_mod:BrynhildrRomantia","floor":7.0,"key":"SMITH"},{"data":"alterego_mod:Belle","floor":10.0,"key":"SMITH"},{"data":"alterego_mod:TrashNCrash","floor":15.0,"key":"SMITH"},{"data":"alterego_mod:IdEs","floor":23.0,"key":"SMITH"},{"floor":25.0,"key":"RECALL"},{"data":"alterego_mod:SakuraLabyrinth","floor":32.0,"key":"SMITH"}],"circlet_count":0,"master_deck":["alterego_mod:Defend+1","alterego_mod:BrynhildrsRune+1","alterego_mod:SakuraLabyrinth+1","alterego_mod:TrashNCrash+1","alterego_mod:IdEs+1","alterego_mod:Venus+1","alterego_mod:ChallengeComplete+1","alterego_mod:BusterCard+1","alterego_mod:ClassAdvantage+1","alterego_mod:GachaTicket+1","alterego_mod:BusterCard+1"],"relics":["alterego_mod:MasochisticConstitution","testmod-TestBox","testmod-PortableAltar","GuanYuAspect","Question Card","Dodecahedron","testmod-IndustrialRevolution","Singing Bowl","Orrery","testmod-IntensifyImprint","The Courier","Bag of Preparation","ImportantClient","xbg","ClockworkSouvenir","War Paint","Medical Kit","Vajra","testmod-ObsoleteBoomerang","Calipers","Chameleon Ring","Replay:Bottled Eggs","Smiling Mask","ChiXiaoBlade","Question Card","Whetstone","Mercury Hourglass","testmod-Acrobat","Replay:Towering Pillar of Hats","BrkXgEgg","CatCart","Civilization","Ice Cream","DollysMirror","Replay:Wax Seal","Membership Card","Guide Book","Bag of Marbles"],"acts_visited":["Exordium","TheCity","TheBeyond","TheEnding"],"potions_floor_usage":[55],"damage_taken":[{"damage":10.0,"enemies":"2 Louse","floor":1.0,"turns":3.0},{"damage":19.0,"enemies":"Cultist","floor":3.0,"turns":4.0},{"damage":3.0,"enemies":"Small Slimes","floor":4.0,"turns":3.0},{"damage":19.0,"enemies":"Gremlin Nob","floor":6.0,"turns":3.0},{"damage":51.0,"enemies":"3 Sentries","floor":8.0,"turns":14.0},{"damage":11.0,"enemies":"Exordium Thugs","floor":11.0,"turns":4.0},{"damage":12.0,"enemies":"Lagavulin","floor":12.0,"turns":6.0},{"damage":9.0,"enemies":"Looter","floor":14.0,"turns":3.0},{"damage":0.0,"enemies":"Slime Boss","floor":16.0,"turns":1.0},{"damage":5.0,"enemies":"2 Thieves","floor":18.0,"turns":4.0},{"damage":1.0,"enemies":"3 Byrds","floor":22.0,"turns":5.0},{"damage":17.0,"enemies":"Book of Stabbing","floor":24.0,"turns":4.0},{"damage":0.0,"enemies":"Gremlin Leader","floor":28.0,"turns":2.0},{"damage":0.0,"enemies":"Centurion and Healer","floor":29.0,"turns":1.0},{"damage":0.0,"enemies":"Cultist and Chosen","floor":30.0,"turns":1.0},{"damage":0.0,"enemies":"Book of Stabbing","floor":31.0,"turns":1.0},{"damage":6.0,"enemies":"Pondfish","floor":33.0,"turns":5.0},{"damage":0.0,"enemies":"3 Darklings","floor":35.0,"turns":2.0},{"damage":0.0,"enemies":"3 Shapes","floor":36.0,"turns":7.0},{"damage":0.0,"enemies":"Maw","floor":39.0,"turns":3.0},{"damage":0.0,"enemies":"R_Hoarder","floor":40.0,"turns":3.0},{"damage":0.0,"enemies":"Reptomancer","floor":42.0,"turns":2.0},{"damage":0.0,"enemies":"R_Hoarder","floor":44.0,"turns":2.0},{"damage":0.0,"enemies":"Orin","floor":46.0,"turns":4.0},{"damage":0.0,"enemies":"Transient","floor":47.0,"turns":1.0},{"damage":0.0,"enemies":"Awakened One","floor":50.0,"turns":2.0},{"damage":0.0,"enemies":"Shield and Spear","floor":54.0,"turns":1.0},{"damage":10,"enemies":"The Heart","floor":55,"turns":5}],"seed_played":"876048814703147955","potions_obtained":[{"floor":1.0,"key":"CultistPotion"},{"floor":11.0,"key":"Elixir"},{"floor":12.0,"key":"Block Potion"},{"floor":13.0,"key":"FairyPotion"},{"floor":18.0,"key":"FearPotion"},{"floor":21.0,"key":"Weak Potion"},{"floor":21.0,"key":"Weak Potion"},{"floor":30.0,"key":"SteroidPotion"},{"floor":31.0,"key":"Toxic Potion"},{"floor":40.0,"key":"BlessingOfTheForge"},{"floor":46.0,"key":"FairyPotion"}],"is_trial":false,"path_per_floor":["M","$","M","M","$","E","R","E","T","R","M","E","?","M","R","B",null,"M","$","?","?","M","R","E","R","T","$","E","M","M","E","R","B",null,"M","M","$","?","M","E","R","E","T","E","R","?","M","?","R_BF","B",null,"R","$","E","B",null],"character_chosen":"The_Alterego","items_purchased":["Dodecahedron","testmod-IndustrialRevolution","Singing Bowl","Orrery","ClockworkSouvenir","War Paint","Medical Kit","testmod-SpacePotion","Vajra","Chameleon Ring","alterego_mod:ChallengeComplete+1","testmod-SpacePotion","Question Card","BrkXgEgg","Civilization","Ice Cream","DollysMirror","Replay:Wax Seal","Membership Card","Guide Book"],"campfire_rested":0,"item_purchase_floors":[2,2,2,5,19,19,19,19,19,27,27,27,37,45,49,49,49,49,52,53],"current_hp_per_floor":[34,34,28,37,39,37,37,31,31,31,41,54,54,57,57,58,69,77,77,77,76,89,89,79,79,79,79,89,89,94,95,95,99,98,102,114,113,112,116,121,121,121,121,125,125,129,129,128,127,129,130,129,128,132,140],"gold":234,"neow_bonus":"ONE_RANDOM_RARE_CARD","is_daily":false,"chose_seed":false,"campfire_upgraded":5,"win_rate":0.0,"timestamp":1607861996,"path_taken":["M","$","M","M","$","E","R","E","T","R","M","E","?","M","R","BOSS","M","?","?","?","M","R","E","R","T","$","E","M","M","E","R","BOSS","M","M","$","?","M","E","R","E","T","E","R","?","M","?","R_BF","BOSS","R","$","E","BOSS"],"items_purchased_type":["Relic","Relic","Relic","Relic","Relic","Relic","Relic","Potion","Relic","Relic","Card","Potion","Relic","Relic","Relic","Relic","Relic","Relic","Relic","Relic"],"build_version":"2020-11-30","purchased_purges":13,"victory":true,"max_hp_per_floor":[35,34,36,38,41,42,41,55,54,53,63,67,66,72,71,70,69,79,78,77,76,90,89,93,92,91,90,89,90,95,96,95,99,98,103,114,113,112,117,122,121,122,121,126,125,130,129,128,127,131,130,129,128,136,144],"card_choices":[{"not_picked":["alterego_mod:Clap","alterego_mod:Undulate"],"picked":"alterego_mod:Exercise","floor":1.0},{"not_picked":["alterego_mod:HighServant","alterego_mod:PerceptionDisorder","alterego_mod:BeGentle","alterego_mod:ChallengeComplete"],"picked":"Singing Bowl","floor":3.0},{"not_picked":["alterego_mod:Punishment","alterego_mod:IndependentAction","alterego_mod:DiscoLights","alterego_mod:MagicResistance"],"picked":"Singing Bowl","floor":4.0},{"not_picked":["alterego_mod:Cycle","alterego_mod:Stockings","alterego_mod:Jiggle"],"picked":"alterego_mod:Belle","floor":5.0},{"not_picked":["alterego_mod:GoddessCore","alterego_mod:Clap","alterego_mod:Birthday"],"picked":"alterego_mod:BrynhildrRomantia","floor":5.0},{"not_picked":["alterego_mod:Bloomers","alterego_mod:Valentines","alterego_mod:Nekomimi"],"picked":"alterego_mod:SakuraLabyrinth","floor":5.0},{"not_picked":["alterego_mod:Cycle","alterego_mod:DiscoLights","alterego_mod:DestructionOfProperty","alterego_mod:Exercise"],"picked":"Singing Bowl","floor":5.0},{"not_picked":["alterego_mod:Birthday","alterego_mod:PerceptionDisorder","alterego_mod:Maid","alterego_mod:BusterCard"],"picked":"Singing Bowl","floor":5.0},{"not_picked":["alterego_mod:GoddessCore","alterego_mod:Exercise","alterego_mod:Birthday","alterego_mod:RocketPunch"],"picked":"Singing Bowl","floor":6.0},{"not_picked":["alterego_mod:Mirror","alterego_mod:Bounce","alterego_mod:Complex","alterego_mod:RidiculouslyBig"],"picked":"Singing Bowl","floor":8.0},{"not_picked":["alterego_mod:MagicResistance","alterego_mod:Undulate","alterego_mod:Lingerie","alterego_mod:DustData"],"picked":"Singing Bowl","floor":11.0},{"not_picked":["alterego_mod:BiFurious","alterego_mod:Clap","alterego_mod:Complex"],"picked":"alterego_mod:TrashNCrash","floor":12.0},{"not_picked":["alterego_mod:Collar","alterego_mod:Complex","alterego_mod:SakuraLabyrinth","alterego_mod:BustOut"],"picked":"Singing Bowl","floor":14.0},{"not_picked":["alterego_mod:Vow","alterego_mod:RingBreak","alterego_mod:STier"],"picked":"alterego_mod:IdEs","floor":16.0},{"not_picked":["alterego_mod:Clap","alterego_mod:PerceptionDisorder","alterego_mod:1TonWallop","alterego_mod:Jiggle"],"picked":"Singing Bowl","floor":18.0},{"not_picked":["alterego_mod:Cooking","alterego_mod:BiFurious","alterego_mod:Valentines","alterego_mod:Bunnysuit"],"picked":"Singing Bowl","floor":22.0},{"not_picked":["alterego_mod:Lingerie","alterego_mod:Punishment+1","alterego_mod:Birthday+1"],"picked":"alterego_mod:Venus","floor":24.0},{"not_picked":["alterego_mod:GoddessCore","alterego_mod:IndependentAction+1","alterego_mod:BoobPocket"],"picked":"alterego_mod:BusterCard+1","floor":28.0},{"not_picked":["alterego_mod:GachaTicket","alterego_mod:Rip","alterego_mod:Bloomers","alterego_mod:Punishment+1"],"picked":"Singing Bowl","floor":29.0},{"not_picked":["alterego_mod:1TonWallop","alterego_mod:BiFurious","alterego_mod:Cushion","alterego_mod:BoobPocket+1"],"picked":"Singing Bowl","floor":30.0},{"not_picked":["alterego_mod:SakuraFive","alterego_mod:PerceptionDisorder","alterego_mod:STier","alterego_mod:Cycle"],"picked":"Singing Bowl","floor":31.0},{"not_picked":["alterego_mod:TrickOrTreatment","alterego_mod:GIGAMILK","alterego_mod:Tantrum"],"picked":"alterego_mod:ClassAdvantage","floor":33.0},{"not_picked":["alterego_mod:Complex","alterego_mod:Maid+1","alterego_mod:Schoolgirl","alterego_mod:Bunnysuit"],"picked":"Singing Bowl","floor":35.0},{"not_picked":["alterego_mod:Birthday","alterego_mod:BusterCard","alterego_mod:IndependentAction+1"],"picked":"alterego_mod:GachaTicket+1","floor":36.0},{"not_picked":["alterego_mod:Skirt+1","alterego_mod:Jiggle+1","alterego_mod:Stockings","alterego_mod:Mirror","alterego_mod:SuperDuperMasochism+1"],"picked":"Singing Bowl","floor":39.0},{"not_picked":["alterego_mod:TrashNCrash","alterego_mod:Complex+1","alterego_mod:MagicResistance+1","alterego_mod:Swimsuit","alterego_mod:Bounce+1"],"picked":"Singing Bowl","floor":40.0},{"not_picked":["alterego_mod:BeGentle","alterego_mod:Punishment","alterego_mod:Alter","alterego_mod:Complex+1","alterego_mod:Cooking"],"picked":"Singing Bowl","floor":42.0},{"not_picked":["alterego_mod:Cooking","alterego_mod:Undulate+1","alterego_mod:BiFurious+1","alterego_mod:Bloomers+1","alterego_mod:GoddessCore"],"picked":"Singing Bowl","floor":44.0},{"not_picked":["alterego_mod:Nekomimi","alterego_mod:Skirt","alterego_mod:Cooking","alterego_mod:Smother+1","alterego_mod:Crossover+1"],"picked":"Singing Bowl","floor":46.0},{"not_picked":["alterego_mod:BoobPocket+1","alterego_mod:Undulate","alterego_mod:Birthday+1","alterego_mod:Punishment+1"],"picked":"alterego_mod:Weigh+1","floor":47.0},{"not_picked":["alterego_mod:PerceptionDisorder+1","alterego_mod:Bounce+1","alterego_mod:DestructionOfProperty","alterego_mod:GachaTicket","alterego_mod:Cycle+1"],"picked":"Singing Bowl","floor":54.0}],"player_experience":793925,"relics_obtained":[{"floor":1.0,"key":"Question Card"},{"floor":6.0,"key":"testmod-IntensifyImprint"},{"floor":8.0,"key":"The Courier"},{"floor":12.0,"key":"Bag of Preparation"},{"floor":16.0,"key":"ImportantClient"},{"floor":24.0,"key":"testmod-ObsoleteBoomerang"},{"floor":26.0,"key":"Calipers"},{"floor":28.0,"key":"Replay:Bottled Eggs"},{"floor":31.0,"key":"Smiling Mask"},{"floor":40.0,"key":"Whetstone"},{"floor":42.0,"key":"Mercury Hourglass"},{"floor":43.0,"key":"testmod-Acrobat"},{"floor":44.0,"key":"Replay:Towering Pillar of Hats"},{"floor":46.0,"key":"CatCart"},{"floor":54.0,"key":"Bag of Marbles"}],"event_choices":[{"damage_healed":0.0,"max_hp_gain":0.0,"max_hp_loss":0.0,"gold_gain":0.0,"event_name":"Lab","player_choice":"Got Potions","floor":13.0,"gold_loss":0.0,"damage_taken":0.0},{"damage_healed":0.0,"max_hp_gain":0.0,"max_hp_loss":0.0,"gold_gain":400.0,"event_name":"恩洛斯的盘子","player_choice":"Sell","floor":20.0,"relics_lost":["DaveBox"],"gold_loss":0.0,"damage_taken":0.0},{"damage_healed":0.0,"max_hp_gain":0.0,"max_hp_loss":0.0,"gold_gain":0.0,"event_name":"The Woman in Blue","player_choice":"Bought 2 Potions","floor":21.0,"gold_loss":0.0,"damage_taken":0.0},{"cards_removed":["alterego_mod:Exercise"],"damage_healed":0.0,"max_hp_gain":0.0,"max_hp_loss":0.0,"gold_gain":0.0,"event_name":"Falling","player_choice":"Removed Attack","floor":38.0,"gold_loss":0.0,"damage_taken":0.0},{"damage_healed":0.0,"max_hp_gain":0.0,"max_hp_loss":0.0,"gold_gain":0.0,"event_name":"OrinTheCat","player_choice":"Fight","floor":46.0,"gold_loss":0.0,"damage_taken":0.0},{"damage_healed":0.0,"max_hp_gain":0.0,"max_hp_loss":0.0,"gold_gain":100.0,"event_name":"Golden Shrine","player_choice":"Pray","floor":48.0,"gold_loss":0.0,"damage_taken":0.0}],"is_beta":false,"boss_relics":[{"not_picked":["FixedStarFall","Empty Cage"],"picked":"xbg"},{"not_picked":["ReplayTheSpireMod:DimensionalGlitch","SynthV:MejaisSoulstealer"],"picked":"ChiXiaoBlade"}],"items_purged_floors":[2,5,5,19,27,37,41,45,49,49,52,52,53],"is_endless":false,"potions_floor_spawned":[1,11,12,14,18,24,30,31,40,42,44,46],"ascension_level":1}}