{"host":"99ad87xtd5ypi7ii","time":1607893337,"event":{"mods":["BaseMod","Hermit","Highlight Path","Marisa????????","Minty Spire (QoL Compilation)","Robot Space Explorer","StSLib","The Bladedancer","The Construct","The Cursed","The Disciple","The Elementalist","The Gatherer","The Hierophant","The Runesmith","The Servant 0.9.4","TheVacant"],"gold_per_floor":[365,388,96,106,181,35,35,64,114,114,132,132,164,187,199,306,318,340,352,364,364],"floor_reached":20,"playtime":1179,"items_purged":["Decay"],"score":225,"play_id":"6ca2a01c-bdfc-4dce-9b86-c8bf65ea4772","local_time":"20201213220217","is_ascension_mode":true,"campfire_choices":[{"data":"RobotSpaceExplorer:Exploration","floor":7,"key":"SMITH"},{"data":"RobotSpaceExplorer:StarLightning","floor":10,"key":"SMITH"},{"floor":12,"key":"REST"},{"data":"RobotSpaceExplorer:PlasmaMissile","floor":15,"key":"SMITH"}],"circlet_count":0,"master_deck":["RobotSpaceExplorer:Strike","RobotSpaceExplorer:Strike","RobotSpaceExplorer:Strike","RobotSpaceExplorer:Strike","RobotSpaceExplorer:Defend","RobotSpaceExplorer:Defend","RobotSpaceExplorer:Defend","RobotSpaceExplorer:Defend","RobotSpaceExplorer:Scan","RobotSpaceExplorer:MiniLasers","RobotSpaceExplorer:Pulsar","RobotSpaceExplorer:StarLightning+1","RobotSpaceExplorer:Blaster","RobotSpaceExplorer:Pulsar","RobotSpaceExplorer:PowerCollector","RobotSpaceExplorer:Pulsar","RobotSpaceExplorer:PowerGlove","RobotSpaceExplorer:PlasmaMissile+1","RobotSpaceExplorer:Autoloader","RobotSpaceExplorer:ScrapToss"],"relics":["RobotSpaceExplorer:RoboCore","Art of War","Orrery","RobotSpaceExplorer:ClockworkSextant","PreservedInsect","Kunai","Strawberry","MawBank","Runic Pyramid"],"acts_visited":["Exordium","TheCity"],"potions_floor_usage":[16,16,18,18],"damage_taken":[{"damage":4,"enemies":"Cultist","floor":1,"turns":5},{"damage":0,"enemies":"Small Slimes","floor":4,"turns":3},{"damage":28,"enemies":"3 Sentries","floor":8,"turns":9},{"damage":0,"enemies":"Jaw Worm","floor":11,"turns":3},{"damage":6,"enemies":"Lagavulin","floor":13,"turns":6},{"damage":18,"enemies":"Gremlin Gang","floor":14,"turns":5},{"damage":3,"enemies":"Hexaghost","floor":16,"turns":8},{"damage":16,"enemies":"2 Thieves","floor":18,"turns":4},{"damage":1,"enemies":"Chosen","floor":20,"turns":4}],"seed_played":"9169121196713110880","potions_obtained":[{"floor":1,"key":"FearPotion"},{"floor":8,"key":"Energy Potion"},{"floor":14,"key":"SpeedPotion"},{"floor":16,"key":"construct:ShiftPotion"}],"is_trial":false,"path_per_floor":["M","T","$","M","?","$","R","E","T","R","M","R","E","M","R","B",null,"M","?","M"],"character_chosen":"RobotSpaceExplorer","items_purchased":["RobotSpaceExplorer:StarLightning","Orrery","RobotSpaceExplorer:ClockworkSextant"],"campfire_rested":1,"item_purchase_floors":[3,3,6],"current_hp_per_floor":[71,71,71,71,60,60,60,32,39,39,39,63,57,39,39,36,71,55,39,38,38],"gold":364,"neow_bonus":"TWO_FIFTY_GOLD","is_daily":false,"chose_seed":false,"campfire_upgraded":3,"win_rate":0.0,"timestamp":1607893337,"path_taken":["M","?","$","M","?","?","R","E","T","R","?","R","E","M","R","BOSS","M","?","M"],"items_purchased_type":["Card","Relic","Relic"],"build_version":"2020-11-30","purchased_purges":1,"victory":false,"max_hp_per_floor":[75,75,75,75,75,75,75,75,82,82,82,82,82,82,82,82,82,82,87,87,87],"card_choices":[{"not_picked":["RobotSpaceExplorer:ScrapShield","RobotSpaceExplorer:Jetpack"],"picked":"RobotSpaceExplorer:Pulsar","floor":1},{"not_picked":["RobotSpaceExplorer:MetalStrike","RobotSpaceExplorer:DualCore"],"picked":"RobotSpaceExplorer:Exploration","floor":3},{"not_picked":["RobotSpaceExplorer:Calculate","RobotSpaceExplorer:Electropulse"],"picked":"RobotSpaceExplorer:Blaster","floor":3},{"not_picked":["RobotSpaceExplorer:Ammunition","RobotSpaceExplorer:Counterblock"],"picked":"RobotSpaceExplorer:Pulsar","floor":3},{"not_picked":["RobotSpaceExplorer:FranticSearch","RobotSpaceExplorer:ScrapMissile"],"picked":"RobotSpaceExplorer:PowerCollector","floor":4},{"not_picked":["RobotSpaceExplorer:ImprovisedAttack","RobotSpaceExplorer:MetalStrike"],"picked":"RobotSpaceExplorer:Pulsar","floor":8},{"not_picked":["RobotSpaceExplorer:Reload","RobotSpaceExplorer:ShockKick"],"picked":"RobotSpaceExplorer:PowerGlove","floor":11},{"not_picked":["RobotSpaceExplorer:Ammunition","RobotSpaceExplorer:MetalStrike"],"picked":"RobotSpaceExplorer:PlasmaMissile","floor":13},{"not_picked":["RobotSpaceExplorer:Counterblock","RobotSpaceExplorer:ScrapShield","RobotSpaceExplorer:SurgingShield"],"picked":"SKIP","floor":14},{"not_picked":["RobotSpaceExplorer:TrailblazerForm","RobotSpaceExplorer:BlastShield"],"picked":"RobotSpaceExplorer:Autoloader","floor":16},{"not_picked":["RobotSpaceExplorer:Pulsar","RobotSpaceExplorer:MiniDrones"],"picked":"RobotSpaceExplorer:ScrapToss","floor":18}],"player_experience":716511,"relics_obtained":[{"floor":2,"key":"Art of War"},{"floor":8,"key":"PreservedInsect"},{"floor":8,"key":"Kunai"},{"floor":9,"key":"Strawberry"},{"floor":13,"key":"MawBank"}],"event_choices":[{"damage_healed":0,"gold_gain":75,"player_choice":"Gather Gold","damage_taken":11,"max_hp_gain":0,"max_hp_loss":0,"event_name":"World of Goop","floor":5,"gold_loss":0},{"damage_healed":0,"gold_gain":0,"player_choice":"Shed Blood","damage_taken":21,"max_hp_gain":5,"max_hp_loss":0,"event_name":"Forgotten Altar","floor":19,"gold_loss":0}],"is_beta":false,"boss_relics":[{"not_picked":["Busted Crown","Black Star"],"picked":"Runic Pyramid"}],"items_purged_floors":[3],"is_endless":false,"potions_floor_spawned":[1,8,14,16],"killed_by":"Chosen","ascension_level":5}}