{"host":"ykruzxakfolvqoa7","time":1607857060,"event":{"mods":["Act Like it!","BaseMod","Colored Powertips","Downfall","Hubris","Ironclad Rager","Minty Spire (QoL Compilation)","StSLib","Swap Starting Deck Mod","Wandering Minibosses"],"gold_per_floor":[111,111,111,124,137,137,153,186,186,186,186,196,215,249,249,347,347,363,92,103,115,115,115],"floor_reached":22,"playtime":1154,"items_purged":["Regret"],"score":298,"play_id":"2c5640cd-f73c-4e6d-a1c2-5bfe02496949","local_time":"20201213105740","is_ascension_mode":false,"campfire_choices":[{"data":"Venomology","floor":6,"key":"SMITH"},{"floor":10,"key":"REST"},{"floor":15,"key":"RECALL"}],"circlet_count":0,"master_deck":["Poisoned Stab","Poisoned Stab","Poisoned Stab","Poisoned Stab","Deflect","Deflect","Deflect","Deflect","Deadly Poison","Venomology+1","Deadly Poison","Bane+1","Deadly Poison","hubris:Despair","Deadly Poison","Envenom","Poisoned Stab+1","Deflect","Outmaneuver+1"],"relics":["Ring of the Snake","Molten Egg 2","WarpedTongs","Vajra","hubris:BottledRain","Pen Nib","hubris:CrackedHourglass","PreservedInsect"],"acts_visited":["Exordium","TheCity"],"potions_floor_usage":[7,8,8,13,14,16,18,18,20,20,21],"damage_taken":[{"damage":0,"enemies":"2 Louse","floor":1,"turns":2},{"damage":5,"enemies":"Small Slimes","floor":4,"turns":2},{"damage":3,"enemies":"Cultist","floor":5,"turns":2},{"damage":4,"enemies":"Blue Slaver","floor":7,"turns":1},{"damage":3,"enemies":"Gremlin Nob","floor":8,"turns":2},{"damage":2,"enemies":"Lots of Slimes","floor":12,"turns":3},{"damage":1,"enemies":"3 Louse","floor":13,"turns":2},{"damage":6,"enemies":"3 Sentries","floor":14,"turns":5},{"damage":23,"enemies":"Slime Boss","floor":16,"turns":7},{"damage":27,"enemies":"Shell Parasite","floor":18,"turns":7},{"damage":9,"enemies":"2 Thieves","floor":20,"turns":3},{"damage":13,"enemies":"Snake Plant","floor":21,"turns":2},{"damage":29,"enemies":"Sentry and Sphere","floor":22,"turns":4}],"seed_played":"8656767098043507874","potions_obtained":[{"floor":5,"key":"SpeedPotion"},{"floor":7,"key":"CunningPotion"},{"floor":16,"key":"Explosive Potion"},{"floor":18,"key":"SkillPotion"},{"floor":20,"key":"hexamod:EctoCoolerPotion"}],"is_trial":false,"path_per_floor":["M","?","?","M","M","R","M","E","T","R","?","M","M","E","R","B",null,"M","$","M","M","M"],"character_chosen":"THE_SILENT","items_purchased":["PreservedInsect","Poisoned Stab+1"],"campfire_rested":1,"item_purchase_floors":[19,19],"current_hp_per_floor":[53,53,53,48,45,45,41,38,38,53,53,51,50,44,44,21,53,26,26,17,4,0,0],"gold":115,"neow_bonus":"","is_daily":false,"chose_seed":false,"campfire_upgraded":1,"win_rate":0.0,"timestamp":1607857060,"path_taken":["M","?","?","?","M","R","M","E","T","R","?","M","M","E","R","BOSS","M","$","M","M","?"],"items_purchased_type":["Relic","Card"],"build_version":"2020-11-30","purchased_purges":1,"victory":false,"max_hp_per_floor":[53,53,53,53,53,53,53,53,53,53,53,53,53,53,53,53,53,53,53,53,53,53,53],"card_choices":[{"not_picked":["All Out Attack","hubris:SlightOfHand"],"picked":"Deadly Poison","floor":1},{"not_picked":["Dagger Throw+1","hubris:TrickCloak","Dodge and Roll"],"picked":"SKIP","floor":4},{"not_picked":["Cloak And Dagger","hubris:SlightOfHand"],"picked":"Bane+1","floor":5},{"not_picked":["Outmaneuver","Prepared"],"picked":"Deadly Poison","floor":7},{"not_picked":["A Thousand Cuts","Underhanded Strike+1","Reflex"],"picked":"SKIP","floor":8},{"not_picked":["Calculated Gamble","hubris:SlightOfHand","Cloak And Dagger"],"picked":"SKIP","floor":12},{"not_picked":["hubris:TrickCloak","Predator+1","Dodge and Roll"],"picked":"SKIP","floor":13},{"not_picked":["Escape Plan","Terror"],"picked":"Deadly Poison","floor":14},{"not_picked":["Die Die Die+1","Unload+1"],"picked":"Envenom","floor":16},{"not_picked":["Calculated Gamble","Sucker Punch+1","All Out Attack+1"],"picked":"SKIP","floor":18},{"not_picked":["Acrobatics","Dagger Spray+1"],"picked":"Deflect","floor":20},{"not_picked":["Slice+1","Underhanded Strike+1"],"picked":"Outmaneuver+1","floor":21}],"player_experience":331431,"relics_obtained":[{"floor":8,"key":"Vajra"},{"floor":9,"key":"hubris:BottledRain"},{"floor":14,"key":"Pen Nib"}],"event_choices":[{"damage_healed":0,"gold_gain":0,"player_choice":"Box","damage_taken":0,"relics_obtained":["Molten Egg 2"],"max_hp_gain":0,"max_hp_loss":0,"event_name":"Big Fish","floor":2,"gold_loss":0,"cards_obtained":["Regret"]},{"damage_healed":0,"gold_gain":0,"player_choice":"Rummage","damage_taken":0,"relics_obtained":["WarpedTongs"],"max_hp_gain":0,"max_hp_loss":0,"event_name":"Accursed Blacksmith","floor":3,"gold_loss":0,"cards_obtained":["Pain"]},{"damage_healed":0,"gold_gain":0,"cards_transformed":["Pain"],"player_choice":"Transformed","damage_taken":0,"max_hp_gain":0,"max_hp_loss":0,"event_name":"Transmorgrifier","floor":11,"gold_loss":0,"cards_obtained":["hubris:Despair"]}],"is_beta":false,"boss_relics":[{"not_picked":["hubris:HollowSoul","Ectoplasm"],"picked":"hubris:CrackedHourglass"}],"items_purged_floors":[19],"is_endless":false,"potions_floor_spawned":[5,7,16,18,20],"killed_by":"Sentry and Sphere","ascension_level":0}}