{"host":"0ydzwspkajt4brzd","time":1609209648,"event":{"mods":["AchievementEnabler","BaseMod","Colored Map","DeckTracker","Googly Eyes","Highlight Path","Minty Spire (QoL Compilation)","Quick Restart","Random Character Button","Rare Cards Sparkle"],"gold_per_floor":[115,40,53,53,5,32,47,47,47,60,72,72,103,116,116,211,211,226,240,140,159,139,139,167,178,178,178,189,189,219,235,235,340,340,360,380,23,33,47,47,47,47],"floor_reached":41,"playtime":5474,"items_purged":["Strike_R","Strike_R","Strike_R"],"score":603,"play_id":"dd92359b-cc09-4eae-8796-a77419f6fa98","local_time":"20201228184048","is_ascension_mode":true,"campfire_choices":[{"data":"True Grit","floor":8.0,"key":"SMITH"},{"data":"Rampage","floor":12.0,"key":"SMITH"},{"data":"Immolate","floor":15.0,"key":"SMITH"},{"data":"Pommel Strike","floor":23.0,"key":"SMITH"},{"data":"Bludgeon","floor":27.0,"key":"SMITH"},{"data":"Hemokinesis","floor":29.0,"key":"SMITH"},{"data":"Inflame","floor":32.0,"key":"SMITH"},{"data":"Limit Break","floor":40.0,"key":"SMITH"}],"circlet_count":0,"master_deck":["Strike_R","Defend_R","Defend_R","Defend_R","Defend_R","Bash+1","Rampage+1","True Grit+1","Pommel Strike+1","Battle Trance","Twin Strike","Immolate+1","Bludgeon+1","Seeing Red+1","Sentinel+1","Hemokinesis+1","Inflame+1","Twin Strike+1","Brutality","Thunderclap","Limit Break+1","Parasite","Rupture"],"relics":["Burning Blood","StoneCalendar","Meat on the Bone","StrikeDummy","Mark of Pain","Akabeko","Lantern","Philosopher\u0027s Stone","Blood Vial"],"acts_visited":["Exordium","TheCity","TheBeyond"],"potions_floor_usage":[41,41,41],"damage_taken":[{"damage":1.0,"enemies":"Cultist","floor":1.0,"turns":3.0},{"damage":2.0,"enemies":"Jaw Worm","floor":3.0,"turns":3.0},{"damage":26.0,"enemies":"3 Sentries","floor":6.0,"turns":8.0},{"damage":7.0,"enemies":"Small Slimes","floor":7.0,"turns":3.0},{"damage":16.0,"enemies":"3 Louse","floor":10.0,"turns":4.0},{"damage":0.0,"enemies":"Red Slaver","floor":11.0,"turns":4.0},{"damage":16.0,"enemies":"Gremlin Nob","floor":13.0,"turns":3.0},{"damage":0.0,"enemies":"Gremlin Gang","floor":14.0,"turns":3.0},{"damage":2.0,"enemies":"Slime Boss","floor":16.0,"turns":6.0},{"damage":12.0,"enemies":"3 Byrds","floor":18.0,"turns":4.0},{"damage":0.0,"enemies":"Spheric Guardian","floor":19.0,"turns":3.0},{"damage":0.0,"enemies":"Centurion and Healer","floor":21.0,"turns":3.0},{"damage":48.0,"enemies":"Book of Stabbing","floor":24.0,"turns":5.0},{"damage":0.0,"enemies":"Snecko","floor":25.0,"turns":2.0},{"damage":0.0,"enemies":"Snake Plant","floor":28.0,"turns":1.0},{"damage":29.0,"enemies":"Slavers","floor":30.0,"turns":4.0},{"damage":12.0,"enemies":"Centurion and Healer","floor":31.0,"turns":4.0},{"damage":89.0,"enemies":"Automaton","floor":33.0,"turns":7.0},{"damage":0.0,"enemies":"3 Shapes","floor":35.0,"turns":2.0},{"damage":24.0,"enemies":"3 Darklings","floor":36.0,"turns":5.0},{"damage":47.0,"enemies":"Writhing Mass","floor":38.0,"turns":4.0},{"damage":10.0,"enemies":"Sphere and 2 Shapes","floor":39.0,"turns":1.0},{"damage":46,"enemies":"Nemesis","floor":41,"turns":4}],"seed_played":"2021074878448938840","potions_obtained":[{"floor":1.0,"key":"Strength Potion"},{"floor":10.0,"key":"FairyPotion"},{"floor":11.0,"key":"AttackPotion"},{"floor":14.0,"key":"SkillPotion"},{"floor":21.0,"key":"ColorlessPotion"},{"floor":22.0,"key":"Fruit Juice"},{"floor":25.0,"key":"BlessingOfTheForge"},{"floor":30.0,"key":"SkillPotion"},{"floor":33.0,"key":"GamblersBrew"},{"floor":36.0,"key":"PowerPotion"},{"floor":38.0,"key":"GamblersBrew"}],"is_trial":false,"path_per_floor":["M","$","M","?","$","E","M","R","T","M","M","R","E","M","R","B",null,"M","M","$","M","?","R","E","M","T","R","M","R","E","M","R","B",null,"M","M","$","M","M","R","E"],"character_chosen":"IRONCLAD","items_purchased":["Pommel Strike","Limit Break","Blood Vial"],"campfire_rested":0,"item_purchase_floors":[5,37,37],"current_hp_per_floor":[77,77,80,80,80,60,59,59,59,49,55,55,57,63,63,67,77,71,77,77,80,85,85,55,61,61,61,67,67,56,50,50,43,75,81,63,63,36,46,46,2,2],"gold":47,"neow_bonus":"UPGRADE_CARD","is_daily":false,"chose_seed":false,"campfire_upgraded":8,"win_rate":0.0,"timestamp":1609209648,"path_taken":["M","$","M","?","$","E","M","R","T","M","M","R","E","M","R","BOSS","M","M","?","M","?","R","E","M","T","R","M","R","E","M","R","BOSS","M","M","$","M","M","R","E"],"items_purchased_type":["Card","Card","Relic"],"build_version":"2020-12-22","purchased_purges":3,"victory":false,"max_hp_per_floor":[80,80,80,80,80,80,80,80,80,80,80,80,80,80,80,80,80,80,80,80,80,85,85,85,85,85,85,85,85,85,85,85,85,85,85,85,85,85,85,85,85,85],"card_choices":[{"not_picked":["Shrug It Off","Blood for Blood"],"picked":"Rampage","floor":1.0},{"not_picked":["Iron Wave","Armaments"],"picked":"True Grit","floor":3.0},{"not_picked":["Shrug It Off","Heavy Blade"],"picked":"Battle Trance","floor":6.0},{"not_picked":["Burning Pact","Infernal Blade"],"picked":"Twin Strike","floor":7.0},{"not_picked":["Heavy Blade","Flex","Battle Trance"],"picked":"SKIP","floor":10.0},{"not_picked":["Flex","Havoc","Dropkick"],"picked":"SKIP","floor":11.0},{"not_picked":["Double Tap","Sword Boomerang"],"picked":"Immolate","floor":13.0},{"not_picked":["Cleave","Twin Strike","Iron Wave"],"picked":"SKIP","floor":14.0},{"not_picked":["Brutality","Feed"],"picked":"Bludgeon","floor":16.0},{"not_picked":["Pommel Strike+1","Anger+1"],"picked":"Seeing Red+1","floor":18.0},{"not_picked":["Clothesline","Iron Wave"],"picked":"Sentinel+1","floor":19.0},{"not_picked":["Body Slam+1","Perfected Strike"],"picked":"Hemokinesis","floor":21.0},{"not_picked":["Bludgeon","Heavy Blade"],"picked":"Inflame","floor":24.0},{"not_picked":["Perfected Strike","Pummel","Battle Trance"],"picked":"SKIP","floor":25.0},{"not_picked":["Perfected Strike+1","Pommel Strike+1","Burning Pact"],"picked":"SKIP","floor":28.0},{"not_picked":["Intimidate","Wild Strike+1","Clothesline"],"picked":"SKIP","floor":30.0},{"not_picked":["Flex","Pommel Strike"],"picked":"Twin Strike+1","floor":31.0},{"not_picked":["Juggernaut","Immolate"],"picked":"Brutality","floor":33.0},{"not_picked":["Twin Strike","Clothesline+1"],"picked":"Thunderclap","floor":35.0},{"not_picked":["Flex","Cleave+1","Seeing Red+1"],"picked":"SKIP","floor":36.0},{"not_picked":["Pommel Strike+1","Fire Breathing"],"picked":"Rupture","floor":38.0},{"not_picked":["Clothesline+1","Sever Soul","Feel No Pain"],"picked":"SKIP","floor":39.0}],"player_experience":340506,"relics_obtained":[{"floor":6.0,"key":"StoneCalendar"},{"floor":9.0,"key":"Meat on the Bone"},{"floor":13.0,"key":"StrikeDummy"},{"floor":24.0,"key":"Akabeko"},{"floor":30.0,"key":"Lantern"}],"event_choices":[{"cards_removed":["Strike_R"],"damage_healed":0.0,"max_hp_gain":0.0,"max_hp_loss":0.0,"gold_gain":0.0,"event_name":"Purifier","player_choice":"Purged","floor":4.0,"gold_loss":0.0,"damage_taken":0.0},{"damage_healed":0.0,"max_hp_gain":0.0,"max_hp_loss":0.0,"gold_gain":0.0,"event_name":"The Woman in Blue","player_choice":"Bought 1 Potion","floor":22.0,"gold_loss":0.0,"damage_taken":0.0}],"is_beta":false,"boss_relics":[{"not_picked":["Coffee Dripper","Runic Cube"],"picked":"Mark of Pain"},{"not_picked":["Runic Pyramid","Empty Cage"],"picked":"Philosopher\u0027s Stone"}],"items_purged_floors":[2,20,37],"is_endless":false,"potions_floor_spawned":[1,10,11,14,21,25,30,33,36,38],"killed_by":"Nemesis","ascension_level":7}}