{"host":"963ykkbusvcbqwtq","time":1609255658,"event":{"mods":["2.2 Compatiblity","AchievementEnabler","Arknights The Spire","BaseMod","Colored Map","GifTheSpireLib","GungeonMod","Lobotomy","Luminous","Minty Spire (QoL Compilation)","StSLib","SuperFastMode","The Bug Knight"],"gold_per_floor":[115,115,126,51,71,71,98,111,111,111,127,139,139,150,150,150,150],"floor_reached":16,"playtime":489,"items_purged":["HollowMod:NailStrikeStart"],"score":104,"play_id":"78cef773-e33e-4e29-bc8c-5b7de05f98ed","local_time":"20201230002738","is_ascension_mode":false,"campfire_choices":[{"data":"HollowMod:HowlingWraiths","floor":6.0,"key":"SMITH"},{"data":"HollowMod:DashSlash","floor":10.0,"key":"SMITH"},{"floor":15,"key":"REST"}],"circlet_count":0,"master_deck":["HollowMod:NailStrikeStart","HollowMod:NailStrikeStart","HollowMod:NailStrikeStart","HollowMod:QuickDashStart","HollowMod:QuickDashStart","HollowMod:QuickDashStart","HollowMod:QuickDashStart","HollowMod:PogoStrike","HollowMod:GreatSlash","HollowMod:FallenFury","HollowMod:ChannelNail","HollowMod:HowlingWraiths+1","OldLady","HollowMod:DashSlash+1","CrumblingArmor","HollowMod:SoulSplash","Variant","HollowMod:FastStrike","HollowMod:DungDefenderAura","HollowMod:PerfectDash"],"relics":["HollowMod:VesselMask","CogitoBucket","Prayer Wheel","DemoMod:Orange","ResearcherNote"],"acts_visited":["Exordium"],"potions_floor_usage":[14,16],"damage_taken":[{"damage":3.0,"enemies":"Small Slimes","floor":1.0,"turns":3.0},{"damage":10.0,"enemies":"Cultist","floor":3.0,"turns":4.0},{"damage":0.0,"enemies":"2 Louse","floor":5.0,"turns":2.0},{"damage":30.0,"enemies":"Gremlin Nob","floor":7.0,"turns":4.0},{"damage":12.0,"enemies":"Blue Slaver","floor":8.0,"turns":2.0},{"damage":26,"enemies":"Exordium Thugs","floor":11,"turns":6},{"damage":1,"enemies":"Red Slaver","floor":12,"turns":2},{"damage":0,"enemies":"Lots of Slimes","floor":14,"turns":1},{"damage":40,"enemies":"Hexaghost","floor":16,"turns":5}],"seed_played":"-6188822690239212721","potions_obtained":[{"floor":5.0,"key":"AttackPotion"},{"floor":11,"key":"Block Potion"},{"floor":12,"key":"ColorlessPotion"},{"floor":13,"key":"DemoMod:BlankPotion"}],"is_trial":false,"path_per_floor":["M","?","M","$","M","R","E","M","T","R","M","M","?","M","R","B"],"character_chosen":"THE_BUGKNIGHT","items_purchased":[],"campfire_rested":1,"item_purchase_floors":[],"current_hp_per_floor":[75,75,65,65,65,65,35,23,35,35,15,14,14,14,40,0,0],"gold":150,"neow_bonus":"","is_daily":false,"chose_seed":false,"campfire_upgraded":2,"win_rate":0.0,"timestamp":1609255658,"path_taken":["M","?","M","$","M","R","E","?","T","R","M","M","?","?","R","BOSS"],"items_purchased_type":[],"build_version":"2020-12-22","purchased_purges":1,"victory":false,"max_hp_per_floor":[75,75,75,75,75,75,75,75,87,87,87,87,87,87,87,87,87],"card_choices":[{"not_picked":["HollowMod:WraithStrike","HollowMod:DoubleDash"],"picked":"HollowMod:GreatSlash","floor":1.0},{"not_picked":["HollowMod:NewJinnsSoul","HollowMod:InfectedAttack","HollowMod:SoulMaster"],"picked":"SKIP","floor":3.0},{"not_picked":["HollowMod:InfectedCysts","HollowMod:SiblingsShadow"],"picked":"HollowMod:HowlingWraiths","floor":5.0},{"not_picked":["HappyTeddy","Wellcheers"],"picked":"OldLady","floor":7.0},{"not_picked":["HollowMod:SiblingsSouls","HollowMod:VengefulSpirit","HollowMod:HowlingWraiths"],"picked":"SKIP","floor":7.0},{"not_picked":["HollowMod:MidwifesHunger","HollowMod:GreatSlash"],"picked":"HollowMod:DashSlash","floor":8.0},{"not_picked":["HollowMod:GreatSlash","HollowMod:NewJinnsSoul","HollowMod:InfectedAttack"],"picked":"SKIP","floor":8.0},{"not_picked":["CherryBlossoms","Funeral"],"picked":"CrumblingArmor","floor":11},{"not_picked":["HollowMod:DoubleDash","HollowMod:InfectedCysts"],"picked":"HollowMod:SoulSplash","floor":11},{"not_picked":["HollowMod:SharpenedNail","HollowMod:InfectionAssault","HollowMod:SiblingsSouls"],"picked":"SKIP","floor":11},{"not_picked":["UniverseFragment","Mercenary"],"picked":"Variant","floor":12},{"not_picked":["HollowMod:DescendingDark","HollowMod:CoiledNail"],"picked":"HollowMod:FastStrike","floor":12},{"not_picked":["HollowMod:SoulStrike","HollowMod:HowlingWraiths","HollowMod:CycloneSlash"],"picked":"SKIP","floor":12},{"not_picked":["HollowMod:SharpenedNail","HollowMod:SiblingsSouls"],"picked":"HollowMod:DungDefenderAura","floor":14},{"not_picked":["HollowMod:Grubsong","HollowMod:SoulShaman"],"picked":"HollowMod:PerfectDash","floor":14}],"player_experience":197963,"relics_obtained":[{"floor":7.0,"key":"Prayer Wheel"},{"floor":9.0,"key":"DemoMod:Orange"}],"event_choices":[{"damage_healed":0.0,"max_hp_gain":0.0,"max_hp_loss":0.0,"gold_gain":0.0,"event_name":"Match and Keep!","player_choice":"2 cards matched","floor":2.0,"gold_loss":0.0,"damage_taken":0.0,"cards_obtained":["HollowMod:FallenFury","HollowMod:ChannelNail"]},{"damage_healed":0,"gold_gain":0,"player_choice":"Got Potions","damage_taken":0,"max_hp_gain":0,"max_hp_loss":0,"event_name":"Lab","floor":13,"gold_loss":0}],"is_beta":false,"boss_relics":[],"items_purged_floors":[4],"is_endless":false,"potions_floor_spawned":[5,11,12],"killed_by":"Hexaghost","ascension_level":0}}