{"host":"sc0o2qwpf9j16a4i","time":1609285209,"event":{"mods":["AchievementEnabler","BaseMod","BetterRewards","Block Reminder","Colored Map","Colored Powertips","Custom Start","Highlight Path","Minty Spire (QoL Compilation)","Relic Stats"],"gold_per_floor":[111,111,36,52,72,104,104,17,17,0,0,30,46,65,65,144,144,158,158,41,54,54,54,54],"floor_reached":23,"playtime":662,"items_purged":["Strike_R"],"score":398,"play_id":"0613e758-022e-45e5-9b21-2f419ac6ad29","local_time":"20201230014009","is_ascension_mode":true,"campfire_choices":[{"floor":7,"key":"REST"},{"data":"Flame Barrier","floor":11,"key":"SMITH"},{"floor":15,"key":"REST"}],"circlet_count":0,"master_deck":["AscendersBane","Strike_R+1","Strike_R+1","Strike_R+1","Defend_R+1","Defend_R+1","Defend_R+1","Defend_R+1","Bash+1","Shockwave+1","Flame Barrier+1","Headbutt","Twin Strike","Metallicize","Anger","Feed","Inflame","Feed","Inflame","Dark Embrace+1"],"relics":["Burning Blood","Darkstone Periapt","Juzu Bracelet","Lizard Tail","Cursed Key","MutagenicStrength"],"acts_visited":["Exordium","TheCity"],"potions_floor_usage":[6,18,23],"damage_taken":[{"damage":9,"enemies":"2 Louse","floor":1,"turns":4},{"damage":2,"enemies":"Small Slimes","floor":4,"turns":4},{"damage":7,"enemies":"Jaw Worm","floor":5,"turns":3},{"damage":41,"enemies":"Lagavulin","floor":6,"turns":11},{"damage":8,"enemies":"Looter","floor":10,"turns":4},{"damage":23,"enemies":"Gremlin Nob","floor":12,"turns":5},{"damage":13,"enemies":"Exordium Wildlife","floor":13,"turns":5},{"damage":15,"enemies":"Large Slime","floor":14,"turns":7},{"damage":61,"enemies":"The Guardian","floor":16,"turns":15},{"damage":28,"enemies":"2 Thieves","floor":18,"turns":4},{"damage":26,"enemies":"Spheric Guardian","floor":21,"turns":7},{"damage":41,"enemies":"Slavers","floor":23,"turns":5}],"seed_played":"352317220863708388","potions_obtained":[{"floor":5,"key":"LiquidMemories"},{"floor":12,"key":"Ancient Potion"},{"floor":16,"key":"AttackPotion"},{"floor":18,"key":"ElixirPotion"}],"is_trial":false,"path_per_floor":["M","?","?","M","M","E","R","$","T","M","R","E","M","M","R","B",null,"M","?","$","M","?","E"],"character_chosen":"IRONCLAD","items_purchased":["Metallicize","Inflame"],"campfire_rested":2,"item_purchase_floors":[8,20],"current_hp_per_floor":[65,65,65,69,68,33,55,55,55,53,53,36,32,26,50,36,70,54,54,54,37,37,0,0],"gold":54,"neow_bonus":"UPGRADE_CARD","is_daily":false,"chose_seed":false,"campfire_upgraded":1,"win_rate":0.0,"timestamp":1609285209,"path_taken":["M","?","?","M","M","E","R","$","T","M","R","E","M","M","R","BOSS","M","?","$","M","?","E"],"items_purchased_type":["Card","Card"],"build_version":"2020-12-22","purchased_purges":1,"victory":false,"max_hp_per_floor":[75,75,75,75,75,75,75,75,75,75,75,75,78,81,81,81,81,87,87,87,90,90,93,93],"relic_stats":{"Darkstone Periapt":0,"Lizard Tail":40,"counters":[12,74],"Juzu Bracelet":0,"Cursed Key":0,"obtain_stats":[{"Darkstone Periapt":6,"Lizard Tail":12,"MutagenicStrength":19,"Juzu Bracelet":9,"Cursed Key":17,"Burning Blood":0},{"Darkstone Periapt":4,"Lizard Tail":6,"MutagenicStrength":10,"Juzu Bracelet":4,"Cursed Key":9,"Burning Blood":0},{"Darkstone Periapt":22,"Lizard Tail":31,"MutagenicStrength":62,"Juzu Bracelet":22,"Cursed Key":58,"Burning Blood":0}],"Burning Blood":66},"card_choices":[{"not_picked":["Perfected Strike","Seeing Red"],"picked":"Shockwave","floor":1},{"not_picked":["Clash","Infernal Blade"],"picked":"Flame Barrier","floor":4},{"not_picked":["Entrench","Shockwave"],"picked":"Headbutt","floor":5},{"not_picked":["Body Slam","Exhume"],"picked":"Twin Strike","floor":6},{"not_picked":["Flex","True Grit"],"picked":"Anger","floor":10},{"not_picked":["Wild Strike","Iron Wave"],"picked":"Feed","floor":12},{"not_picked":["Body Slam","Headbutt","Seeing Red"],"picked":"SKIP","floor":13},{"not_picked":["Headbutt","Infernal Blade"],"picked":"Inflame","floor":14},{"not_picked":["Juggernaut","Barricade"],"picked":"Feed","floor":16},{"not_picked":["Thunderclap","Bloodletting","Body Slam"],"picked":"SKIP","floor":18},{"not_picked":["Searing Blow","Anger+1"],"picked":"Dark Embrace+1","floor":21}],"player_experience":425275,"relics_obtained":[{"floor":6,"key":"Darkstone Periapt"},{"floor":9,"key":"Juzu Bracelet"},{"floor":12,"key":"Lizard Tail"}],"event_choices":[{"damage_healed":0,"gold_gain":0,"player_choice":"Grow","damage_taken":0,"max_hp_gain":0,"max_hp_loss":0,"event_name":"Living Wall","floor":2,"gold_loss":0,"cards_upgraded":["Shockwave"]},{"cards_removed":["Strike_R"],"damage_healed":0,"gold_gain":0,"player_choice":"Card Removal","damage_taken":0,"max_hp_gain":0,"max_hp_loss":0,"event_name":"The Cleric","floor":3,"gold_loss":75},{"damage_healed":0,"gold_gain":0,"player_choice":"Inject Mutagens","damage_taken":0,"relics_obtained":["MutagenicStrength"],"max_hp_gain":0,"max_hp_loss":0,"event_name":"Drug Dealer","floor":19,"gold_loss":0},{"damage_healed":0,"gold_gain":0,"player_choice":"Simplicity","damage_taken":0,"max_hp_gain":0,"max_hp_loss":0,"event_name":"Back to Basics","floor":22,"gold_loss":0,"cards_upgraded":["Strike_R","Strike_R","Strike_R","Defend_R","Defend_R","Defend_R","Defend_R"]}],"is_beta":false,"boss_relics":[{"not_picked":["Pandora\u0027s Box","Runic Cube"],"picked":"Cursed Key"}],"items_purged_floors":[20],"is_endless":false,"potions_floor_spawned":[5,12,16,18,21],"killed_by":"Slavers","ascension_level":20}}