{"host":"BK","time":1609201697,"event":{"mods":["BaseMod","Highlight Path","Minty Spire (QoL Compilation)","StSLib"],"gold_per_floor":[113,14,25,25,44,73,48,83,83,83,83,83,99,117,117,190,190,200,200,0,20,70,70,70,70],"floor_reached":24,"playtime":898,"items_purged":["Strike_G"],"score":458,"play_id":"ca760620-7f20-48db-aa82-04b827db636d","local_time":"20201228172817","is_ascension_mode":true,"campfire_choices":[{"floor":10.0,"key":"REST"},{"data":"Dash","floor":12.0,"key":"SMITH"},{"data":"Malaise","floor":15.0,"key":"SMITH"},{"floor":23.0,"key":"REST"}],"circlet_count":0,"master_deck":["AscendersBane","Strike_G","Strike_G","Strike_G","Strike_G","Defend_G","Defend_G","Defend_G","Defend_G","Defend_G","Survivor","Neutralize","Malaise+1","Poisoned Stab","Dagger Spray","Predator","Dash+1","Deadly Poison","Calculated Gamble","PiercingWail","Burst","Well Laid Plans","Acrobatics"],"relics":["Ring of the Snake","Blue Candle","Ninja Scroll","Matryoshka","Philosopher\u0027s Stone","Nilry\u0027s Codex"],"acts_visited":["Exordium","TheCity"],"potions_floor_usage":[],"damage_taken":[{"damage":3.0,"enemies":"Cultist","floor":1.0,"turns":5.0},{"damage":0.0,"enemies":"Small Slimes","floor":3.0,"turns":4.0},{"damage":1.0,"enemies":"2 Louse","floor":5.0,"turns":3.0},{"damage":26.0,"enemies":"Gremlin Nob","floor":6.0,"turns":4.0},{"damage":0.0,"enemies":"Lagavulin","floor":8.0,"turns":7.0},{"damage":2.0,"enemies":"Looter","floor":13.0,"turns":3.0},{"damage":13.0,"enemies":"Large Slime","floor":14.0,"turns":6.0},{"damage":9.0,"enemies":"Hexaghost","floor":16.0,"turns":13.0},{"damage":6.0,"enemies":"Chosen","floor":18.0,"turns":5.0},{"damage":15.0,"enemies":"2 Thieves","floor":21.0,"turns":4.0},{"damage":35,"enemies":"Sentry and Sphere","floor":24,"turns":5}],"seed_played":"-6714382470266691324","potions_obtained":[{"floor":4.0,"key":"Fire Potion"},{"floor":4.0,"key":"PowerPotion"},{"floor":6.0,"key":"EssenceOfSteel"},{"floor":8.0,"key":"Dexterity Potion"},{"floor":16.0,"key":"Strength Potion"}],"is_trial":false,"path_per_floor":["M","$","M","?","M","E","$","E","T","R","?","R","M","M","R","B",null,"M","?","?","M","?","R","M"],"character_chosen":"THE_SILENT","items_purchased":["Dagger Spray","Deadly Poison"],"campfire_rested":2,"item_purchase_floors":[2,7],"current_hp_per_floor":[41,41,41,41,40,14,14,14,14,33,28,28,26,13,13,4,51,45,24,24,9,9,28,0,0],"gold":70,"neow_bonus":"THREE_RARE_CARDS","is_daily":false,"chose_seed":false,"campfire_upgraded":2,"win_rate":0.0,"timestamp":1609201697,"path_taken":["M","$","M","?","?","E","?","E","T","R","?","R","M","M","R","BOSS","M","?","?","M","?","R","M"],"items_purchased_type":["Card","Card"],"build_version":"2020-12-18","purchased_purges":1,"victory":false,"max_hp_per_floor":[66,66,66,66,66,66,66,66,66,66,66,66,66,66,66,66,66,66,66,66,66,66,66,66,66],"card_choices":[{"not_picked":["Wraith Form v2","Storm of Steel"],"picked":"Malaise","floor":0.0},{"not_picked":["PiercingWail","Reflex"],"picked":"Poisoned Stab","floor":1.0},{"not_picked":["Acrobatics","Riddle With Holes"],"picked":"Predator","floor":3.0},{"not_picked":["Distraction","Escape Plan","Outmaneuver"],"picked":"SKIP","floor":5.0},{"not_picked":["Accuracy","Backflip"],"picked":"Dash","floor":6.0},{"not_picked":["Acrobatics","Dagger Throw","Reflex"],"picked":"SKIP","floor":8.0},{"not_picked":["Eviscerate","Underhanded Strike"],"picked":"Calculated Gamble","floor":13.0},{"not_picked":["Dagger Throw","Deflect"],"picked":"PiercingWail","floor":14.0},{"not_picked":["Malaise","Phantasmal Killer"],"picked":"Burst","floor":16.0},{"not_picked":["Flying Knee","Acrobatics"],"picked":"Well Laid Plans","floor":18.0},{"not_picked":["Concentrate","Prepared"],"picked":"Acrobatics","floor":21.0}],"player_experience":2463445,"relics_obtained":[{"floor":6.0,"key":"Blue Candle"},{"floor":8.0,"key":"Ninja Scroll"},{"floor":9.0,"key":"Matryoshka"},{"floor":19.0,"key":"Nilry\u0027s Codex"}],"event_choices":[{"damage_healed":0.0,"max_hp_gain":0.0,"max_hp_loss":0.0,"gold_gain":0.0,"event_name":"Lab","player_choice":"Got Potions","floor":4.0,"gold_loss":0.0,"damage_taken":0.0},{"damage_healed":0.0,"max_hp_gain":0.0,"max_hp_loss":0.0,"gold_gain":0.0,"event_name":"Scrap Ooze","player_choice":"Fled","floor":11.0,"gold_loss":0.0,"damage_taken":5.0},{"damage_healed":0.0,"max_hp_gain":0.0,"max_hp_loss":0.0,"gold_gain":0.0,"event_name":"Cursed Tome","player_choice":"Obtained Book","floor":19.0,"gold_loss":0.0,"damage_taken":21.0},{"damage_healed":0.0,"max_hp_gain":0.0,"max_hp_loss":0.0,"gold_gain":0.0,"event_name":"Masked Bandits","player_choice":"Paid Fearfully","floor":20.0,"gold_loss":200.0,"damage_taken":0.0},{"damage_healed":0.0,"max_hp_gain":0.0,"max_hp_loss":0.0,"gold_gain":50.0,"event_name":"Nest","player_choice":"Stole From Cult","floor":22.0,"gold_loss":0.0,"damage_taken":0.0}],"is_beta":true,"boss_relics":[{"not_picked":["WristBlade","Ectoplasm"],"picked":"Philosopher\u0027s Stone"}],"items_purged_floors":[2],"is_endless":false,"potions_floor_spawned":[6,8,16],"killed_by":"Sentry and Sphere","ascension_level":20}}