{"host":"w9399nasro87w70m","time":1609234803,"event":{"mods":["AchievementEnabler","BaseMod","Block Reminder","Colored Map","Colored Powertips","Downfall","Highlight Path","Minty Spire (QoL Compilation)","Permanent Neow","Rare Cards Sparkle","Relic Stats","StSLib"],"gold_per_floor":[118,193,213,213,233,244,244,260,287,315,11,41,41,52,52,151,151,163,183,98,98,23,23,23],"floor_reached":23,"playtime":2348,"items_purged":["Defend_R"],"score":251,"play_id":"2caf15aa-9fe7-48f6-b612-9100b52b06a1","local_time":"20201229044003","is_ascension_mode":false,"campfire_choices":[{"data":"Feed","floor":7,"key":"SMITH"},{"floor":13,"key":"REST"},{"floor":15,"key":"REST"}],"circlet_count":0,"master_deck":["Defend_R","Defend_R","Defend_R","Bash","Limit Break","Dual Wield+1","Ghostly Armor","Feed+1","Dropkick","Offering","Shrug It Off","Double Tap","Seeing Red","Slimebound:Tackle+1","Slimebound:Tackle+1","Slimebound:Tackle+1"],"relics":["Burning Blood","Bag of Preparation","Juzu Bracelet","Potion Belt","Cauldron","Lantern","Runic Pyramid","Self Forming Clay"],"acts_visited":["Exordium","TheCity"],"potions_floor_usage":[10,12,12,12,16,16,16,23],"damage_taken":[{"damage":5,"enemies":"2 Louse","floor":1,"turns":4},{"damage":6,"enemies":"Cultist","floor":3,"turns":3},{"damage":2,"enemies":"Small Slimes","floor":5,"turns":4},{"damage":8,"enemies":"Exordium Wildlife","floor":6,"turns":4},{"damage":27,"enemies":"3 Louse","floor":8,"turns":9},{"damage":36,"enemies":"Lagavulin","floor":10,"turns":10},{"damage":33,"enemies":"3 Sentries","floor":12,"turns":11},{"damage":6,"enemies":"Blue Slaver","floor":14,"turns":2},{"damage":69,"enemies":"The Guardian","floor":16,"turns":14},{"damage":32,"enemies":"Shell Parasite","floor":18,"turns":8},{"damage":8,"enemies":"2 Thieves","floor":19,"turns":4},{"damage":88,"enemies":"Gremlin Leader","floor":23,"turns":7}],"seed_played":"-8303279077921959020","potions_obtained":[{"floor":6,"key":"FearPotion"},{"floor":8,"key":"Ancient Potion"},{"floor":10,"key":"Weak Potion"},{"floor":11,"key":"AttackPotion"},{"floor":11,"key":"Fire Potion"},{"floor":11,"key":"GamblersBrew"},{"floor":11,"key":"Weak Potion"},{"floor":12,"key":"Explosive Potion"},{"floor":14,"key":"Strength Potion"}],"is_trial":false,"path_per_floor":["M","?","M","?","M","M","R","M","T","E","$","E","R","M","R","B",null,"M","M","?","?","$","E"],"character_chosen":"IRONCLAD","items_purchased":["Potion Belt","Cauldron"],"campfire_rested":2,"item_purchase_floors":[11,11],"current_hp_per_floor":[80,69,69,69,73,71,71,58,58,32,32,13,43,47,78,19,108,86,88,88,88,88,0,0],"gold":23,"neow_bonus":"ONE_RANDOM_RARE_CARD","is_daily":false,"chose_seed":false,"campfire_upgraded":1,"win_rate":0.0,"timestamp":1609234803,"path_taken":["M","?","M","?","M","?","R","M","T","E","$","E","R","M","R","BOSS","M","M","?","?","?","E"],"items_purchased_type":["Relic","Relic"],"build_version":"2020-12-22","purchased_purges":1,"victory":false,"max_hp_per_floor":[80,80,80,80,80,80,80,88,88,92,92,100,100,104,104,108,108,112,116,116,116,116,116,116],"relic_stats":{"counters":[12,80],"Self Forming Clay":[15],"Bag of Preparation":[14],"Juzu Bracelet":0,"obtain_stats":[{"Potion Belt":11,"Cauldron":11,"Lantern":12,"Self Forming Clay":20,"Bag of Preparation":9,"Juzu Bracelet":10,"Burning Blood":0,"Runic Pyramid":17},{"Potion Belt":6,"Cauldron":6,"Lantern":7,"Self Forming Clay":11,"Bag of Preparation":5,"Juzu Bracelet":6,"Burning Blood":0,"Runic Pyramid":9},{"Potion Belt":34,"Cauldron":34,"Lantern":45,"Self Forming Clay":73,"Bag of Preparation":24,"Juzu Bracelet":34,"Burning Blood":0,"Runic Pyramid":61}],"Burning Blood":65},"card_choices":[{"not_picked":["Sword Boomerang","Wild Strike"],"picked":"Dual Wield","floor":1},{"not_picked":["Disarm","Cleave","Clothesline"],"picked":"SKIP","floor":3},{"not_picked":["Pommel Strike","Twin Strike"],"picked":"Ghostly Armor","floor":5},{"not_picked":["Battle Trance","Flex"],"picked":"Feed","floor":6},{"not_picked":["Evolve","Fire Breathing","Perfected Strike"],"picked":"SKIP","floor":8},{"not_picked":["Wild Strike","Pommel Strike"],"picked":"Dropkick","floor":10},{"not_picked":["Havoc","True Grit"],"picked":"Offering","floor":12},{"not_picked":["Dark Embrace","Evolve"],"picked":"Shrug It Off","floor":14},{"not_picked":["Limit Break","Bludgeon"],"picked":"Double Tap","floor":16},{"not_picked":["Thunderclap","Bloodletting+1"],"picked":"Seeing Red","floor":18},{"not_picked":["Wild Strike","Entrench","Twin Strike"],"picked":"SKIP","floor":19}],"player_experience":51483,"relics_obtained":[{"floor":9,"key":"Bag of Preparation"},{"floor":10,"key":"Juzu Bracelet"},{"floor":12,"key":"Lantern"}],"event_choices":[{"damage_healed":0,"gold_gain":75,"player_choice":"Gather Gold","damage_taken":11,"max_hp_gain":0,"max_hp_loss":0,"event_name":"World of Goop","floor":2,"gold_loss":0},{"damage_healed":0,"gold_gain":0,"player_choice":"Forge","damage_taken":0,"max_hp_gain":0,"max_hp_loss":0,"event_name":"Accursed Blacksmith","floor":4,"gold_loss":0,"cards_upgraded":["Dual Wield"]},{"damage_healed":0,"gold_gain":0,"player_choice":"Obtained Relic","damage_taken":0,"relics_obtained":["Self Forming Clay"],"max_hp_gain":0,"max_hp_loss":0,"event_name":"Addict","floor":20,"gold_loss":85}],"is_beta":false,"boss_relics":[{"not_picked":["SacredBark","Mark of Pain"],"picked":"Runic Pyramid"}],"items_purged_floors":[22],"is_endless":false,"potions_floor_spawned":[6,8,10,12,14],"killed_by":"Gremlin Leader","ascension_level":0}}