{"host":"4nqeo0vu1vuav7gg","time":1609262309,"event":{"mods":["AchievementEnabler","BaseMod","Block Reminder","Colored Map","Colored Powertips","Highlight Path","Minty Spire (QoL Compilation)","Quick Restart","Rare Cards Sparkle","Relic Relevance Reorder","StSLib"],"gold_per_floor":[110,110,124,274,292,292,326,7,7,7,23,36,111,122,122,194,194,207,207,257,272,285,285,285,285],"floor_reached":24,"playtime":866,"items_purged":[],"score":376,"play_id":"5c1a2f97-c626-4e13-a2e7-8ef6aa7b640a","local_time":"20201229181829","is_ascension_mode":true,"campfire_choices":[{"data":"Go for the Eyes","floor":6.0,"key":"SMITH"},{"data":"Creative AI","floor":10.0,"key":"SMITH"},{"floor":15.0,"key":"REST"},{"floor":23,"key":"REST"}],"circlet_count":0,"master_deck":["AscendersBane","Zap","Dualcast","Go for the Eyes+1","Cold Snap","Melter","Undo","Creative AI+1","Capacitor","Storm","Coolheaded","Electrodynamics","Tempest","Auto Shields","Chaos","Genetic Algorithm","Core Surge","Turbo","Creative AI","BootSequence","Coolheaded"],"relics":["Cracked Core","Calipers","NeowsBlessing","PreservedInsect","Girya","Pandora\u0027s Box"],"acts_visited":["Exordium","TheCity"],"potions_floor_usage":[22,24],"damage_taken":[{"damage":0.0,"enemies":"Small Slimes","floor":1.0,"turns":1.0},{"damage":0.0,"enemies":"Cultist","floor":3.0,"turns":1.0},{"damage":0.0,"enemies":"2 Louse","floor":5.0,"turns":1.0},{"damage":13.0,"enemies":"Lagavulin","floor":7.0,"turns":6.0},{"damage":1.0,"enemies":"Blue Slaver","floor":11.0,"turns":4.0},{"damage":10.0,"enemies":"2 Fungi Beasts","floor":12.0,"turns":4.0},{"damage":7.0,"enemies":"Exordium Thugs","floor":14.0,"turns":5.0},{"damage":33.0,"enemies":"Hexaghost","floor":16.0,"turns":9.0},{"damage":11.0,"enemies":"Shell Parasite","floor":18.0,"turns":5.0},{"damage":22.0,"enemies":"Chosen","floor":21.0,"turns":6.0},{"damage":18,"enemies":"Snecko","floor":22,"turns":4},{"damage":26,"enemies":"Book of Stabbing","floor":24,"turns":4}],"seed_played":"7879852496215915711","potions_obtained":[{"floor":1.0,"key":"Weak Potion"},{"floor":2.0,"key":"Fruit Juice"},{"floor":2.0,"key":"PowerPotion"},{"floor":12.0,"key":"Fire Potion"},{"floor":21.0,"key":"FearPotion"},{"floor":22,"key":"Fire Potion"}],"is_trial":false,"path_per_floor":["M","?","M","?","M","R","E","$","T","R","M","M","?","M","R","B",null,"M","?","?","M","M","R","E"],"character_chosen":"DEFECT","items_purchased":["PreservedInsect","Creative AI"],"campfire_rested":2,"item_purchase_floors":[8,8],"current_hp_per_floor":[64,69,69,69,69,69,56,56,56,56,55,45,34,27,49,16,61,50,50,43,21,3,25,0,0],"gold":285,"neow_bonus":"THREE_ENEMY_KILL","is_daily":false,"chose_seed":false,"campfire_upgraded":2,"win_rate":0.0,"timestamp":1609262309,"path_taken":["M","?","?","?","M","R","E","$","T","R","M","M","?","M","R","BOSS","M","?","?","?","?","R","E"],"items_purchased_type":["Relic","Card"],"build_version":"2020-12-22","purchased_purges":0,"victory":false,"max_hp_per_floor":[71,76,76,76,76,76,76,76,76,76,76,76,76,76,76,76,76,76,76,76,76,76,76,76,76],"card_choices":[{"not_picked":["Sweeping Beam","Hologram"],"picked":"Go for the Eyes","floor":1.0},{"not_picked":["Hologram","Steam"],"picked":"Cold Snap","floor":3.0},{"not_picked":["Rebound","Turbo"],"picked":"Melter","floor":5.0},{"not_picked":["Steam","Gash"],"picked":"Undo","floor":7.0},{"not_picked":["Redo","Go for the Eyes"],"picked":"Capacitor","floor":11.0},{"not_picked":["All For One","Gash"],"picked":"Storm","floor":12.0},{"not_picked":["Hologram","Go for the Eyes"],"picked":"Coolheaded","floor":14.0},{"not_picked":["Core Surge","Biased Cognition"],"picked":"Electrodynamics","floor":16.0},{"not_picked":["BootSequence","Lockon"],"picked":"Coolheaded","floor":18.0},{"not_picked":["Coolheaded","Conserve Battery","Cold Snap"],"picked":"SKIP","floor":21.0},{"not_picked":["Lockon","Stack","Tempest"],"picked":"SKIP","floor":22}],"player_experience":1033002,"relics_obtained":[{"floor":7.0,"key":"Calipers"},{"floor":9.0,"key":"Girya"}],"event_choices":[{"damage_healed":0.0,"max_hp_gain":0.0,"max_hp_loss":0.0,"gold_gain":0.0,"event_name":"Lab","player_choice":"Got Potions","floor":2.0,"gold_loss":0.0,"damage_taken":0.0},{"damage_healed":0.0,"max_hp_gain":0.0,"max_hp_loss":0.0,"gold_gain":150.0,"event_name":"Liars Game","player_choice":"AGREE","floor":4.0,"gold_loss":0.0,"damage_taken":0.0,"cards_obtained":["Doubt"]},{"damage_healed":0.0,"max_hp_gain":0.0,"max_hp_loss":0.0,"gold_gain":75.0,"event_name":"World of Goop","player_choice":"Gather Gold","floor":13.0,"gold_loss":0.0,"damage_taken":11.0},{"cards_removed":["Doubt"],"damage_healed":0.0,"max_hp_gain":0.0,"max_hp_loss":0.0,"gold_gain":0.0,"event_name":"Back to Basics","player_choice":"Elegance","floor":19.0,"gold_loss":0.0,"damage_taken":0.0},{"damage_healed":0.0,"max_hp_gain":0.0,"max_hp_loss":0.0,"gold_gain":50.0,"event_name":"FaceTrader","player_choice":"Touch","floor":20.0,"gold_loss":0.0,"damage_taken":7.0}],"is_beta":false,"boss_relics":[{"not_picked":["FrozenCore","Astrolabe"],"picked":"Pandora\u0027s Box"}],"items_purged_floors":[],"is_endless":false,"potions_floor_spawned":[1,3,12,21,22],"killed_by":"Book of Stabbing","ascension_level":18}}