{"host":"jyuuog6ydc2s7nd8","time":1609248317,"event":{"mods":["BaseMod","Better Vampires","Minty Spire (QoL Compilation)","Shop Mod","StSLib","The Hierophant","The Servant 0.9.4","TheBandit","[IsaacMod]ÒÔÈö¼âËþ"],"gold_per_floor":[119,139,64,64,64,64,113,113,192,204,237,237,251,275,446,446,446],"floor_reached":16,"playtime":360,"items_purged":[],"score":196,"play_id":"101ec074-70ac-4165-8741-0e8c5d776b90","local_time":"20201229212517","is_ascension_mode":true,"campfire_choices":[{"data":"Seeing Red","floor":6.0,"key":"SMITH"},{"data":"Bash","floor":8.0,"key":"SMITH"},{"data":"Body Slam","floor":12.0,"key":"SMITH"},{"floor":15.0,"key":"RECALL"}],"circlet_count":0,"master_deck":["AscendersBane","Strike_R","Strike_R","Strike_R","Strike_R","Defend_R+1","Defend_R","Defend_R","Defend_R","Bash+1","DoctorFetus+1","Seeing Red+1","Shrug It Off+1","Body Slam+1","Warcry+1"],"relics":["Burning Blood","HushsDoor","BloodDonationMachine","Toxic Egg 2","Anchor","Odd Mushroom"],"acts_visited":["Exordium"],"potions_floor_usage":[16],"damage_taken":[{"damage":10.0,"enemies":"Small Slimes","floor":1.0,"turns":6.0},{"damage":9.0,"enemies":"Jaw Worm","floor":2.0,"turns":3.0},{"damage":6.0,"enemies":"Cultist","floor":10.0,"turns":4.0},{"damage":22.0,"enemies":"3 Sentries","floor":11.0,"turns":6.0},{"damage":0.0,"enemies":"2 Fungi Beasts","floor":13.0,"turns":3.0},{"damage":7.0,"enemies":"The Mushroom Lair","floor":14.0,"turns":4.0},{"damage":4,"enemies":"The Guardian","floor":16,"turns":5}],"seed_played":"-178922380945992762","potions_obtained":[{"floor":2.0,"key":"GamblersBrew"},{"floor":11.0,"key":"GamblersBrew"},{"floor":14.0,"key":"LiquidBronze"}],"is_trial":false,"path_per_floor":["M","M","?","$","?","R","T","R","T","M","E","R","M","?","R","B"],"character_chosen":"IRONCLAD","items_purchased":[],"campfire_rested":0,"item_purchase_floors":[],"current_hp_per_floor":[71,68,68,68,43,43,43,43,43,43,27,27,33,32,1,0,0],"gold":446,"neow_bonus":"TEN_PERCENT_HP_BONUS","is_daily":false,"chose_seed":false,"campfire_upgraded":3,"win_rate":0.0,"timestamp":1609248317,"path_taken":["M","M","?","?","?","R","?","R","T","?","E","R","M","?","R","BOSS"],"items_purchased_type":[],"build_version":"2020-12-22","purchased_purges":0,"victory":false,"max_hp_per_floor":[82,82,82,82,82,82,82,82,82,82,82,82,82,82,82,82,82],"card_choices":[{"not_picked":[],"picked":"DoctorFetus","floor":0.0},{"not_picked":["Armaments","Reckless Charge"],"picked":"Seeing Red","floor":1.0},{"not_picked":["Havoc","Whirlwind","Flex"],"picked":"SKIP","floor":2.0},{"not_picked":["Dropkick","Clash"],"picked":"Shrug It Off+1","floor":10.0},{"not_picked":["Clothesline","Flex+1"],"picked":"Body Slam","floor":11.0},{"not_picked":["Headbutt","Whirlwind","Immolate"],"picked":"SKIP","floor":13.0},{"not_picked":["Clash","Iron Wave"],"picked":"Warcry+1","floor":14.0}],"player_experience":1776325,"relics_obtained":[{"floor":9.0,"key":"Toxic Egg 2"},{"floor":11.0,"key":"Anchor"},{"floor":14.0,"key":"Odd Mushroom"}],"event_choices":[{"cards_removed":["Strike_R"],"damage_healed":0.0,"max_hp_gain":0.0,"max_hp_loss":0.0,"gold_gain":0.0,"event_name":"The Cleric","player_choice":"Card Removal","floor":3.0,"gold_loss":75.0,"damage_taken":0.0},{"damage_healed":0.0,"max_hp_gain":0.0,"max_hp_loss":0.0,"gold_gain":0.0,"event_name":"Shining Light","player_choice":"Entered Light","floor":5.0,"gold_loss":0.0,"damage_taken":25.0,"cards_upgraded":["DoctorFetus","Defend_R"]},{"damage_healed":0.0,"max_hp_gain":0.0,"max_hp_loss":0.0,"gold_gain":0.0,"event_name":"Mushrooms","player_choice":"Fought Mushrooms","floor":14.0,"gold_loss":0.0,"damage_taken":0.0}],"is_beta":false,"boss_relics":[],"items_purged_floors":[],"is_endless":false,"potions_floor_spawned":[2,11,14],"killed_by":"The Guardian","ascension_level":20}}