{"host":"fdmexzkyss3ff9bv","time":1609272494,"event":{"mods":["BaseMod","Beaked The Cultist","BetterRewards","Downfall","Glutton Mod","Halation","Hubris","Infinite Spire","Minty Spire (QoL Compilation)","Replay The Spire","StSLib","The Animator","The Blackbeard","The Bug Knight","The Construct","The Mystic","The Servant 0.9.4","The Witch"],"gold_per_floor":[112,127,127,145,161,191,191,0,0,0,10,44,59,59,59,158,158,169,169,179,195,195,195,223,223,223,46,46,46,46,46,46,141,141,160,184,209,238,238,238],"floor_reached":39,"playtime":2808,"items_purged":[],"score":811,"play_id":"fbce536e-24b4-4ad6-801b-027bf6a4faa7","local_time":"20201229210814","is_ascension_mode":false,"campfire_choices":[{"floor":7,"key":"REST"},{"floor":15,"key":"DIG"},{"floor":23,"key":"REST"},{"floor":25,"key":"REST"},{"floor":30,"key":"REST"},{"floor":32,"key":"RECALL"}],"circlet_count":0,"master_deck":["Strike_B","Strike_B","Strike_B","Strike_B","Defend_B","Defend_B","Zap+1","Dualcast","Panic Button","Melter","Steam Power","Reboot","expansioncontent:QuickStudy","ReplaySort","Conserve Battery","Barrage","Hologram","Thunder Strike","Lockon","Rebound+1","Ball Lightning","Sweeping Beam+1","Conserve Battery+1","Tempest","infinitespire:TheBestDefense","Compile Driver","Barrage","Sweeping Beam","Auto Shields","Shame","Reboot","Sunder+1","Fission+1","Cold Snap+1","White Noise+1","Static Discharge+1","Storm+1","Capacitor+1","Barrage","Compile Driver","Thunder Strike","Conserve Battery"],"relics":["Cracked Core","Counterbalance","Prayer Wheel","hubris:GlazedTorus","Vajra","Boot","halation:Yufonium","Replay:Towering Pillar of Hats","Replay:Towering Pillar of Hats","hubris:Metronome","MutagenicStrength","Replay:Wax Seal","Astrolabe","infinitespire:EvilPickle"],"acts_visited":["Exordium","TheCity","TheBeyond"],"potions_floor_usage":[6,6,16,20,24,33,38,38],"damage_taken":[{"damage":3,"enemies":"Small Slimes","floor":1,"turns":3},{"damage":1,"enemies":"Cultist","floor":2,"turns":3},{"damage":6,"enemies":"Jaw Worm","floor":4,"turns":2},{"damage":6,"enemies":"Exordium Wildlife","floor":5,"turns":2},{"damage":14,"enemies":"HollowMod:MossKnight","floor":6,"turns":10},{"damage":10,"enemies":"Looter","floor":11,"turns":3},{"damage":5,"enemies":"Replay:BlueRogue","floor":12,"turns":4},{"damage":2,"enemies":"Large Slime","floor":13,"turns":2},{"damage":11,"enemies":"Hexaghost","floor":16,"turns":8},{"damage":6,"enemies":"3 Byrds","floor":18,"turns":4},{"damage":37,"enemies":"3 Cultists","floor":20,"turns":5},{"damage":21,"enemies":"Snake Plant","floor":21,"turns":4},{"damage":0,"enemies":"HollowMod:Nosk","floor":24,"turns":3},{"damage":30,"enemies":"Pondfish","floor":33,"turns":9},{"damage":24,"enemies":"3 Darklings","floor":35,"turns":2},{"damage":2,"enemies":"Orb Walker","floor":36,"turns":2},{"damage":36,"enemies":"Jaw Worm Horde","floor":37,"turns":3},{"damage":1,"enemies":"Transient","floor":38,"turns":5},{"damage":15,"enemies":"3 Darklings","floor":39,"turns":2}],"seed_played":"4759036212010249853","potions_obtained":[{"floor":1,"key":"EssenceOfSteel"},{"floor":4,"key":"SteroidPotion"},{"floor":5,"key":"FocusPotion"},{"floor":12,"key":"Slimebound:ThreeZeroPotion"},{"floor":13,"key":"ColorlessPotion"},{"floor":18,"key":"Ancient Potion"},{"floor":24,"key":"SneckoOil"},{"floor":33,"key":"FocusPotion"},{"floor":37,"key":"FearPotion"}],"is_trial":false,"path_per_floor":["M","M","?","M","M","E","R","$","T","?","M","E","M","$","R","B",null,"M","?","M","M","AVR","R","E","R","T","$","?","?","R","?","R","B",null,"M","M","M","M","M"],"character_chosen":"DEFECT","items_purchased":["expansioncontent:QuickStudy","Barrage","Sweeping Beam","Auto Shields"],"campfire_rested":4,"item_purchase_floors":[8,27,27,27],"current_hp_per_floor":[61,60,60,54,48,34,56,56,56,56,46,41,39,39,39,28,75,69,69,32,11,11,33,33,55,55,55,55,55,75,75,75,45,75,51,49,13,12,0,0],"gold":238,"neow_bonus":"","is_daily":false,"chose_seed":false,"campfire_upgraded":0,"win_rate":0.0,"timestamp":1609272494,"path_taken":["M","M","?","M","M","E","R","?","T","?","M","E","?","?","R","BOSS","M","?","M","M","AVR","R","E","R","T","$","?","?","R","?","R","BOSS","M","?","M","M","M"],"items_purchased_type":["Card","Card","Card","Card"],"build_version":"2020-12-13","purchased_purges":0,"victory":false,"max_hp_per_floor":[75,75,75,75,75,75,75,75,75,75,75,75,75,75,75,75,75,75,75,75,75,75,75,75,75,75,75,75,75,75,75,75,75,75,75,75,75,75,75,75],"card_choices":[{"not_picked":["Beam Cell","Go for the Eyes"],"picked":"Panic Button","floor":1},{"not_picked":["Steam","Streamline"],"picked":"Melter","floor":2},{"not_picked":["Cold Snap","Redo"],"picked":"Steam Power","floor":4},{"not_picked":["Lockon","Rebound"],"picked":"ReplayTheSpireMod:Fabricate Wheel","floor":5},{"not_picked":["Beam Cell","Steam"],"picked":"Reboot","floor":6},{"not_picked":["BasicCrystalCard","Go for the Eyes"],"picked":"ReplaySort","floor":11},{"not_picked":["Rebound","Cold Snap"],"picked":"Conserve Battery","floor":11},{"not_picked":["Consume","Streamline"],"picked":"Barrage","floor":12},{"not_picked":["Cold Snap","Biased Cognition"],"picked":"Hologram","floor":13},{"not_picked":["Leap","Steam Power"],"picked":"Conserve Battery","floor":13},{"not_picked":["Seek","hubris:SpecializedCircuitry"],"picked":"Thunder Strike","floor":16},{"not_picked":["Glacier","Compile Driver+1"],"picked":"Lockon","floor":18},{"not_picked":["Streamline+1","Heatsinks+1"],"picked":"Rebound+1","floor":18},{"not_picked":["Barrage+1","Leap"],"picked":"Ball Lightning","floor":20},{"not_picked":["Sunder","Coolheaded"],"picked":"Sweeping Beam+1","floor":20},{"not_picked":["Reinforced Body","Go for the Eyes"],"picked":"Conserve Battery+1","floor":21},{"not_picked":["BasicCrystalCard","Gash"],"picked":"Tempest","floor":21},{"not_picked":["Coolheaded","Heatsinks"],"picked":"Compile Driver","floor":24},{"not_picked":["Rainbow","Biased Cognition"],"picked":"Seek","floor":33},{"not_picked":["ReplayTheSpireMod:Repulse","Gash"],"picked":"White Noise+1","floor":35},{"not_picked":["BasicCrystalCard+1","Redo"],"picked":"Static Discharge+1","floor":35},{"not_picked":["BasicCrystalCard+1","Force Field+1"],"picked":"Storm+1","floor":36},{"not_picked":["Crystallizer+1","Stack"],"picked":"Capacitor+1","floor":36},{"not_picked":["Streamline","Rebound"],"picked":"Barrage","floor":37},{"not_picked":["ReplayTheSpireMod:Calculation Training","Hologram+1"],"picked":"Compile Driver","floor":37},{"not_picked":["Steam Power+1","BasicCrystalCard+1"],"picked":"Thunder Strike","floor":38},{"not_picked":["Crystallizer+1","Aggregate+1"],"picked":"Conserve Battery","floor":38}],"player_experience":48474,"relics_obtained":[{"floor":6,"key":"hubris:GlazedTorus"},{"floor":12,"key":"Vajra"},{"floor":15,"key":"Boot"},{"floor":24,"key":"Replay:Towering Pillar of Hats"},{"floor":26,"key":"hubris:Metronome"}],"event_choices":[{"damage_healed":0,"gold_gain":0,"player_choice":"Upgraded","damage_taken":0,"max_hp_gain":0,"max_hp_loss":0,"event_name":"Upgrade Shrine","floor":3,"gold_loss":0,"cards_upgraded":["Zap"]},{"damage_healed":0,"gold_gain":0,"player_choice":"Ignored","damage_taken":0,"max_hp_gain":0,"max_hp_loss":0,"event_name":"Purifier","floor":10,"gold_loss":0},{"damage_healed":0,"gold_gain":0,"player_choice":"Inject Mutagens","damage_taken":0,"relics_obtained":["MutagenicStrength"],"max_hp_gain":0,"max_hp_loss":0,"event_name":"Drug Dealer","floor":28,"gold_loss":0},{"damage_healed":0,"gold_gain":0,"player_choice":"Stole Relic","damage_taken":0,"relics_obtained":["Replay:Wax Seal"],"max_hp_gain":0,"max_hp_loss":0,"event_name":"Addict","floor":29,"gold_loss":0,"cards_obtained":["Shame"]},{"damage_healed":0,"gold_gain":0,"cards_transformed":["Defend_B"],"player_choice":"Transformed","damage_taken":0,"max_hp_gain":0,"max_hp_loss":0,"event_name":"Transmorgrifier","floor":31,"gold_loss":0,"cards_obtained":["Reboot"]}],"is_beta":false,"boss_relics":[{"not_picked":["halation:LoveArrow","beaked:SacredDeck"],"picked":"halation:Yufonium"},{"not_picked":["Cursed Key","halation:CatFaceCupcake"],"picked":"Astrolabe"}],"items_purged_floors":[],"is_endless":false,"potions_floor_spawned":[1,4,5,12,13,18,24,33,37],"killed_by":"3 Darklings","ascension_level":0}}