{"host":"0fmi5fguj5lvt8pf","time":1609239803,"event":{"mods":["BaseMod","Colored Map","Curses Come First","Downfall","Minty Spire (QoL Compilation)","Permanent Neow","StSLib","Waifu the Spire"],"gold_per_floor":[99,99,99,24,124,156,156,156,35,35,35,35,35,66,77,181,181,181,198,198,36,46,31,31,47,78,88,188,188,202,219,236,336,336,111,11,27,1026,1026,1041,1041,678,691,716,716,745,745,759,779,779,779,806,239,239,239],"floor_reached":56,"playtime":4467,"items_purged":["Slimebound:Tackle","Slimebound:Defend_Slimebound","Slimebound:Strike_Slimebound","Slimebound:Defend_Slimebound+1"],"score":1381,"play_id":"9015ae9b-ff0b-4fac-ad25-e25de0d5a8c3","local_time":"20201229030323","is_ascension_mode":false,"campfire_choices":[{"data":"Slimebound:CorrosiveSpit","floor":1.0,"key":"SMITH"},{"floor":8.0,"key":"RECALL"},{"data":"Slimebound:Dissolve","floor":12.0,"key":"SMITH"},{"data":"Slimebound:DuplicatedForm","floor":18.0,"key":"PURGE"},{"data":"Slimebound:MassFeed","floor":29,"key":"PURGE"},{"data":"Slimebound:MassRepurpose","floor":35,"key":"PURGE"},{"data":"Slimebound:MassRepurpose","floor":45,"key":"PURGE"},{"data":"Slimebound:Gluttony","floor":47,"key":"SMITH"},{"data":"Slimebound:DouseInSlime","floor":54,"key":"PURGE"}],"circlet_count":0,"master_deck":["Slimebound:Strike_Slimebound","Slimebound:Defend_Slimebound+1","Slimebound:Split+1","Slimebound:CorrosiveSpit+1","Slimebound:GrowthPunch","Slimebound:GrowthPunch+1","Slimebound:LeechEnergy","Slimebound:SlimeSpikes+1","Slimebound:Gluttony+1","Slimebound:Dissolve+1","Slimebound:PrepareCrush","Slimebound:SpikyOuterGoop","Slimebound:LeechEnergy","Slimebound:Nibble+1","Slimebound:SlimeTap","Slimebound:RainOfGoop","Slimebound:Gluttony","Slimebound:Recollect","Slimebound:OozeBath","Slimebound:SlimeSpikes+1","Slimebound:Prepare+1","Slimebound:HungryTackle+1","Slimebound:ComboTackle+1"],"relics":["Slimebound:AbsorbEndCombat","downfall:HeartsMalice","Mango","TungstenRod","Slimebound:ScrapOozeRelic","Pen Nib","Black Star","Omamori","sneckomod:BlankCard","Question Card","Kunai","Empty Cage","downfall:HeartBlessingRed","downfall:HeartBlessingGreen","downfall:HeartBlessingBlue","Pantograph","Mummified Hand","Letter Opener","Strawberry","Ginger","hexamod:BolsterEngine","Bird Faced Urn","Anchor","Lizard Tail","Blue Candle","Vajra"],"acts_visited":["Exordium","TheCity","TheBeyond","TheEnding"],"potions_floor_usage":[43,46,55,55],"damage_taken":[{"damage":0.0,"enemies":"Jaw Worm","floor":2.0,"turns":1.0},{"damage":0.0,"enemies":"downfall:FleeingMerchant","floor":4.0,"turns":1.0},{"damage":0.0,"enemies":"Gremlin Nob","floor":6.0,"turns":1.0},{"damage":9.0,"enemies":"downfall:FleeingMerchant","floor":9.0,"turns":4.0},{"damage":10.0,"enemies":"3 Sentries","floor":14.0,"turns":6.0},{"damage":0.0,"enemies":"Cultist","floor":15.0,"turns":3.0},{"damage":35.0,"enemies":"downfall:Ironclad","floor":16.0,"turns":8.0},{"damage":17.0,"enemies":"Spheric Guardian","floor":19.0,"turns":5.0},{"damage":6.0,"enemies":"downfall:FleeingMerchant","floor":21.0,"turns":4.0},{"damage":22.0,"enemies":"Sentry and Sphere","floor":22.0,"turns":6.0},{"damage":6.0,"enemies":"downfall:FleeingMerchant","floor":23.0,"turns":4.0},{"damage":21.0,"enemies":"3 Cultists","floor":25.0,"turns":5.0},{"damage":47.0,"enemies":"Slavers","floor":26.0,"turns":5.0},{"damage":7.0,"enemies":"Centurion and Healer","floor":27.0,"turns":6.0},{"damage":0.0,"enemies":"downfall:FleeingMerchant","floor":28.0,"turns":1.0},{"damage":26,"enemies":"Cultist and Chosen","floor":30,"turns":5},{"damage":19,"enemies":"Sentry and Sphere","floor":31,"turns":5},{"damage":13,"enemies":"Snake Plant","floor":32,"turns":3},{"damage":15,"enemies":"downfall:Silent","floor":33,"turns":6},{"damage":10,"enemies":"3 Shapes","floor":37,"turns":3},{"damage":6,"enemies":"Orb Walker","floor":40,"turns":3},{"damage":6,"enemies":"Jaw Worm Horde","floor":43,"turns":4},{"damage":9,"enemies":"Giant Head","floor":44,"turns":6},{"damage":20,"enemies":"Reptomancer","floor":46,"turns":5},{"damage":13,"enemies":"4 Shapes","floor":48,"turns":4},{"damage":6,"enemies":"Spire Growth","floor":49,"turns":4},{"damage":6,"enemies":"downfall:Defect","floor":50,"turns":6},{"damage":28,"enemies":"downfall:CharBossMerchant","floor":52,"turns":7},{"damage":87,"enemies":"downfall:NeowBoss","floor":55,"turns":30}],"seed_played":"-4327962917720616273","potions_obtained":[{"floor":14.0,"key":"Strength Potion"},{"floor":15.0,"key":"LiquidMemories"},{"floor":16.0,"key":"Slimebound:SlimedPotion"},{"floor":25.0,"key":"Regen Potion"},{"floor":26.0,"key":"Slimebound:SpawnSlimePotion"},{"floor":31,"key":"Explosive Potion"},{"floor":43,"key":"SpeedPotion"},{"floor":46,"key":"Block Potion"}],"is_trial":false,"path_per_floor":["R","M","?","$","?","E","T","R","$","?","T","R","?","E","M","B",null,"R","M","?","$","M","$","T","M","E","M","$","R","M","M","M","B",null,"R","$","M","?","T","M","T","$","M","E","R","E","R","M","M","B",null,"E","$","R","B",null],"character_chosen":"SLIMEBOUND","items_purchased":["Slimebound:Gluttony","Slimebound:Dissolve","Omamori","Kunai","Letter Opener","Blue Candle","Vajra"],"campfire_rested":0,"item_purchase_floors":[9,9,21,28,42,53,53],"current_hp_per_floor":[60,60,60,60,60,74,74,74,74,74,74,74,74,74,74,58,74,74,71,64,74,66,74,74,69,40,57,57,57,49,52,47,66,74,84,84,84,84,84,84,84,84,84,88,88,91,91,87,91,91,91,87,87,87,56],"gold":239,"neow_bonus":"THREE_ENEMY_KILL","is_daily":false,"chose_seed":false,"campfire_upgraded":3,"win_rate":0.0,"timestamp":1609239803,"path_taken":["R","M","?","?","?","E","T","R","$","?","?","R","?","E","M","BOSS","R","M","?","$","M","$","T","M","E","?","$","R","M","?","M","BOSS","R","$","M","?","?","M","T","?","?","E","R","E","R","M","M","BOSS","E","$","R","BOSS"],"items_purchased_type":["Card","Card","Relic","Relic","Relic","Relic","Relic"],"build_version":"2020-12-22","purchased_purges":4,"victory":true,"max_hp_per_floor":[60,60,60,60,60,74,74,74,74,74,74,74,74,74,74,74,74,74,74,74,74,74,74,74,74,74,74,74,74,74,74,74,74,74,84,84,84,84,84,84,84,84,84,91,91,91,91,91,91,91,91,91,91,91,91],"card_choices":[{"not_picked":["Slimebound:FinishingTackle","Slimebound:Schlurp"],"picked":"Slimebound:GrowthPunch","floor":2.0},{"not_picked":["Slimebound:LeechingTouch","Slimebound:LevelUp"],"picked":"Slimebound:GrowthPunch","floor":4.0},{"not_picked":["Slimebound:RollThrough","Slimebound:Schlurp"],"picked":"Slimebound:LeechEnergy","floor":6.0},{"not_picked":["Slimebound:PressTheAttack","Slimebound:GoopSpray"],"picked":"Slimebound:SlimeSpikes","floor":9.0},{"not_picked":["Slimebound:FlameTackle","Slimebound:FinishingTackle"],"picked":"Slimebound:PrepareCrush","floor":14.0},{"not_picked":["Slimebound:SamplingLick","Slimebound:LeechingTouch"],"picked":"Slimebound:SpikyOuterGoop","floor":15.0},{"not_picked":["Slimebound:OneTwoCombo","Slimebound:MassRepurpose"],"picked":"Slimebound:DuplicatedForm","floor":16.0},{"not_picked":["Slimebound:GoopTackle","Slimebound:LeadByExample"],"picked":"Slimebound:LeechEnergy","floor":19.0},{"not_picked":["Slimebound:SplitAcid+1","Slimebound:ViciousTackle"],"picked":"Slimebound:Nibble+1","floor":21.0},{"not_picked":["Slimebound:GrowthPunch+1","Slimebound:TongueLash+1","Slimebound:LeechingTouch"],"picked":"SKIP","floor":22.0},{"not_picked":["Slimebound:GrowthPunch","Slimebound:MegaLick"],"picked":"Slimebound:SlimeTap","floor":23.0},{"not_picked":["Slimebound:PressTheAttack","Slimebound:Replication","Slimebound:GrowthPunch"],"picked":"SKIP","floor":25.0},{"not_picked":["Slimebound:SamplingLick","Slimebound:GoopSpray"],"picked":"Slimebound:MassFeed","floor":26.0},{"not_picked":["Slimebound:GoopSpray","Slimebound:FinishingTackle","Slimebound:LevelUp"],"picked":"Slimebound:RainOfGoop","floor":27.0},{"not_picked":["Slimebound:RejuvenatingLick","Slimebound:GrowthPunch","Slimebound:ViciousTackle+1"],"picked":"Slimebound:Gluttony","floor":30},{"not_picked":["Slimebound:SlimeSpikes","Slimebound:SlimeBrawl","Slimebound:SplitAcid"],"picked":"Slimebound:Recollect","floor":31},{"not_picked":["Slimebound:LeechingTouch","Slimebound:SlimeSpikes","Slimebound:SplitAcid"],"picked":"Slimebound:MassRepurpose","floor":32},{"not_picked":["Slimebound:SelfFormingGoo","Slimebound:SlimeSlap","Slimebound:DouseInSlime"],"picked":"Slimebound:OozeBath","floor":33},{"not_picked":["Slimebound:LeechingTouch+1","Slimebound:ComboTackle+1","Slimebound:LeechEnergy"],"picked":"Slimebound:SlimeSpikes+1","floor":37},{"not_picked":["Slimebound:SplitMire+1","Slimebound:ViciousTackle+1","Slimebound:Chomp+1"],"picked":"Slimebound:Prepare+1","floor":40},{"not_picked":["Slimebound:SplitLeeching","Slimebound:Grow","Slimebound:ComboTackle","Slimebound:SlimeBarrage"],"picked":"SKIP","floor":43},{"not_picked":["Slimebound:SplitMire+1","Slimebound:SlimeSpikes","Slimebound:ViciousTackle"],"picked":"Slimebound:MassRepurpose","floor":44},{"not_picked":["Slimebound:SlimeBrawl+1","Slimebound:ViciousTackle+1","Slimebound:Recollect+1"],"picked":"Slimebound:HungryTackle+1","floor":46},{"not_picked":["Slimebound:AcidTongue+1","Slimebound:SlimeSpikes","Slimebound:Recollect"],"picked":"Slimebound:DouseInSlime","floor":48},{"not_picked":["Slimebound:LivingWall+1","Slimebound:ComboTackle","Slimebound:SlimeSpikes+1","Slimebound:LeechEnergy+1"],"picked":"SKIP","floor":49},{"not_picked":["Slimebound:FormOfPuddle+1","Slimebound:SamplingLick","Slimebound:ViciousTackle+1"],"picked":"Slimebound:ComboTackle+1","floor":52}],"player_experience":1252197,"relics_obtained":[{"floor":6.0,"key":"Mango"},{"floor":7.0,"key":"TungstenRod"},{"floor":11.0,"key":"Blood Vial"},{"floor":14.0,"key":"Pen Nib"},{"floor":26.0,"key":"sneckomod:BlankCard"},{"floor":26.0,"key":"Question Card"},{"floor":39,"key":"Pantograph"},{"floor":41,"key":"Mummified Hand"},{"floor":44,"key":"Strawberry"},{"floor":44,"key":"Ginger"},{"floor":46,"key":"hexamod:BolsterEngine"},{"floor":46,"key":"Bird Faced Urn"},{"floor":52,"key":"Anchor"},{"floor":52,"key":"Lizard Tail"}],"event_choices":[{"damage_healed":0.0,"max_hp_gain":0.0,"max_hp_loss":0.0,"gold_gain":0.0,"event_name":"Accursed Blacksmith","player_choice":"Forge","floor":3.0,"gold_loss":0.0,"damage_taken":0.0,"cards_upgraded":["Slimebound:Split"]}],"is_beta":false,"boss_relics":[{"not_picked":["downfall:Hecktoplasm","Snecko Eye"],"picked":"Black Star"},{"not_picked":["Astrolabe","Slimebound:TarBlob"],"picked":"Empty Cage"}],"items_purged_floors":[4,36,42,53],"is_endless":false,"potions_floor_spawned":[14,15,16,25,26,31,33,43,46,49],"ascension_level":0}}