{"host":"j29osl8nelwi4hyu","time":1609235207,"event":{"mods":["BaseMod","Colored Powertips","Hubris","Infinite Spire","Minty Spire (QoL Compilation)","Replay The Spire","StSLib"],"gold_per_floor":[114,132,132,146,164,195,195,195,195,195,195,212,212,243,260,279,279,381,381,398,338,351,10,10,10,40,52,52,71,71,71,1,13,13,111,111,126,126,126,144,144,144,176,176,176,176,188,198,217,234,234,234,234],"floor_reached":52,"playtime":2385,"items_purged":[],"score":761,"play_id":"4792efa6-ed4d-45ed-a124-ef07b22aec80","local_time":"20201229014647","is_ascension_mode":true,"campfire_choices":[{"data":"Fission","floor":7,"key":"SMITH"},{"data":"Zap","floor":10,"key":"SMITH"},{"floor":13,"key":"REST"},{"floor":17,"key":"REST"},{"data":"Seek","floor":25,"key":"SMITH"},{"floor":31,"key":"REST"},{"floor":34,"key":"REST"},{"floor":42,"key":"REST"},{"floor":44,"key":"RECALL"},{"floor":51,"key":"REST"}],"circlet_count":0,"master_deck":["Strike_B","Strike_B","Strike_B","Defend_B","Defend_B","Defend_B","Zap+1","Dualcast","Sweeping Beam","Hologram","Zap","Coolheaded","Leap","Fission+1","Go for the Eyes","Rip and Tear","Panic Button","Ball Lightning","Seek+1","Lockon","Loop+1","FIFO Queue+1","ReplayTheSpireMod:GoodbyeWorld","Creative AI+1","Redo","Ball Lightning+1","infinitespire:SevenWalls+1","Skim+1","Machine Learning+1","Fusion","infinitespire:Fortify","Compile Driver+1","Cold Snap+1","Barrage+1","Conserve Battery+1"],"relics":["Cracked Core","Durian","Sundial","Regal Pillow","Geode","Busted Crown","Golden Egg","infinitespire:Broken Mirror","Prayer Wheel","Molten Egg 2","Blue Doll","White Beast Statue","hubris:RunicObelisk","Lee\u0027s Waffle","Runic Pyramid","Pen Nib","hubris:Towel"],"acts_visited":["Exordium","TheCity","TheBeyond"],"potions_floor_usage":[6,14,18,18,26,26,29,37,43,49,52,52],"damage_taken":[{"damage":2,"enemies":"Jaw Worm","floor":1,"turns":3},{"damage":1,"enemies":"Cultist","floor":2,"turns":3},{"damage":2,"enemies":"2 Louse","floor":4,"turns":2},{"damage":1,"enemies":"2 Fungi Beasts","floor":5,"turns":4},{"damage":27,"enemies":"Lagavulin","floor":6,"turns":5},{"damage":1,"enemies":"Looter","floor":12,"turns":4},{"damage":24,"enemies":"Gremlin Nob","floor":14,"turns":4},{"damage":6,"enemies":"Lots of Slimes","floor":15,"turns":2},{"damage":8,"enemies":"3 Louse","floor":16,"turns":2},{"damage":0,"enemies":"Slime Boss","floor":18,"turns":5},{"damage":6,"enemies":"Shell Parasite","floor":20,"turns":6},{"damage":13,"enemies":"2 Thieves","floor":22,"turns":4},{"damage":20,"enemies":"Book of Stabbing","floor":26,"turns":4},{"damage":21,"enemies":"Snake Plant","floor":27,"turns":4},{"damage":7,"enemies":"Sentry and Sphere","floor":29,"turns":3},{"damage":6,"enemies":"3 Cultists","floor":33,"turns":4},{"damage":36,"enemies":"hubris:MusketHawk","floor":35,"turns":10},{"damage":37,"enemies":"3 Darklings","floor":37,"turns":5},{"damage":32,"enemies":"Orb Walker","floor":40,"turns":4},{"damage":1,"enemies":"R_Hoarder","floor":43,"turns":6},{"damage":45,"enemies":"Transient","floor":47,"turns":5},{"damage":0,"enemies":"Sphere and 2 Shapes","floor":48,"turns":3},{"damage":10,"enemies":"4 Shapes","floor":49,"turns":3},{"damage":19,"enemies":"Jaw Worm Horde","floor":50,"turns":5},{"damage":56,"enemies":"Replay:Hell Engine","floor":52,"turns":3}],"seed_played":"2368649403806637347","potions_obtained":[{"floor":1,"key":"Death Potion"},{"floor":6,"key":"Weak Potion"},{"floor":15,"key":"SkillPotion"},{"floor":16,"key":"Flashbang"},{"floor":20,"key":"LiquidBronze"},{"floor":27,"key":"Adrenaline Potion"},{"floor":33,"key":"Elixir"},{"floor":35,"key":"Fire Potion"},{"floor":37,"key":"Toxic Potion"},{"floor":40,"key":"SpeedPotion"},{"floor":43,"key":"FearPotion"},{"floor":49,"key":"CultistPotion"},{"floor":50,"key":"SkillPotion"}],"is_trial":false,"path_per_floor":["M","M","?","M","M","E","R","PTL","PTL","R","T","M","R","E","M","M","R","B",null,"M","?","M","$","?","R","E","M","T","M","AVR","R","?","M","R","B",null,"M","?","AVR","M","?","R","E","R","T","?","M","M","M","M","R","B"],"character_chosen":"DEFECT","items_purchased":["Golden Egg","BlessingOfTheForge","FIFO Queue"],"campfire_rested":6,"item_purchase_floors":[23,23,23],"current_hp_per_floor":[71,70,70,68,67,40,40,40,40,40,40,39,73,49,43,35,71,71,73,67,67,54,54,54,54,34,13,13,6,6,42,42,36,72,36,64,27,27,80,48,48,80,79,79,79,79,34,34,24,5,44,0,0],"gold":234,"neow_bonus":"ONE_RARE_RELIC","is_daily":false,"chose_seed":false,"campfire_upgraded":3,"win_rate":0.0,"timestamp":1609235207,"path_taken":["M","M","?","M","M","E","R","PTL","PTL","R","T","M","R","E","?","M","R","BOSS","M","?","M","$","?","R","E","M","T","M","AVR","R","?","?","R","BOSS","M","?","AVR","M","?","R","E","R","T","?","M","M","M","M","R","BOSS"],"items_purchased_type":["Relic","Potion","Card"],"build_version":"2020-12-22","purchased_purges":0,"victory":false,"max_hp_per_floor":[73,73,73,73,73,73,73,73,73,73,73,73,73,73,73,73,73,73,73,73,73,73,73,73,73,73,73,73,73,73,73,73,73,73,73,73,73,73,80,80,80,80,80,80,80,80,80,80,80,80,80,80,80],"card_choices":[{"not_picked":["Redo","Reprogram"],"picked":"Sweeping Beam","floor":1},{"not_picked":["Storm","Aggregate"],"picked":"Hologram","floor":2},{"not_picked":["Streamline","All For One"],"picked":"Coolheaded","floor":4},{"not_picked":["Static Discharge","Recycle"],"picked":"Leap","floor":5},{"not_picked":["Aggregate","Leap"],"picked":"Fission","floor":6},{"not_picked":["ReplaySolidLightProjector","Hello World"],"picked":"Go for the Eyes","floor":12},{"not_picked":["Heatsinks","Skim"],"picked":"Rip and Tear","floor":14},{"not_picked":["Scrape","Chill"],"picked":"Panic Button","floor":15},{"not_picked":["Compile Driver","Go for the Eyes"],"picked":"Ball Lightning","floor":16},{"not_picked":["Multi-Cast","ReplayRNGCard"],"picked":"Seek","floor":18},{"not_picked":[],"picked":"Lockon","floor":20},{"not_picked":[],"picked":"Loop+1","floor":22},{"not_picked":["Storm"],"picked":"SKIP","floor":26},{"not_picked":[],"picked":"Redo","floor":27},{"not_picked":["Panic Button"],"picked":"SKIP","floor":27},{"not_picked":["Panic Button"],"picked":"SKIP","floor":27},{"not_picked":[],"picked":"Ball Lightning+1","floor":29},{"not_picked":["Coolheaded"],"picked":"SKIP","floor":29},{"not_picked":[],"picked":"Skim+1","floor":33},{"not_picked":["Coolheaded"],"picked":"SKIP","floor":33},{"not_picked":[],"picked":"Machine Learning","floor":35},{"not_picked":[],"picked":"Fusion","floor":37},{"not_picked":["Chill+1"],"picked":"SKIP","floor":37},{"not_picked":[],"picked":"Compile Driver+1","floor":40},{"not_picked":["Hello World"],"picked":"SKIP","floor":40},{"not_picked":["Coolheaded+1"],"picked":"SKIP","floor":43},{"not_picked":["Sweeping Beam+1"],"picked":"SKIP","floor":47},{"not_picked":["ReplayGash+1"],"picked":"SKIP","floor":47},{"not_picked":[],"picked":"Cold Snap+1","floor":48},{"not_picked":["Coolheaded+1"],"picked":"SKIP","floor":48},{"not_picked":[],"picked":"Barrage+1","floor":49},{"not_picked":["Panic Button+1"],"picked":"SKIP","floor":49},{"not_picked":[],"picked":"Conserve Battery+1","floor":50},{"not_picked":["ReplayTheSpireMod:Reroute Power+1"],"picked":"SKIP","floor":50}],"player_experience":284322,"relics_obtained":[{"floor":6,"key":"Sundial"},{"floor":11,"key":"Regal Pillow"},{"floor":14,"key":"Geode"},{"floor":26,"key":"infinitespire:Broken Mirror"},{"floor":28,"key":"Molten Egg 2"},{"floor":43,"key":"Pen Nib"}],"event_choices":[{"damage_healed":0,"gold_gain":0,"player_choice":"1 cards matched","damage_taken":0,"max_hp_gain":0,"max_hp_loss":0,"event_name":"Match and Keep!","floor":3,"gold_loss":0,"cards_obtained":["Zap"]},{"damage_healed":0,"gold_gain":0,"cards_transformed":["Strike_B","Defend_B"],"player_choice":"Became Test Subject","damage_taken":0,"max_hp_gain":0,"max_hp_loss":0,"event_name":"Drug Dealer","floor":24,"gold_loss":0,"cards_obtained":["ReplayTheSpireMod:GoodbyeWorld","ReplayTheSpireMod:Fabricate Wheel"]},{"damage_healed":0,"gold_gain":0,"player_choice":"Paid Gold","damage_taken":0,"relics_obtained":["White Beast Statue"],"max_hp_gain":0,"max_hp_loss":0,"event_name":"WeMeetAgain","floor":32,"gold_loss":70},{"damage_healed":0,"gold_gain":0,"player_choice":"Ignored","damage_taken":0,"max_hp_gain":0,"max_hp_loss":0,"event_name":"Mysterious Sphere","floor":41,"gold_loss":0}],"is_beta":false,"boss_relics":[{"not_picked":["Honey Jar","Replay:Bronze Core"],"picked":"Busted Crown"},{"not_picked":["Tiny House","ReplayTheSpireMod:SealedPack"],"picked":"hubris:RunicObelisk"}],"items_purged_floors":[],"is_endless":false,"potions_floor_spawned":[1,6,15,16,20,27,33,35,37,40,43,47,48,49,50],"killed_by":"Replay:Hell Engine","ascension_level":6}}