{"host":"ab2s6ezjqdgtrlyf","time":1609252908,"event":{"mods":["BaseMod","Colored Map","Downfall","Highlight Path","Marked Mod","Minty Spire (QoL Compilation)","Quick Restart","Relic Stats","Spicy Shops","StSLib","Waifu the Spire","vexMod","¡¾ÒÅÎï¿¨ÅÆ¡¿REMEMod"],"gold_per_floor":[119,137,153,153,153,153,180,180,180,207,218,230,230,243,243,320,320,335,353,268,116,41,41,41,76,153,53,53,65,97,114,114,188,188,207,82,110,110,110,110,148,4,4,4,26,52,52,52,52,52,52],"floor_reached":50,"playtime":1881,"items_purged":["Strike_P","Strike_P","Defend_P"],"score":1226,"play_id":"773dd3db-059d-4352-bec4-9d020c6d72b7","local_time":"20201229224148","is_ascension_mode":true,"campfire_choices":[{"data":"Eruption","floor":6.0,"key":"SMITH"},{"data":"Conclude","floor":8.0,"key":"SMITH"},{"data":"Vigilance","floor":13.0,"key":"SMITH"},{"data":"BowlingBash","floor":15.0,"key":"SMITH"},{"data":"Scrawl","floor":23.0,"key":"SMITH"},{"data":"REME_EmptyShield","floor":28.0,"key":"SMITH"},{"data":"REME_CRH","floor":32.0,"key":"SMITH"},{"data":"WindmillStrike","floor":40.0,"key":"SMITH"},{"floor":44.0,"key":"REST"},{"data":"CrushJoints","floor":49.0,"key":"SMITH"}],"circlet_count":0,"master_deck":["AscendersBane","Strike_P+1","Defend_P+1","Defend_P","Eruption+1","Vigilance+1","BowlingBash+1","Consecrate+1","Conclude+1","Scrawl+1","REME_CRH+1","BattleHymn","REME_EmptyShield+1","DevaForm","Adaptation+1","WindmillStrike+1","CrushJoints+1","Wallop+1"],"relics":["PureWater","REME_ComplimentaryCards","Sundial","Toy Ornithopter","Meat on the Bone","Art of War","vexMod:DeviousBotling","vexMod:HeadHunter","Sling","Prayer Wheel","vexMod:ConsolationPrize","Gambling Chip","vexMod:ImprovementManual","Singing Bowl","Pen Nib","CloakClasp","Pantograph"],"acts_visited":["Exordium","TheCity","TheBeyond"],"potions_floor_usage":[],"damage_taken":[{"damage":0.0,"enemies":"Cultist","floor":1.0,"turns":3.0},{"damage":2.0,"enemies":"Jaw Worm","floor":2.0,"turns":4.0},{"damage":7.0,"enemies":"Small Slimes","floor":3.0,"turns":2.0},{"damage":17.0,"enemies":"3 Sentries","floor":7.0,"turns":7.0},{"damage":0.0,"enemies":"Gremlin Nob","floor":10.0,"turns":2.0},{"damage":0.0,"enemies":"2 Fungi Beasts","floor":11.0,"turns":3.0},{"damage":6.0,"enemies":"Large Slime","floor":12.0,"turns":3.0},{"damage":0.0,"enemies":"Exordium Wildlife","floor":14.0,"turns":3.0},{"damage":0.0,"enemies":"Slime Boss","floor":16.0,"turns":6.0},{"damage":0.0,"enemies":"2 Thieves","floor":18.0,"turns":1.0},{"damage":2.0,"enemies":"Spheric Guardian","floor":19.0,"turns":3.0},{"damage":38.0,"enemies":"Book of Stabbing","floor":25.0,"turns":5.0},{"damage":0.0,"enemies":"Chosen and Byrds","floor":29.0,"turns":2.0},{"damage":13.0,"enemies":"REME_1_Revenger","floor":30.0,"turns":3.0},{"damage":0.0,"enemies":"Centurion and Healer","floor":31.0,"turns":2.0},{"damage":0.0,"enemies":"Collector","floor":33.0,"turns":2.0},{"damage":0.0,"enemies":"Orb Walker","floor":35.0,"turns":1.0},{"damage":17.0,"enemies":"3 Shapes","floor":37.0,"turns":4.0},{"damage":4.0,"enemies":"Nemesis","floor":41.0,"turns":3.0},{"damage":6.0,"enemies":"Maw","floor":45.0,"turns":4.0},{"damage":0.0,"enemies":"Reptomancer","floor":46.0,"turns":2.0},{"damage":0,"enemies":"Time Eater","floor":50,"turns":1}],"seed_played":"2904232632353640859","potions_obtained":[{"floor":1.0,"key":"BlessingOfTheForge"},{"floor":2.0,"key":"Block Potion"},{"floor":3.0,"key":"DuplicationPotion"},{"floor":11.0,"key":"Regen Potion"},{"floor":29.0,"key":"SpeedPotion"},{"floor":30.0,"key":"Ambrosia"},{"floor":37.0,"key":"GamblersBrew"},{"floor":41.0,"key":"BottledMiracle"}],"is_trial":false,"path_per_floor":["M","M","M","?","?","R","E","R","T","E","M","M","R","M","R","B",null,"M","M","?","$","?","R","$","E","T","$","R","M","E","M","R","B",null,"M","$","M","?","?","R","E","$","T","R","M","E","?","$","R","B"],"character_chosen":"WATCHER","items_purchased":["Sling","Pen Nib"],"campfire_rested":1,"item_purchase_floors":[21,42],"current_hp_per_floor":[61,59,52,52,45,45,28,28,28,40,40,46,46,46,46,46,63,63,61,61,61,61,61,61,45,45,45,45,45,44,44,44,49,63,63,63,46,46,46,46,44,44,44,65,59,63,63,63,63,74,74],"gold":52,"neow_bonus":"ONE_RANDOM_RARE_CARD","is_daily":false,"chose_seed":false,"campfire_upgraded":9,"win_rate":0.0,"timestamp":1609252908,"path_taken":["M","M","?","?","?","R","E","R","T","E","M","M","R","M","R","BOSS","M","M","?","$","?","R","$","E","T","?","R","?","E","M","R","BOSS","M","$","M","?","?","R","E","$","T","R","?","E","?","$","R","BOSS"],"items_purchased_type":["Relic","Relic"],"build_version":"2020-12-22","purchased_purges":3,"victory":false,"max_hp_per_floor":[68,68,68,68,68,68,68,68,68,68,68,68,68,68,68,68,68,68,68,68,68,68,68,68,68,68,68,68,68,68,68,68,68,68,68,68,68,68,68,68,70,70,70,70,70,74,74,74,74,74,74],"relic_stats":{"Singing Bowl":6,"counters":[22,66],"Sundial":[16],"Gambling Chip":[20],"Pantograph":11,"Prayer Wheel":5,"Pen Nib":[2],"Art of War":[5],"CloakClasp":[20],"obtain_stats":[{"Singing Bowl":41,"vexMod:ConsolationPrize":26,"Pen Nib":42,"CloakClasp":43,"Sling":21,"Sundial":5,"vexMod:HeadHunter":20,"Gambling Chip":30,"Pantograph":46,"Prayer Wheel":25,"vexMod:DeviousBotling":17,"Art of War":10,"PureWater":0,"Toy Ornithopter":7,"vexMod:ImprovementManual":34,"REME_ComplimentaryCards":0,"Meat on the Bone":9},{"Singing Bowl":19,"vexMod:ConsolationPrize":12,"Pen Nib":19,"CloakClasp":19,"Sling":11,"Sundial":3,"vexMod:HeadHunter":11,"Gambling Chip":14,"Pantograph":21,"Prayer Wheel":12,"vexMod:DeviousBotling":9,"Art of War":5,"PureWater":0,"Toy Ornithopter":4,"vexMod:ImprovementManual":16,"REME_ComplimentaryCards":0,"Meat on the Bone":4},{"Singing Bowl":59,"vexMod:ConsolationPrize":42,"Pen Nib":59,"CloakClasp":59,"Sling":37,"Sundial":9,"vexMod:HeadHunter":37,"Gambling Chip":47,"Pantograph":65,"Prayer Wheel":42,"vexMod:DeviousBotling":33,"Art of War":18,"PureWater":0,"Toy Ornithopter":16,"vexMod:ImprovementManual":51,"REME_ComplimentaryCards":0,"Meat on the Bone":16}],"Toy Ornithopter":15,"Meat on the Bone":36},"card_choices":[{"not_picked":["MarkedMod:GracefulMovements","Collect"],"picked":"BowlingBash","floor":1.0},{"not_picked":["Evaluate","Prostrate"],"picked":"Consecrate","floor":2.0},{"not_picked":["MarkedMod:FirstStrike","REME_Repentance"],"picked":"Conclude","floor":3.0},{"not_picked":["PathToVictory","MarkedMod:Acupuncture","ThirdEye"],"picked":"SKIP","floor":7.0},{"not_picked":["MarkedMod:FirstStrike","DeceiveReality"],"picked":"Scrawl","floor":10.0},{"not_picked":["Crescendo","REME_MusicOfDeath","MarkedMod:Acupuncture"],"picked":"SKIP","floor":11.0},{"not_picked":["MarkedMod:GentlePulse","CutThroughFate","ClearTheMind"],"picked":"SKIP","floor":12.0},{"not_picked":["LikeWater","CutThroughFate","Establishment"],"picked":"SKIP","floor":14.0},{"not_picked":["MarkedMod:ChiBlock","Omniscience"],"picked":"REME_CRH","floor":16.0},{"not_picked":["Prostrate+1","FlurryOfBlows"],"picked":"BattleHymn","floor":18.0},{"not_picked":["ClearTheMind","SashWhip","Swivel"],"picked":"SKIP","floor":19.0},{"not_picked":["REME_CRH","Wish"],"picked":"REME_EmptyShield","floor":25.0},{"not_picked":["EmptyFist","Prostrate","FollowUp+1"],"picked":"SKIP","floor":25.0},{"not_picked":["Prostrate","PathToVictory","ReachHeaven"],"picked":"SKIP","floor":29.0},{"not_picked":["EmptyBody","ThirdEye","MarkedMod:FirstStrike"],"picked":"SKIP","floor":29.0},{"not_picked":["Judgement","ConjureBlade"],"picked":"DevaForm","floor":30.0},{"not_picked":["MasterReality","Crescendo","SashWhip"],"picked":"SKIP","floor":30.0},{"not_picked":["REME_Repentance","EmptyFist"],"picked":"Adaptation","floor":31.0},{"not_picked":["DeceiveReality","Wireheading","Tantrum"],"picked":"SKIP","floor":31.0},{"not_picked":["MarkedMod:GracefulMovements","Prostrate"],"picked":"WindmillStrike","floor":35.0},{"not_picked":["Crescendo+1","MarkedMod:PinPointDefense","JustLucky"],"picked":"SKIP","floor":35.0},{"not_picked":["Collect","ReachHeaven","DeceiveReality"],"picked":"SKIP","floor":37.0},{"not_picked":["Halt+1","PathToVictory","FollowUp"],"picked":"SKIP","floor":37.0},{"not_picked":["Brilliance","Sanctity","MentalFortress"],"picked":"Singing Bowl","floor":41.0},{"not_picked":["Brilliance","Alpha","MasterReality"],"picked":"SKIP","floor":41.0},{"not_picked":["Protect","Wireheading+1"],"picked":"CrushJoints","floor":45.0},{"not_picked":["EmptyBody","Protect"],"picked":"Wallop+1","floor":45.0},{"not_picked":["REME_CRH","Blasphemy","REME_EmptyShield"],"picked":"Singing Bowl","floor":46.0},{"not_picked":["ClearTheMind","Consecrate","FlurryOfBlows"],"picked":"Singing Bowl","floor":46.0}],"player_experience":652784,"relics_obtained":[{"floor":7.0,"key":"Toy Ornithopter"},{"floor":9.0,"key":"Meat on the Bone"},{"floor":10.0,"key":"Art of War"},{"floor":25.0,"key":"Prayer Wheel"},{"floor":26.0,"key":"vexMod:ConsolationPrize"},{"floor":30.0,"key":"Gambling Chip"},{"floor":41.0,"key":"Singing Bowl"},{"floor":43.0,"key":"CloakClasp"},{"floor":46.0,"key":"Pantograph"}],"event_choices":[{"damage_healed":0.0,"max_hp_gain":0.0,"max_hp_loss":0.0,"gold_gain":0.0,"event_name":"Liars Game","player_choice":"Ignored","floor":4.0,"gold_loss":0.0,"damage_taken":0.0},{"damage_healed":0.0,"max_hp_gain":0.0,"max_hp_loss":0.0,"gold_gain":0.0,"event_name":"Scrap Ooze","player_choice":"Success","floor":5.0,"gold_loss":0.0,"damage_taken":7.0,"relics_obtained":["Sundial"]},{"damage_healed":0.0,"max_hp_gain":0.0,"max_hp_loss":0.0,"gold_gain":0.0,"event_name":"Addict","player_choice":"Obtained Relic","floor":20.0,"gold_loss":85.0,"damage_taken":0.0,"relics_obtained":["vexMod:HeadHunter"]},{"cards_removed":["Defend_P"],"damage_healed":0.0,"max_hp_gain":0.0,"max_hp_loss":0.0,"gold_gain":0.0,"event_name":"Beggar","player_choice":"Gave Gold","floor":22.0,"gold_loss":75.0,"damage_taken":0.0},{"damage_healed":0.0,"max_hp_gain":0.0,"max_hp_loss":0.0,"gold_gain":0.0,"event_name":"Transmorgrifier","player_choice":"Ignored","floor":39.0,"gold_loss":0.0,"damage_taken":0.0},{"cards_removed":["Establishment"],"damage_healed":0.0,"max_hp_gain":0.0,"max_hp_loss":0.0,"gold_gain":0.0,"event_name":"Falling","player_choice":"Removed Power","floor":47.0,"gold_loss":0.0,"damage_taken":0.0}],"is_beta":false,"boss_relics":[{"not_picked":["SlaversCollar","Fusion Hammer"],"picked":"vexMod:DeviousBotling"},{"not_picked":["vexMod:EndlessSickness","REME_ChargedStone"],"picked":"vexMod:ImprovementManual"}],"items_purged_floors":[21,27,36],"is_endless":false,"potions_floor_spawned":[1,2,3,11,12,18,29,30,37,41,45],"killed_by":"Time Eater","ascension_level":14}}