{"host":"g3bty4prdobmknyh","time":1609204860,"event":{"mods":["Act Like it!","Aspiration","BaseMod","Hermit","Minty Spire (QoL Compilation)","Pale of the Ancients","Replay The Spire","StSLib","The Blackbeard","The Hierophant","The Jungle"],"gold_per_floor":[94,94,99,99,99,129,129,129,129,149,194,194,244,44,44,134,134,149,194,199,214,264,264,294,299,324,374,424,404,404],"floor_reached":29,"playtime":1382,"items_purged":[],"score":226,"play_id":"d8b5d2ed-249d-4510-b2ce-3f1689afeab1","local_time":"20201228202100","daily_mods":["Allstar","Blue Cards","Night Terrors"],"is_ascension_mode":false,"campfire_choices":[{"floor":8,"key":"REST"},{"floor":12,"key":"DIG"},{"floor":15,"key":"DIG"},{"data":"Ragnarok","floor":23,"key":"SMITH"}],"circlet_count":0,"master_deck":["hierophant:Strike_Hierophant","hierophant:Strike_Hierophant","hierophant:Strike_Hierophant","hierophant:Strike_Hierophant","hierophant:Punish+1","hierophant:Defend_Hierophant","hierophant:Defend_Hierophant","hierophant:Defend_Hierophant","hierophant:Defend_Hierophant","hierophant:ChurchCoffers","Survey Options","HandOfGreed","Discovery","Forethought","Magnetism","hierophant:RepressedViolence+1","hierophant:HolyVerse","hierophant:ArchangelShield","hierophant:Sermon","Writhe","Ragnarok+1","Endless Agony","blackbeard:BlindAttacks+1","Hologram+1","hermit:Roulette+1","Decay"],"relics":["hierophant:PropheticMaskRelic","SsserpentHead","Ancient Tea Set","PreservedInsect","Shovel","Shuriken","PrismaticShard","Replay:Ringing Soul","Centennial Puzzle","aspiration:FutureDiary","Turnip","Strawberry"],"acts_visited":["Exordium","TheCity"],"potions_floor_usage":[16,16],"damage_taken":[{"damage":1,"enemies":"Jaw Worm","floor":1,"turns":2},{"damage":6,"enemies":"2 Louse","floor":3,"turns":2},{"damage":39,"enemies":"Lagavulin","floor":6,"turns":6},{"damage":14,"enemies":"Gremlin Nob","floor":10,"turns":3},{"damage":0,"enemies":"Cultist","floor":11,"turns":2},{"damage":26,"enemies":"Slime Boss","floor":16,"turns":6},{"damage":1,"enemies":"Chosen","floor":18,"turns":3},{"damage":10,"enemies":"Shell Parasite","floor":19,"turns":2},{"damage":15,"enemies":"Snake Plant","floor":20,"turns":4},{"damage":14,"enemies":"Snecko","floor":21,"turns":5},{"damage":16,"enemies":"Replay:Snechameleon","floor":24,"turns":4},{"damage":18,"enemies":"Centurion and Healer","floor":25,"turns":5},{"damage":22,"enemies":"Shelled Parasite and Fungi","floor":29,"turns":3}],"seed_played":"6838610760785432018","potions_obtained":[{"floor":1,"key":"Elixir"},{"floor":10,"key":"Weak Potion"},{"floor":18,"key":"Languid Potion"},{"floor":21,"key":"FearPotion"},{"floor":24,"key":"Ancient Potion"}],"is_trial":false,"path_per_floor":["M","?","M","?","?","E","$","R","T","E","M","R","?","$","R","B",null,"M","M","M","M","$","R","E","M","T","?","?","M"],"character_chosen":"HIEROPHANT","items_purchased":["Replay:Ringing Soul"],"campfire_rested":1,"item_purchase_floors":[14],"current_hp_per_floor":[74,74,68,68,68,29,29,70,70,56,56,56,56,56,56,33,73,75,65,53,42,42,42,26,11,18,18,21,0,0],"gold":404,"neow_bonus":"","is_daily":true,"chose_seed":false,"campfire_upgraded":1,"win_rate":0.0,"timestamp":1609204860,"path_taken":["M","?","M","?","?","E","$","R","T","E","?","R","?","?","R","BOSS","M","?","M","M","?","R","E","M","T","?","?","M"],"items_purchased_type":["Relic"],"build_version":"2020-12-22","purchased_purges":0,"victory":false,"max_hp_per_floor":[75,75,75,75,75,75,75,70,70,70,70,70,70,70,70,73,73,76,76,79,82,82,82,82,85,92,92,95,95,95],"card_choices":[{"not_picked":["hierophant:Doubloon","hierophant:Sermon"],"picked":"hierophant:RepressedViolence","floor":1},{"not_picked":["hierophant:Martyrdom","hierophant:Zeal","hierophant:SealAway"],"picked":"SKIP","floor":3},{"not_picked":["hierophant:TollTheBells","hierophant:MorningPrayer"],"picked":"hierophant:HolyVerse","floor":6},{"not_picked":["hierophant:Smite","hierophant:MirrorShield"],"picked":"hierophant:ArchangelShield","floor":10},{"not_picked":["hierophant:Zeal","hierophant:EyeForCoin"],"picked":"hierophant:Sermon","floor":11},{"not_picked":["ReplayUltimateDefense","blackbeard:Intoxication"],"picked":"Ragnarok","floor":16},{"not_picked":["blackbeard:PowderKeg","Accuracy"],"picked":"Endless Agony","floor":18},{"not_picked":["hierophant:RustyCrate","Evolve+1","ReplayTheSpireMod:The Works"],"picked":"SKIP","floor":19},{"not_picked":["hierophant:AuricBeam+1","ReplayTheSpireMod:Stacked"],"picked":"blackbeard:BlindAttacks+1","floor":20},{"not_picked":["Enlightenment","Quick Slash"],"picked":"Hologram+1","floor":21},{"not_picked":["Tactician","Streamline","hermit:ShadowCloak+1"],"picked":"SKIP","floor":24},{"not_picked":["blackbeard:TacticalRetreat","Quick Slash"],"picked":"hermit:Roulette+1","floor":25}],"player_experience":920006,"relics_obtained":[{"floor":6,"key":"Ancient Tea Set"},{"floor":9,"key":"PreservedInsect"},{"floor":10,"key":"Shovel"},{"floor":12,"key":"Shuriken"},{"floor":15,"key":"Centennial Puzzle"},{"floor":24,"key":"Turnip"},{"floor":26,"key":"Strawberry"}],"event_choices":[{"damage_healed":0,"gold_gain":0,"player_choice":"Grow","damage_taken":0,"max_hp_gain":0,"max_hp_loss":0,"event_name":"Living Wall","floor":2,"gold_loss":0,"cards_upgraded":["hierophant:RepressedViolence"]},{"damage_healed":0,"gold_gain":0,"player_choice":"Trade","damage_taken":0,"relics_obtained":["SsserpentHead"],"max_hp_gain":0,"max_hp_loss":0,"event_name":"FaceTrader","floor":5,"gold_loss":0},{"damage_healed":0,"gold_gain":0,"player_choice":"Cursed","damage_taken":0,"max_hp_gain":0,"max_hp_loss":0,"event_name":"Wheel of Change","floor":28,"gold_loss":0,"cards_obtained":["Decay"]}],"is_beta":false,"boss_relics":[{"not_picked":["Replay:Drink Me","aspiration:RunicSpoon"],"picked":"aspiration:FutureDiary"}],"items_purged_floors":[],"is_endless":false,"potions_floor_spawned":[1,10,18,21,24],"killed_by":"Shelled Parasite and Fungi","ascension_level":0}}