{"host":"nljp4tk11zt4gqcq","time":1609221322,"event":{"mods":["2.2 Compatiblity","Bard","BaseMod","Beaked The Cultist","Better Third Choice","Conspire","Downfall","Friendly Minions","Hermit","Hubris","Jorbs\u0027s Wanderer Trilogy","Minty Spire (QoL Compilation)","Rare Cards Sparkle","Relic Stats","Replay The Spire","Robot Space Explorer","Spicy Shops","StSLib","The Bladedancer","The Construct","The Cursed","The Disciple","The Forsaken","The Hierophant","The Jungle","The Runesmith","The Servant 0.9.4","UnlockEverythingMod"],"gold_per_floor":[116,116,391,408,419,454,454,466,466,466,482,510,526,554,554,657,657,668,680,710,710,373,400,400,400,424,435,435,28,57,88,88,193,193,219,231,243,255,280,292,304,316,355,382,394,461,489,84,84,84],"floor_reached":51,"playtime":5589,"items_purged":["Rearm","Regret","Writhe"],"score":939,"play_id":"a6ffb206-7da8-4e9c-b2fe-95262e5d441e","local_time":"20201228215522","is_ascension_mode":true,"campfire_choices":[{"floor":7,"key":"REST"},{"data":"Luminosity","floor":15,"key":"SMITH"},{"data":"KidneyShot","floor":25,"key":"SMITH"},{"data":"Comet","floor":28,"key":"SMITH"},{"floor":32,"key":"REST"},{"floor":40,"key":"REST"},{"data":"Potential","floor":41,"key":"SMITH"},{"data":"Moonlight","floor":41,"key":"SMITH"},{"floor":49,"key":"REST"}],"circlet_count":0,"master_deck":["Strike_S","Strike_S","Strike_S","Strike_S","Defend_S","Defend_S","Defend_S","KidneyShot+1","Exchange","BottledTime","Hightail+1","Reset","InstantArmor","Starlight","Potential+1","RealityMarble","Luminosity+1","Embodiment+1","SilverBlades+1","Alleviate","ReturningBlade","Unruled+1","Advance","Moonlight+1","Comet+1","MoonPhase+1","TimeWarp","FlawlessForm+1","CurseOfTheBell","theForsaken:PlagueCurse","Advance","Moonlight+1","Potential+1","Contraction+1","Initiator+1"],"relics":["Uniform","NeowsBlessing","hubris:Towel","Boot","Golden Egg","Replay:Towering Pillar of Hats","Guardian:PocketSentry","construct:ClawGrip","Red Mask","Matryoshka","hubris:GlazedTorus","Regal Pillow","Replay:Wax Seal","Replay:Arrowhead","Kunai","WingedGreaves","Calling Bell","MawBank","Pear","StoneCalendar","theForsaken:PlagueMask","Replay:Mystery Machine","hubris:TenFootPole","Counterbalance","HandDrill"],"acts_visited":["Exordium","TheCity","TheBeyond"],"potions_floor_usage":[6,12,12,14,14,20,20,23,31,39,42,44,46,46],"damage_taken":[{"damage":0,"enemies":"Small Slimes","floor":1,"turns":1},{"damage":0,"enemies":"Cultist","floor":4,"turns":1},{"damage":0,"enemies":"2 Louse","floor":5,"turns":1},{"damage":35,"enemies":"3 Sentries","floor":6,"turns":17},{"damage":0,"enemies":"Large Slime","floor":8,"turns":7},{"damage":0,"enemies":"Exordium Thugs","floor":11,"turns":9},{"damage":0,"enemies":"Replay:BlueRogue","floor":12,"turns":5},{"damage":0,"enemies":"Red Slaver","floor":13,"turns":4},{"damage":8,"enemies":"Gremlin Nob","floor":14,"turns":5},{"damage":0,"enemies":"Slime Boss","floor":16,"turns":10},{"damage":0,"enemies":"3 Byrds","floor":18,"turns":6},{"damage":4,"enemies":"Spheric Guardian","floor":19,"turns":6},{"damage":20,"enemies":"Masked Bandits","floor":20,"turns":6},{"damage":10,"enemies":"conspire:Head Lice","floor":23,"turns":6},{"damage":2,"enemies":"Snake Plant","floor":27,"turns":5},{"damage":5,"enemies":"conspire:MimicChest","floor":30,"turns":5},{"damage":0,"enemies":"Replay:Snechameleon","floor":31,"turns":3},{"damage":15,"enemies":"Pondfish","floor":33,"turns":12},{"damage":0,"enemies":"3 Shapes","floor":35,"turns":5},{"damage":51,"enemies":"3 Darklings","floor":39,"turns":5},{"damage":12,"enemies":"Spire Growth","floor":44,"turns":5},{"damage":29,"enemies":"2 Orb Walkers","floor":46,"turns":4},{"damage":25,"enemies":"Writhing Mass","floor":47,"turns":7},{"damage":44,"enemies":"Replay:Hell Engine","floor":50,"turns":11}],"seed_played":"5221273777479850699","potions_obtained":[{"floor":1,"key":"sneckomod:MuddlingPotion"},{"floor":5,"key":"construct:ShiftPotion"},{"floor":8,"key":"Slimebound:ThreeZeroPotion"},{"floor":11,"key":"PowerPotion"},{"floor":12,"key":"Swift Potion"},{"floor":18,"key":"Block Potion"},{"floor":19,"key":"Regen Potion"},{"floor":20,"key":"champ:CounterPotion"},{"floor":27,"key":"FearPotion"},{"floor":33,"key":"Slimebound:ThreeZeroPotion"},{"floor":39,"key":"AttackPotion"},{"floor":42,"key":"Adrenaline Potion"},{"floor":42,"key":"SkillPotion"},{"floor":42,"key":"Fruit Juice"},{"floor":44,"key":"Languid Potion"}],"is_trial":false,"path_per_floor":["M","?","?","M","M","E","R","M","T","?","M","E","M","E","R","B",null,"M","M","?","?","$","E","?","R","T","M","R","$","?","E","R","B",null,"M","?","$","?","M","R","R","?","T","M","?","?","M","$","R","B",null],"character_chosen":"THE_SERVANT","items_purchased":["Matryoshka","Unruled+1","MoonPhase","Replay:Arrowhead","Initiator","HandDrill"],"campfire_rested":4,"item_purchase_floors":[22,22,29,29,48,48],"current_hp_per_floor":[65,65,65,65,65,30,49,49,49,49,49,49,49,41,41,41,65,65,61,53,53,53,43,43,43,43,41,41,41,36,36,65,50,75,75,75,75,75,29,66,66,71,71,59,79,50,25,25,64,20],"gold":84,"neow_bonus":"THREE_ENEMY_KILL","is_daily":false,"chose_seed":false,"campfire_upgraded":5,"win_rate":0.0,"timestamp":1609221322,"path_taken":["M","?","?","?","M","E","R","M","T","?","M","E","M","E","R","BOSS","M","?","?","?","$","E","?","R","T","?","R","?","?","E","R","BOSS","M","?","$","?","M","R","R","?","T","?","?","?","M","$","R","BOSS"],"items_purchased_type":["Relic","Card","Card","Relic","Card","Relic"],"build_version":"2020-12-22","purchased_purges":3,"victory":true,"max_hp_per_floor":[65,65,65,65,65,65,65,65,65,65,65,65,65,65,65,65,65,65,65,65,65,65,65,65,65,65,65,65,65,65,65,65,65,75,75,75,75,75,75,75,75,80,80,80,80,80,80,80,80,80],"relic_stats":{"Regal Pillow":40,"counters":[24,144],"StoneCalendar":[46],"HandDrill":[6],"Kunai":[22],"Boot":[149],"MawBank":168,"obtain_stats":[{"Golden Egg":9,"Regal Pillow":26,"StoneCalendar":34,"Uniform":0,"Replay:Mystery Machine":43,"Boot":6,"theForsaken:PlagueMask":38,"Matryoshka":22,"WingedGreaves":31,"Red Mask":20,"HandDrill":48,"Kunai":30,"Replay:Wax Seal":26,"hubris:GlazedTorus":23,"construct:ClawGrip":17,"Pear":34,"NeowsBlessing":0,"Replay:Towering Pillar of Hats":12,"Counterbalance":46,"Guardian:PocketSentry":14,"hubris:Towel":2,"MawBank":34,"Replay:Arrowhead":29,"Calling Bell":34,"hubris:TenFootPole":43},{"Golden Egg":5,"Regal Pillow":14,"StoneCalendar":18,"Uniform":0,"Replay:Mystery Machine":20,"Boot":4,"theForsaken:PlagueMask":19,"Matryoshka":13,"WingedGreaves":17,"Red Mask":13,"HandDrill":23,"Kunai":16,"Replay:Wax Seal":14,"hubris:GlazedTorus":14,"construct:ClawGrip":10,"Pear":18,"NeowsBlessing":0,"Replay:Towering Pillar of Hats":7,"Counterbalance":22,"Guardian:PocketSentry":9,"hubris:Towel":1,"MawBank":18,"Replay:Arrowhead":15,"Calling Bell":18,"hubris:TenFootPole":20},{"Golden Egg":27,"Regal Pillow":82,"StoneCalendar":107,"Uniform":0,"Replay:Mystery Machine":117,"Boot":20,"theForsaken:PlagueMask":112,"Matryoshka":76,"WingedGreaves":95,"Red Mask":76,"HandDrill":133,"Kunai":92,"Replay:Wax Seal":82,"hubris:GlazedTorus":82,"construct:ClawGrip":60,"Pear":107,"NeowsBlessing":0,"Replay:Towering Pillar of Hats":41,"Counterbalance":126,"Guardian:PocketSentry":50,"hubris:Towel":1,"MawBank":107,"Replay:Arrowhead":87,"Calling Bell":107,"hubris:TenFootPole":117}]},"card_choices":[{"not_picked":["Contraction","Spin"],"picked":"BottledTime","floor":1},{"not_picked":["Alleviate","Moonlight"],"picked":"Hightail","floor":4},{"not_picked":["Read","Rearm"],"picked":"Reset","floor":5},{"not_picked":["Alleviate","Rewind"],"picked":"InstantArmor","floor":6},{"not_picked":["MoonPhase","FanOfKnives"],"picked":"Starlight","floor":8},{"not_picked":["DoubleEdge","Comet"],"picked":"Rearm","floor":11},{"not_picked":["ReturningBlade","StarChef"],"picked":"Potential","floor":12},{"not_picked":["Spin","Shuttle"],"picked":"RealityMarble","floor":13},{"not_picked":["Potential","MoonPhase"],"picked":"Luminosity","floor":14},{"not_picked":["LightFlow","PendulumOfEternity"],"picked":"Embodiment","floor":16},{"not_picked":["FastForward+1","Potential+1"],"picked":"SilverBlades","floor":18},{"not_picked":["Spin","Potential"],"picked":"Alleviate","floor":19},{"not_picked":["Unruled","Rewind"],"picked":"ReturningBlade","floor":20},{"not_picked":["TimeWarp","Revamp"],"picked":"Advance","floor":23},{"not_picked":["ReturningBlade","Starlight"],"picked":"Comet","floor":27},{"not_picked":["SilverBlades","Revamp+1"],"picked":"TimeWarp","floor":30},{"not_picked":["Desolation","Starlight","Alleviate"],"picked":"SKIP","floor":31},{"not_picked":["ForgedInTime","Deny"],"picked":"FlawlessForm","floor":33},{"not_picked":["Rewind","Rearm","DoubleEdge"],"picked":"SKIP","floor":35},{"not_picked":["Ricochet","TimeWarp"],"picked":"Advance","floor":39},{"not_picked":["TimeWarp+1","Rearm"],"picked":"Moonlight+1","floor":44},{"not_picked":["TimeWarp","Comet+1"],"picked":"Potential+1","floor":46},{"not_picked":["Revamp+1","DoubleEdge"],"picked":"Contraction+1","floor":47}],"player_experience":277798,"relics_obtained":[{"floor":6,"key":"Boot"},{"floor":9,"key":"Golden Egg"},{"floor":12,"key":"Replay:Towering Pillar of Hats"},{"floor":14,"key":"Guardian:PocketSentry"},{"floor":20,"key":"Red Mask"},{"floor":23,"key":"hubris:GlazedTorus"},{"floor":26,"key":"Regal Pillow"},{"floor":26,"key":"Replay:Wax Seal"},{"floor":30,"key":"Kunai"},{"floor":31,"key":"WingedGreaves"},{"floor":34,"key":"MawBank"},{"floor":34,"key":"Pear"},{"floor":34,"key":"StoneCalendar"},{"floor":43,"key":"Replay:Mystery Machine"},{"floor":43,"key":"hubris:TenFootPole"},{"floor":46,"key":"Counterbalance"}],"event_choices":[{"damage_healed":0,"gold_gain":275,"player_choice":"Desecrate","damage_taken":0,"max_hp_gain":0,"max_hp_loss":0,"event_name":"Golden Shrine","floor":3,"gold_loss":0,"cards_obtained":["Regret"]},{"damage_healed":0,"gold_gain":0,"player_choice":"Upgraded","damage_taken":0,"max_hp_gain":0,"max_hp_loss":0,"event_name":"Upgrade Shrine","floor":10,"gold_loss":0,"cards_upgraded":["Hightail"]},{"damage_healed":0,"gold_gain":0,"player_choice":"Fought Bandits","damage_taken":0,"max_hp_gain":0,"max_hp_loss":0,"event_name":"Masked Bandits","floor":20,"gold_loss":0},{"damage_healed":0,"gold_gain":0,"cards_transformed":["Defend_S"],"player_choice":"Transformed","damage_taken":0,"max_hp_gain":0,"max_hp_loss":0,"event_name":"Transmorgrifier","floor":24,"gold_loss":0,"cards_obtained":["Moonlight"]},{"damage_healed":0,"gold_gain":0,"player_choice":"Leave","damage_taken":0,"max_hp_gain":0,"max_hp_loss":0,"event_name":"conspire:Investor","floor":36,"gold_loss":0},{"damage_healed":0,"gold_gain":0,"player_choice":"Obtain Plague Curse","damage_taken":0,"max_hp_gain":0,"max_hp_loss":0,"event_name":"Plague Doctor","floor":38,"gold_loss":0,"cards_obtained":["theForsaken:PlagueCurse"]},{"damage_healed":0,"gold_gain":0,"player_choice":"Got Potions","damage_taken":0,"max_hp_gain":0,"max_hp_loss":0,"event_name":"Lab","floor":42,"gold_loss":0},{"damage_healed":20,"gold_gain":0,"player_choice":"Writhe","damage_taken":0,"max_hp_gain":0,"max_hp_loss":0,"event_name":"Winding Halls","floor":45,"gold_loss":0,"cards_obtained":["Writhe"]},{"damage_healed":0,"gold_gain":0,"player_choice":"Fight","damage_taken":0,"max_hp_gain":0,"max_hp_loss":0,"event_name":"Mysterious Sphere","floor":46,"gold_loss":0}],"is_beta":false,"boss_relics":[{"not_picked":["Ectoplasm","Pandora\u0027s Box"],"picked":"construct:ClawGrip"},{"not_picked":["StoneMask","conspire:RoyalGoblet"],"picked":"Calling Bell"}],"items_purged_floors":[22,22,48],"is_endless":false,"potions_floor_spawned":[1,5,8,11,12,18,19,20,27,33,39,44],"ascension_level":1}}