{"host":"idmgg8r816nmas40","time":1609236640,"event":{"mods":["AchievementEnabler","AlwaysNeverKeys","BaseMod","BetterRewards","Block Reminder","Colored Map","Colored Powertips","DeckTracker","Googly Eyes","Highlight Path","Hubris","Infinite Spire","Minty Spire (QoL Compilation)","Quick Restart","Relic Stats","Replay The Spire","Shop Mod","StSLib","SuperFastMode","Synergy Search","Transform Curses"],"gold_per_floor":[111,36,36,53,64,92,92,125,207,207,225,225,255,270,270,341,341,357,373,373,386,30,30,41,41,41,68,68,94,109,119,119,197,197,212,284,301,301,301,301,333,344,420,420,420,440,474,473,473,495,495],"floor_reached":50,"playtime":2847,"items_purged":[],"score":1385,"play_id":"fdfcea5a-5566-4470-a851-10e5c4536229","local_time":"20201229031040","is_ascension_mode":true,"campfire_choices":[{"floor":7,"key":"REST"},{"floor":10,"key":"REST"},{"data":"Infinite Blades","floor":12,"key":"SMITH"},{"data":"Neutralize","floor":12,"key":"SMITH"},{"data":"Fluid Movement","floor":15,"key":"SMITH"},{"data":"Noxious Fumes","floor":15,"key":"SMITH"},{"floor":23,"key":"REST"},{"floor":32,"key":"REST"},{"floor":40,"key":"REST"},{"floor":44,"key":"REST"},{"floor":49,"key":"REST"}],"circlet_count":0,"master_deck":["AscendersBane","Strike_G+1","Strike_G","Strike_G","Defend_G","Defend_G+1","Defend_G","Defend_G","Survivor","Neutralize+1","Footwork+1","Underhanded Strike","Quick Slash","Dagger Spray","Infinite Blades+1","ReplayTheSpireMod:From All Sides","Noxious Fumes+1","Fluid Movement+1","After Image","Backflip","Flying Knee+1","Mayhem","ReplayTheSpireMod:Speed Training+1","Poisoned Stab","Sucker Punch+1","Backflip","A Thousand Cuts","ReplayTheSpireMod:Exploit Weakness","ReplayTheSpireMod:Scrap Shanks+1","Accuracy","Deadly Poison","Replay:Poison Smokescreen","Dagger Spray","Replay:Bag of Tricks","Infinite Blades","Poison Darts","Toxin Wave","Poisoned Strike","Fluid Movement","hubris:Counter"],"relics":["Ring of the Snake","Replay:WaspNest","CaptainsWheel","OrangePellets","Shuriken","Replay:Arrowhead","Meat on the Bone","Toy Ornithopter","SacredBark","hubris:MysteriousPyramids","Simple Rune","Anchor","Garlic","Sundial","Pocketwatch","Replay:Bronze Core","ReplayFunnel","HornCleat","hubris:Metronome","Replay:Bandana","BargainBundle","Omamori","PreservedInsect"],"acts_visited":["Exordium","TheCity","TheBeyond"],"potions_floor_usage":[6,13,19,21,30,31,42,46,50,50],"damage_taken":[{"damage":0,"enemies":"Cultist","floor":1,"turns":5},{"damage":0,"enemies":"2 Louse","floor":4,"turns":4},{"damage":0,"enemies":"Jaw Worm","floor":5,"turns":5},{"damage":39,"enemies":"Gremlin Nob","floor":6,"turns":6},{"damage":14,"enemies":"3 Sentries","floor":8,"turns":8},{"damage":0,"enemies":"Looter","floor":11,"turns":4},{"damage":8,"enemies":"Replay:BlueRogue","floor":13,"turns":5},{"damage":1,"enemies":"Blue Slaver","floor":14,"turns":4},{"damage":14,"enemies":"Slime Boss","floor":16,"turns":8},{"damage":8,"enemies":"Spheric Guardian","floor":18,"turns":5},{"damage":19,"enemies":"Shell Parasite","floor":19,"turns":5},{"damage":17,"enemies":"Centurion and Healer","floor":21,"turns":6},{"damage":27,"enemies":"Shelled Parasite and Fungi","floor":24,"turns":6},{"damage":11,"enemies":"Gremlin Leader","floor":27,"turns":7},{"damage":22,"enemies":"Book of Stabbing","floor":29,"turns":7},{"damage":9,"enemies":"3 Cultists","floor":30,"turns":5},{"damage":37,"enemies":"Cultist and Chosen","floor":31,"turns":7},{"damage":19,"enemies":"Collector","floor":33,"turns":12},{"damage":27,"enemies":"3 Shapes","floor":35,"turns":5},{"damage":32,"enemies":"3 Darklings","floor":37,"turns":6},{"damage":0,"enemies":"R_Hoarder","floor":41,"turns":9},{"damage":0,"enemies":"Spire Growth","floor":42,"turns":7},{"damage":8,"enemies":"4 Shapes","floor":46,"turns":4},{"damage":19,"enemies":"Nemesis","floor":47,"turns":7},{"damage":64,"enemies":"Donu and Deca","floor":50,"turns":8}],"seed_played":"-5276118870343552540","potions_obtained":[{"floor":4,"key":"SmokeBomb"},{"floor":5,"key":"SpeedPotion"},{"floor":11,"key":"BlessingOfTheForge"},{"floor":16,"key":"PowerPotion"},{"floor":19,"key":"Poison Potion"},{"floor":27,"key":"Fire Potion"},{"floor":30,"key":"FearPotion"},{"floor":37,"key":"PowerPotion"},{"floor":39,"key":"SteroidPotion"}],"is_trial":false,"path_per_floor":["M","?","?","M","M","E","R","E","T","R","M","R","E","M","R_BF","B",null,"M","M","AVR","M","$","R","M","?","T","E","?","E","M","M","R","B",null,"M","?","M","?","?","R","E","M","T","R","?","M","E","$","R","B"],"character_chosen":"THE_SILENT","items_purchased":["Replay:WaspNest","Footwork+1","OrangePellets","Simple Rune","Mayhem","BargainBundle","Omamori","PreservedInsect","LifebloodPotion","Explosive Potion","Toxin Wave","Poisoned Strike","Fluid Movement","hubris:Counter"],"campfire_rested":7,"item_purchase_floors":[0,0,0,22,22,48,48,48,48,48,48,48,48,48],"current_hp_per_floor":[59,59,59,59,59,20,39,25,25,44,44,44,36,35,35,33,58,50,36,36,36,36,55,40,40,40,41,41,31,39,19,38,31,57,42,42,22,22,22,40,40,45,45,63,63,55,36,36,54,0,0],"gold":495,"neow_bonus":"","is_daily":false,"chose_seed":false,"campfire_upgraded":4,"win_rate":0.0,"timestamp":1609236640,"path_taken":["M","?","?","?","M","E","R","E","T","R","M","R","E","M","R_BF","BOSS","M","M","AVR","M","$","R","M","?","T","E","?","E","?","M","R","BOSS","M","?","M","?","?","R","E","?","T","R","?","?","E","$","R","BOSS"],"items_purchased_type":["Relic","Card","Relic","Relic","Card","Relic","Relic","Relic","Potion","Potion","Card","Card","Card","Card"],"build_version":"2020-12-22","purchased_purges":0,"victory":false,"max_hp_per_floor":[66,66,66,66,66,66,66,66,66,66,66,66,66,66,66,66,66,66,66,66,66,66,66,66,66,66,66,66,66,66,66,66,66,66,66,66,66,63,63,63,63,63,63,63,63,63,63,63,63,63,63],"relic_stats":{"OrangePellets":[12],"counters":[39,242],"Shuriken":[69],"Sundial":[10],"PreservedInsect":0,"obtain_stats":[{"Ice Cream":7,"ReplayFunnel":36,"Regal Pillow":13,"hubris:Metronome":43,"Calipers":0,"SacredBark":17,"Vajra":5,"GremlinMask":4,"Whetstone":10,"hubris:MysteriousPyramids":20,"Ancient Tea Set":9,"Blood Vial":11,"Tough Bandages":0,"Replay:Bandana":47,"HornCleat":41,"Sundial":27,"Pantograph":12,"Replay:Bronze Core":34,"MealTicket":11,"Ring of the Snake":0,"BargainBundle":48,"Golden Idol":2,"PreservedInsect":14,"Replay:WaspNest":0,"Omamori":48,"Frozen Egg 2":9,"MawBank":1,"Replay:Arrowhead":8,"OrangePellets":0,"CaptainsWheel":0,"Anchor":25,"Busted Crown":0,"Shuriken":0,"Orrery":0,"Simple Rune":22,"Garlic":26,"Toy Ornithopter":13,"Meat on the Bone":9,"Pocketwatch":29},{"Ice Cream":3,"ReplayFunnel":33,"Regal Pillow":6,"hubris:Metronome":36,"Calipers":0,"SacredBark":23,"Vajra":2,"GremlinMask":9,"Whetstone":4,"hubris:MysteriousPyramids":25,"Ancient Tea Set":12,"Blood Vial":4,"Tough Bandages":8,"Replay:Bandana":38,"HornCleat":35,"Sundial":28,"Pantograph":5,"Replay:Bronze Core":32,"MealTicket":4,"Ring of the Snake":0,"BargainBundle":38,"Golden Idol":1,"PreservedInsect":7,"Replay:WaspNest":14,"Omamori":38,"Frozen Egg 2":3,"MawBank":1,"Replay:Arrowhead":19,"OrangePellets":14,"CaptainsWheel":14,"Anchor":27,"Busted Crown":0,"Shuriken":8,"Orrery":8,"Simple Rune":26,"Garlic":27,"Toy Ornithopter":21,"Meat on the Bone":19,"Pocketwatch":29},{"Ice Cream":11,"ReplayFunnel":201,"Regal Pillow":38,"hubris:Metronome":223,"Calipers":0,"SacredBark":136,"Vajra":5,"GremlinMask":60,"Whetstone":16,"hubris:MysteriousPyramids":146,"Ancient Tea Set":75,"Blood Vial":16,"Tough Bandages":55,"Replay:Bandana":234,"HornCleat":216,"Sundial":165,"Pantograph":23,"Replay:Bronze Core":196,"MealTicket":16,"Ring of the Snake":0,"BargainBundle":234,"Golden Idol":2,"PreservedInsect":41,"Replay:WaspNest":87,"Omamori":234,"Frozen Egg 2":11,"MawBank":2,"Replay:Arrowhead":115,"OrangePellets":87,"CaptainsWheel":87,"Anchor":158,"Busted Crown":0,"Shuriken":55,"Orrery":55,"Simple Rune":152,"Garlic":158,"Toy Ornithopter":124,"Meat on the Bone":115,"Pocketwatch":172}],"Toy Ornithopter":35,"Ring of the Snake":[78],"Meat on the Bone":120,"Pocketwatch":[9]},"card_choices":[{"not_picked":["ReplayTheSpireMod:The Works","Slice"],"picked":"Underhanded Strike","floor":1},{"not_picked":["Underhanded Strike","hubris:SlightOfHand"],"picked":"Quick Slash","floor":4},{"not_picked":["Flying Knee","Dodge and Roll"],"picked":"Dagger Spray","floor":5},{"not_picked":["Sneak Up","Terror"],"picked":"Infinite Blades","floor":6},{"not_picked":["Dodge and Roll","Dagger Throw"],"picked":"ReplayTheSpireMod:From All Sides","floor":8},{"not_picked":["hubris:Sniper","Dodge and Roll","Underhanded Strike"],"picked":"SKIP","floor":11},{"not_picked":["Predator","Terror"],"picked":"Noxious Fumes","floor":13},{"not_picked":["Prepared","ReplayTheSpireMod:Exploit Weakness"],"picked":"Fluid Movement","floor":14},{"not_picked":["Die Die Die","Tools of the Trade"],"picked":"After Image","floor":16},{"not_picked":["Predator","Setup"],"picked":"Backflip","floor":18},{"not_picked":["hubris:Sniper","PiercingWail"],"picked":"Flying Knee+1","floor":19},{"not_picked":["Dodge and Roll","hubris:SlightOfHand","PiercingWail"],"picked":"SKIP","floor":21},{"not_picked":["Reflex","Hidden Blade"],"picked":"ReplayTheSpireMod:Speed Training+1","floor":24},{"not_picked":["Storm of Steel","Concentrate"],"picked":"Poisoned Stab","floor":27},{"not_picked":["Cloak And Dagger","Heel Hook"],"picked":"Sucker Punch+1","floor":29},{"not_picked":["Hidden Blade","Acrobatics"],"picked":"Backflip","floor":30},{"not_picked":["Underhanded Strike","Outmaneuver","Well Laid Plans"],"picked":"SKIP","floor":31},{"not_picked":["Doppelganger","After Image"],"picked":"A Thousand Cuts","floor":33},{"not_picked":["Dagger Throw","Endless Agony"],"picked":"ReplayTheSpireMod:Exploit Weakness","floor":35},{"not_picked":["Sucker Punch","Dagger Throw"],"picked":"ReplayTheSpireMod:Scrap Shanks+1","floor":36},{"not_picked":["Flying Knee","Poisoned Stab+1"],"picked":"Accuracy","floor":36},{"not_picked":["Poisoned Stab","Well Laid Plans"],"picked":"Deadly Poison","floor":37},{"not_picked":["Eviscerate","Blade Dance"],"picked":"Replay:Poison Smokescreen","floor":41},{"not_picked":["Slice","hubris:SlightOfHand+1"],"picked":"Dagger Spray","floor":42},{"not_picked":["Deflect","Slice"],"picked":"Infinite Blades","floor":46},{"not_picked":["Choke","Outmaneuver"],"picked":"Poison Darts","floor":47}],"player_experience":1005826,"relics_obtained":[{"floor":6,"key":"Shuriken"},{"floor":8,"key":"Replay:Arrowhead"},{"floor":9,"key":"Meat on the Bone"},{"floor":13,"key":"Toy Ornithopter"},{"floor":26,"key":"Garlic"},{"floor":27,"key":"Sundial"},{"floor":29,"key":"Pocketwatch"},{"floor":36,"key":"ReplayFunnel"},{"floor":41,"key":"HornCleat"},{"floor":43,"key":"hubris:Metronome"},{"floor":47,"key":"Replay:Bandana"}],"event_choices":[{"cards_removed":["Strike_G"],"damage_healed":0,"gold_gain":0,"player_choice":"Card Removal","damage_taken":0,"max_hp_gain":0,"max_hp_loss":0,"event_name":"The Cleric","floor":2,"gold_loss":75},{"cards_removed":["Defend_G"],"damage_healed":0,"gold_gain":0,"player_choice":"Purged","damage_taken":0,"max_hp_gain":0,"max_hp_loss":0,"event_name":"Purifier","floor":3,"gold_loss":0},{"damage_healed":0,"gold_gain":0,"player_choice":"Opened","damage_taken":0,"relics_obtained":["Anchor"],"max_hp_gain":0,"max_hp_loss":0,"event_name":"The Mausoleum","floor":25,"gold_loss":0,"cards_obtained":["Writhe"]},{"cards_removed":["Writhe"],"damage_healed":0,"gold_gain":0,"player_choice":"Purged","damage_taken":0,"max_hp_gain":0,"max_hp_loss":0,"event_name":"Purifier","floor":28,"gold_loss":0},{"damage_healed":0,"gold_gain":0,"player_choice":"Max HP","damage_taken":0,"max_hp_gain":0,"max_hp_loss":3,"event_name":"Winding Halls","floor":38,"gold_loss":0},{"damage_healed":0,"gold_gain":0,"player_choice":"Got Potions","damage_taken":0,"max_hp_gain":0,"max_hp_loss":0,"event_name":"Lab","floor":39,"gold_loss":0},{"damage_healed":0,"gold_gain":0,"cards_transformed":["Strike_G"],"player_choice":"Transformed","damage_taken":0,"max_hp_gain":0,"max_hp_loss":0,"event_name":"Transmorgrifier","floor":45,"gold_loss":0,"cards_obtained":["Replay:Bag of Tricks"]}],"is_beta":false,"boss_relics":[{"not_picked":["hubris:CrackedHourglass","Coffee Dripper"],"picked":"SacredBark"},{"not_picked":["hubris:GrandSneckoEye","WristBlade"],"picked":"Replay:Bronze Core"}],"items_purged_floors":[],"is_endless":false,"potions_floor_spawned":[4,5,11,16,19,27,29,30,37],"killed_by":"Donu and Deca","ascension_level":17}}