{"host":"dhyczjm99amxd3qx","time":1609213431,"event":{"mods":["BaseMod","Colored Map","Googly Eyes","Highlight Path","Minty Spire (QoL Compilation)","Quick Restart","StSLib"],"gold_per_floor":[115,130,146,221,221,221,253,280,359,389,401,411,443,462,462,557,557,571,571,587,597,65,95,95,125,125,125,160,160,85,117,117,219,219,239,239,249,264,277,306,319,333,333,333,333,366,385,412,412,412],"floor_reached":51,"playtime":3565,"items_purged":["Strike_G"],"score":1163,"play_id":"4ee25c89-8927-4a01-bc7f-ac1cd5c24dc3","local_time":"20201228224351","is_ascension_mode":true,"campfire_choices":[{"data":"Catalyst","floor":6.0,"key":"SMITH"},{"data":"Adrenaline","floor":15.0,"key":"SMITH"},{"data":"Catalyst","floor":24.0,"key":"SMITH"},{"data":"Catalyst","floor":27,"key":"SMITH"},{"data":"Catalyst","floor":29,"key":"SMITH"},{"data":"Corpse Explosion","floor":32,"key":"SMITH"},{"data":"Adrenaline","floor":44,"key":"SMITH"},{"data":"Catalyst","floor":49,"key":"SMITH"}],"circlet_count":0,"master_deck":["Strike_G","Strike_G","Defend_G","Defend_G","Defend_G","Defend_G","Survivor","Neutralize","Deadly Poison","Catalyst+1","Adrenaline+1","Catalyst+1","Deadly Poison","Catalyst+1","Burst","Bouncing Flask+1","Crippling Poison+1","Catalyst+1","Noxious Fumes","Corpse Explosion+1","Noxious Fumes","Well Laid Plans+1","Noxious Fumes","Adrenaline+1","Prepared+1","Parasite","Prepared+1","Catalyst+1","Catalyst+1"],"relics":["Ring of the Serpent","Toy Ornithopter","Boot","Mercury Hourglass","Bottled Lightning","Prayer Wheel","SlaversCollar","Centennial Puzzle","Lee\u0027s Waffle","Juzu Bracelet","Blood Vial","Paper Crane","Incense Burner","Regal Pillow","Mummified Hand","Darkstone Periapt","Happy Flower","Ninja Scroll"],"acts_visited":["Exordium","TheCity","TheBeyond"],"potions_floor_usage":[25,33,37,46],"damage_taken":[{"damage":0.0,"enemies":"Cultist","floor":1.0,"turns":3.0},{"damage":0.0,"enemies":"2 Louse","floor":2.0,"turns":3.0},{"damage":0.0,"enemies":"Small Slimes","floor":3.0,"turns":3.0},{"damage":32.0,"enemies":"Gremlin Nob","floor":7.0,"turns":5.0},{"damage":19.0,"enemies":"3 Sentries","floor":10.0,"turns":7.0},{"damage":0.0,"enemies":"Blue Slaver","floor":11.0,"turns":1.0},{"damage":0.0,"enemies":"2 Fungi Beasts","floor":12.0,"turns":2.0},{"damage":0.0,"enemies":"Gremlin Nob","floor":13.0,"turns":2.0},{"damage":0.0,"enemies":"Red Slaver","floor":14.0,"turns":2.0},{"damage":0.0,"enemies":"Slime Boss","floor":16.0,"turns":6.0},{"damage":2.0,"enemies":"Shell Parasite","floor":18.0,"turns":2.0},{"damage":0.0,"enemies":"Spheric Guardian","floor":20.0,"turns":2.0},{"damage":3.0,"enemies":"Chosen and Byrds","floor":21.0,"turns":2.0},{"damage":0.0,"enemies":"Gremlin Leader","floor":23.0,"turns":3.0},{"damage":25,"enemies":"Slavers","floor":25,"turns":3},{"damage":0,"enemies":"Gremlin Leader","floor":28,"turns":2},{"damage":14,"enemies":"Slavers","floor":31,"turns":3},{"damage":0,"enemies":"Collector","floor":33,"turns":2},{"damage":1,"enemies":"Orb Walker","floor":35,"turns":2},{"damage":3,"enemies":"3 Darklings","floor":37,"turns":3},{"damage":1,"enemies":"Spire Growth","floor":38,"turns":2},{"damage":0,"enemies":"Transient","floor":39,"turns":3},{"damage":1,"enemies":"Nemesis","floor":40,"turns":3},{"damage":0,"enemies":"Writhing Mass","floor":41,"turns":2},{"damage":0,"enemies":"3 Darklings","floor":42,"turns":1},{"damage":0,"enemies":"Giant Head","floor":46,"turns":2},{"damage":6,"enemies":"Sphere and 2 Shapes","floor":47,"turns":3},{"damage":10,"enemies":"Reptomancer","floor":48,"turns":2},{"damage":2,"enemies":"Time Eater","floor":50,"turns":3}],"seed_played":"5594568062585672294","potions_obtained":[{"floor":2.0,"key":"Fire Potion"},{"floor":3.0,"key":"SteroidPotion"},{"floor":10.0,"key":"Poison Potion"},{"floor":11.0,"key":"LiquidMemories"},{"floor":12.0,"key":"LiquidBronze"},{"floor":18.0,"key":"Dexterity Potion"},{"floor":19.0,"key":"BlessingOfTheForge"},{"floor":19.0,"key":"Regen Potion"},{"floor":23.0,"key":"Energy Potion"},{"floor":33,"key":"GhostInAJar"},{"floor":39,"key":"SmokeBomb"},{"floor":40,"key":"CunningPotion"},{"floor":41,"key":"LiquidMemories"},{"floor":48,"key":"SkillPotion"}],"is_trial":false,"path_per_floor":["M","M","M","?","?","R","E","T","T","E","M","M","E","M","R","B",null,"M","?","M","M","$","E","R","E","T","R","E","R","?","E","R","B",null,"M","?","M","M","M","E","M","M","T","R","?","E","M","E","R","B",null],"character_chosen":"THE_SILENT","items_purchased":["Corpse Explosion","Centennial Puzzle","Noxious Fumes","Lee\u0027s Waffle"],"campfire_rested":0,"item_purchase_floors":[22,22,22,22],"current_hp_per_floor":[63,63,63,52,57,57,25,25,25,6,16,16,26,26,26,26,68,66,66,66,63,75,75,75,50,50,50,52,52,52,40,40,56,75,74,74,72,73,75,74,75,75,75,75,75,75,69,61,61,61],"gold":412,"neow_bonus":"REMOVE_TWO","is_daily":false,"chose_seed":false,"campfire_upgraded":8,"win_rate":0.0,"timestamp":1609213431,"path_taken":["M","M","?","?","?","R","E","?","T","E","M","M","E","M","R","BOSS","M","?","M","M","$","E","R","E","T","R","E","R","?","E","R","BOSS","M","?","M","M","M","E","M","M","T","R","?","E","M","E","R","BOSS"],"items_purchased_type":["Card","Relic","Card","Relic"],"build_version":"2020-12-22","purchased_purges":1,"victory":true,"max_hp_per_floor":[63,63,63,63,68,68,68,68,68,68,68,68,68,68,68,68,68,68,68,68,68,75,75,75,75,75,75,75,75,75,75,75,75,75,75,75,75,75,75,75,75,75,75,75,75,75,75,75,75,75],"card_choices":[{"not_picked":["Acrobatics","Terror"],"picked":"Poisoned Stab","floor":1.0},{"not_picked":["Underhanded Strike","Dodge and Roll"],"picked":"Deadly Poison","floor":2.0},{"not_picked":["Dagger Spray","Eviscerate"],"picked":"Catalyst","floor":3.0},{"not_picked":["Dagger Spray","Acrobatics"],"picked":"Adrenaline","floor":7.0},{"not_picked":["Deadly Poison","Distraction"],"picked":"Catalyst","floor":10.0},{"not_picked":["Bane","Outmaneuver","Blade Dance"],"picked":"SKIP","floor":11.0},{"not_picked":["Backstab","Prepared","Setup"],"picked":"SKIP","floor":12.0},{"not_picked":["Outmaneuver","Dodge and Roll"],"picked":"Deadly Poison","floor":13.0},{"not_picked":["Dagger Throw","Masterful Stab"],"picked":"Catalyst","floor":14.0},{"not_picked":["Eviscerate","Bane","Sucker Punch"],"picked":"SKIP","floor":14.0},{"not_picked":["Wraith Form v2","Corpse Explosion"],"picked":"Burst","floor":16.0},{"not_picked":["Eviscerate+1","Backstab+1"],"picked":"Bouncing Flask+1","floor":18.0},{"not_picked":["Blur","Underhanded Strike","PiercingWail"],"picked":"SKIP","floor":18.0},{"not_picked":["Bane","Dodge and Roll"],"picked":"Crippling Poison+1","floor":20.0},{"not_picked":["Calculated Gamble","Skewer"],"picked":"Catalyst","floor":20.0},{"not_picked":["Expertise","Acrobatics"],"picked":"Noxious Fumes","floor":21.0},{"not_picked":["Eviscerate","Prepared","Escape Plan"],"picked":"SKIP","floor":21.0},{"not_picked":["Bane","Dash"],"picked":"Well Laid Plans+1","floor":23.0},{"not_picked":["Sucker Punch","Unload","Dagger Throw"],"picked":"SKIP","floor":25},{"not_picked":["Choke","Caltrops"],"picked":"Noxious Fumes","floor":28},{"not_picked":["Flying Knee","Dagger Throw","Dagger Spray+1"],"picked":"SKIP","floor":31},{"not_picked":["Night Terror","After Image"],"picked":"Adrenaline","floor":33},{"not_picked":["Dagger Throw","Distraction"],"picked":"Prepared+1","floor":35},{"not_picked":["Heel Hook","Deadly Poison+1","Cloak And Dagger"],"picked":"SKIP","floor":35},{"not_picked":["Quick Slash+1","Bane+1","Predator"],"picked":"SKIP","floor":37},{"not_picked":["Backflip","Bane+1","Dash+1"],"picked":"SKIP","floor":37},{"not_picked":["Cloak And Dagger","Calculated Gamble+1","Dagger Spray+1"],"picked":"SKIP","floor":38},{"not_picked":["Cloak And Dagger+1","Quick Slash","Unload"],"picked":"SKIP","floor":38},{"not_picked":["Infinite Blades+1","Dash","Flying Knee+1"],"picked":"SKIP","floor":39},{"not_picked":["Accuracy","Sucker Punch","Leg Sweep+1"],"picked":"SKIP","floor":39},{"not_picked":["Deadly Poison","Dagger Throw+1","Expertise+1"],"picked":"SKIP","floor":40},{"not_picked":["PiercingWail","Finisher","Deadly Poison+1"],"picked":"SKIP","floor":41},{"not_picked":["Underhanded Strike","Concentrate","Noxious Fumes"],"picked":"SKIP","floor":41},{"not_picked":["Terror","Caltrops"],"picked":"Prepared+1","floor":42},{"not_picked":["Flechettes","Blur"],"picked":"Catalyst+1","floor":42},{"not_picked":["Poisoned Stab","Bane","Choke"],"picked":"SKIP","floor":46},{"not_picked":["Calculated Gamble","Eviscerate+1","Bane+1"],"picked":"SKIP","floor":47},{"not_picked":["Masterful Stab+1","Choke","Backstab"],"picked":"SKIP","floor":47},{"not_picked":["Dagger Spray+1","Distraction+1"],"picked":"Catalyst","floor":48}],"player_experience":159010,"relics_obtained":[{"floor":7.0,"key":"Toy Ornithopter"},{"floor":8.0,"key":"Boot"},{"floor":9.0,"key":"Mercury Hourglass"},{"floor":10.0,"key":"Bottled Lightning"},{"floor":13.0,"key":"Prayer Wheel"},{"floor":23.0,"key":"Juzu Bracelet"},{"floor":25,"key":"Blood Vial"},{"floor":26,"key":"Paper Crane"},{"floor":28,"key":"Incense Burner"},{"floor":31,"key":"Regal Pillow"},{"floor":40,"key":"Mummified Hand"},{"floor":43,"key":"Darkstone Periapt"},{"floor":46,"key":"Happy Flower"},{"floor":48,"key":"Ninja Scroll"}],"event_choices":[{"damage_healed":0.0,"max_hp_gain":0.0,"max_hp_loss":0.0,"gold_gain":75.0,"event_name":"World of Goop","player_choice":"Gather Gold","floor":4.0,"gold_loss":0.0,"damage_taken":11.0},{"damage_healed":0.0,"max_hp_gain":5.0,"max_hp_loss":0.0,"gold_gain":0.0,"event_name":"Big Fish","player_choice":"Donut","floor":5.0,"gold_loss":0.0,"damage_taken":0.0},{"damage_healed":0.0,"max_hp_gain":0.0,"max_hp_loss":0.0,"gold_gain":0.0,"event_name":"Lab","player_choice":"Got Potions","floor":19.0,"gold_loss":0.0,"damage_taken":0.0},{"cards_removed":["Strike_G"],"damage_healed":0,"gold_gain":0,"player_choice":"Gave Gold","damage_taken":0,"max_hp_gain":0,"max_hp_loss":0,"event_name":"Beggar","floor":30,"gold_loss":75},{"damage_healed":0,"gold_gain":0,"player_choice":"Ignored","damage_taken":0,"max_hp_gain":0,"max_hp_loss":0,"event_name":"Tomb of Lord Red Mask","floor":36,"gold_loss":0},{"cards_removed":["Poisoned Stab"],"damage_healed":0,"gold_gain":0,"player_choice":"Removed Attack","damage_taken":0,"max_hp_gain":0,"max_hp_loss":0,"event_name":"Falling","floor":45,"gold_loss":0}],"is_beta":false,"boss_relics":[{"not_picked":["Black Star","Ectoplasm"],"picked":"SlaversCollar"},{"not_picked":["WristBlade","Snecko Eye"],"picked":"Ring of the Serpent"}],"items_purged_floors":[22],"is_endless":false,"potions_floor_spawned":[2,3,10,11,12,18,20,23,33,39,40,41,48],"ascension_level":2}}