{"host":"jpyc2kczef5p02oc","time":1609232557,"event":{"mods":["ATMod(阿瑾Mod)","BaseMod","Friendly Minions","Hubris","Marisa（F雨　魔理沙）","Minty Spire (QoL Compilation)","StSLib","Td1madao Mod","The Servant 0.9.4","【功能Mod】聪明的最终Boss"],"gold_per_floor":[114,114,134,109,109,143,143,158,185,185,195,220,251,251,251,327,327,337,354,354,354,369,369,399,314,340,340,65,65,65,75,75,154,154,171,171,171,14,64,98,116,148,148,148,195,228,245,260,260,260,260,260,185,216,216,216],"floor_reached":55,"playtime":1505,"items_purged":["Strike_R"],"score":1789,"play_id":"c3240a64-0b1a-4ea2-8522-700a6ab0cc90","local_time":"20201229170237","is_ascension_mode":true,"campfire_choices":[{"data":"Barricade","floor":7.0,"key":"SMITH"},{"data":"Armaments","floor":10.0,"key":"SMITH"},{"data":"AT_BodySlamDance","floor":15.0,"key":"SMITH"},{"data":"Limit Break","floor":23.0,"key":"SMITH"},{"floor":27.0,"key":"REST"},{"data":"AT_EmpoweredMortalDraw","floor":32.0,"key":"SMITH"},{"floor":44.0,"key":"REST"},{"floor":49.0,"key":"RECALL"},{"data":"Demon Form","floor":52.0,"key":"SMITH"}],"circlet_count":0,"master_deck":["AscendersBane","Strike_R+1","Strike_R","Strike_R+1","Defend_R","Defend_R","Defend_R","Defend_R","Bash","AT_PowerWithin+1","Armaments+1","AT_IchimonjiDouble","AT_BodySlamDance+1","Barricade+1","Blood for Blood","Limit Break+1","AT_EmpoweredMortalDraw+1","Pummel+1","Entrench+1","AT_ManFootWork+1","Ghostly Armor+1","hubris:ReadiedAction+1","Demon Form+1","Pummel","Impervious+1"],"relics":["Burning Blood","AT_ATBox","AT_SunfireAegis","hubris:Towel","AT_RedTearstoneRing","Tiny Chest","Odd Mushroom","MealTicket","AT_MortalBlade","Anchor","MutagenicStrength","Gremlin Horn","Dream Catcher","Whetstone","AT_RedNoBalance","Nloth\u0027s Gift","Toxic Egg 2","SlaversCollar","hubris:Icosahedron","AT_BladeRuinedKing","Red Skull","Vajra","AT_SpeedBoots","Gambling Chip","Sundial","Happy Flower"],"acts_visited":["Exordium","TheCity","TheBeyond","TheEnding"],"potions_floor_usage":[55],"damage_taken":[{"damage":0.0,"enemies":"Cultist","floor":1.0,"turns":1.0},{"damage":0.0,"enemies":"Small Slimes","floor":3.0,"turns":1.0},{"damage":0.0,"enemies":"Gremlin Nob","floor":6.0,"turns":1.0},{"damage":9.0,"enemies":"Jaw Worm","floor":8.0,"turns":2.0},{"damage":15.0,"enemies":"Large Slime","floor":11.0,"turns":5.0},{"damage":28.0,"enemies":"The Mushroom Lair","floor":12.0,"turns":4.0},{"damage":12.0,"enemies":"3 Sentries","floor":13.0,"turns":3.0},{"damage":22.0,"enemies":"Hexaghost","floor":16.0,"turns":4.0},{"damage":20.0,"enemies":"3 Byrds","floor":18.0,"turns":3.0},{"damage":21.0,"enemies":"Shell Parasite","floor":19.0,"turns":2.0},{"damage":0.0,"enemies":"Sentry and Sphere","floor":22.0,"turns":2.0},{"damage":33.0,"enemies":"Gremlin Leader","floor":24.0,"turns":5.0},{"damage":0.0,"enemies":"Snake Plant","floor":31.0,"turns":2.0},{"damage":26.0,"enemies":"hubris:MusketHawk","floor":33.0,"turns":5.0},{"damage":0.0,"enemies":"3 Darklings","floor":35.0,"turns":1.0},{"damage":31.0,"enemies":"Nemesis","floor":40.0,"turns":5.0},{"damage":0.0,"enemies":"Orb Walker","floor":41.0,"turns":2.0},{"damage":0.0,"enemies":"Giant Head","floor":42.0,"turns":2.0},{"damage":3.0,"enemies":"2 Orb Walkers","floor":45.0,"turns":1.0},{"damage":3.0,"enemies":"Nemesis","floor":46.0,"turns":2.0},{"damage":1.0,"enemies":"3 Darklings","floor":47.0,"turns":1.0},{"damage":5.0,"enemies":"Maw","floor":48.0,"turns":4.0},{"damage":15.0,"enemies":"hubris:GrandSnecko","floor":50.0,"turns":2.0},{"damage":11.0,"enemies":"Shield and Spear","floor":54.0,"turns":3.0},{"damage":71,"enemies":"The Heart","floor":55,"turns":5}],"seed_played":"2554264075656066854","potions_obtained":[{"floor":1.0,"key":"Energy Potion"},{"floor":3.0,"key":"Swift Potion"},{"floor":16.0,"key":"SpeedPotion"},{"floor":22.0,"key":"LiquidMemories"},{"floor":42.0,"key":"Dexterity Potion"},{"floor":47.0,"key":"Energy Potion"}],"is_trial":false,"path_per_floor":["M","?","M","$","?","E","R","M","T","R","M","?","E","?","R","B",null,"M","M","T","?","M","R","E","?","T","R","$","?","T","M","R","B",null,"M","?","?","$","T","E","M","E","T","R","?","E","M","M","R","B",null,"R","$","E","B"],"character_chosen":"IRONCLAD","items_purchased":["AT_BodySlamDance","AT_SilverBalance","AT_BladeRuinedKing"],"campfire_rested":2,"item_purchase_floors":[4,28,38],"current_hp_per_floor":[74,74,75,75,75,75,75,72,72,72,63,41,35,35,35,19,61,47,32,32,32,38,38,11,11,11,33,48,48,48,43,43,17,61,43,43,43,58,58,12,18,24,24,46,49,52,57,58,58,49,69,69,75,70,0,0],"gold":216,"neow_bonus":"THREE_ENEMY_KILL","is_daily":false,"chose_seed":false,"campfire_upgraded":6,"win_rate":0.0,"timestamp":1609232557,"path_taken":["M","?","?","$","?","E","R","M","T","R","M","?","E","?","R","BOSS","M","?","?","?","M","R","E","?","T","R","$","?","?","M","R","BOSS","M","?","?","?","?","E","?","E","T","R","?","E","M","M","R","BOSS","R","$","E","BOSS"],"items_purchased_type":["Card","Relic","Relic"],"build_version":"2020-12-22","purchased_purges":1,"victory":false,"max_hp_per_floor":[75,75,75,75,75,75,75,75,75,75,75,75,75,75,75,75,75,75,75,75,75,75,75,75,75,75,75,75,75,75,75,75,75,75,75,75,75,75,75,75,75,75,75,75,75,75,75,75,75,75,75,75,75,75,75,75],"card_choices":[{"not_picked":["Uppercut","Intimidate"],"picked":"Armaments","floor":1.0},{"not_picked":["Hemokinesis","Clothesline"],"picked":"AT_IchimonjiDouble","floor":3.0},{"not_picked":["Spot Weakness","Pommel Strike"],"picked":"Barricade","floor":6.0},{"not_picked":["Flex","hubris:ReadiedAction","Heavy Blade"],"picked":"SKIP","floor":8.0},{"not_picked":["Body Slam","Headbutt"],"picked":"Blood for Blood","floor":11.0},{"not_picked":["Bloodletting","True Grit","Warcry"],"picked":"SKIP","floor":13.0},{"not_picked":["Fiend Fire","Immolate"],"picked":"Limit Break","floor":16.0},{"not_picked":["Body Slam","Pommel Strike+1"],"picked":"Pummel+1","floor":18.0},{"not_picked":["Clash","Clothesline","AT_GerminateFire"],"picked":"SKIP","floor":19.0},{"not_picked":["hubris:CleavingFinish","Dual Wield"],"picked":"Entrench+1","floor":22.0},{"not_picked":["Armaments","Feed","Sentinel"],"picked":"SKIP","floor":24.0},{"not_picked":["Twin Strike","Fire Breathing+1"],"picked":"AT_ManFootWork+1","floor":27.0},{"not_picked":["Heavy Blade","Juggernaut"],"picked":"Ghostly Armor+1","floor":31.0},{"not_picked":["Cleave","Armaments+1","Clothesline+1"],"picked":"SKIP","floor":35.0},{"not_picked":["Second Wind+1","Heavy Blade","AT_DiedThrough+1"],"picked":"SKIP","floor":40.0},{"not_picked":["Flex+1","Sever Soul","Iron Wave"],"picked":"SKIP","floor":41.0},{"not_picked":["Feel No Pain","hubris:CleavingFinish"],"picked":"hubris:ReadiedAction+1","floor":42.0},{"not_picked":["Iron Wave","Perfected Strike"],"picked":"Demon Form","floor":46.0},{"not_picked":["Thunderclap","Immolate"],"picked":"Pummel","floor":47.0},{"not_picked":["Flex+1","Fire Breathing","Perfected Strike+1"],"picked":"SKIP","floor":48.0},{"not_picked":["Bloodletting+1","Twin Strike"],"picked":"Impervious+1","floor":54.0}],"player_experience":289335,"relics_obtained":[{"floor":2.0,"key":"AT_SunfireAegis"},{"floor":6.0,"key":"AT_RedTearstoneRing"},{"floor":9.0,"key":"Tiny Chest"},{"floor":12.0,"key":"Odd Mushroom"},{"floor":13.0,"key":"MealTicket"},{"floor":20.0,"key":"Anchor"},{"floor":24.0,"key":"Gremlin Horn"},{"floor":26.0,"key":"Whetstone"},{"floor":30.0,"key":"Toxic Egg 2"},{"floor":39.0,"key":"Red Skull"},{"floor":40.0,"key":"Vajra"},{"floor":42.0,"key":"AT_SpeedBoots"},{"floor":45.0,"key":"Gambling Chip"},{"floor":46.0,"key":"Sundial"},{"floor":54.0,"key":"Happy Flower"}],"event_choices":[{"damage_healed":0.0,"max_hp_gain":0.0,"max_hp_loss":0.0,"gold_gain":0.0,"event_name":"Wheel of Change","player_choice":"Relic","floor":2.0,"gold_loss":0.0,"damage_taken":0.0},{"damage_healed":0.0,"max_hp_gain":0.0,"max_hp_loss":0.0,"gold_gain":0.0,"event_name":"Mushrooms","player_choice":"Fought Mushrooms","floor":12.0,"gold_loss":0.0,"damage_taken":0.0},{"cards_removed":["Strike_R"],"damage_healed":0.0,"max_hp_gain":0.0,"max_hp_loss":0.0,"gold_gain":0.0,"event_name":"Purifier","player_choice":"Purged","floor":14.0,"gold_loss":0.0,"damage_taken":0.0},{"damage_healed":0.0,"max_hp_gain":0.0,"max_hp_loss":0.0,"gold_gain":0.0,"event_name":"Drug Dealer","player_choice":"Inject Mutagens","floor":21.0,"gold_loss":0.0,"damage_taken":0.0,"relics_obtained":["MutagenicStrength"]},{"damage_healed":0.0,"max_hp_gain":0.0,"max_hp_loss":0.0,"gold_gain":0.0,"event_name":"Addict","player_choice":"Obtained Relic","floor":25.0,"gold_loss":85.0,"damage_taken":0.0,"relics_obtained":["Dream Catcher"]},{"damage_healed":0.0,"max_hp_gain":0.0,"max_hp_loss":0.0,"gold_gain":0.0,"event_name":"N\u0027loth","player_choice":"Traded Relic","floor":29.0,"relics_lost":["NeowsBlessing"],"gold_loss":0.0,"damage_taken":0.0,"relics_obtained":["Nloth\u0027s Gift"]},{"damage_healed":0.0,"max_hp_gain":0.0,"max_hp_loss":0.0,"gold_gain":0.0,"event_name":"Mysterious Sphere","player_choice":"Fight","floor":45.0,"gold_loss":0.0,"damage_taken":0.0}],"is_beta":false,"boss_relics":[{"not_picked":["Snecko Eye","Runic Dome"],"picked":"AT_MortalBlade"},{"not_picked":["Runic Cube","Coffee Dripper"],"picked":"SlaversCollar"}],"items_purged_floors":[53],"is_endless":false,"potions_floor_spawned":[1,3,16,22,33,35,42,47,54],"killed_by":"The Heart","ascension_level":19}}