{"host":"h5acbxt0wmjo1kpm","time":1609226956,"event":{"mods":["2.2 Compatiblity","Act Like it!","AlwaysNeverKeys","Aspiration","Bartender","BaseMod","Better Third Choice","Colored Map","Elementarium","Gensokyo","GifTheSpireLib","Hallownest","Marisa????????","Minty Spire (QoL Compilation)","Permanent Neow","Potionbrewer","Relic Filter","Replay The Spire","Robot Space Explorer","RumiaBox-????????","Shade Mod","Spicy Shops","StSLib","Strawberry Spire","The Blackbeard","The Dragon Tamer","The Forsaken","The Gatherer","The Problem Sleuth","The Servant 0.9.4","Wandering Minibosses","vexMod"],"gold_per_floor":[117,117,127,127,147,177,96,110,136,136,136,147,147,165,165,266,266,275,285,285,136,143,176,176,232,232,255,255,265,265,277,277,376,376,388,403,432,119,119,118,118,143,166,166,166,198,198,216,216,214,214,214,22,41,12],"floor_reached":56,"playtime":4760,"items_purged":["Overencumbered"],"score":2031,"play_id":"28882dab-39b3-47b6-a5d0-3041c781377c","local_time":"20201228232916","is_ascension_mode":true,"campfire_choices":[{"data":"potionbrewer:ChainReaction","floor":11.0,"key":"SMITH"},{"data":"potionbrewer:HazardousWaste","floor":13.0,"key":"SMITH"},{"data":"potionbrewer:Backhand","floor":15.0,"key":"SMITH"},{"floor":24.0,"key":"REST"},{"data":"potionbrewer:AlchemistForm","floor":28.0,"key":"SMITH"},{"floor":32.0,"key":"REST"},{"data":"potionbrewer:Bribery","floor":41.0,"key":"SMITH"},{"data":"Advance","floor":44.0,"key":"SMITH"},{"floor":47.0,"key":"RECALL"}],"circlet_count":0,"master_deck":["AscendersBane","potionbrewer:Collect","potionbrewer:ChemicalSpill","potionbrewer:HazardousWaste+1","potionbrewer:ChainReaction+1","potionbrewer:EmptyBottle","potionbrewer:Fuel","potionbrewer:Backhand+1","potionbrewer:Backhand","potionbrewer:Transmute","potionbrewer:Bribery+1","Manipulate+1","wanderingMiniBosses:FinaleOfPromise","ReplayTheSpireMod:Splinters","potionbrewer:AlchemistForm+1","Rewind","potionbrewer:Smokescreen","potionbrewer:TwoForOne","Hallucinations","potionbrewer:ChemicalWeapons","potionbrewer:Contingency","Advance+1","Luminosity+1","FastForward","Deadline+1"],"relics":["potionbrewer:PotionKit","aspiration:StickyExplosives_weak","Lantern","aspiration:ServantSkillbook","wanderingMiniBosses:Blackblade","Potion Belt","aspiration:ArtOfWarUpgrade","GodSword5","aspiration:FetidBarrel","Kintsugi","Torii","Darkstone Periapt","potionbrewer:MortarAndPestle","GodSword4","Pet Ghost"],"acts_visited":["Gensokyo:Gensokyo","Gensokyo:Gensokyoer","Gensokyo:Gensokyoest","TheEnding"],"potions_floor_usage":[55,55,55,55,55,55,55,55,55,55,55,55],"damage_taken":[{"damage":12.0,"enemies":"Gensokyo:2_Kodama","floor":1.0,"turns":5.0},{"damage":5.0,"enemies":"Gensokyo:Python","floor":3.0,"turns":7.0},{"damage":4.0,"enemies":"Gensokyo:3_Fairies","floor":5.0,"turns":3.0},{"damage":2.0,"enemies":"Gensokyo:Mamizou","floor":6.0,"turns":7.0},{"damage":0.0,"enemies":"Gensokyo:LivingMonolith","floor":8.0,"turns":3.0},{"damage":0.0,"enemies":"Gensokyo:Aya","floor":10.0,"turns":2.0},{"damage":13.0,"enemies":"Gensokyo:2_Rabbits","floor":12.0,"turns":4.0},{"damage":0.0,"enemies":"Gensokyo:Kitsune","floor":14.0,"turns":3.0},{"damage":0.0,"enemies":"Gensokyo:Reimu","floor":16.0,"turns":5.0},{"damage":16.0,"enemies":"Gensokyo:3_Dogs","floor":18.0,"turns":5.0},{"damage":0.0,"enemies":"Gensokyo:Chomper","floor":19.0,"turns":7.0},{"damage":0.0,"enemies":"Gensokyo:Swordslinger","floor":20.0,"turns":1.0},{"damage":0.0,"enemies":"Gensokyo:Wraith","floor":22.0,"turns":5.0},{"damage":25.0,"enemies":"Gensokyo:Tenshi","floor":23.0,"turns":3.0},{"damage":0.0,"enemies":"Gensokyo:Reisen","floor":27.0,"turns":3.0},{"damage":9.0,"enemies":"Gensokyo:Slime_Group","floor":29.0,"turns":3.0},{"damage":25.0,"enemies":"Gensokyo:Swordslinger","floor":31.0,"turns":4.0},{"damage":0.0,"enemies":"Gensokyo:Eternal_Rivals","floor":33.0,"turns":6.0},{"damage":13.0,"enemies":"Gensokyo:AncientGuardian","floor":35.0,"turns":4.0},{"damage":0.0,"enemies":"Gensokyo:3_Boulders","floor":36.0,"turns":3.0},{"damage":13.0,"enemies":"Gensokyo:4_Bats","floor":37.0,"turns":5.0},{"damage":0.0,"enemies":"Gensokyo:Kasen","floor":40.0,"turns":5.0},{"damage":1.0,"enemies":"Gensokyo:Doremy","floor":42.0,"turns":4.0},{"damage":6.0,"enemies":"Gensokyo:Marisa","floor":46.0,"turns":4.0},{"damage":0.0,"enemies":"Gensokyo:Sharpion","floor":48.0,"turns":3.0},{"damage":0.0,"enemies":"Gensokyo:Scarlet_Devils","floor":50.0,"turns":6.0},{"damage":13.0,"enemies":"Shield and Spear","floor":54.0,"turns":5.0},{"damage":1,"enemies":"The Heart","floor":55,"turns":6}],"seed_played":"-718581600811288326","potions_obtained":[{"floor":3.0,"key":"FearPotion"},{"floor":4.0,"key":"Explosive Potion"},{"floor":12.0,"key":"potionbrewer:FreezingPotion"},{"floor":16.0,"key":"potionbrewer:ToxicPotion"},{"floor":23.0,"key":"Explosive Potion"},{"floor":25.0,"key":"SpeedPotion"},{"floor":25.0,"key":"potionbrewer:HastePotion"},{"floor":27.0,"key":"Energy Potion"},{"floor":31.0,"key":"potionbrewer:CleansingPotion"},{"floor":35.0,"key":"BlessingOfTheForge"},{"floor":37.0,"key":"potionbrewer:DiscountPotion"},{"floor":48.0,"key":"Toxic Potion"},{"floor":54.0,"key":"Doom Potion"}],"is_trial":false,"path_per_floor":["M","?","M","?","M","E","$","M","T","E","R","M","R","M","R","B",null,"M","M","M","$","M","E","R","?","T","E","R","M","?","M","R","B",null,"M","M","M","$","?","E","R","E","T","R","?","E","R","M","R","B",null,"R","$","E","B",null],"character_chosen":"POTIONBREWER","items_purchased":["potionbrewer:Backhand","Potion Belt","Torii","FastForward","potionbrewer:ToxicPotion"],"campfire_rested":2,"item_purchase_floors":[7,21,38,53,53],"current_hp_per_floor":[56,56,51,51,47,45,45,45,45,45,45,32,32,32,32,32,64,48,48,48,48,48,23,45,45,45,45,45,36,36,11,38,38,73,60,60,47,47,47,47,47,46,46,46,46,40,40,40,40,40,72,72,75,74,73],"gold":12,"neow_bonus":"ONE_RANDOM_RARE_CARD","is_daily":false,"chose_seed":false,"campfire_upgraded":6,"win_rate":0.0,"timestamp":1609226956,"path_taken":["M","?","M","?","?","E","$","M","T","E","R","M","R","M","R","BOSS","M","M","M","$","M","E","R","?","T","E","R","M","?","M","R","BOSS","M","?","M","$","?","E","R","E","T","R","?","E","R","M","R","BOSS","R","$","E","BOSS"],"items_purchased_type":["Card","Relic","Relic","Card","Potion"],"build_version":"2020-12-22","purchased_purges":1,"victory":true,"max_hp_per_floor":[75,75,75,75,75,75,75,75,75,75,75,75,75,75,75,75,75,75,75,75,75,75,75,75,75,75,75,75,75,75,75,75,75,75,75,75,75,75,75,75,75,75,75,75,75,75,75,75,75,75,75,75,75,75,75],"card_choices":[{"not_picked":["potionbrewer:Toxicity","potionbrewer:ChemicalRage"],"picked":"potionbrewer:ChainReaction","floor":1.0},{"not_picked":["potionbrewer:CausticBarrier","potionbrewer:TestFormula"],"picked":"potionbrewer:EmptyBottle","floor":3.0},{"not_picked":["potionbrewer:UnstableFormula","potionbrewer:ChokingPowder"],"picked":"potionbrewer:Fuel","floor":5.0},{"not_picked":["potionbrewer:OneTwoPunch","potionbrewer:FortifiedSerum","potionbrewer:PortableLab"],"picked":"SKIP","floor":6.0},{"not_picked":["potionbrewer:TestFormula","potionbrewer:Refill"],"picked":"potionbrewer:Backhand","floor":8.0},{"not_picked":["potionbrewer:Smack","potionbrewer:TestFormula"],"picked":"potionbrewer:Transmute","floor":12.0},{"not_picked":["potionbrewer:TestFormula","potionbrewer:BalancedFormula","potionbrewer:Shovel"],"picked":"SKIP","floor":14.0},{"not_picked":["potionbrewer:HazardousWaste","potionbrewer:PotentialEnergy","potionbrewer:Prototype"],"picked":"potionbrewer:Bribery","floor":16.0},{"not_picked":["potionbrewer:Refill+1","potionbrewer:ExplosiveReaction","Starlight"],"picked":"Manipulate+1","floor":18.0},{"not_picked":[],"picked":"wanderingMiniBosses:FinaleOfPromise","floor":19.0},{"not_picked":["potionbrewer:EmptyBottle+1","potionbrewer:BalancedFormula","potionbrewer:Smokescreen","potionbrewer:Refill"],"picked":"SKIP","floor":19.0},{"not_picked":["potionbrewer:BlindingSpray","potionbrewer:FlashPowder","potionbrewer:Refill","potionbrewer:UnstableFormula+1"],"picked":"SKIP","floor":22.0},{"not_picked":["DoubleEdge+1","Reset","potionbrewer:ChokingPowder","Snipe+1","potionbrewer:Prototype"],"picked":"SKIP","floor":23.0},{"not_picked":["Shuttle+1","potionbrewer:Brandish+1","potionbrewer:Shovel","potionbrewer:Prototype"],"picked":"potionbrewer:AlchemistForm","floor":25.0},{"not_picked":["Starlight","Orbit+1","DancingSilver+1"],"picked":"Rewind","floor":27.0},{"not_picked":["ShatteredReality","potionbrewer:TimeBomb+1","FanOfKnives+1","potionbrewer:BalancedFormula"],"picked":"SKIP","floor":29.0},{"not_picked":["Rearm","potionbrewer:Fuel","BottledTime"],"picked":"potionbrewer:Smokescreen","floor":31.0},{"not_picked":["potionbrewer:IronFlesh","ForgedInTime","potionbrewer:Accelerant"],"picked":"potionbrewer:TwoForOne","floor":33.0},{"not_picked":["potionbrewer:OneTwoPunch+1","Rearm+1","potionbrewer:ExothermicReaction+1","potionbrewer:Prototype"],"picked":"potionbrewer:ChemicalWeapons","floor":35.0},{"not_picked":["Contraction","potionbrewer:Smack","Hightail"],"picked":"potionbrewer:Contingency","floor":36.0},{"not_picked":["ShatteredReality","potionbrewer:Refill","Revamp","potionbrewer:UnstableFormula"],"picked":"SKIP","floor":37.0},{"not_picked":["ShatteredReality","potionbrewer:HazardousWaste","potionbrewer:Contingency","potionbrewer:Shovel"],"picked":"SKIP","floor":40.0},{"not_picked":["Alleviate+1","potionbrewer:Toxicity","WasteNot"],"picked":"Advance","floor":42.0},{"not_picked":["Rearm+1","potionbrewer:FlareUp","potionbrewer:BlindingSpray+1"],"picked":"Luminosity+1","floor":46.0},{"not_picked":["potionbrewer:FortifiedSerum+1","potionbrewer:Smokescreen","potionbrewer:Smack+1","potionbrewer:VolatileSolution"],"picked":"SKIP","floor":48.0},{"not_picked":["Alleviate+1","FastForward+1","Revamp"],"picked":"Deadline+1","floor":54.0}],"player_experience":1977515,"relics_obtained":[{"floor":6.0,"key":"aspiration:StickyExplosives_weak"},{"floor":9.0,"key":"Lantern"},{"floor":19.0,"key":"wanderingMiniBosses:Blackblade"},{"floor":23.0,"key":"Art of War"},{"floor":25.0,"key":"Dream Catcher"},{"floor":26.0,"key":"GodSword5"},{"floor":27.0,"key":"aspiration:FetidBarrel"},{"floor":40.0,"key":"Darkstone Periapt"},{"floor":42.0,"key":"potionbrewer:MortarAndPestle"},{"floor":46.0,"key":"GodSword4"},{"floor":54.0,"key":"Pet Ghost"}],"event_choices":[],"is_beta":false,"boss_relics":[{"not_picked":["Runic Pyramid","vexMod:NewClearReactor"],"picked":"aspiration:ServantSkillbook"},{"not_picked":["ChewingGum","Philosopher\u0027s Stone"],"picked":"Kintsugi"}],"items_purged_floors":[53],"is_endless":false,"potions_floor_spawned":[3,10,12,16,20,23,27,31,35,37,40,48,54],"ascension_level":10}}