{"host":"kos1s9q8ffr8fqos","time":1609207482,"event":{"mods":["BaseMod","Bestiary","Better Altar","Better Match","Better Note","Better Sensory Stone","Better Skull","Better Third Choice","Better Vampires","Colored Map","Colored Powertips","Curses Come First","Downfall","Hermit","Infinite Spire","Minty Spire (QoL Compilation)","Quick Restart","Random Character Button","Relic Stats","Replay The Spire","StSLib","The Blue Laboratory","The Disciple"],"gold_per_floor":[109,59,73,73,73,73,83,93,117,142,142,160,160,173,173,276,276,296,315,315,315,332,332,362,377,403,328,328,347,35,54,54,54,54],"floor_reached":33,"playtime":2124,"items_purged":["Defend_Br"],"score":367,"play_id":"82b0970c-ecee-41bf-ab3e-2b0b6d99d6a9","local_time":"20201228200442","is_ascension_mode":true,"campfire_choices":[{"data":"Replay:Bootleg Shield Generator","floor":6.0,"key":"SMITH"},{"floor":11.0,"key":"REST"},{"data":"Accruing","floor":13.0,"key":"SMITH"},{"data":"SecondHand","floor":15.0,"key":"SMITH"},{"floor":23.0,"key":"REST"},{"floor":28.0,"key":"REST"},{"floor":32.0,"key":"REST"}],"circlet_count":0,"master_deck":["Strike_Br","Strike_Br","Defend_Br","Defend_Br","Defend_Br+1","SecondHand+1","PatternShift+1","Accruing+1","Replay:Bootleg Shield Generator+1","Analog","TickedOff","Keepsakes","ExoVibe","LockedScales+1","LockedThread+1","LockedTurtyl","LockedFlame","ReapSow+2","LockedBlood+1","Vivace+1","ResonantCall+1","PrimeTime","LockedAstrolabe"],"relics":["Chronometer","Anchor","War Paint","ChewingGum","Ice Cream","Nunchaku","Vajra","Replay:WaspNest"],"acts_visited":["Exordium","TheCity"],"potions_floor_usage":[],"damage_taken":[{"damage":2.0,"enemies":"2 Louse","floor":1.0,"turns":3.0},{"damage":1.0,"enemies":"Small Slimes","floor":3.0,"turns":6.0},{"damage":1.0,"enemies":"Cultist","floor":7.0,"turns":6.0},{"damage":8.0,"enemies":"Exordium Wildlife","floor":8.0,"turns":8.0},{"damage":34.0,"enemies":"Gremlin Nob","floor":10.0,"turns":10.0},{"damage":8.0,"enemies":"Large Slime","floor":12.0,"turns":11.0},{"damage":0.0,"enemies":"Red Slaver","floor":14.0,"turns":4.0},{"damage":0.0,"enemies":"Hexaghost","floor":16.0,"turns":11.0},{"damage":17.0,"enemies":"Spheric Guardian","floor":18.0,"turns":13.0},{"damage":11.0,"enemies":"Chosen","floor":19.0,"turns":8.0},{"damage":0.0,"enemies":"Centurion and Healer","floor":22.0,"turns":4.0},{"damage":54.0,"enemies":"Slavers","floor":24.0,"turns":6.0},{"damage":0.0,"enemies":"Snecko","floor":25.0,"turns":6.0},{"damage":25.0,"enemies":"Shelled Parasite and Fungi","floor":29.0,"turns":6.0},{"damage":15.0,"enemies":"Snake Plant","floor":31.0,"turns":5.0},{"damage":44,"enemies":"Pondfish","floor":33,"turns":7}],"seed_played":"-5815440523311284239","potions_obtained":[{"floor":1.0,"key":"ColorlessPotion"},{"floor":8.0,"key":"blueLaboratory:PhilterOfMotion"},{"floor":14.0,"key":"CultistPotion"},{"floor":18.0,"key":"Dexterity Potion"},{"floor":22.0,"key":"Weak Potion"},{"floor":24.0,"key":"BlessingOfTheForge"}],"is_trial":false,"path_per_floor":["M","?","M","$","?","R","M","M","T","E","R","M","R","M","R","B",null,"M","M","AVR","?","M","R","E","M","T","?","R","M","$","M","R","B"],"character_chosen":"CHRONO_CLASS","items_purchased":["Replay:WaspNest","PrimeTime"],"campfire_rested":4,"item_purchase_floors":[30,30],"current_hp_per_floor":[63,63,62,62,62,62,61,53,53,19,38,30,30,30,30,30,65,48,37,37,37,37,56,2,11,11,11,30,14,14,5,24,0,0],"gold":54,"neow_bonus":"UPGRADE_CARD","is_daily":false,"chose_seed":false,"campfire_upgraded":3,"win_rate":0.0,"timestamp":1609207482,"path_taken":["M","?","M","$","?","R","M","?","T","E","R","M","R","M","R","BOSS","M","M","AVR","?","M","R","E","M","T","?","R","M","?","?","R","BOSS"],"items_purchased_type":["Relic","Card"],"build_version":"2020-12-22","purchased_purges":1,"victory":false,"max_hp_per_floor":[65,65,65,65,65,65,65,65,65,65,65,65,65,65,65,65,65,65,65,65,65,65,65,65,65,65,65,65,65,65,65,65,65,65],"relic_stats":{"Nunchaku":[2],"counters":[16,114],"War Paint":["Tempo","Defend_Br"],"obtain_stats":[{"Ice Cream":20,"Anchor":9,"Nunchaku":24,"Chronometer":0,"Vajra":26,"ChewingGum":17,"Replay:WaspNest":30,"War Paint":10},{"Ice Cream":10,"Anchor":4,"Nunchaku":12,"Chronometer":0,"Vajra":13,"ChewingGum":8,"Replay:WaspNest":14,"War Paint":5},{"Ice Cream":80,"Anchor":23,"Nunchaku":90,"Chronometer":0,"Vajra":96,"ChewingGum":59,"Replay:WaspNest":102,"War Paint":33}]},"card_choices":[{"not_picked":["HandsUpB","TickedOff"],"picked":"WakeUpCall","floor":1.0},{"not_picked":["Parity","ResonantCall"],"picked":"Accruing","floor":3.0},{"not_picked":["Swift Strike","Panache"],"picked":"Replay:Bootleg Shield Generator","floor":5.0},{"not_picked":["Cuckoo","LockedTornado"],"picked":"Analog","floor":7.0},{"not_picked":["LockedMawBank","ShortSighted"],"picked":"Tempo","floor":8.0},{"not_picked":["Parity","LockedScales"],"picked":"TickedOff","floor":10.0},{"not_picked":["BiteCommand","ExoVibe"],"picked":"Keepsakes","floor":12.0},{"not_picked":["Echoward","Engulf"],"picked":"ExoVibe","floor":14.0},{"not_picked":["MasterKey","LockedCalendar"],"picked":"LockedFlame","floor":16.0},{"not_picked":["EscortCommand","HandsUpB"],"picked":"LockedScales+1","floor":18.0},{"not_picked":["AlternateTimeline","LockedAnchor"],"picked":"LockedThread+1","floor":19.0},{"not_picked":["CrunchTime+1","BlueShift"],"picked":"ReapSow+1","floor":22.0},{"not_picked":["FormalWear+1","LockedMedicine"],"picked":"LockedBlood+1","floor":24.0},{"not_picked":["LockedMedicine","AlternateTimeline","Recurrance"],"picked":"SKIP","floor":25.0},{"not_picked":["ReapSow","HandsUpB"],"picked":"ResonantCall+1","floor":29.0},{"not_picked":["BiteCommand+1","ReapSow"],"picked":"LockedAstrolabe","floor":31.0}],"player_experience":1266587,"relics_obtained":[{"floor":9.0,"key":"Anchor"},{"floor":10.0,"key":"War Paint"},{"floor":24.0,"key":"Nunchaku"},{"floor":26.0,"key":"Vajra"}],"event_choices":[{"cards_removed":["Strike_Br"],"damage_healed":0.0,"max_hp_gain":0.0,"max_hp_loss":0.0,"gold_gain":0.0,"event_name":"The Cleric","player_choice":"Card Removal","floor":2.0,"gold_loss":50.0,"damage_taken":0.0},{"damage_healed":0.0,"max_hp_gain":0.0,"max_hp_loss":0.0,"gold_gain":1.0,"event_name":"betterStone:BetterStone","player_choice":"1","floor":5.0,"gold_loss":0.0,"damage_taken":0.0},{"cards_removed":["Strike_Br"],"damage_healed":0.0,"max_hp_gain":0.0,"max_hp_loss":0.0,"gold_gain":0.0,"event_name":"Beggar","player_choice":"Gave Gold","floor":27.0,"gold_loss":75.0,"damage_taken":0.0}],"is_beta":false,"boss_relics":[{"not_picked":["Philosopher\u0027s Stone","Sozu"],"picked":"ChewingGum"}],"items_purged_floors":[20],"is_endless":false,"potions_floor_spawned":[1,8,14,18,22,24],"killed_by":"Pondfish","ascension_level":3}}