{"host":"t4s40kl3r64vu0u6","time":1609225025,"event":{"mods":["BaseMod","Colored Map","Googly Eyes","Highlight Path","Minty Spire (QoL Compilation)","READ ME - Snecko Mod","StSLib","slay the spire mod where everything is the same but ironclad has a cowboy hat"],"gold_per_floor":[109,123,134,146,146,146,164,195,195,195,224,240,240,76,76,181,181,194,204,217,217,20,20,37,70,70,97,97,112,126,136,136,235,235,254,254,265,319,331,331,344,16,39,39,39,39,39,53,53,53],"floor_reached":51,"playtime":3208,"items_purged":["Pain","Strike_G"],"score":910,"play_id":"19a7b751-9320-43f9-b1ac-ab70e66b04e1","local_time":"20201229015705","is_ascension_mode":true,"campfire_choices":[{"floor":6,"key":"REST"},{"floor":10,"key":"REST"},{"data":"Accuracy","floor":13,"key":"SMITH"},{"data":"Blade Dance","floor":15,"key":"SMITH"},{"data":"Accuracy","floor":23,"key":"SMITH"},{"data":"Accuracy","floor":28,"key":"SMITH"},{"data":"Blade Dance","floor":32,"key":"SMITH"},{"data":"Cloak And Dagger","floor":40,"key":"SMITH"},{"floor":46,"key":"REST"},{"floor":49,"key":"REST"}],"circlet_count":0,"master_deck":["Strike_G","Strike_G","Strike_G","Defend_G","Defend_G","Defend_G","Survivor","Neutralize","Master of Strategy","Accuracy+1","Masterful Stab","Dagger Throw","Finisher","Blade Dance+1","Backflip","Dodge and Roll","Blade Dance+1","Adrenaline","A Thousand Cuts","Accuracy","Accuracy+1","Accuracy+1","Slice","Flying Knee+1","Masterful Stab","Dagger Spray+1","Infinite Blades+1","Infinite Blades","Dodge and Roll","Venomology","Cloak And Dagger+1","Grand Finale+1","Swift Strike","Cloak And Dagger+1","Dodge and Roll+1","Cloak And Dagger+1","Terror","Tactician","Blade Dance","Backflip+1"],"relics":["Ring of the Snake","Bottled Flame","Shuriken","Kunai","SacredBark","WarpedTongs","The Courier","Nunchaku","Bag of Preparation","Astrolabe","Unceasing Top","Lantern"],"acts_visited":["Exordium","TheCity","TheBeyond"],"potions_floor_usage":[4,11,25,31,33,33,38,39,50,50,50,50],"damage_taken":[{"damage":10,"enemies":"Small Slimes","floor":1,"turns":5},{"damage":20,"enemies":"Jaw Worm","floor":2,"turns":6},{"damage":3,"enemies":"Cultist","floor":3,"turns":3},{"damage":9,"enemies":"2 Fungi Beasts","floor":4,"turns":4},{"damage":11,"enemies":"Looter","floor":7,"turns":2},{"damage":22,"enemies":"Lagavulin","floor":8,"turns":6},{"damage":0,"enemies":"Gremlin Nob","floor":11,"turns":3},{"damage":0,"enemies":"Blue Slaver","floor":12,"turns":2},{"damage":0,"enemies":"Slime Boss","floor":16,"turns":3},{"damage":0,"enemies":"Shell Parasite","floor":18,"turns":1},{"damage":7,"enemies":"Chosen","floor":19,"turns":4},{"damage":0,"enemies":"3 Cultists","floor":20,"turns":4},{"damage":4,"enemies":"Shelled Parasite and Fungi","floor":24,"turns":4},{"damage":13,"enemies":"Slavers","floor":25,"turns":4},{"damage":9,"enemies":"Gremlin Leader","floor":27,"turns":4},{"damage":8,"enemies":"Chosen and Byrds","floor":29,"turns":3},{"damage":14,"enemies":"Cultist and Chosen","floor":30,"turns":4},{"damage":9,"enemies":"Centurion and Healer","floor":31,"turns":5},{"damage":22,"enemies":"Champ","floor":33,"turns":6},{"damage":19,"enemies":"3 Shapes","floor":35,"turns":6},{"damage":0,"enemies":"3 Darklings","floor":37,"turns":4},{"damage":25,"enemies":"2 Orb Walkers","floor":38,"turns":4},{"damage":18,"enemies":"Spire Growth","floor":39,"turns":3},{"damage":42,"enemies":"Jaw Worm Horde","floor":41,"turns":3},{"damage":16,"enemies":"Writhing Mass","floor":48,"turns":4},{"damage":87,"enemies":"Awakened One","floor":50,"turns":9}],"seed_played":"257959685090799305","potions_obtained":[{"floor":1,"key":"DuplicationPotion"},{"floor":8,"key":"Block Potion"},{"floor":11,"key":"Fire Potion"},{"floor":18,"key":"SpeedPotion"},{"floor":20,"key":"PowerPotion"},{"floor":25,"key":"SteroidPotion"},{"floor":29,"key":"Regen Potion"},{"floor":31,"key":"Weak Potion"},{"floor":35,"key":"Weak Potion"},{"floor":38,"key":"PowerPotion"}],"is_trial":false,"path_per_floor":["M","M","M","M","?","R","M","E","T","R","E","M","R","$","R","B",null,"M","M","M","?","$","R","M","E","T","E","R","M","M","M","R","B",null,"M","?","M","?","M","R","M","$","T","?","$","R","?","M","R","B",null],"character_chosen":"THE_SILENT","items_purchased":["Adrenaline","Accuracy","Slice","Terror","SteroidPotion","Regen Potion","Tactician","Blade Dance"],"campfire_rested":4,"item_purchase_floors":[14,22,22,42,42,42,42,42],"current_hp_per_floor":[60,40,37,28,21,42,31,9,9,30,30,30,30,30,30,30,70,70,63,63,63,63,63,59,46,46,37,37,29,15,40,40,18,70,51,51,51,26,8,8,10,10,10,10,10,31,31,15,34,29],"gold":53,"neow_bonus":"RANDOM_COLORLESS_2","is_daily":false,"chose_seed":false,"campfire_upgraded":6,"win_rate":0.0,"timestamp":1609225025,"path_taken":["M","M","M","M","?","R","M","E","T","R","E","M","R","$","R","BOSS","M","M","M","?","$","R","M","E","T","E","R","M","M","M","R","BOSS","M","?","M","?","M","R","M","$","T","?","?","R","?","M","R","BOSS"],"items_purchased_type":["Card","Card","Card","Card","Potion","Potion","Card","Card"],"build_version":"2020-12-22","purchased_purges":2,"victory":true,"max_hp_per_floor":[70,70,70,70,70,70,70,70,70,70,70,70,70,70,70,70,70,70,70,70,70,70,70,70,70,70,70,70,70,70,70,70,70,70,70,70,70,70,70,70,70,70,70,70,70,70,66,66,66,66],"card_choices":[{"not_picked":["Thinking Ahead","Magnetism"],"picked":"Master of Strategy","floor":0},{"not_picked":["Outmaneuver","Underhanded Strike"],"picked":"Accuracy","floor":1},{"not_picked":["Setup","Noxious Fumes"],"picked":"Masterful Stab","floor":2},{"not_picked":["Underhanded Strike","Deadly Poison"],"picked":"Dagger Throw","floor":3},{"not_picked":["Catalyst","Dagger Spray"],"picked":"Finisher","floor":4},{"not_picked":["Deadly Poison","Skewer"],"picked":"Blade Dance","floor":7},{"not_picked":["Footwork","Well Laid Plans"],"picked":"Backflip","floor":8},{"not_picked":["Outmaneuver","Heel Hook"],"picked":"Dodge and Roll","floor":11},{"not_picked":["Underhanded Strike","Prepared"],"picked":"Blade Dance","floor":12},{"not_picked":["Burst","Adrenaline"],"picked":"A Thousand Cuts","floor":16},{"not_picked":["Heel Hook","Backflip"],"picked":"Accuracy","floor":18},{"not_picked":["Outmaneuver","Heel Hook","Acrobatics"],"picked":"SKIP","floor":19},{"not_picked":["Calculated Gamble","Setup"],"picked":"Accuracy","floor":20},{"not_picked":["PiercingWail","Noxious Fumes"],"picked":"Flying Knee+1","floor":24},{"not_picked":["Poisoned Stab","PiercingWail"],"picked":"Masterful Stab","floor":25},{"not_picked":["Well Laid Plans","Bane"],"picked":"Dagger Spray+1","floor":27},{"not_picked":["Prepared","Dodge and Roll"],"picked":"Infinite Blades+1","floor":29},{"not_picked":["Burst","Dash"],"picked":"Infinite Blades","floor":30},{"not_picked":["Riddle With Holes","Deadly Poison"],"picked":"Dodge and Roll","floor":31},{"not_picked":["Glass Knife","Envenom"],"picked":"Venomology","floor":33},{"not_picked":["Flying Knee+1","Acrobatics","Riddle With Holes"],"picked":"SKIP","floor":35},{"not_picked":["Chrysalis","Secret Weapon"],"picked":"Swift Strike","floor":36},{"not_picked":["Underhanded Strike+1","Sucker Punch+1"],"picked":"Cloak And Dagger+1","floor":37},{"not_picked":["Blur","Deadly Poison"],"picked":"Dodge and Roll+1","floor":38},{"not_picked":["Quick Slash+1","Deadly Poison+1"],"picked":"Cloak And Dagger","floor":39},{"not_picked":["Dagger Spray","Poisoned Stab","Reflex+1"],"picked":"SKIP","floor":41},{"not_picked":["Well Laid Plans","Venomology"],"picked":"Backflip+1","floor":48}],"player_experience":223211,"relics_obtained":[{"floor":8,"key":"Bottled Flame"},{"floor":9,"key":"Shuriken"},{"floor":11,"key":"Kunai"},{"floor":25,"key":"The Courier"},{"floor":26,"key":"Nunchaku"},{"floor":27,"key":"Bag of Preparation"},{"floor":38,"key":"Unceasing Top"},{"floor":43,"key":"Lantern"}],"event_choices":[{"cards_removed":["Regret"],"damage_healed":0,"gold_gain":0,"player_choice":"Card Removal","damage_taken":7,"max_hp_gain":0,"max_hp_loss":0,"event_name":"Golden Wing","floor":5,"gold_loss":0},{"damage_healed":0,"gold_gain":0,"player_choice":"Rummage","damage_taken":0,"relics_obtained":["WarpedTongs"],"max_hp_gain":0,"max_hp_loss":0,"event_name":"Accursed Blacksmith","floor":21,"gold_loss":0,"cards_obtained":["Pain"]},{"damage_healed":0,"gold_gain":0,"player_choice":"Memory 1","damage_taken":0,"max_hp_gain":0,"max_hp_loss":0,"event_name":"SensoryStone","floor":36,"gold_loss":0},{"damage_healed":0,"gold_gain":0,"player_choice":"Fight","damage_taken":0,"max_hp_gain":0,"max_hp_loss":0,"event_name":"Mysterious Sphere","floor":38,"gold_loss":0},{"cards_removed":["Escape Plan"],"damage_healed":0,"gold_gain":0,"player_choice":"Removed Skill","damage_taken":0,"max_hp_gain":0,"max_hp_loss":0,"event_name":"Falling","floor":44,"gold_loss":0},{"damage_healed":0,"gold_gain":0,"player_choice":"Max HP","damage_taken":0,"max_hp_gain":0,"max_hp_loss":4,"event_name":"Winding Halls","floor":47,"gold_loss":0}],"is_beta":false,"boss_relics":[{"not_picked":["Cursed Key","Empty Cage"],"picked":"SacredBark"},{"not_picked":["Velvet Choker","Fusion Hammer"],"picked":"Astrolabe"}],"items_purged_floors":[22,42],"is_endless":false,"potions_floor_spawned":[1,8,11,18,20,25,29,31,35,38,48],"ascension_level":3}}