{"host":"j3h0p3l2xgzxhnx7","time":1609256899,"event":{"mods":["BaseMod","Luminous","Marisa????????","Minty Spire (QoL Compilation)","Remilia??????","StSLib","The Bug Knight","The Cursed","The Servant 0.9.4"],"gold_per_floor":[110,125,80,80,30,30,59,77,126,137,154,173,188,188,188,188,188],"floor_reached":16,"playtime":633,"items_purged":[],"score":104,"play_id":"13771840-704b-4599-904c-6444a6d95a00","local_time":"20201229234819","is_ascension_mode":false,"campfire_choices":[{"data":"HollowMod:DashSlash","floor":6,"key":"SMITH"},{"floor":15,"key":"REST"}],"circlet_count":0,"master_deck":["HollowMod:NailStrikeStart","HollowMod:NailStrikeStart","HollowMod:NailStrikeStart","HollowMod:NailStrikeStart","HollowMod:QuickDashStart","HollowMod:QuickDashStart+1","HollowMod:QuickDashStart","HollowMod:FocusHealStart","HollowMod:PogoStrike","HollowMod:BrokenVessel","HollowMod:InfectionAssault","HollowMod:ChannelNail+1","HollowMod:DashSlash+1","HollowMod:SoulStrike","HollowMod:InfectedAttack","HollowMod:CornifersMapStart","HollowMod:SoulSplash","HollowMod:BrokenVessel","HollowMod:InfectedCysts","HollowMod:DashSlash"],"relics":["HollowMod:VesselMask","War Paint","Juzu Bracelet","Lantern"],"acts_visited":["Exordium"],"potions_floor_usage":[7,16,16],"damage_taken":[{"damage":0,"enemies":"Cultist","floor":1,"turns":3},{"damage":11,"enemies":"Jaw Worm","floor":2,"turns":2},{"damage":17,"enemies":"3 Sentries","floor":7,"turns":8},{"damage":4,"enemies":"2 Louse","floor":8,"turns":2},{"damage":18,"enemies":"Exordium Thugs","floor":10,"turns":4},{"damage":15,"enemies":"Exordium Wildlife","floor":11,"turns":3},{"damage":3,"enemies":"2 Fungi Beasts","floor":12,"turns":3},{"damage":13,"enemies":"Looter","floor":13,"turns":2},{"damage":42,"enemies":"Slime Boss","floor":16,"turns":8}],"seed_played":"-622309925819766902","potions_obtained":[{"floor":1,"key":"DuplicationPotion"},{"floor":8,"key":"BlessingOfTheForge"},{"floor":11,"key":"DistilledChaos"}],"is_trial":false,"path_per_floor":["M","M","$","?","$","R","E","M","T","M","M","M","M","T","R","B"],"character_chosen":"THE_BUGKNIGHT","items_purchased":["HollowMod:DashSlash","HollowMod:SoulStrike"],"campfire_rested":1,"item_purchase_floors":[3,5],"current_hp_per_floor":[75,64,64,64,64,64,59,55,55,37,22,19,6,6,28,0,0],"gold":188,"neow_bonus":"TRANSFORM_CARD","is_daily":false,"chose_seed":false,"campfire_upgraded":1,"win_rate":0.0,"timestamp":1609256899,"path_taken":["M","?","?","?","$","R","E","M","T","M","M","M","M","?","R","BOSS"],"items_purchased_type":["Card","Card"],"build_version":"2020-12-22","purchased_purges":0,"victory":false,"max_hp_per_floor":[75,75,75,75,75,75,75,75,75,75,75,75,75,75,75,75,75],"card_choices":[{"not_picked":["HollowMod:CycloneSlash","HollowMod:DoubleDash"],"picked":"HollowMod:InfectionAssault","floor":1},{"not_picked":["HollowMod:MonarchWings","HollowMod:NewLittleFool"],"picked":"HollowMod:ChannelNail","floor":2},{"not_picked":["HollowMod:GrimmsGift","HollowMod:MantisMark"],"picked":"HollowMod:InfectedAttack","floor":7},{"not_picked":["HollowMod:SharpenedNail","HollowMod:ChannelNail"],"picked":"HollowMod:CornifersMapStart","floor":8},{"not_picked":["HollowMod:ChannelNail","HollowMod:SoulMaster"],"picked":"HollowMod:SoulSplash","floor":10},{"not_picked":["HollowMod:LifebloodCocoon","HollowMod:SoulVessel"],"picked":"HollowMod:BrokenVessel","floor":11},{"not_picked":["HollowMod:SiblingsSouls","HollowMod:InfectedAttack"],"picked":"HollowMod:InfectedCysts","floor":12},{"not_picked":["HollowMod:LifebloodCocoon","HollowMod:CrystalDash"],"picked":"HollowMod:DashSlash","floor":13}],"player_experience":48432,"relics_obtained":[{"floor":7,"key":"War Paint"},{"floor":9,"key":"Juzu Bracelet"},{"floor":14,"key":"Lantern"}],"event_choices":[{"damage_healed":0,"gold_gain":0,"player_choice":"Leave","damage_taken":0,"max_hp_gain":0,"max_hp_loss":0,"event_name":"The Cleric","floor":4,"gold_loss":0}],"is_beta":false,"boss_relics":[],"items_purged_floors":[],"is_endless":false,"potions_floor_spawned":[1,8,11],"killed_by":"Slime Boss","ascension_level":0}}