{"host":"hig8qfi5vzbgudte","time":1609284231,"event":{"mods":["BaseMod","Colored Map","Downfall","Hubris","Minty Spire (QoL Compilation)","Quick Restart","StSLib","The Cursed","The Marked","The Servant 0.9.4"],"gold_per_floor":[110,127,127,127,139,139,151,170,170,170,5,22,22,41,41,143,143,162,77,77,54,68,68,87,98,173,192,192,192,192,208,208,312,312,324,324,0,0,11,27,27,27],"floor_reached":41,"playtime":4797,"items_purged":[],"score":437,"play_id":"0848c2db-5871-4b9f-9de8-9618a247fcba","local_time":"20201229172351","is_ascension_mode":false,"campfire_choices":[{"data":"theMarked:Reabsorb","floor":6,"key":"SMITH"},{"floor":10,"key":"REST"},{"data":"theMarked:MaelstromOfLightning","floor":13,"key":"SMITH"},{"data":"theMarked:HeightenedSenses","floor":15,"key":"SMITH"},{"floor":23,"key":"REST"},{"floor":32,"key":"REST"}],"circlet_count":0,"master_deck":["theMarked:Strike","theMarked:Strike","theMarked:Strike","theMarked:Strike","theMarked:Defend","theMarked:Defend","theMarked:Defend","theMarked:Defend","theMarked:SoldierOfQuellstein","theMarked:Reabsorb+1","theMarked:SwordAndMagic","theMarked:HeightenedSenses+1","theMarked:Electrocute","theMarked:MysticalArsenal","theMarked:HeightenedSenses","theMarked:MaelstromOfLightning+1","theMarked:HeritageOfTheMarked","theMarked:BindingBlade","theMarked:WardOff+1","Ghostly","Ghostly","Ghostly","Ghostly","Ghostly","theMarked:ElectricStrings","theMarked:Opportunist+1","theMarked:Aftermath","theMarked:Aftermath+1","theMarked:ReduceFriction","theMarked:Convert","theMarked:PowerFlow","theMarked:GodGivenPower+1","theMarked:EternalStudent","CurseOfTheBell","theMarked:LightningStrikesTwice+1","Writhe","Mind Blast","theMarked:Electrify+1","theMarked:ChainLightning+1"],"relics":["theMarked:ArtifactOfAir","HornCleat","theMarked:Eyepatch","Nunchaku","Mercury Hourglass","InkBottle","Calling Bell","Potion Belt","hubris:MysteriousPyramids","CaptainsWheel","Red Mask"],"acts_visited":["Exordium","TheCity","TheBeyond"],"potions_floor_usage":[27,33,33,33,40],"damage_taken":[{"damage":3,"enemies":"Small Slimes","floor":1,"turns":3},{"damage":0,"enemies":"2 Louse","floor":2,"turns":2},{"damage":6,"enemies":"Cultist","floor":5,"turns":3},{"damage":0,"enemies":"Exordium Wildlife","floor":7,"turns":2},{"damage":14,"enemies":"Blue Slaver","floor":8,"turns":3},{"damage":0,"enemies":"3 Louse","floor":12,"turns":3},{"damage":4,"enemies":"2 Fungi Beasts","floor":14,"turns":3},{"damage":35,"enemies":"Slime Boss","floor":16,"turns":7},{"damage":19,"enemies":"Spheric Guardian","floor":18,"turns":5},{"damage":16,"enemies":"Shell Parasite","floor":22,"turns":7},{"damage":5,"enemies":"Shelled Parasite and Fungi","floor":24,"turns":7},{"damage":6,"enemies":"Cultist and Chosen","floor":25,"turns":6},{"damage":0,"enemies":"Centurion and Healer","floor":27,"turns":8},{"damage":1,"enemies":"Snecko","floor":31,"turns":5},{"damage":26,"enemies":"Champ","floor":33,"turns":9},{"damage":15,"enemies":"Orb Walker","floor":35,"turns":3},{"damage":32,"enemies":"3 Darklings","floor":39,"turns":8},{"damage":4,"enemies":"4 Shapes","floor":40,"turns":4},{"damage":7,"enemies":"Jaw Worm Horde","floor":41,"turns":1}],"seed_played":"-691622716040807623","potions_obtained":[{"floor":2,"key":"ColorlessPotion"},{"floor":5,"key":"Block Potion"},{"floor":8,"key":"Fire Potion"},{"floor":16,"key":"SteroidPotion"},{"floor":22,"key":"Ancient Potion"},{"floor":25,"key":"DuplicationPotion"},{"floor":31,"key":"Ancient Potion"},{"floor":33,"key":"SkillPotion"},{"floor":40,"key":"SkillPotion"}],"is_trial":false,"path_per_floor":["M","M","?","?","M","R","M","M","T","R","$","M","R","M","R","B",null,"M","?","?","$","M","R","M","M","T","M","T","?","?","M","R","B",null,"M","?","?","?","M","M","M"],"character_chosen":"THE_DEFAULT","items_purchased":["theMarked:MysticalArsenal","theMarked:HeightenedSenses","theMarked:ParalyzingBlade","theMarked:ElectricStrings"],"campfire_rested":3,"item_purchase_floors":[11,11,11,21],"current_hp_per_floor":[74,74,79,79,73,73,73,59,59,82,82,82,82,78,78,43,82,63,63,41,41,25,37,32,26,26,26,26,26,29,28,41,15,44,29,40,40,40,8,4,0,0],"gold":27,"neow_bonus":"TEN_PERCENT_HP_BONUS","is_daily":false,"chose_seed":false,"campfire_upgraded":3,"win_rate":0.0,"timestamp":1609284231,"path_taken":["M","M","?","?","M","R","M","M","T","R","$","?","R","M","R","BOSS","M","?","?","$","M","R","M","M","T","M","?","?","?","?","R","BOSS","M","?","?","?","M","M","M"],"items_purchased_type":["Card","Card","Card","Card"],"build_version":"2020-12-22","purchased_purges":0,"victory":false,"max_hp_per_floor":[77,77,82,82,82,82,82,82,82,82,82,82,82,82,82,82,82,82,82,41,41,41,41,41,41,41,41,41,41,44,44,44,44,44,44,44,44,44,44,44,44,44],"card_choices":[{"not_picked":["theMarked:Electrocute","theMarked:EnhanceMovement"],"picked":"theMarked:Reabsorb","floor":1},{"not_picked":["theMarked:WastefulAttack","theMarked:Parkour"],"picked":"theMarked:SwordAndMagic","floor":2},{"not_picked":["theMarked:Electrocute","theMarked:ContemptForTheProud"],"picked":"theMarked:HeightenedSenses","floor":5},{"not_picked":["theMarked:Static","theMarked:Opportunist"],"picked":"theMarked:UnarmedFury","floor":7},{"not_picked":["theMarked:LightningStrikesTwice","theMarked:BanishingWave"],"picked":"theMarked:Electrocute","floor":8},{"not_picked":["theMarked:ParalyzingBlade","theMarked:SelfDefenseTraining"],"picked":"theMarked:MaelstromOfLightning","floor":12},{"not_picked":["theMarked:Aftermath","theMarked:Overcharge"],"picked":"theMarked:HeritageOfTheMarked","floor":14},{"not_picked":["theMarked:Challenge","theMarked:MuscleMemory"],"picked":"theMarked:BindingBlade","floor":16},{"not_picked":["theMarked:ShockingTouch","theMarked:ContemptForTheProud+1"],"picked":"theMarked:WardOff+1","floor":18},{"not_picked":["theMarked:Parkour","theMarked:Improvise"],"picked":"theMarked:Opportunist+1","floor":22},{"not_picked":["theMarked:Generate","theMarked:Improvise"],"picked":"theMarked:Aftermath","floor":24},{"not_picked":["theMarked:ShockingTouch","theMarked:Parkour"],"picked":"theMarked:Aftermath+1","floor":25},{"not_picked":["theMarked:EmpowerWeapon","theMarked:Parkour"],"picked":"theMarked:ReduceFriction","floor":27},{"not_picked":["theMarked:RepellingDischarge","theMarked:Aftermath"],"picked":"theMarked:GodGivenPower+1","floor":31},{"not_picked":["theMarked:Defy","theMarked:FavorableWinds"],"picked":"theMarked:EternalStudent","floor":33},{"not_picked":["theMarked:EnhanceMovement+1","theMarked:ElectricStrings+1"],"picked":"theMarked:LightningStrikesTwice+1","floor":35},{"not_picked":["expansioncontent:DecasProtection","expansioncontent:CaCaw"],"picked":"Mind Blast","floor":38},{"not_picked":["theMarked:Overthink","theMarked:HeritageOfTheMarked+1"],"picked":"theMarked:Electrify+1","floor":39},{"not_picked":["theMarked:Frustration","theMarked:TakeCover+1"],"picked":"theMarked:ChainLightning+1","floor":40}],"player_experience":6197,"relics_obtained":[{"floor":9,"key":"HornCleat"},{"floor":26,"key":"Mercury Hourglass"},{"floor":28,"key":"InkBottle"},{"floor":34,"key":"Potion Belt"},{"floor":34,"key":"hubris:MysteriousPyramids"},{"floor":34,"key":"CaptainsWheel"}],"event_choices":[{"damage_healed":0,"gold_gain":0,"player_choice":"Donut","damage_taken":0,"max_hp_gain":5,"max_hp_loss":0,"event_name":"Big Fish","floor":3,"gold_loss":0},{"cards_removed":["theMarked:Strike"],"damage_healed":0,"gold_gain":0,"player_choice":"Offered Basic","damage_taken":0,"max_hp_gain":0,"max_hp_loss":0,"event_name":"Bonfire Elementals","floor":4,"gold_loss":0},{"damage_healed":0,"gold_gain":0,"player_choice":"Obtained Relic","damage_taken":0,"relics_obtained":["Nunchaku"],"max_hp_gain":0,"max_hp_loss":0,"event_name":"Addict","floor":19,"gold_loss":85},{"damage_healed":0,"gold_gain":0,"player_choice":"Became a Ghost","damage_taken":0,"max_hp_gain":0,"max_hp_loss":41,"event_name":"Ghosts","floor":20,"gold_loss":0,"cards_obtained":["Ghostly","Ghostly","Ghostly","Ghostly","Ghostly"]},{"damage_healed":0,"gold_gain":0,"cards_transformed":["theMarked:UnarmedFury","theMarked:ParalyzingBlade"],"player_choice":"Became Test Subject","damage_taken":0,"max_hp_gain":0,"max_hp_loss":0,"event_name":"Drug Dealer","floor":29,"gold_loss":0,"cards_obtained":["theMarked:Convert","theMarked:PowerFlow"]},{"damage_healed":11,"gold_gain":0,"player_choice":"Writhe","damage_taken":0,"max_hp_gain":0,"max_hp_loss":0,"event_name":"Winding Halls","floor":36,"gold_loss":0,"cards_obtained":["Writhe"]},{"damage_healed":0,"gold_gain":0,"player_choice":"Paid","damage_taken":0,"relics_obtained":["Red Mask"],"max_hp_gain":0,"max_hp_loss":0,"event_name":"Tomb of Lord Red Mask","floor":37,"gold_loss":324},{"damage_healed":0,"gold_gain":0,"player_choice":"Memory 1","damage_taken":0,"max_hp_gain":0,"max_hp_loss":0,"event_name":"SensoryStone","floor":38,"gold_loss":0}],"is_beta":false,"boss_relics":[{"not_picked":["hubris:BlackHole","Sozu"],"picked":"theMarked:Eyepatch"},{"not_picked":["hubris:VirtuousBlindfold","Black Star"],"picked":"Calling Bell"}],"items_purged_floors":[],"is_endless":false,"potions_floor_spawned":[2,5,8,16,22,25,31,33,40],"killed_by":"Jaw Worm Horde","ascension_level":0}}