{"host":"b0hh64pqctf46s8m","time":1609276244,"event":{"mods":["Act Like it!","BaseMod","Bestiary","CCEM","CapriCore","ChefMod","Conspire","Curses Come First","Displayed Cursed Tome","Dota2Spire","Downfall","Ekko","Elementarium","Fireblade Mod","Hallownest","Hermit","Hubris","Infinite Spire","Jess\u0027s Bottle","JesterMod","Jorbs\u0027s Wanderer Trilogy","Lobotomy","Luminous","Menagerie","Minty Spire (QoL Compilation)","Pale of the Ancients","Permanent Neow","Relic Stats","Replay The Spire","Robot Space Explorer","Shade Mod","StSLib","The Blue Laboratory","The Dragon Tamer","The Immortal","The Marked","TheLocksmith","TheSwordswoman","TheVacant","TheWitcher","UnlockEverythingMod","Wandering Minibosses","??????REMEMod","????"],"gold_per_floor":[110,110,110,125,4,4,38,54,54,54,54,1,27,61,61,163,163,183,194,647,665,665,665],"floor_reached":22,"playtime":806,"items_purged":[],"score":192,"play_id":"c9382e1e-be7b-4873-8b32-f5d35385c7ee","local_time":"20201229131044","is_ascension_mode":false,"campfire_choices":[{"data":"RobotSpaceExplorer:Comet","floor":6,"key":"SMITH"},{"data":"RobotSpaceExplorer:ShovelStrike","floor":11,"key":"SMITH"}],"circlet_count":0,"master_deck":["RobotSpaceExplorer:Strike","RobotSpaceExplorer:Strike","RobotSpaceExplorer:Strike","RobotSpaceExplorer:Strike","RobotSpaceExplorer:Defend","RobotSpaceExplorer:Defend","RobotSpaceExplorer:Defend","RobotSpaceExplorer:Defend","RobotSpaceExplorer:Scan","RobotSpaceExplorer:MiniLasers+1","theMarked:Snap","Scorched","RobotSpaceExplorer:Comet+1","RobotSpaceExplorer:LuckyStrike","RobotSpaceExplorer:ShovelStrike+1","RobotSpaceExplorer:Pulsar","RobotSpaceExplorer:MiniBoosters+1","Funeral","RobotSpaceExplorer:Pulsar+1","RobotSpaceExplorer:MiniDrones+1"],"relics":["RobotSpaceExplorer:RoboCore","CogitoBucket","hubris:Icosahedron","Replay:Towering Pillar of Hats","conspire:DecoderRing","Odd Mushroom","Lantern","Replay:Bronze Core","infinitespire:WardingShard"],"acts_visited":["Exordium","Hallownest:CityofTears"],"potions_floor_usage":[18,18,22],"damage_taken":[{"damage":1,"enemies":"2 Louse","floor":1,"turns":3},{"damage":11,"enemies":"Jaw Worm","floor":4,"turns":2},{"damage":36,"enemies":"3 Sentries","floor":7,"turns":4},{"damage":0,"enemies":"Cultist","floor":8,"turns":2},{"damage":0,"enemies":"The Mushroom Lair","floor":13,"turns":2},{"damage":19,"enemies":"Lagavulin","floor":14,"turns":5},{"damage":44,"enemies":"Hexaghost","floor":16,"turns":8},{"damage":30,"enemies":"Hallownest:Guard_and_Sentry","floor":18,"turns":3},{"damage":0,"enemies":"Hallownest:3_Youths","floor":19,"turns":3},{"damage":16,"enemies":"Hallownest:Master_and_Novice","floor":21,"turns":3},{"damage":35,"enemies":"Hallownest:monsterMisterMushroom","floor":22,"turns":5}],"seed_played":"8414071309874242712","potions_obtained":[{"floor":7,"key":"Fire Potion"},{"floor":8,"key":"blueLaboratory:LouseDecoction"},{"floor":13,"key":"CultistPotion"},{"floor":16,"key":"blueLaboratory:EmptyBottle"},{"floor":18,"key":"DuplicationPotion"}],"is_trial":false,"path_per_floor":["M","?","?","M","$","R","E","M","T","?","R","$","?","E","R","B",null,"M","M","?","M","M"],"character_chosen":"RobotSpaceExplorer","items_purchased":["RobotSpaceExplorer:LuckyStrike","blueLaboratory:BottleOfRum","RobotSpaceExplorer:Pulsar"],"campfire_rested":0,"item_purchase_floors":[5,5,12],"current_hp_per_floor":[74,74,74,63,63,63,27,27,27,27,27,27,27,8,30,31,75,45,46,46,31,0,0],"gold":665,"neow_bonus":"","is_daily":false,"chose_seed":false,"campfire_upgraded":2,"win_rate":0.0,"timestamp":1609276244,"path_taken":["M","?","?","M","$","R","E","M","T","?","R","$","?","E","R","BOSS","M","M","?","M","M"],"items_purchased_type":["Card","Potion","Card"],"build_version":"2020-12-22","purchased_purges":0,"victory":false,"max_hp_per_floor":[75,75,75,75,75,75,75,75,75,75,75,75,75,75,75,75,75,75,75,75,75,75,75],"relic_stats":{"counters":[12,41],"obtain_stats":[{"CogitoBucket":0,"Lantern":14,"hubris:Icosahedron":2,"Replay:Towering Pillar of Hats":7,"infinitespire:WardingShard":19,"conspire:DecoderRing":9,"Replay:Bronze Core":17,"RobotSpaceExplorer:RoboCore":0,"Odd Mushroom":13,"REME_ComplimentaryCards":0},{"CogitoBucket":0,"Lantern":6,"hubris:Icosahedron":1,"Replay:Towering Pillar of Hats":3,"infinitespire:WardingShard":10,"conspire:DecoderRing":4,"Replay:Bronze Core":7,"RobotSpaceExplorer:RoboCore":0,"Odd Mushroom":5,"REME_ComplimentaryCards":0},{"CogitoBucket":0,"Lantern":18,"hubris:Icosahedron":3,"Replay:Towering Pillar of Hats":9,"infinitespire:WardingShard":33,"conspire:DecoderRing":11,"Replay:Bronze Core":26,"RobotSpaceExplorer:RoboCore":0,"Odd Mushroom":13,"REME_ComplimentaryCards":0}]},"card_choices":[{"not_picked":["HeroicMonk","OSAHOGD"],"picked":"Scorched","floor":1},{"not_picked":["RobotSpaceExplorer:Ammunition","RobotSpaceExplorer:ScrapShield"],"picked":"RobotSpaceExplorer:ScrapMissile","floor":1},{"not_picked":["RobotSpaceExplorer:Comet","RobotSpaceExplorer:StunGrenade","RobotSpaceExplorer:LuckyStrike"],"picked":"SKIP","floor":4},{"not_picked":["RobotSpaceExplorer:StunGrenade","RobotSpaceExplorer:LuckyStrike"],"picked":"RobotSpaceExplorer:Comet","floor":4},{"not_picked":["RobotSpaceExplorer:StarDust","RobotSpaceExplorer:Discharger"],"picked":"RobotSpaceExplorer:ShovelStrike","floor":7},{"not_picked":["RobotSpaceExplorer:StunGrenade","RobotSpaceExplorer:Blitz","RobotSpaceExplorer:SlimeMissile"],"picked":"SKIP","floor":8},{"not_picked":["RobotSpaceExplorer:StunGrenade","RobotSpaceExplorer:Blitz","RobotSpaceExplorer:SlimeMissile"],"picked":"SKIP","floor":8},{"not_picked":["RobotSpaceExplorer:Asteroid","RobotSpaceExplorer:MiniDrones"],"picked":"RobotSpaceExplorer:MiniBoosters","floor":14},{"not_picked":["RobotSpaceExplorer:Arsenal","RobotSpaceExplorer:Wormhole"],"picked":"RobotSpaceExplorer:Exploration","floor":16},{"not_picked":["LittleHelper","SingingMachine"],"picked":"Funeral","floor":18},{"not_picked":["RobotSpaceExplorer:ScrapMissile","RobotSpaceExplorer:Smokescreen"],"picked":"RobotSpaceExplorer:Pulsar+1","floor":18},{"not_picked":["RobotSpaceExplorer:Ammunition","RobotSpaceExplorer:PowerGlove"],"picked":"RobotSpaceExplorer:MiniDrones+1","floor":19},{"not_picked":["RobotSpaceExplorer:ShockKick","RobotSpaceExplorer:DoubleBlock","RobotSpaceExplorer:Counterblock"],"picked":"SKIP","floor":21}],"player_experience":1410563,"relics_obtained":[{"floor":7,"key":"Replay:Towering Pillar of Hats"},{"floor":9,"key":"conspire:DecoderRing"},{"floor":13,"key":"Odd Mushroom"},{"floor":14,"key":"Lantern"},{"floor":19,"key":"infinitespire:WardingShard"}],"event_choices":[{"damage_healed":0,"gold_gain":0,"player_choice":"Grow","damage_taken":0,"max_hp_gain":0,"max_hp_loss":0,"event_name":"Living Wall","floor":3,"gold_loss":0,"cards_upgraded":["RobotSpaceExplorer:MiniLasers"]},{"damage_healed":0,"gold_gain":0,"player_choice":"Leave","damage_taken":0,"max_hp_gain":0,"max_hp_loss":0,"event_name":"conspire:Investor","floor":10,"gold_loss":0},{"damage_healed":0,"gold_gain":0,"player_choice":"Fought Mushrooms","damage_taken":0,"max_hp_gain":0,"max_hp_loss":0,"event_name":"Mushrooms","floor":13,"gold_loss":0}],"is_beta":false,"boss_relics":[{"not_picked":["Sozu","ReplayTheSpireMod:DimensionalGlitch"],"picked":"Replay:Bronze Core"}],"items_purged_floors":[],"is_endless":false,"potions_floor_spawned":[7,8,13,16,18],"killed_by":"Hallownest:monsterMisterMushroom","ascension_level":0}}