{"host":"31s8hzukbhz1k6i6","time":1609210120,"event":{"mods":["BaseMod","Colored Map","Minty Spire (QoL Compilation)","Relic Stats","UnlockEverythingMod"],"gold_per_floor":[116,116,129,12,25,25,57,71,71,100,100,25,50,50,50,150,150,165,179,179,195,18,18,30,55,55,55,67,93,93,113,113,214,214,234,252,267,281,294,326,326,361,437,455,63,75,75,75,75,75],"floor_reached":51,"playtime":2558,"items_purged":["Strike_G","Tactician"],"score":1266,"play_id":"bd87ea52-2d3d-4db2-993a-565c0de5e3f9","local_time":"20201228184840","is_ascension_mode":true,"campfire_choices":[{"data":"Terror","floor":6.0,"key":"SMITH"},{"data":"Doppelganger","floor":11.0,"key":"SMITH"},{"data":"Deadly Poison","floor":15.0,"key":"SMITH"},{"data":"Catalyst","floor":23.0,"key":"SMITH"},{"floor":27.0,"key":"REST"},{"data":"Malaise","floor":32.0,"key":"SMITH"},{"data":"Footwork","floor":41.0,"key":"SMITH"},{"data":"Footwork","floor":49,"key":"SMITH"}],"circlet_count":0,"master_deck":["AscendersBane","Survivor","Neutralize","Blade Dance","Terror+1","Footwork+1","Deadly Poison+1","Deadly Poison","Doppelganger+1","Dodge and Roll","Malaise+1","Bane","Dagger Spray","Die Die Die","Dagger Throw","Crippling Poison","Blur","Leg Sweep","Escape Plan","Deadly Poison+1","Catalyst+1","Deadly Poison+1","Escape Plan+1","Blur","Calculated Gamble","Acrobatics","Acrobatics+1","Acrobatics+1","Venomology","Footwork+1"],"relics":["Ring of the Snake","NeowsBlessing","Gremlin Horn","Pocketwatch","Calipers","Pantograph","Pandora\u0027s Box","Turnip","Meat on the Bone","Sundial","Coffee Dripper","Mercury Hourglass","Tingsha","FossilizedHelix"],"acts_visited":["Exordium","TheCity","TheBeyond"],"potions_floor_usage":[50,50],"damage_taken":[{"damage":0.0,"enemies":"2 Louse","floor":1.0,"turns":1.0},{"damage":0.0,"enemies":"Cultist","floor":3.0,"turns":1.0},{"damage":0.0,"enemies":"Jaw Worm","floor":5.0,"turns":1.0},{"damage":6.0,"enemies":"3 Sentries","floor":7.0,"turns":11.0},{"damage":4.0,"enemies":"Looter","floor":8.0,"turns":3.0},{"damage":11.0,"enemies":"Lagavulin","floor":10.0,"turns":7.0},{"damage":11.0,"enemies":"3 Sentries","floor":13.0,"turns":11.0},{"damage":39.0,"enemies":"Slime Boss","floor":16.0,"turns":19.0},{"damage":17.0,"enemies":"Spheric Guardian","floor":18.0,"turns":4.0},{"damage":0.0,"enemies":"3 Byrds","floor":19.0,"turns":4.0},{"damage":20.0,"enemies":"Cultist and Chosen","floor":21.0,"turns":5.0},{"damage":3.0,"enemies":"Snake Plant","floor":24.0,"turns":5.0},{"damage":13.0,"enemies":"Slavers","floor":25.0,"turns":2.0},{"damage":12.0,"enemies":"Shelled Parasite and Fungi","floor":28.0,"turns":5.0},{"damage":21.0,"enemies":"Book of Stabbing","floor":29.0,"turns":5.0},{"damage":3.0,"enemies":"Snecko","floor":31.0,"turns":4.0},{"damage":27.0,"enemies":"Collector","floor":33.0,"turns":5.0},{"damage":4.0,"enemies":"3 Shapes","floor":35.0,"turns":5.0},{"damage":8.0,"enemies":"Orb Walker","floor":36.0,"turns":3.0},{"damage":1.0,"enemies":"Maw","floor":37.0,"turns":7.0},{"damage":19.0,"enemies":"4 Shapes","floor":38.0,"turns":6.0},{"damage":17.0,"enemies":"Spire Growth","floor":39.0,"turns":4.0},{"damage":0.0,"enemies":"Nemesis","floor":40.0,"turns":5.0},{"damage":0.0,"enemies":"Giant Head","floor":42.0,"turns":8.0},{"damage":8.0,"enemies":"Writhing Mass","floor":44.0,"turns":6.0},{"damage":2.0,"enemies":"Transient","floor":46.0,"turns":5.0},{"damage":14,"enemies":"Awakened One","floor":50,"turns":17}],"seed_played":"3184102806113522875","potions_obtained":[{"floor":3.0,"key":"BlessingOfTheForge"},{"floor":5.0,"key":"Energy Potion"},{"floor":7.0,"key":"DuplicationPotion"},{"floor":13.0,"key":"Strength Potion"},{"floor":21.0,"key":"CunningPotion"},{"floor":24.0,"key":"AttackPotion"},{"floor":29.0,"key":"AttackPotion"},{"floor":36.0,"key":"DistilledChaos"},{"floor":38.0,"key":"LiquidMemories"},{"floor":44.0,"key":"Explosive Potion"},{"floor":46.0,"key":"SkillPotion"}],"is_trial":false,"path_per_floor":["M","?","M","$","M","R","E","M","T","E","R","$","E","?","R","B",null,"M","M","?","M","$","R","M","E","T","R","M","E","?","M","R","B",null,"M","M","M","M","M","E","R","E","T","M","$","M","$","$","R","B",null],"character_chosen":"THE_SILENT","items_purchased":["Footwork","PowerPotion","Catalyst","Footwork","FossilizedHelix"],"campfire_rested":1,"item_purchase_floors":[4,4,22,45,45],"current_hp_per_floor":[63,63,63,63,63,63,57,53,53,42,42,42,31,24,24,10,55,38,38,38,18,18,18,15,2,2,23,23,14,14,23,23,33,61,57,49,48,41,36,36,36,36,36,40,40,38,38,38,38,49],"gold":75,"neow_bonus":"THREE_ENEMY_KILL","is_daily":false,"chose_seed":false,"campfire_upgraded":7,"win_rate":0.0,"timestamp":1609210120,"path_taken":["M","?","M","?","M","R","E","M","T","E","R","$","E","?","R","BOSS","M","M","?","M","$","R","M","E","T","R","?","E","?","M","R","BOSS","M","M","M","M","M","E","R","E","T","M","$","M","$","?","R","BOSS"],"items_purchased_type":["Card","Potion","Card","Card","Relic"],"build_version":"2020-12-22","purchased_purges":2,"victory":true,"max_hp_per_floor":[70,70,70,70,70,70,70,70,70,70,70,70,70,70,70,70,70,70,70,70,70,70,70,70,70,70,70,70,70,70,70,70,70,70,70,70,70,70,70,70,70,70,70,70,70,70,70,70,70,70],"relic_stats":{"Gremlin Horn":[21,21],"counters":[27,159],"Sundial":[12],"Pantograph":75,"Pandora\u0027s Box":["Bane","Dagger Spray","Die Die Die","Dagger Throw","Crippling Poison","Blur","Leg Sweep"],"Tingsha":[48],"Turnip":[6],"obtain_stats":[{"Calipers":10,"NeowsBlessing":0,"Gremlin Horn":7,"Tingsha":42,"Mercury Hourglass":40,"Sundial":29,"Pantograph":13,"Pandora\u0027s Box":17,"Turnip":25,"Coffee Dripper":34,"FossilizedHelix":45,"Ring of the Snake":0,"Pocketwatch":9,"Meat on the Bone":26},{"Calipers":6,"NeowsBlessing":0,"Gremlin Horn":4,"Tingsha":24,"Mercury Hourglass":23,"Sundial":15,"Pantograph":7,"Pandora\u0027s Box":8,"Turnip":13,"Coffee Dripper":17,"FossilizedHelix":25,"Ring of the Snake":0,"Pocketwatch":5,"Meat on the Bone":13},{"Calipers":24,"NeowsBlessing":0,"Gremlin Horn":14,"Tingsha":131,"Mercury Hourglass":123,"Sundial":84,"Pantograph":35,"Pandora\u0027s Box":54,"Turnip":74,"Coffee Dripper":93,"FossilizedHelix":137,"Ring of the Snake":0,"Pocketwatch":17,"Meat on the Bone":74}],"Ring of the Snake":[54],"Pocketwatch":[87],"Meat on the Bone":84,"Mercury Hourglass":[117]},"card_choices":[{"not_picked":["Noxious Fumes","Endless Agony"],"picked":"Blade Dance","floor":1.0},{"not_picked":["Sucker Punch","Deadly Poison"],"picked":"Terror","floor":3.0},{"not_picked":["PiercingWail","Underhanded Strike"],"picked":"Deadly Poison","floor":5.0},{"not_picked":["Flechettes","Eviscerate","Caltrops"],"picked":"SKIP","floor":7.0},{"not_picked":["Setup","Underhanded Strike"],"picked":"Deadly Poison","floor":8.0},{"not_picked":["Slice","Cloak And Dagger"],"picked":"Doppelganger","floor":10.0},{"not_picked":["Calculated Gamble","Caltrops"],"picked":"Dodge and Roll","floor":13.0},{"not_picked":["Doppelganger","Phantasmal Killer"],"picked":"Malaise","floor":16.0},{"not_picked":["Deflect","Cloak And Dagger","Dodge and Roll"],"picked":"SKIP","floor":18.0},{"not_picked":["Quick Slash","Flying Knee"],"picked":"Escape Plan","floor":19.0},{"not_picked":["Acrobatics","Prepared","Dodge and Roll"],"picked":"SKIP","floor":21.0},{"not_picked":["Flechettes","Heel Hook+1"],"picked":"Deadly Poison+1","floor":24.0},{"not_picked":["Riddle With Holes","Backstab"],"picked":"Escape Plan+1","floor":25.0},{"not_picked":["Dagger Throw","Underhanded Strike","Deadly Poison"],"picked":"SKIP","floor":28.0},{"not_picked":["Setup","Concentrate"],"picked":"Blur","floor":29.0},{"not_picked":["Poisoned Stab+1","Bane","Eviscerate+1"],"picked":"SKIP","floor":31.0},{"not_picked":["Outmaneuver+1","Skewer+1"],"picked":"Calculated Gamble","floor":35.0},{"not_picked":["Deadly Poison","Dodge and Roll","Underhanded Strike+1"],"picked":"SKIP","floor":36.0},{"not_picked":["Outmaneuver+1","Cloak And Dagger+1"],"picked":"Acrobatics","floor":37.0},{"not_picked":["Slice+1","Quick Slash+1","Blade Dance+1"],"picked":"SKIP","floor":38.0},{"not_picked":["Outmaneuver+1","Prepared"],"picked":"Acrobatics+1","floor":39.0},{"not_picked":["Backstab+1","Prepared"],"picked":"Acrobatics+1","floor":40.0},{"not_picked":["Terror","Quick Slash+1"],"picked":"Venomology","floor":42.0},{"not_picked":["Accuracy","Slice+1","Dagger Spray+1"],"picked":"SKIP","floor":44.0},{"not_picked":["Flechettes+1","Reflex+1","Backstab"],"picked":"SKIP","floor":46.0}],"player_experience":70734,"relics_obtained":[{"floor":7.0,"key":"Gremlin Horn"},{"floor":9.0,"key":"Pocketwatch"},{"floor":10.0,"key":"Calipers"},{"floor":13.0,"key":"Pantograph"},{"floor":25.0,"key":"Turnip"},{"floor":26.0,"key":"Meat on the Bone"},{"floor":29.0,"key":"Sundial"},{"floor":40.0,"key":"Mercury Hourglass"},{"floor":42.0,"key":"Tingsha"}],"event_choices":[{"damage_healed":0.0,"max_hp_gain":0.0,"max_hp_loss":0.0,"gold_gain":0.0,"cards_transformed":["Strike_G"],"event_name":"Transmorgrifier","player_choice":"Transformed","floor":2.0,"gold_loss":0.0,"damage_taken":0.0,"cards_obtained":["Tactician"]},{"cards_removed":["Strike_G"],"damage_healed":0.0,"max_hp_gain":0.0,"max_hp_loss":0.0,"gold_gain":0.0,"event_name":"Golden Wing","player_choice":"Card Removal","floor":14.0,"gold_loss":0.0,"damage_taken":7.0},{"damage_healed":0.0,"max_hp_gain":0.0,"max_hp_loss":0.0,"gold_gain":0.0,"event_name":"Duplicator","player_choice":"Copied","floor":20.0,"gold_loss":0.0,"damage_taken":0.0,"cards_obtained":["Deadly Poison"]},{"damage_healed":0.0,"max_hp_gain":0.0,"max_hp_loss":0.0,"gold_gain":0.0,"event_name":"NoteForYourself","player_choice":"Ignored","floor":30.0,"gold_loss":0.0,"damage_taken":0.0}],"is_beta":false,"boss_relics":[{"not_picked":["SacredBark","Calling Bell"],"picked":"Pandora\u0027s Box"},{"not_picked":["Tiny House","Philosopher\u0027s Stone"],"picked":"Coffee Dripper"}],"items_purged_floors":[12,22],"is_endless":false,"potions_floor_spawned":[3,5,7,13,21,24,29,36,38,44,46],"ascension_level":10}}