{"host":"dpbezu80jg8zk7un","time":1609266827,"event":{"mods":["BaseMod","Colored Map","Colored Powertips","Custom Start","DeckTracker","Minty Spire (QoL Compilation)","Quick Restart","StSLib","SuperFastMode"],"gold_per_floor":[109,126,139,153,78,78,97,126,153,153,153,153,180,206,206,283,283,296,186,111,121,145,145,158,188,188,188,222,222,222,251,251,323,323,337,29,48,48,103,134,134,152,201,201,201,221,221,256,256,256,256,256,256,131,159,159],"floor_reached":57,"playtime":1738,"items_purged":["Defend_P","Defend_P","Eruption+1"],"score":3048,"play_id":"65d8d954-c3dc-413f-ad0c-e293d841774c","local_time":"20201230033347","is_ascension_mode":true,"campfire_choices":[{"data":"Eruption","floor":6.0,"key":"SMITH"},{"data":"FlurryOfBlows","floor":10.0,"key":"SMITH"},{"data":"Tantrum","floor":12.0,"key":"SMITH"},{"data":"FollowUp","floor":15.0,"key":"SMITH"},{"floor":23.0,"key":"REST"},{"floor":27.0,"key":"REST"},{"data":"CrushJoints","floor":30.0,"key":"SMITH"},{"floor":32.0,"key":"RECALL"},{"data":"Scrawl","floor":41.0,"key":"SMITH"},{"floor":45.0,"key":"REST"},{"floor":47.0,"key":"REST"},{"data":"Madness","floor":49.0,"key":"SMITH"},{"floor":53.0,"key":"REST"}],"circlet_count":0,"master_deck":["AscendersBane","Vigilance","EmptyFist+1","Tantrum+1","FlurryOfBlows+1","Scrawl+1","CrushJoints+1","Scrawl+1","TalkToTheHand+1","Adaptation+1","Madness","Madness+1"],"relics":["PureWater","Pen Nib","Tiny Chest","Odd Mushroom","Whetstone","VioletLotus","Happy Flower","Frozen Egg 2","WingedGreaves","StrikeDummy","Empty Cage","TheAbacus","Peace Pipe","Dream Catcher","MealTicket","Bag of Marbles","Bottled Tornado","Boot"],"acts_visited":["Exordium","TheCity","TheBeyond","TheEnding"],"potions_floor_usage":[56,56],"damage_taken":[{"damage":9.0,"enemies":"Jaw Worm","floor":1.0,"turns":3.0},{"damage":0.0,"enemies":"2 Louse","floor":2.0,"turns":3.0},{"damage":0.0,"enemies":"Small Slimes","floor":3.0,"turns":2.0},{"damage":0.0,"enemies":"Exordium Wildlife","floor":4.0,"turns":2.0},{"damage":8.0,"enemies":"Lots of Slimes","floor":7.0,"turns":4.0},{"damage":0.0,"enemies":"Gremlin Nob","floor":8.0,"turns":2.0},{"damage":0.0,"enemies":"The Mushroom Lair","floor":13.0,"turns":2.0},{"damage":0.0,"enemies":"Lagavulin","floor":14.0,"turns":3.0},{"damage":18.0,"enemies":"Hexaghost","floor":16.0,"turns":5.0},{"damage":16.0,"enemies":"Shell Parasite","floor":18.0,"turns":2.0},{"damage":0.0,"enemies":"2 Thieves","floor":21.0,"turns":1.0},{"damage":16.0,"enemies":"Snake Plant","floor":24.0,"turns":2.0},{"damage":8.0,"enemies":"Slavers","floor":25.0,"turns":2.0},{"damage":0.0,"enemies":"Book of Stabbing","floor":28.0,"turns":1.0},{"damage":1.0,"enemies":"Gremlin Leader","floor":31.0,"turns":3.0},{"damage":13.0,"enemies":"Champ","floor":33.0,"turns":4.0},{"damage":0.0,"enemies":"3 Darklings","floor":35.0,"turns":3.0},{"damage":0.0,"enemies":"Orb Walker","floor":37.0,"turns":2.0},{"damage":0.0,"enemies":"2 Orb Walkers","floor":39.0,"turns":1.0},{"damage":0.0,"enemies":"Reptomancer","floor":40.0,"turns":1.0},{"damage":29.0,"enemies":"4 Shapes","floor":42.0,"turns":2.0},{"damage":0.0,"enemies":"Spire Growth","floor":46.0,"turns":1.0},{"damage":0.0,"enemies":"Nemesis","floor":48.0,"turns":1.0},{"damage":16.0,"enemies":"Donu and Deca","floor":50.0,"turns":3.0},{"damage":32.0,"enemies":"Awakened One","floor":51.0,"turns":4.0},{"damage":0.0,"enemies":"Shield and Spear","floor":55.0,"turns":1.0},{"damage":42,"enemies":"The Heart","floor":56,"turns":5}],"seed_played":"5015250799950106515","potions_obtained":[{"floor":3.0,"key":"Ancient Potion"},{"floor":7.0,"key":"SteroidPotion"},{"floor":8.0,"key":"PowerPotion"},{"floor":21.0,"key":"AttackPotion"},{"floor":28.0,"key":"ColorlessPotion"},{"floor":31.0,"key":"LiquidBronze"},{"floor":35.0,"key":"PowerPotion"}],"is_trial":false,"path_per_floor":["M","M","M","M","?","R","M","E","T","R","?","R","?","E","R","B",null,"M","?","$","M","T","R","M","E","T","R","E","?","R","E","R","B",null,"M","$","M","?","?","E","R","M","T","T","R","M","R","E","R","B","B",null,"R","$","E","B",null],"character_chosen":"WATCHER","items_purchased":["Adaptation+1","TheAbacus"],"campfire_rested":5,"item_purchase_floors":[36,36],"current_hp_per_floor":[52,52,52,52,52,52,44,44,44,44,37,37,37,37,37,19,51,35,35,35,35,35,53,37,29,29,47,47,47,47,46,46,33,55,55,55,55,44,44,44,44,15,15,15,33,33,51,51,51,35,3,47,62,62,62,20],"gold":159,"neow_bonus":"REMOVE_TWO","is_daily":false,"chose_seed":false,"campfire_upgraded":7,"win_rate":0.0,"timestamp":1609266827,"path_taken":["M","M","M","M","?","R","M","E","T","R","?","R","?","E","R","BOSS","M","?","$","M","?","R","M","E","T","R","E","?","R","E","R","BOSS","M","$","M","?","?","E","R","M","T","?","R","M","R","E","R","BOSS","BOSS","R","$","E","BOSS"],"items_purchased_type":["Card","Relic"],"build_version":"2020-12-22","purchased_purges":3,"victory":true,"max_hp_per_floor":[62,62,62,62,62,62,62,62,62,62,62,62,62,62,62,62,62,62,62,62,62,62,62,62,62,62,62,62,62,62,62,62,62,62,62,62,62,62,62,62,62,62,62,62,62,62,62,62,62,62,62,62,62,62,62,62],"card_choices":[{"not_picked":["ClearTheMind","Weave"],"picked":"FollowUp","floor":1.0},{"not_picked":["EmptyBody","JustLucky","Fasting2"],"picked":"SKIP","floor":2.0},{"not_picked":["Consecrate","Collect"],"picked":"EmptyFist","floor":3.0},{"not_picked":["FlurryOfBlows","Consecrate"],"picked":"Tantrum","floor":4.0},{"not_picked":["SpiritShield","Halt"],"picked":"FlurryOfBlows","floor":7.0},{"not_picked":["Halt","EmptyBody","ReachHeaven"],"picked":"SKIP","floor":8.0},{"not_picked":["DevaForm","Ragnarok","SandsOfTime"],"picked":"SKIP","floor":14.0},{"not_picked":["Ragnarok","Omniscience"],"picked":"Scrawl","floor":16.0},{"not_picked":["Worship","Prostrate"],"picked":"CrushJoints","floor":18.0},{"not_picked":["FollowUp+1","ThirdEye","FlurryOfBlows+1"],"picked":"SKIP","floor":21.0},{"not_picked":["Prostrate","Indignation","PathToVictory"],"picked":"SKIP","floor":24.0},{"not_picked":["SandsOfTime","FollowUp","SashWhip"],"picked":"SKIP","floor":25.0},{"not_picked":["Weave","CrushJoints","Consecrate"],"picked":"SKIP","floor":28.0},{"not_picked":["Halt","ThirdEye","Evaluate"],"picked":"SKIP","floor":31.0},{"not_picked":["MasterReality+1","Devotion+1"],"picked":"Scrawl","floor":33.0},{"not_picked":["Halt","Prostrate"],"picked":"TalkToTheHand+1","floor":35.0},{"not_picked":["LikeWater+1","Halt","PathToVictory+1"],"picked":"SKIP","floor":37.0},{"not_picked":["Crescendo","JustLucky+1","Indignation"],"picked":"SKIP","floor":40.0},{"not_picked":["FollowUp","Halt","Swivel"],"picked":"SKIP","floor":42.0},{"not_picked":["Halt","Crescendo","EmptyBody+1"],"picked":"SKIP","floor":46.0},{"not_picked":["DeceiveReality+1","DeusExMachina","Tantrum"],"picked":"SKIP","floor":48.0},{"not_picked":["FollowUp","Prostrate","Meditate"],"picked":"SKIP","floor":55.0}],"player_experience":2799654,"relics_obtained":[{"floor":8.0,"key":"Pen Nib"},{"floor":9.0,"key":"Tiny Chest"},{"floor":13.0,"key":"Odd Mushroom"},{"floor":14.0,"key":"Whetstone"},{"floor":25.0,"key":"Happy Flower"},{"floor":26.0,"key":"Frozen Egg 2"},{"floor":28.0,"key":"WingedGreaves"},{"floor":31.0,"key":"StrikeDummy"},{"floor":39.0,"key":"Peace Pipe"},{"floor":40.0,"key":"Dream Catcher"},{"floor":43.0,"key":"MealTicket"},{"floor":44.0,"key":"Bag of Marbles"},{"floor":48.0,"key":"Bottled Tornado"},{"floor":55.0,"key":"Boot"}],"event_choices":[{"cards_removed":["Strike_P"],"damage_healed":0.0,"max_hp_gain":0.0,"max_hp_loss":0.0,"gold_gain":0.0,"event_name":"The Cleric","player_choice":"Card Removal","floor":5.0,"gold_loss":75.0,"damage_taken":0.0},{"cards_removed":["Defend_P"],"damage_healed":0.0,"max_hp_gain":0.0,"max_hp_loss":0.0,"gold_gain":0.0,"event_name":"Golden Wing","player_choice":"Card Removal","floor":11.0,"gold_loss":0.0,"damage_taken":7.0},{"damage_healed":0.0,"max_hp_gain":0.0,"max_hp_loss":0.0,"gold_gain":0.0,"event_name":"Mushrooms","player_choice":"Fought Mushrooms","floor":13.0,"gold_loss":0.0,"damage_taken":0.0},{"cards_removed":["Strike_P"],"damage_healed":0.0,"max_hp_gain":0.0,"max_hp_loss":0.0,"gold_gain":0.0,"event_name":"Designer","player_choice":"Upgrade and Remove","floor":19.0,"gold_loss":110.0,"damage_taken":0.0,"cards_upgraded":["Scrawl"]},{"damage_healed":0.0,"max_hp_gain":0.0,"max_hp_loss":0.0,"gold_gain":0.0,"event_name":"The Mausoleum","player_choice":"Ignored","floor":29.0,"gold_loss":0.0,"damage_taken":0.0},{"damage_healed":0.0,"max_hp_gain":0.0,"max_hp_loss":0.0,"gold_gain":0.0,"event_name":"Winding Halls","player_choice":"Embrace Madness","floor":38.0,"gold_loss":0.0,"damage_taken":11.0,"cards_obtained":["Madness","Madness"]},{"damage_healed":0.0,"max_hp_gain":0.0,"max_hp_loss":0.0,"gold_gain":0.0,"event_name":"Mysterious Sphere","player_choice":"Fight","floor":39.0,"gold_loss":0.0,"damage_taken":0.0}],"is_beta":false,"boss_relics":[{"not_picked":["Pandora\u0027s Box","Tiny House"],"picked":"VioletLotus"},{"not_picked":["Snecko Eye","Philosopher\u0027s Stone"],"picked":"Empty Cage"}],"items_purged_floors":[20,36,54],"is_endless":false,"potions_floor_spawned":[3,7,8,13,21,28,31,33,35,37,39,46],"ascension_level":20}}