{"host":"mi0eibewekhugwl1","time":1609240523,"event":{"mods":["AchievementEnabler","BaseMod","Colored Map","Colored Powertips","DeckTracker","Keyboard Shortcuts","Minty Spire (QoL Compilation)","Quick Restart","Rare Cards Sparkle","Relic Stats","StSLib","SuperFastMode","everything is the same but u backflip on backflip"],"gold_per_floor":[363,373,124,124,139,139,166,166,166,227,47,47,58,58,58,137,137,156,166,166,179,379,379,392,392,392],"floor_reached":25,"playtime":483,"items_purged":["Strike_R","Strike_R"],"score":382,"play_id":"ba4eb5cf-b33e-496f-9099-654601a681e0","local_time":"20201229201523","is_ascension_mode":true,"campfire_choices":[{"data":"Wild Strike","floor":6,"key":"SMITH"},{"data":"Evolve","floor":8,"key":"SMITH"},{"data":"Disarm","floor":12,"key":"SMITH"},{"data":"Bash","floor":15,"key":"SMITH"},{"floor":23,"key":"REST"}],"circlet_count":0,"master_deck":["AscendersBane","Strike_R","Strike_R","Strike_R","Defend_R","Defend_R","Defend_R","Defend_R","Bash+1","Shrug It Off","Disarm+1","Wild Strike+1","Second Wind","Evolve+1","Feel No Pain","Twin Strike","Fiend Fire","Whirlwind","Reckless Charge","Feed"],"relics":["Burning Blood","Odd Mushroom","Bottled Tornado","SlaversCollar"],"acts_visited":["Exordium","TheCity"],"potions_floor_usage":[16,24],"damage_taken":[{"damage":1,"enemies":"Cultist","floor":1,"turns":3},{"damage":7,"enemies":"2 Louse","floor":2,"turns":3},{"damage":2,"enemies":"Jaw Worm","floor":5,"turns":3},{"damage":36,"enemies":"The Mushroom Lair","floor":7,"turns":6},{"damage":1,"enemies":"2 Fungi Beasts","floor":13,"turns":4},{"damage":3,"enemies":"The Guardian","floor":16,"turns":13},{"damage":28,"enemies":"Shell Parasite","floor":18,"turns":7},{"damage":16,"enemies":"Spheric Guardian","floor":19,"turns":4},{"damage":25,"enemies":"Snake Plant","floor":21,"turns":4},{"damage":26,"enemies":"Centurion and Healer","floor":24,"turns":7},{"damage":21,"enemies":"Shelled Parasite and Fungi","floor":25,"turns":2}],"seed_played":"5370378107661725380","potions_obtained":[{"floor":1,"key":"Energy Potion"},{"floor":2,"key":"SmokeBomb"},{"floor":5,"key":"BloodPotion"},{"floor":16,"key":"Explosive Potion"}],"is_trial":false,"path_per_floor":["M","M","$","?","M","R","?","R","T","?","$","R","M","?","R","B",null,"M","M","?","M","?","R","M","M"],"character_chosen":"IRONCLAD","items_purchased":["Wild Strike","Second Wind","Evolve","Feel No Pain"],"campfire_rested":1,"item_purchase_floors":[3,3,3,11],"current_hp_per_floor":[55,54,54,54,58,58,28,28,28,28,28,28,33,38,38,57,74,52,42,42,23,23,47,27,6,6],"gold":392,"neow_bonus":"TWO_FIFTY_GOLD","is_daily":false,"chose_seed":false,"campfire_upgraded":4,"win_rate":0.0,"timestamp":1609240523,"path_taken":["M","M","$","?","M","R","?","R","T","?","$","R","M","?","R","BOSS","M","M","?","M","?","R","?","M"],"items_purchased_type":["Card","Card","Card","Card"],"build_version":"2020-12-22","purchased_purges":2,"victory":false,"max_hp_per_floor":[75,75,75,75,75,75,75,75,75,75,75,75,75,80,80,80,80,80,80,80,80,80,80,80,80,80],"relic_stats":{"counters":[11,56],"obtain_stats":[{"SlaversCollar":17,"Odd Mushroom":7,"Bottled Tornado":9,"Burning Blood":0},{"SlaversCollar":6,"Odd Mushroom":4,"Bottled Tornado":4,"Burning Blood":0},{"SlaversCollar":32,"Odd Mushroom":15,"Bottled Tornado":15,"Burning Blood":0}],"Burning Blood":60},"card_choices":[{"not_picked":["Battle Trance","Clash"],"picked":"Shrug It Off","floor":1},{"not_picked":["Clothesline","Whirlwind"],"picked":"Disarm","floor":2},{"not_picked":["Shockwave","Body Slam","Havoc"],"picked":"SKIP","floor":5},{"not_picked":["Shockwave","Body Slam","Havoc"],"picked":"SKIP","floor":5},{"not_picked":["Shockwave","Combust"],"picked":"Twin Strike","floor":13},{"not_picked":["Barricade","Brutality"],"picked":"Fiend Fire","floor":16},{"not_picked":["Shrug It Off","Clash"],"picked":"Whirlwind","floor":18},{"not_picked":["Flex+1","Headbutt","Armaments"],"picked":"SKIP","floor":19},{"not_picked":["Wild Strike","Clothesline","Body Slam"],"picked":"SKIP","floor":21},{"not_picked":["Wild Strike","Clash"],"picked":"Feed","floor":24}],"player_experience":1721273,"relics_obtained":[{"floor":7,"key":"Odd Mushroom"},{"floor":9,"key":"Bottled Tornado"}],"event_choices":[{"damage_healed":0,"gold_gain":0,"player_choice":"Ignored","damage_taken":0,"max_hp_gain":0,"max_hp_loss":0,"event_name":"Liars Game","floor":4,"gold_loss":0},{"damage_healed":0,"gold_gain":0,"player_choice":"Fought Mushrooms","damage_taken":0,"max_hp_gain":0,"max_hp_loss":0,"event_name":"Mushrooms","floor":7,"gold_loss":0},{"damage_healed":0,"gold_gain":61,"player_choice":"Gained Gold","damage_taken":0,"max_hp_gain":0,"max_hp_loss":0,"event_name":"Golden Wing","floor":10,"gold_loss":0},{"damage_healed":0,"gold_gain":0,"player_choice":"Donut","damage_taken":0,"max_hp_gain":5,"max_hp_loss":0,"event_name":"Big Fish","floor":14,"gold_loss":0},{"damage_healed":0,"gold_gain":0,"player_choice":"Read","damage_taken":0,"max_hp_gain":0,"max_hp_loss":0,"event_name":"The Library","floor":20,"gold_loss":0,"cards_obtained":["Reckless Charge"]},{"damage_healed":0,"gold_gain":200,"player_choice":"Gold","damage_taken":0,"max_hp_gain":0,"max_hp_loss":0,"event_name":"Wheel of Change","floor":22,"gold_loss":0}],"is_beta":false,"boss_relics":[{"not_picked":["Velvet Choker","Runic Dome"],"picked":"SlaversCollar"}],"items_purged_floors":[3,11],"is_endless":false,"potions_floor_spawned":[1,2,5,16],"killed_by":"Shelled Parasite and Fungi","ascension_level":20}}