{"host":"ljnkpwbnfujn5lym","time":1609282392,"event":{"mods":["Bard","BaseMod","Better Note","Colored Map","Colored Powertips","Exacting","Googly Eyes","Highlight Path","Infinite Spire","Minty Spire (QoL Compilation)","Permanent Neow","Quick Restart","Relic Sorter","Relic Stats","Replay The Spire","StSLib","The IronCluck","slay the spire mod where everything is the same but ironclad has a cowboy hat"],"gold_per_floor":[134,152,152,152,152,177,177,193,193,211,230,266,17,34,34,138,138,158,158,158,158,172,205,205,205,231,231,257,257,269,219,219,293,293,304,7,36,0,0,0,31,31,81,133,160,175,203,220,220,220],"floor_reached":51,"playtime":3070,"items_purged":["Strike_B","Defend_B"],"score":1746,"play_id":"18bf5dd8-25ba-4f36-80c6-930b0709d040","local_time":"20201229165312","is_ascension_mode":true,"campfire_choices":[{"floor":7.0,"key":"REST"},{"data":"Genetic Algorithm","floor":15.0,"key":"SMITH"},{"floor":25.0,"key":"REST"},{"floor":27.0,"key":"REST"},{"floor":32,"key":"REST"},{"floor":40,"key":"REST"},{"floor":42,"key":"REST"},{"data":"Barrage","floor":49,"key":"SMITH"}],"circlet_count":0,"master_deck":["AscendersBane","Defend_B+1","Zap+1","Dualcast+1","Rebound+1","Cold Snap+1","Leap","Genetic Algorithm+1","ReplayTheSpireMod:Omega Cannon+1","Barrage+1","Rip and Tear","Go for the Eyes","Mirror Shield+1","infinitespire:Oblivion+1","Chill+1","Glacier+1","Thunder Strike+1","Conserve Battery","ReplayTheSpireMod:Chaos Vortex+1","Bite+1","Bite+1","Bite+1","Machine Learning+1","Ball Lightning","FIFO Queue","Rip and Tear","ReplayTheSpireMod:Calculation Training+1","Capacitor","Parasite"],"relics":["Cracked Core","Gremlin Food","ReplayTheSpireMod:Ring of Addiction","White Beast Statue","SacredBark","Ring of Hypnosis","Replay:Multitool","Replay:Baseball","Odd Mushroom","Prayer Wheel","Fusion Hammer","Counterbalance","Astrolabe","Darkstone Periapt","Whetstone","infinitespire:Lucky Rock","Replay:Grab Bag","ChewingGum","ReplayTheSpireMod:Onyx Gauntlets","Replay:Drink Me","Snecko Eye","Dead Branch","Red Mask","CaptainsWheel","Strawberry","infinitespire:Magic Flask","infinitespire:Freezer","Smiling Mask"],"acts_visited":["Exordium","TheCity","TheBeyond"],"potions_floor_usage":[33,44,45,50,50,50,50,50,50],"damage_taken":[{"damage":2.0,"enemies":"Jaw Worm","floor":1.0,"turns":4.0},{"damage":18.0,"enemies":"infinitespire:Voidling","floor":2.0,"turns":3.0},{"damage":4.0,"enemies":"Replay:BlueRogue","floor":6.0,"turns":4.0},{"damage":5.0,"enemies":"2 Louse","floor":8.0,"turns":2.0},{"damage":0.0,"enemies":"2 Fungi Beasts","floor":10.0,"turns":2.0},{"damage":5.0,"enemies":"Gremlin Gang","floor":11.0,"turns":7.0},{"damage":0.0,"enemies":"The Mushroom Lair","floor":12.0,"turns":2.0},{"damage":10.0,"enemies":"Looter","floor":14.0,"turns":2.0},{"damage":44.0,"enemies":"Slime Boss","floor":16.0,"turns":10.0},{"damage":20.0,"enemies":"Shell Parasite","floor":18.0,"turns":4.0},{"damage":5.0,"enemies":"2 Thieves","floor":22.0,"turns":2.0},{"damage":6.0,"enemies":"Gremlin Leader","floor":23.0,"turns":5.0},{"damage":0.0,"enemies":"Slavers","floor":28.0,"turns":6.0},{"damage":0,"enemies":"Chosen and Byrds","floor":30,"turns":6},{"damage":10,"enemies":"Champ","floor":33,"turns":10},{"damage":0,"enemies":"3 Darklings","floor":35,"turns":3},{"damage":4,"enemies":"Giant Head","floor":41,"turns":6},{"damage":0,"enemies":"2 Orb Walkers","floor":44,"turns":1},{"damage":0,"enemies":"R_Hoarder","floor":45,"turns":5},{"damage":0,"enemies":"3 Shapes","floor":46,"turns":3},{"damage":0,"enemies":"Giant Head","floor":47,"turns":6},{"damage":0,"enemies":"Writhing Mass","floor":48,"turns":4},{"damage":0,"enemies":"Donu and Deca","floor":50,"turns":6}],"seed_played":"-5895481653521349024","potions_obtained":[{"floor":2.0,"key":"EssenceOfDarkness"},{"floor":3.0,"key":"PotionOfCapacity"},{"floor":6.0,"key":"AttackPotion"},{"floor":8.0,"key":"Flashbang"},{"floor":10.0,"key":"DuplicationPotion"},{"floor":11.0,"key":"ColorlessPotion"},{"floor":12.0,"key":"LiquidMemories"},{"floor":16.0,"key":"DistilledChaos"},{"floor":18.0,"key":"SkillPotion"},{"floor":22.0,"key":"Toxic Potion"},{"floor":23.0,"key":"Swift Potion"},{"floor":28,"key":"BlessingOfTheForge"},{"floor":30,"key":"PowerPotion"},{"floor":33,"key":"Strength Potion"},{"floor":35,"key":"DuplicationPotion"},{"floor":44,"key":"Fruit Juice"},{"floor":45,"key":"EntropicBrew"}],"is_trial":false,"path_per_floor":["M","M","?","?","T","E","R","M","T","M","M","?","$","M","R","B",null,"M","AVR","?","?","M","E","?","R","T","R","E","?","M","?","R","B",null,"M","$","?","?","?","R","E","R","T","?","E","M","E","M","R_BF","B",null],"character_chosen":"DEFECT","items_purchased":["Blood Vial","Rip and Tear","FIFO Queue","Rip and Tear","FocusPotion"],"campfire_rested":6,"item_purchase_floors":[13,13,36,36,36],"current_hp_per_floor":[62,44,44,37,37,33,54,49,49,49,44,44,44,36,36,33,59,41,41,41,41,38,44,28,47,47,63,63,63,63,63,61,61,46,46,46,27,27,27,39,42,42,47,47,57,57,57,63,61,61],"gold":220,"neow_bonus":"RANDOM_COMMON_RELIC","is_daily":false,"chose_seed":false,"campfire_upgraded":2,"win_rate":0.0,"timestamp":1609282392,"path_taken":["M","M","?","?","?","E","R","M","T","M","?","?","$","M","R","BOSS","M","AVR","?","?","?","E","?","R","T","R","E","?","M","?","R","BOSS","M","$","?","?","?","R","E","R","T","?","E","M","E","M","R_BF","BOSS"],"items_purchased_type":["Relic","Card","Card","Card","Potion"],"build_version":"2020-12-22","purchased_purges":2,"victory":true,"max_hp_per_floor":[71,71,71,71,71,71,71,71,71,69,69,69,69,69,69,67,67,67,67,65,65,65,65,65,65,65,63,63,63,63,63,61,61,46,46,46,44,44,44,42,42,42,47,47,57,57,57,63,61,61],"relic_stats":{"Darkstone Periapt":6,"counters":[23,103],"Astrolabe":["Chill","Glacier","Thunder Strike"],"Dead Branch":[36],"Snecko Eye":[76,70,70,79],"Prayer Wheel":6,"Whetstone":["infinitespire:Oblivion","Rebound"],"Smiling Mask":0,"obtain_stats":[{"Darkstone Periapt":23,"SacredBark":3,"Replay:Multitool":5,"Whetstone":26,"Smiling Mask":47,"Blood Vial":13,"Lizard Tail":16,"Strawberry":43,"Prayer Wheel":16,"Fusion Hammer":17,"Red Mask":38,"Cracked Core":0,"Replay:Drink Me":34,"Gremlin Food":0,"Ring of Hypnosis":3,"ReplayTheSpireMod:Ring of Addiction":3,"Counterbalance":19,"Astrolabe":19,"Replay:Grab Bag":34,"Dead Branch":37,"infinitespire:Lucky Rock":28,"infinitespire:Magic Flask":44,"Odd Mushroom":12,"White Beast Statue":3,"Replay:Baseball":6,"CaptainsWheel":41,"Snecko Eye":34,"Molten Egg 2":29,"ChewingGum":34,"ReplayTheSpireMod:Onyx Gauntlets":34,"infinitespire:Freezer":45},{"Darkstone Periapt":12,"SacredBark":2,"Replay:Multitool":2,"Whetstone":12,"Smiling Mask":21,"Blood Vial":7,"Lizard Tail":9,"Strawberry":17,"Prayer Wheel":9,"Fusion Hammer":9,"Red Mask":16,"Cracked Core":0,"Replay:Drink Me":15,"Gremlin Food":0,"Ring of Hypnosis":2,"ReplayTheSpireMod:Ring of Addiction":2,"Counterbalance":10,"Astrolabe":10,"Replay:Grab Bag":15,"Dead Branch":16,"infinitespire:Lucky Rock":13,"infinitespire:Magic Flask":18,"Odd Mushroom":7,"White Beast Statue":2,"Replay:Baseball":3,"CaptainsWheel":17,"Snecko Eye":15,"Molten Egg 2":13,"ChewingGum":15,"ReplayTheSpireMod:Onyx Gauntlets":15,"infinitespire:Freezer":19},{"Darkstone Periapt":47,"SacredBark":7,"Replay:Multitool":7,"Whetstone":47,"Smiling Mask":93,"Blood Vial":24,"Lizard Tail":35,"Strawberry":78,"Prayer Wheel":30,"Fusion Hammer":36,"Red Mask":72,"Cracked Core":0,"Replay:Drink Me":69,"Gremlin Food":0,"Ring of Hypnosis":7,"ReplayTheSpireMod:Ring of Addiction":7,"Counterbalance":40,"Astrolabe":40,"Replay:Grab Bag":69,"Dead Branch":72,"infinitespire:Lucky Rock":53,"infinitespire:Magic Flask":79,"Odd Mushroom":24,"White Beast Statue":7,"Replay:Baseball":11,"CaptainsWheel":78,"Snecko Eye":69,"Molten Egg 2":53,"ChewingGum":69,"ReplayTheSpireMod:Onyx Gauntlets":69,"infinitespire:Freezer":84}]},"card_choices":[{"not_picked":["Go for the Eyes","Undo"],"picked":"Rebound","floor":1.0},{"not_picked":["Panic Button","Compile Driver"],"picked":"Cold Snap","floor":2.0},{"not_picked":["Turbo","ReplayTheSpireMod:GoodbyeWorld"],"picked":"Leap","floor":6.0},{"not_picked":["Panic Button","ReplayTheSpireMod:GoodbyeWorld","Skim"],"picked":"SKIP","floor":8.0},{"not_picked":["Redo","Auto Shields"],"picked":"Genetic Algorithm","floor":10.0},{"not_picked":["Gash","Steam"],"picked":"ReplayTheSpireMod:Omega Cannon","floor":11.0},{"not_picked":["Cold Snap","Redo"],"picked":"Barrage","floor":12.0},{"not_picked":["Steam","Compile Driver"],"picked":"Go for the Eyes","floor":14.0},{"not_picked":["Hyperbeam","Fission"],"picked":"Mirror Shield","floor":16.0},{"not_picked":["BasicCrystalCard","Gash"],"picked":"Self Repair+1","floor":18.0},{"not_picked":["ReplayTheSpireMod:Reroute Power","Undo","ReplayTheSpireMod:GoodbyeWorld"],"picked":"SKIP","floor":18.0},{"not_picked":["Turbo","Leap"],"picked":"Conserve Battery","floor":22.0},{"not_picked":["Rebound","Chaos","Compile Driver"],"picked":"SKIP","floor":22.0},{"not_picked":["BasicCrystalCard","Go for the Eyes","Sunder"],"picked":"SKIP","floor":23.0},{"not_picked":["infinitespire:Oblivion","infinitespire:UltimateForm"],"picked":"ReplayTheSpireMod:Chaos Vortex","floor":24.0},{"not_picked":["Hologram","Redo","Conserve Battery"],"picked":"SKIP","floor":28},{"not_picked":["Panic Button","Redo","Hologram"],"picked":"SKIP","floor":30},{"not_picked":["Turbo","Undo","Compile Driver"],"picked":"SKIP","floor":30},{"not_picked":["Amplify","ReplayTheSpireMod:Fabricate Wheel"],"picked":"Machine Learning","floor":33},{"not_picked":["Conserve Battery","BootSequence"],"picked":"Ball Lightning","floor":35},{"not_picked":["Barrage","Blizzard","Panic Button"],"picked":"SKIP","floor":35},{"not_picked":["Double Energy","Compile Driver+1"],"picked":"ReplayTheSpireMod:Calculation Training+1","floor":37},{"not_picked":["Chill","BootSequence","Blizzard"],"picked":"SKIP","floor":41},{"not_picked":["Rip and Tear+1","Consume","Compile Driver"],"picked":"SKIP","floor":45},{"not_picked":["Rebound","Recycle"],"picked":"Capacitor","floor":46},{"not_picked":["Conserve Battery","Storm","Doom and Gloom"],"picked":"SKIP","floor":46},{"not_picked":["Buffer","Cold Snap","Skim"],"picked":"SKIP","floor":47},{"not_picked":["Stack","Turbo","Conserve Battery+1"],"picked":"SKIP","floor":48},{"not_picked":["Steam","Panic Button","Streamline"],"picked":"SKIP","floor":48}],"player_experience":636000,"relics_obtained":[{"floor":3.0,"key":"ReplayTheSpireMod:Ring of Addiction"},{"floor":3.0,"key":"White Beast Statue"},{"floor":3.0,"key":"SacredBark"},{"floor":3.0,"key":"Ring of Hypnosis"},{"floor":5.0,"key":"Replay:Multitool"},{"floor":6.0,"key":"Replay:Baseball"},{"floor":12.0,"key":"Odd Mushroom"},{"floor":23.0,"key":"Darkstone Periapt"},{"floor":26.0,"key":"Whetstone"},{"floor":28,"key":"infinitespire:Lucky Rock"},{"floor":37,"key":"Dead Branch"},{"floor":41,"key":"CaptainsWheel"},{"floor":43,"key":"Strawberry"},{"floor":44,"key":"infinitespire:Magic Flask"},{"floor":45,"key":"infinitespire:Freezer"},{"floor":47,"key":"Smiling Mask"}],"event_choices":[{"cards_removed":["Strike_B"],"damage_healed":0.0,"max_hp_gain":0.0,"max_hp_loss":0.0,"gold_gain":0.0,"event_name":"Golden Wing","player_choice":"Card Removal","floor":4.0,"gold_loss":0.0,"damage_taken":7.0},{"damage_healed":0.0,"max_hp_gain":0.0,"max_hp_loss":0.0,"gold_gain":0.0,"event_name":"Mushrooms","player_choice":"Fought Mushrooms","floor":12.0,"gold_loss":0.0,"damage_taken":0.0},{"damage_healed":0.0,"max_hp_gain":0.0,"max_hp_loss":0.0,"gold_gain":0.0,"event_name":"Ghosts","player_choice":"Ignored","floor":20.0,"gold_loss":0.0,"damage_taken":0.0},{"cards_removed":["ReplayTheSpireMod:Doomed"],"damage_healed":0.0,"max_hp_gain":0.0,"max_hp_loss":0.0,"gold_gain":0.0,"event_name":"Fountain of Cleansing","player_choice":"Removed Curses","floor":21.0,"gold_loss":0.0,"damage_taken":0.0},{"damage_healed":0,"gold_gain":0,"player_choice":"Became a vampire (Vial)","damage_taken":0,"max_hp_gain":0,"max_hp_loss":0,"event_name":"Vampires","floor":29,"relics_lost":["Blood Vial"],"gold_loss":0,"cards_obtained":["Bite","Bite","Bite","Bite","Bite"]},{"damage_healed":0,"gold_gain":0,"player_choice":"Upgraded Two","damage_taken":0,"max_hp_gain":0,"max_hp_loss":0,"event_name":"Designer","floor":31,"gold_loss":50,"cards_upgraded":["Zap","Mirror Shield"]},{"damage_healed":0,"gold_gain":0,"player_choice":"Paid","damage_taken":0,"relics_obtained":["Red Mask"],"max_hp_gain":0,"max_hp_loss":0,"event_name":"Tomb of Lord Red Mask","floor":38,"gold_loss":36},{"cards_removed":["Self Repair"],"damage_healed":0,"gold_gain":0,"player_choice":"Removed Power","damage_taken":0,"max_hp_gain":0,"max_hp_loss":0,"event_name":"Falling","floor":39,"gold_loss":0},{"damage_healed":0,"gold_gain":0,"player_choice":"Fight","damage_taken":0,"max_hp_gain":0,"max_hp_loss":0,"event_name":"Mysterious Sphere","floor":44,"gold_loss":0}],"is_beta":false,"boss_relics":[{"not_picked":["Kintsugi","FrozenCore"],"picked":"Fusion Hammer"},{"not_picked":["Black Star","ReplayTheSpireMod:SealedPack"],"picked":"Replay:Grab Bag"},{"not_picked":["Abe\u0027s Treasure","ReplayTheSpireMod:DimensionalGlitch"],"picked":"ChewingGum"},{"not_picked":["Sozu","Replay:Wanted Poster"],"picked":"ReplayTheSpireMod:Onyx Gauntlets"},{"not_picked":["Nuclear Battery","Snecko Heart"],"picked":"Replay:Drink Me"},{"not_picked":["Runic Pyramid","Ring of Chaos"],"picked":"Snecko Eye"}],"items_purged_floors":[19,36],"is_endless":false,"potions_floor_spawned":[2,6,8,10,11,12,14,16,18,22,23,28,30,33,35,41,44,45,46,47,48],"ascension_level":19}}