{"host":"toh0bbw446wnuexf","time":1609222730,"event":{"mods":["BaseMod","Downfall","Hermit","Minty Spire (QoL Compilation)","Random Character Button","StSLib"],"gold_per_floor":[0,20,43,60,60,60,60,77,77,77,77,77,77,410,423,423,423,423],"floor_reached":16,"playtime":1022,"items_purged":[],"score":103,"play_id":"f12db0a9-00b9-4545-881d-9cb134f5a986","local_time":"20201229191850","is_ascension_mode":true,"campfire_choices":[{"data":"hexamod:Float","floor":1,"key":"SMITH"},{"data":"hexamod:Strike","floor":9,"key":"SMITH"},{"data":"hexamod:Strike","floor":11,"key":"SMITH"},{"data":"hexamod:Strike","floor":13,"key":"SMITH"}],"circlet_count":0,"master_deck":["hexamod:Strike+1","hexamod:Strike+1","hexamod:Strike+1","hexamod:Strike+1","hexamod:Defend","hexamod:Defend","hexamod:Defend","hexamod:Defend","hexamod:Float+1","hexamod:ParanormalForm","hexamod:FastForward","hexamod:Hexaguard"],"relics":["hexamod:SpiritBrand","hexamod:MatchstickCase","Torii","Peace Pipe","Old Coin"],"acts_visited":["Exordium"],"potions_floor_usage":[],"damage_taken":[{"damage":0,"enemies":"Cultist","floor":2,"turns":3},{"damage":0,"enemies":"Small Slimes","floor":4,"turns":3},{"damage":0,"enemies":"2 Louse","floor":8,"turns":3},{"damage":2,"enemies":"3 Sentries","floor":14,"turns":6},{"damage":6,"enemies":"Gremlin Gang","floor":15,"turns":5},{"damage":67,"enemies":"downfall:Defect","floor":16,"turns":8}],"seed_played":"-7259962248310742093","potions_obtained":[{"floor":4,"key":"champ:CounterPotion"}],"is_trial":false,"path_per_floor":["R","M","T","M","?","?","T","M","R","?","R","?","R","E","M","B"],"character_chosen":"THE_SPIRIT","items_purchased":[],"campfire_rested":0,"item_purchase_floors":[],"current_hp_per_floor":[70,70,70,70,70,70,70,70,70,70,70,70,70,68,62,0,0,0],"gold":423,"neow_bonus":"THREE_RARE_CARDS","is_daily":false,"chose_seed":false,"campfire_upgraded":4,"win_rate":0.0,"timestamp":1609222730,"path_taken":["R","M","?","M","?","?","T","?","R","?","R","?","R","E","M","BOSS"],"items_purchased_type":[],"build_version":"2020-12-22","purchased_purges":0,"victory":false,"max_hp_per_floor":[70,70,70,70,70,70,70,70,70,70,70,70,70,70,70,70,70,70],"card_choices":[{"not_picked":["hexamod:SearingWound","hexamod:TurnItUp"],"picked":"hexamod:ParanormalForm","floor":0},{"not_picked":["hexamod:Haunt","hexamod:GhostShield"],"picked":"hexamod:FastForward","floor":2},{"not_picked":["hexamod:SoulSteal","hexamod:RecurringNightmare","hexamod:NightmareGuise"],"picked":"SKIP","floor":4},{"not_picked":["hexamod:NightmareStrike","hexamod:BacktrackSmack","hexamod:GhostLash"],"picked":"SKIP","floor":8},{"not_picked":["hexamod:SkipABeat","hexamod:HeatShield"],"picked":"hexamod:Hexaguard","floor":14},{"not_picked":["hexamod:NightmareStrike","hexamod:ThirdSeal","hexamod:ThermalTransfer"],"picked":"SKIP","floor":15}],"player_experience":562187,"relics_obtained":[{"floor":3,"key":"hexamod:MatchstickCase"},{"floor":7,"key":"Peace Pipe"},{"floor":14,"key":"Old Coin"}],"event_choices":[{"cards_removed":["hexamod:Sear"],"damage_healed":0,"gold_gain":0,"player_choice":"Offered Basic","damage_taken":0,"max_hp_gain":0,"max_hp_loss":0,"event_name":"Bonfire Elementals","floor":6,"gold_loss":0},{"damage_healed":0,"gold_gain":0,"player_choice":"Grow","damage_taken":0,"max_hp_gain":0,"max_hp_loss":0,"event_name":"Living Wall","floor":12,"gold_loss":0,"cards_upgraded":["hexamod:Strike"]}],"is_beta":false,"boss_relics":[],"items_purged_floors":[],"is_endless":false,"potions_floor_spawned":[4],"killed_by":"downfall:Defect","ascension_level":1}}