{"host":"2se5dq1do2gp0x9k","time":1609212762,"event":{"mods":["AchievementEnabler","BaseMod","Block Reminder","Colored Map","Colored Powertips","Minty Spire (QoL Compilation)","Relic Stats","StSLib","SuperFastMode"],"gold_per_floor":[117,117,133,152,171,171,197,197,197,197,231,156,156,176,176,253,253,272,272,472,360,376,376,407,420,446,446,473,484,484,498,498,498,498],"floor_reached":33,"playtime":1387,"items_purged":[],"score":615,"play_id":"0a8b6e79-ccec-47a5-ae6e-253d342e78d6","local_time":"20201228193242","is_ascension_mode":true,"campfire_choices":[{"data":"Shockwave","floor":6.0,"key":"SMITH"},{"data":"Disarm","floor":8.0,"key":"SMITH"},{"data":"Perfected Strike","floor":10.0,"key":"SMITH"},{"data":"Pummel","floor":13.0,"key":"SMITH"},{"data":"Pommel Strike","floor":15.0,"key":"SMITH"},{"data":"Dual Wield","floor":23,"key":"SMITH"},{"floor":27,"key":"REST"},{"floor":32,"key":"REST"}],"circlet_count":0,"master_deck":["AscendersBane","Defend_R+1","Defend_R+1","Defend_R+1","Defend_R+1","Shockwave+1","Feel No Pain","Perfected Strike+1","Pummel+1","Disarm+1","Pommel Strike+1","Impervious","Dual Wield+1","Cleave","Shrug It Off","Shrug It Off","Bite","Bite","Bite","Bite","Bite","Exhume"],"relics":["Velvet Choker","Smiling Mask","Vajra","Singing Bowl","SlaversCollar","InkBottle","Omamori"],"acts_visited":["Exordium","TheCity"],"potions_floor_usage":[33,33],"damage_taken":[{"damage":1.0,"enemies":"Small Slimes","floor":1.0,"turns":3.0},{"damage":0.0,"enemies":"Cultist","floor":3.0,"turns":3.0},{"damage":0.0,"enemies":"2 Louse","floor":4.0,"turns":3.0},{"damage":3.0,"enemies":"Looter","floor":5.0,"turns":3.0},{"damage":17.0,"enemies":"3 Sentries","floor":7.0,"turns":6.0},{"damage":2.0,"enemies":"Lagavulin","floor":11.0,"turns":5.0},{"damage":3.0,"enemies":"Gremlin Gang","floor":14.0,"turns":4.0},{"damage":6,"enemies":"The Guardian","floor":16,"turns":11},{"damage":6,"enemies":"Chosen","floor":18,"turns":5},{"damage":9,"enemies":"3 Byrds","floor":22,"turns":5},{"damage":30,"enemies":"Slavers","floor":24,"turns":6},{"damage":4,"enemies":"Shelled Parasite and Fungi","floor":25,"turns":6},{"damage":15,"enemies":"Gremlin Leader","floor":28,"turns":5},{"damage":23,"enemies":"3 Cultists","floor":29,"turns":6},{"damage":44,"enemies":"Sentry and Sphere","floor":31,"turns":10},{"damage":103,"enemies":"Champ","floor":33,"turns":16}],"seed_played":"4492878975162958015","potions_obtained":[{"floor":1.0,"key":"Swift Potion"},{"floor":2.0,"key":"AttackPotion"},{"floor":2.0,"key":"Swift Potion"},{"floor":3.0,"key":"LiquidMemories"},{"floor":11.0,"key":"FairyPotion"},{"floor":28,"key":"EntropicBrew"}],"is_trial":false,"path_per_floor":["M","?","M","M","M","R","E","R","T","R","E","?","R","M","R","B",null,"M","?","?","$","M","R","E","M","T","R","E","M","?","M","R","B"],"character_chosen":"IRONCLAD","items_purchased":["Cleave","Fire Potion"],"campfire_rested":2,"item_purchase_floors":[21,21],"current_hp_per_floor":[67,67,67,67,64,64,47,47,47,47,45,45,45,44,44,38,67,61,61,61,61,54,54,24,20,20,43,30,9,9,25,42,0,0],"gold":498,"neow_bonus":"BOSS_RELIC","is_daily":false,"chose_seed":false,"campfire_upgraded":6,"win_rate":0.0,"timestamp":1609212762,"path_taken":["M","?","M","M","?","R","E","R","T","R","E","?","R","M","R","BOSS","M","?","?","$","M","R","E","?","T","R","E","M","?","M","R","BOSS"],"items_purchased_type":["Card","Potion"],"build_version":"2020-12-22","purchased_purges":0,"victory":false,"max_hp_per_floor":[75,75,75,75,75,75,75,75,75,75,75,75,75,77,77,77,77,77,77,77,77,79,79,79,79,79,79,81,83,58,58,58,58,58],"relic_stats":{"Singing Bowl":8,"counters":[16,97],"Smiling Mask":0,"obtain_stats":[{"SlaversCollar":17,"Singing Bowl":11,"Velvet Choker":0,"Vajra":9,"Omamori":28,"Smiling Mask":7,"Burning Blood":0,"InkBottle":24},{"SlaversCollar":8,"Singing Bowl":6,"Velvet Choker":0,"Vajra":5,"Omamori":13,"Smiling Mask":5,"Burning Blood":0,"InkBottle":11},{"SlaversCollar":38,"Singing Bowl":23,"Velvet Choker":0,"Vajra":18,"Omamori":65,"Smiling Mask":18,"Burning Blood":0,"InkBottle":54}],"InkBottle":[15]},"card_choices":[{"not_picked":["Dark Embrace","Iron Wave"],"picked":"Shockwave","floor":1.0},{"not_picked":["Headbutt","Uppercut"],"picked":"Feel No Pain","floor":3.0},{"not_picked":["Sword Boomerang","Rage"],"picked":"Perfected Strike","floor":4.0},{"not_picked":["Body Slam","Armaments"],"picked":"Pummel","floor":5.0},{"not_picked":["Thunderclap","Double Tap"],"picked":"Disarm","floor":7.0},{"not_picked":["Combust","Barricade"],"picked":"Pommel Strike","floor":11.0},{"not_picked":["Reckless Charge","Havoc","Sword Boomerang"],"picked":"Singing Bowl","floor":14.0},{"not_picked":["Barricade","Bludgeon"],"picked":"Impervious","floor":16},{"not_picked":["Heavy Blade","Sever Soul"],"picked":"Dual Wield","floor":18},{"not_picked":["Searing Blow","Uppercut","Rage"],"picked":"Singing Bowl","floor":22},{"not_picked":["Ghostly Armor","Second Wind"],"picked":"Shrug It Off","floor":24},{"not_picked":["Armaments","Uppercut"],"picked":"Shrug It Off","floor":25},{"not_picked":["Heavy Blade","Shockwave","Pommel Strike"],"picked":"Singing Bowl","floor":28},{"not_picked":["Perfected Strike","Searing Blow","Pummel"],"picked":"Singing Bowl","floor":29},{"not_picked":["Thunderclap","True Grit"],"picked":"Exhume","floor":31}],"player_experience":3644466,"relics_obtained":[{"floor":7.0,"key":"Smiling Mask"},{"floor":9.0,"key":"Vajra"},{"floor":11.0,"key":"Singing Bowl"},{"floor":24,"key":"InkBottle"},{"floor":28,"key":"Omamori"}],"event_choices":[{"damage_healed":0.0,"max_hp_gain":0.0,"max_hp_loss":0.0,"gold_gain":0.0,"event_name":"Lab","player_choice":"Got Potions","floor":2.0,"gold_loss":0.0,"damage_taken":0.0},{"cards_removed":["Bash"],"damage_healed":0.0,"max_hp_gain":0.0,"max_hp_loss":0.0,"gold_gain":0.0,"event_name":"The Cleric","player_choice":"Card Removal","floor":12.0,"gold_loss":75.0,"damage_taken":0.0},{"damage_healed":0,"gold_gain":0,"player_choice":"Simplicity","damage_taken":0,"max_hp_gain":0,"max_hp_loss":0,"event_name":"Back to Basics","floor":19,"gold_loss":0,"cards_upgraded":["Strike_R","Strike_R","Strike_R","Strike_R","Strike_R","Defend_R","Defend_R","Defend_R","Defend_R"]},{"damage_healed":0,"gold_gain":250,"player_choice":"Bet on Owner","damage_taken":0,"max_hp_gain":0,"max_hp_loss":0,"event_name":"The Joust","floor":20,"gold_loss":50},{"damage_healed":0,"gold_gain":0,"player_choice":"Became a vampire","damage_taken":0,"max_hp_gain":0,"max_hp_loss":25,"event_name":"Vampires","floor":30,"gold_loss":0,"cards_obtained":["Bite","Bite","Bite","Bite","Bite"]}],"is_beta":false,"boss_relics":[{"not_picked":["Tiny House","Cursed Key"],"picked":"SlaversCollar"}],"items_purged_floors":[],"is_endless":false,"potions_floor_spawned":[1,3,11,24,25,28],"killed_by":"Champ","ascension_level":20}}