{"host":"w3q5ijqu8eoknil3","time":1609277992,"event":{"mods":["AchievementEnabler","BaseMod","Block Reminder","Colored Powertips","Minty Spire (QoL Compilation)","Quick Restart","Relic Stats","ojb\u0027s Better Paths Mod","ojb\u0027s Info Mod","slay the spire mod where everything is the same but ironclad has a cowboy hat"],"gold_per_floor":[116,131,131,281,300,330,330,343,343,356,356,356,356],"floor_reached":12,"playtime":333,"items_purged":[],"score":140,"play_id":"cd5591fc-2040-4ea8-a3e2-1e50292fd650","local_time":"20201229213952","is_ascension_mode":true,"campfire_choices":[{"data":"Neutralize","floor":7,"key":"SMITH"},{"floor":11,"key":"REST"}],"circlet_count":0,"master_deck":["AscendersBane","Strike_G","Strike_G","Strike_G","Strike_G","Strike_G","Defend_G","Defend_G","Defend_G","Defend_G","Defend_G","Survivor","Neutralize+1","Poisoned Stab","Sucker Punch","Doubt","Dagger Throw","Deadly Poison","Cloak And Dagger","Dagger Spray"],"relics":["Ring of the Snake","NeowsBlessing","Centennial Puzzle","Juzu Bracelet"],"acts_visited":["Exordium"],"potions_floor_usage":[6,12],"damage_taken":[{"damage":0,"enemies":"Small Slimes","floor":1,"turns":2},{"damage":0,"enemies":"Jaw Worm","floor":2,"turns":1},{"damage":0,"enemies":"2 Louse","floor":5,"turns":1},{"damage":14,"enemies":"Gremlin Nob","floor":6,"turns":4},{"damage":37,"enemies":"Gremlin Gang","floor":8,"turns":6},{"damage":1,"enemies":"Large Slime","floor":10,"turns":7},{"damage":37,"enemies":"Lagavulin","floor":12,"turns":6}],"seed_played":"8516075064362705478","potions_obtained":[{"floor":5,"key":"LiquidMemories"},{"floor":8,"key":"SpeedPotion"}],"is_trial":false,"path_per_floor":["M","M","?","?","M","E","R","M","T","M","R","E"],"character_chosen":"THE_SILENT","items_purchased":[],"campfire_rested":1,"item_purchase_floors":[],"current_hp_per_floor":[59,59,64,64,64,50,50,13,13,12,33,0,0],"gold":356,"neow_bonus":"THREE_ENEMY_KILL","is_daily":false,"chose_seed":false,"campfire_upgraded":1,"win_rate":0.0,"timestamp":1609277992,"path_taken":["M","M","?","?","M","E","R","M","T","M","R","E"],"items_purchased_type":[],"build_version":"2020-12-22","purchased_purges":0,"victory":false,"max_hp_per_floor":[66,66,71,71,71,71,71,71,71,71,71,71,71],"relic_stats":{"Centennial Puzzle":[9],"counters":[7,27],"Juzu Bracelet":0,"obtain_stats":[{"Centennial Puzzle":6,"NeowsBlessing":0,"Juzu Bracelet":9,"Ring of the Snake":0},{"Centennial Puzzle":4,"NeowsBlessing":0,"Juzu Bracelet":5,"Ring of the Snake":0},{"Centennial Puzzle":8,"NeowsBlessing":0,"Juzu Bracelet":14,"Ring of the Snake":0}],"Ring of the Snake":[14]},"card_choices":[{"not_picked":["Flying Knee","Quick Slash"],"picked":"Poisoned Stab","floor":1},{"not_picked":["Endless Agony","Accuracy"],"picked":"Sucker Punch","floor":2},{"not_picked":["Reflex","Bane"],"picked":"Dagger Throw","floor":5},{"not_picked":["Sucker Punch","Concentrate"],"picked":"Deadly Poison","floor":6},{"not_picked":["Accuracy","Acrobatics"],"picked":"Cloak And Dagger","floor":8},{"not_picked":["Underhanded Strike","Eviscerate"],"picked":"Dagger Spray","floor":10}],"player_experience":958591,"relics_obtained":[{"floor":6,"key":"Centennial Puzzle"},{"floor":9,"key":"Juzu Bracelet"}],"event_choices":[{"damage_healed":0,"gold_gain":0,"player_choice":"Donut","damage_taken":0,"max_hp_gain":5,"max_hp_loss":0,"event_name":"Big Fish","floor":3,"gold_loss":0},{"damage_healed":0,"gold_gain":150,"player_choice":"AGREE","damage_taken":0,"max_hp_gain":0,"max_hp_loss":0,"event_name":"Liars Game","floor":4,"gold_loss":0,"cards_obtained":["Doubt"]}],"is_beta":false,"boss_relics":[],"items_purged_floors":[],"is_endless":false,"potions_floor_spawned":[5,8],"killed_by":"Lagavulin","ascension_level":15}}