{"host":"5jasvlzwxjppxwo9","time":1609276558,"event":{"mods":["AchievementEnabler","BaseMod","Minty Spire (QoL Compilation)","StSLib"],"gold_per_floor":[109,121,46,121,139,139,165,176,248,248,19,38,38,38,38,139,139,149,46,57,73,73,73,90,90,90,6,25,42,42,55,55,55,55],"floor_reached":33,"playtime":4798,"items_purged":["Strike_B","Defend_B"],"score":249,"play_id":"2586612b-95d8-403e-be57-a0991ee16906","local_time":"20201229211558","is_ascension_mode":false,"campfire_choices":[{"data":"Conserve Battery","floor":6,"key":"SMITH"},{"floor":10,"key":"REST"},{"floor":15,"key":"REST"},{"floor":23,"key":"REST"},{"floor":30,"key":"REST"},{"floor":32,"key":"REST"}],"circlet_count":0,"master_deck":["Strike_B","Strike_B","Defend_B","Defend_B","Zap","Dualcast","Ball Lightning","Streamline","Conserve Battery+1","Rebound","Cold Snap","Blind","Sweeping Beam","Hello World","Multi-Cast","Gash","Chill","Streamline+1","Undo","Reinforced Body","Swift Strike","Leap","White Noise+1"],"relics":["Cracked Core","Nunchaku","Gambling Chip","Pantograph","Runic Pyramid","Enchiridion","Bird Faced Urn"],"acts_visited":["Exordium","TheCity"],"potions_floor_usage":[16,16,16,18,21,29],"damage_taken":[{"damage":0,"enemies":"2 Louse","floor":1,"turns":2},{"damage":0,"enemies":"Small Slimes","floor":2,"turns":2},{"damage":3,"enemies":"Jaw Worm","floor":5,"turns":3},{"damage":21,"enemies":"Gremlin Nob","floor":7,"turns":4},{"damage":5,"enemies":"Red Slaver","floor":8,"turns":4},{"damage":3,"enemies":"Large Slime","floor":12,"turns":6},{"damage":30,"enemies":"Hexaghost","floor":16,"turns":11},{"damage":5,"enemies":"Shell Parasite","floor":18,"turns":7},{"damage":20,"enemies":"2 Thieves","floor":20,"turns":4},{"damage":21,"enemies":"Centurion and Healer","floor":21,"turns":6},{"damage":17,"enemies":"Snecko","floor":24,"turns":7},{"damage":8,"enemies":"Sentry and Sphere","floor":28,"turns":6},{"damage":3,"enemies":"Centurion and Healer","floor":29,"turns":9},{"damage":12,"enemies":"Cultist and Chosen","floor":31,"turns":5},{"damage":96,"enemies":"Champ","floor":33,"turns":16}],"seed_played":"43470244485868","potions_obtained":[{"floor":7,"key":"FocusPotion"},{"floor":8,"key":"FearPotion"},{"floor":12,"key":"Regen Potion"},{"floor":16,"key":"LiquidBronze"},{"floor":20,"key":"Explosive Potion"},{"floor":28,"key":"Weak Potion"}],"is_trial":false,"path_per_floor":["M","M","$","?","M","R","E","M","T","R","$","M","?","?","R","B",null,"M","$","M","M","?","R","M","?","T","$","M","M","R","M","R","B"],"character_chosen":"DEFECT","items_purchased":["Blind","Sweeping Beam","Gash","Chill","Swift Strike"],"campfire_rested":5,"item_purchase_floors":[11,11,19,19,27],"current_hp_per_floor":[75,75,75,64,61,61,40,35,35,57,57,54,47,47,69,51,75,70,70,50,29,29,51,34,18,18,18,12,13,35,29,51,0,0],"gold":55,"neow_bonus":"RANDOM_COMMON_RELIC","is_daily":false,"chose_seed":true,"campfire_upgraded":1,"win_rate":0.0,"timestamp":1609276558,"path_taken":["M","M","$","?","M","R","E","M","T","R","$","M","?","?","R","BOSS","M","$","M","M","?","R","?","?","T","?","M","M","R","M","R","BOSS"],"items_purchased_type":["Card","Card","Card","Card","Card"],"build_version":"2020-12-22","purchased_purges":2,"victory":false,"max_hp_per_floor":[75,75,75,75,75,75,75,75,75,75,75,75,75,75,75,75,75,75,75,75,75,75,75,75,75,75,75,75,75,75,75,75,75,75],"card_choices":[{"not_picked":["Go for the Eyes","Undo"],"picked":"Ball Lightning","floor":1},{"not_picked":["Cold Snap","Ball Lightning"],"picked":"Streamline","floor":2},{"not_picked":["Rebound","Redo"],"picked":"Conserve Battery","floor":5},{"not_picked":["Turbo","Double Energy"],"picked":"Rebound","floor":7},{"not_picked":["Chaos","Compile Driver"],"picked":"Cold Snap","floor":8},{"not_picked":["Sweeping Beam","Beam Cell"],"picked":"Hello World","floor":12},{"not_picked":["Creative AI","Machine Learning"],"picked":"Multi-Cast","floor":16},{"not_picked":["Conserve Battery","Coolheaded","Barrage"],"picked":"SKIP","floor":18},{"not_picked":["Leap+1","Rebound"],"picked":"Streamline+1","floor":20},{"not_picked":["Hologram","Fusion","Consume"],"picked":"SKIP","floor":21},{"not_picked":["Barrage","Coolheaded+1"],"picked":"Reinforced Body","floor":24},{"not_picked":["Cold Snap","Stack"],"picked":"Leap","floor":28},{"not_picked":["Redo","Aggregate"],"picked":"White Noise+1","floor":29},{"not_picked":["Hologram","Rebound","Streamline"],"picked":"SKIP","floor":31}],"player_experience":244650,"relics_obtained":[{"floor":7,"key":"Gambling Chip"},{"floor":9,"key":"Pantograph"},{"floor":25,"key":"Enchiridion"},{"floor":26,"key":"Bird Faced Urn"}],"event_choices":[{"damage_healed":0,"gold_gain":75,"player_choice":"Gather Gold","damage_taken":11,"max_hp_gain":0,"max_hp_loss":0,"event_name":"World of Goop","floor":4,"gold_loss":0},{"cards_removed":["Strike_B"],"damage_healed":0,"gold_gain":0,"player_choice":"Card Removal","damage_taken":7,"max_hp_gain":0,"max_hp_loss":0,"event_name":"Golden Wing","floor":13,"gold_loss":0},{"damage_healed":0,"gold_gain":0,"player_choice":"Ignored","damage_taken":0,"max_hp_gain":0,"max_hp_loss":0,"event_name":"Liars Game","floor":14,"gold_loss":0},{"damage_healed":0,"gold_gain":0,"cards_transformed":["Defend_B"],"player_choice":"Transformed","damage_taken":0,"max_hp_gain":0,"max_hp_loss":0,"event_name":"Transmorgrifier","floor":22,"gold_loss":0,"cards_obtained":["Undo"]},{"damage_healed":0,"gold_gain":0,"player_choice":"Obtained Book","damage_taken":16,"max_hp_gain":0,"max_hp_loss":0,"event_name":"Cursed Tome","floor":25,"gold_loss":0}],"is_beta":false,"boss_relics":[{"not_picked":["Coffee Dripper","Ectoplasm"],"picked":"Runic Pyramid"}],"items_purged_floors":[3,11],"is_endless":false,"potions_floor_spawned":[7,8,12,16,20,28],"killed_by":"Champ","ascension_level":0}}