{"host":"9tzam4717zt8ei1o","time":1609252631,"event":{"mods":["BaseMod","Colored Map","Keyboard Shortcuts","Minty Spire (QoL Compilation)","Quick Restart","StSLib","SuperFastMode"],"gold_per_floor":[111,127,127,140,9,40,40,60,60,90,90,158,2,15,15,89,89,108,121,121,136,1,30,17,30,30,30,80,45,60,60,60],"floor_reached":31,"playtime":890,"items_purged":["Strike_G","Strike_G"],"score":514,"play_id":"3ace1b6f-6b1c-4541-a8ae-27d0b9f4b110","local_time":"20201229233711","is_ascension_mode":true,"campfire_choices":[{"data":"Flechettes","floor":7.0,"key":"SMITH"},{"data":"Crippling Poison","floor":11.0,"key":"SMITH"},{"data":"Tactician","floor":15.0,"key":"SMITH"},{"floor":27.0,"key":"REST"}],"circlet_count":0,"master_deck":["AscendersBane","Strike_G","Strike_G","Strike_G","Defend_G","Defend_G","Defend_G","Defend_G","Defend_G","Survivor","Neutralize+1","Blade Dance","Flechettes+1","Crippling Poison+1","Backflip","Blade Dance","Tactician+1","Well Laid Plans","Venomology","Eviscerate","Deflect","Dagger Throw","Acrobatics","Prepared+1"],"relics":["Ring of the Snake","SsserpentHead","Membership Card","Ginger","WingedGreaves","Lee\u0027s Waffle","SacredBark","Gremlin Horn","Calipers","Shuriken","Pear"],"acts_visited":["Exordium","TheCity"],"potions_floor_usage":[31,31],"damage_taken":[{"damage":0.0,"enemies":"2 Louse","floor":1.0,"turns":4.0},{"damage":0.0,"enemies":"Cultist","floor":2.0,"turns":4.0},{"damage":5.0,"enemies":"Small Slimes","floor":4.0,"turns":4.0},{"damage":39.0,"enemies":"3 Sentries","floor":6.0,"turns":13.0},{"damage":0.0,"enemies":"Exordium Thugs","floor":8.0,"turns":4.0},{"damage":4.0,"enemies":"Lots of Slimes","floor":12.0,"turns":2.0},{"damage":9.0,"enemies":"3 Louse","floor":14.0,"turns":3.0},{"damage":25.0,"enemies":"The Guardian","floor":16.0,"turns":16.0},{"damage":0.0,"enemies":"Spheric Guardian","floor":18.0,"turns":1.0},{"damage":6.0,"enemies":"3 Byrds","floor":19.0,"turns":4.0},{"damage":10.0,"enemies":"Centurion and Healer","floor":21.0,"turns":7.0},{"damage":30.0,"enemies":"Gremlin Leader","floor":23.0,"turns":8.0},{"damage":9.0,"enemies":"Snecko","floor":25.0,"turns":5.0},{"damage":32.0,"enemies":"Cultist and Chosen","floor":30.0,"turns":9.0},{"damage":11,"enemies":"Chosen and Byrds","floor":31,"turns":5}],"seed_played":"6372546458188577593","potions_obtained":[{"floor":4.0,"key":"LiquidBronze"},{"floor":8.0,"key":"FearPotion"},{"floor":10.0,"key":"Block Potion"},{"floor":16.0,"key":"DistilledChaos"},{"floor":18.0,"key":"Swift Potion"},{"floor":19.0,"key":"Ancient Potion"},{"floor":23.0,"key":"BlessingOfTheForge"},{"floor":30.0,"key":"SkillPotion"}],"is_trial":false,"path_per_floor":["M","M","?","M","$","E","R","M","T","?","R","M","$","M","R","B",null,"M","M","$","M","$","E","$","M","T","R","?","?","M","M"],"character_chosen":"THE_SILENT","items_purchased":["Membership Card","Backflip","Lee\u0027s Waffle","Tactician","Well Laid Plans","Gremlin Horn","Deflect"],"campfire_rested":1,"item_purchase_floors":[5,5,13,13,13,22,24],"current_hp_per_floor":[59,59,59,54,54,15,15,15,15,15,15,11,73,64,64,39,65,65,59,59,49,49,19,19,10,10,31,31,41,9,0,0],"gold":60,"neow_bonus":"UPGRADE_CARD","is_daily":false,"chose_seed":false,"campfire_upgraded":3,"win_rate":0.0,"timestamp":1609252631,"path_taken":["M","M","?","M","?","E","R","M","T","?","R","?","?","M","R","BOSS","M","M","?","M","$","E","$","M","T","R","?","?","M","M"],"items_purchased_type":["Relic","Card","Relic","Card","Card","Relic","Card"],"build_version":"2020-12-22","purchased_purges":2,"victory":false,"max_hp_per_floor":[66,66,66,66,66,66,66,66,66,66,66,66,73,73,73,73,73,73,73,73,73,73,73,73,73,73,73,73,83,83,83,83],"card_choices":[{"not_picked":["Heel Hook","Outmaneuver"],"picked":"Blade Dance","floor":1.0},{"not_picked":["Concentrate","Sucker Punch"],"picked":"Flechettes","floor":2.0},{"not_picked":["Dagger Throw","Skewer"],"picked":"Crippling Poison","floor":4.0},{"not_picked":["Predator","Slice"],"picked":"Blade Dance","floor":6.0},{"not_picked":["Dash","Caltrops","Crippling Poison"],"picked":"SKIP","floor":8.0},{"not_picked":["Dagger Spray","Caltrops","Bane"],"picked":"SKIP","floor":12.0},{"not_picked":["Infinite Blades","Poisoned Stab","Endless Agony"],"picked":"SKIP","floor":14.0},{"not_picked":["Unload","Wraith Form v2"],"picked":"Venomology","floor":16.0},{"not_picked":["Poisoned Stab","Sucker Punch","Distraction"],"picked":"SKIP","floor":18.0},{"not_picked":["Dash","Underhanded Strike"],"picked":"Eviscerate","floor":19.0},{"not_picked":["Endless Agony","Dagger Throw","Predator"],"picked":"SKIP","floor":21.0},{"not_picked":["Slice","Outmaneuver","A Thousand Cuts"],"picked":"SKIP","floor":23.0},{"not_picked":["Poisoned Stab","Backstab"],"picked":"Dagger Throw","floor":25.0},{"not_picked":["Bouncing Flask","Flechettes"],"picked":"Prepared+1","floor":30.0}],"player_experience":130019,"relics_obtained":[{"floor":6.0,"key":"Ginger"},{"floor":9.0,"key":"WingedGreaves"},{"floor":23.0,"key":"Calipers"},{"floor":26.0,"key":"Shuriken"}],"event_choices":[{"damage_healed":0.0,"max_hp_gain":0.0,"max_hp_loss":0.0,"gold_gain":0.0,"event_name":"FaceTrader","player_choice":"Trade","floor":3.0,"gold_loss":0.0,"damage_taken":0.0,"relics_obtained":["SsserpentHead"]},{"damage_healed":0.0,"max_hp_gain":0.0,"max_hp_loss":0.0,"gold_gain":0.0,"event_name":"The Woman in Blue","player_choice":"Bought 1 Potion","floor":10.0,"gold_loss":0.0,"damage_taken":0.0},{"damage_healed":0.0,"max_hp_gain":0.0,"max_hp_loss":0.0,"gold_gain":0.0,"event_name":"The Library","player_choice":"Read","floor":28.0,"gold_loss":0.0,"damage_taken":0.0,"cards_obtained":["Acrobatics"]},{"damage_healed":0.0,"max_hp_gain":0.0,"max_hp_loss":0.0,"gold_gain":0.0,"event_name":"Addict","player_choice":"Obtained Relic","floor":29.0,"gold_loss":85.0,"damage_taken":0.0,"relics_obtained":["Pear"]}],"is_beta":false,"boss_relics":[{"not_picked":["Fusion Hammer","Coffee Dripper"],"picked":"SacredBark"}],"items_purged_floors":[13,20],"is_endless":false,"potions_floor_spawned":[4,8,16,18,19,23,30],"killed_by":"Chosen and Byrds","ascension_level":20}}