{"host":"1kq2ingo3j45gyyp","time":1609234737,"event":{"mods":["BaseMod","Better Note","Better Third Choice","Downfall","Minty Spire (QoL Compilation)","StSLib"],"gold_per_floor":[99,111,111,125,138,151,151,76,93,18,18,35,35,66,83,83,83],"floor_reached":16,"playtime":699,"items_purged":[],"score":129,"play_id":"a71ef864-aa8a-4595-bff4-26c5cd3f98db","local_time":"20201229043857","is_ascension_mode":false,"campfire_choices":[{"floor":1,"key":"RECALL"},{"data":"sneckomod:Unknown","floor":8,"key":"SMITH"},{"floor":10,"key":"REST"},{"data":"sneckomod:UnknownUncommonPower","floor":13,"key":"SMITH"}],"circlet_count":0,"master_deck":["sneckomod:Strike","sneckomod:Strike","sneckomod:Strike","sneckomod:Defend","sneckomod:Defend","sneckomod:Defend","sneckomod:TailWhip","sneckomod:SnekBite","sneckomod:Unknown+1","sneckomod:Unknown","sneckomod:UnknownBlock","sneckomod:Unknown2Cost","sneckomod:SoulDraw","sneckomod:UnknownStrike","sneckomod:UnknownUncommonPower+1","sneckomod:Unknown1Cost","sneckomod:UnknownClassGREEN"],"relics":["sneckomod:SneckoSoul","downfall:HeartBlessingBlue","downfall:HeartBlessingRed","Kunai"],"acts_visited":["Exordium"],"potions_floor_usage":[16],"damage_taken":[{"damage":4,"enemies":"Small Slimes","floor":2,"turns":3},{"damage":1,"enemies":"Cultist","floor":4,"turns":3},{"damage":5,"enemies":"Jaw Worm","floor":5,"turns":4},{"damage":13,"enemies":"2 Fungi Beasts","floor":6,"turns":3},{"damage":18,"enemies":"3 Louse","floor":9,"turns":4},{"damage":11,"enemies":"Gremlin Gang","floor":12,"turns":4},{"damage":7,"enemies":"3 Sentries","floor":14,"turns":7},{"damage":14,"enemies":"2 Fungi Beasts","floor":15,"turns":3},{"damage":85,"enemies":"downfall:Defect","floor":16,"turns":6}],"seed_played":"1196476293892956638","potions_obtained":[{"floor":5,"key":"SteroidPotion"},{"floor":14,"key":"Strength Potion"}],"is_trial":false,"path_per_floor":["R","M","?","M","M","M","T","R","M","R","?","M","R","E","M","B"],"character_chosen":"THE_SNECKO","items_purchased":[],"campfire_rested":1,"item_purchase_floors":[],"current_hp_per_floor":[99,100,100,100,96,83,83,93,76,109,109,99,99,93,80,0,0],"gold":83,"neow_bonus":"TEN_PERCENT_HP_BONUS","is_daily":false,"chose_seed":false,"campfire_upgraded":2,"win_rate":0.0,"timestamp":1609234737,"path_taken":["R","M","?","M","?","M","T","R","M","R","?","M","R","E","M","BOSS"],"items_purchased_type":[],"build_version":"2020-12-22","purchased_purges":0,"victory":false,"max_hp_per_floor":[99,100,100,101,102,102,102,112,113,113,113,114,114,115,116,116,116],"card_choices":[{"not_picked":["sneckomod:SoulDraw","sneckomod:IronFang"],"picked":"sneckomod:UnknownVulnerable","floor":2},{"not_picked":["sneckomod:DiceCrush","sneckomod:UnknownEthereal"],"picked":"sneckomod:UnknownBlock","floor":4},{"not_picked":["sneckomod:MasterEye","sneckomod:UnknownVulnerable"],"picked":"sneckomod:Unknown2Cost","floor":5},{"not_picked":["sneckomod:SoulRoll","sneckomod:DiceBlock"],"picked":"sneckomod:SoulDraw","floor":6},{"not_picked":["sneckomod:Unknown2Cost","sneckomod:UnknownBlock"],"picked":"sneckomod:UnknownStrike","floor":9},{"not_picked":["sneckomod:ImprovisedAttack","sneckomod:UnknownClassPURPLE"],"picked":"sneckomod:UnknownUncommonPower","floor":12},{"not_picked":["sneckomod:UnknownClassPURPLE","sneckomod:TrashToTreasure"],"picked":"sneckomod:Unknown1Cost","floor":14},{"not_picked":["sneckomod:DiceCrush","sneckomod:UnknownBlock"],"picked":"sneckomod:UnknownClassGREEN","floor":15}],"player_experience":812910,"relics_obtained":[{"floor":14,"key":"Kunai"}],"event_choices":[{"cards_removed":["sneckomod:UnknownVulnerable"],"damage_healed":5,"gold_gain":0,"player_choice":"Offered Common","damage_taken":0,"max_hp_gain":0,"max_hp_loss":0,"event_name":"Bonfire Elementals","floor":3,"gold_loss":0},{"cards_removed":["sneckomod:UnknownVulnerable"],"damage_healed":5,"gold_gain":0,"player_choice":"Offered Special","damage_taken":0,"max_hp_gain":0,"max_hp_loss":0,"event_name":"Bonfire Elementals","floor":3,"gold_loss":0}],"is_beta":false,"boss_relics":[],"items_purged_floors":[],"is_endless":false,"potions_floor_spawned":[5,14],"killed_by":"downfall:Defect","ascension_level":0}}