{"host":"wha9hktbkslqvblg","time":1609234070,"event":{"mods":["BaseMod","Colored Map","Minty Spire (QoL Compilation)","Relic Stats","SuperFastMode","everything is the same but u backflip on backflip"],"gold_per_floor":[111,111,36,36,36,36,36,62,87,116,128,163,163,175,175,175,175],"floor_reached":16,"playtime":237,"items_purged":[],"score":382,"play_id":"4ffd522a-64f8-4ad1-9fcc-f8838cc8239c","local_time":"20201229182750","is_ascension_mode":true,"campfire_choices":[{"floor":6.0,"key":"RECALL"},{"data":"Armaments","floor":13.0,"key":"SMITH"},{"data":"Shockwave","floor":15.0,"key":"SMITH"}],"circlet_count":0,"master_deck":["AscendersBane","Strike_R","Strike_R+1","Defend_R","Defend_R","Defend_R","Defend_R","Bash","Body Slam+1","Bludgeon","Armaments+1","Flame Barrier","Second Wind","Shockwave+1"],"relics":["Burning Blood","NeowsBlessing","PreservedInsect","Dream Catcher","Smiling Mask"],"acts_visited":["Exordium"],"potions_floor_usage":[16],"damage_taken":[{"damage":0.0,"enemies":"Small Slimes","floor":1.0,"turns":1.0},{"damage":0.0,"enemies":"3 Sentries","floor":8.0,"turns":2.0},{"damage":0.0,"enemies":"Lagavulin","floor":10.0,"turns":1.0},{"damage":1.0,"enemies":"2 Louse","floor":11.0,"turns":2.0},{"damage":0.0,"enemies":"3 Sentries","floor":12.0,"turns":5.0},{"damage":0.0,"enemies":"Jaw Worm","floor":14.0,"turns":3.0},{"damage":60,"enemies":"Hexaghost","floor":16,"turns":9}],"seed_played":"-4565627355562894264","potions_obtained":[{"floor":1.0,"key":"CultistPotion"},{"floor":8.0,"key":"Energy Potion"},{"floor":14.0,"key":"Explosive Potion"}],"is_trial":false,"path_per_floor":["M","?","?","?","$","R","?","E","T","E","M","E","R","M","R","B"],"character_chosen":"IRONCLAD","items_purchased":[],"campfire_rested":0,"item_purchase_floors":[],"current_hp_per_floor":[74,67,67,44,44,44,44,50,50,56,61,67,67,73,73,13,13],"gold":175,"neow_bonus":"THREE_ENEMY_KILL","is_daily":false,"chose_seed":false,"campfire_upgraded":2,"win_rate":0.0,"timestamp":1609234070,"path_taken":["M","?","?","?","$","R","?","E","T","E","M","E","R","M","R","BOSS"],"items_purchased_type":[],"build_version":"2020-12-22","purchased_purges":0,"victory":false,"max_hp_per_floor":[75,75,75,75,75,75,75,75,75,75,75,75,75,75,75,75,75],"relic_stats":{"Dream Catcher":0,"counters":[7,23],"PreservedInsect":30,"Smiling Mask":0,"obtain_stats":[{"Dream Catcher":10,"NeowsBlessing":0,"PreservedInsect":8,"Smiling Mask":12,"Burning Blood":0},{"Dream Catcher":3,"NeowsBlessing":0,"PreservedInsect":2,"Smiling Mask":5,"Burning Blood":0},{"Dream Catcher":4,"NeowsBlessing":0,"PreservedInsect":3,"Smiling Mask":11,"Burning Blood":0}],"Burning Blood":36},"card_choices":[{"not_picked":["Rupture","Feel No Pain"],"picked":"Body Slam","floor":1.0},{"not_picked":["Heavy Blade","Shockwave"],"picked":"Armaments","floor":8.0},{"not_picked":["Brutality","Dual Wield"],"picked":"Flame Barrier","floor":10.0},{"not_picked":["Flame Barrier","Sword Boomerang","Cleave"],"picked":"SKIP","floor":11.0},{"not_picked":["Headbutt","Body Slam"],"picked":"Second Wind","floor":12.0},{"not_picked":["Body Slam","Bloodletting"],"picked":"Shockwave","floor":14.0}],"player_experience":904506,"relics_obtained":[{"floor":8.0,"key":"PreservedInsect"},{"floor":10.0,"key":"Dream Catcher"},{"floor":12.0,"key":"Smiling Mask"}],"event_choices":[{"cards_removed":["Strike_R"],"damage_healed":0.0,"max_hp_gain":0.0,"max_hp_loss":0.0,"gold_gain":0.0,"event_name":"Golden Wing","player_choice":"Card Removal","floor":2.0,"gold_loss":0.0,"damage_taken":7.0},{"cards_removed":["Strike_R"],"damage_healed":0.0,"max_hp_gain":0.0,"max_hp_loss":0.0,"gold_gain":0.0,"event_name":"The Cleric","player_choice":"Card Removal","floor":3.0,"gold_loss":75.0,"damage_taken":0.0},{"damage_healed":0.0,"max_hp_gain":0.0,"max_hp_loss":0.0,"gold_gain":0.0,"event_name":"Shining Light","player_choice":"Entered Light","floor":4.0,"gold_loss":0.0,"damage_taken":23.0,"cards_upgraded":["Body Slam","Strike_R"]},{"damage_healed":0.0,"max_hp_gain":0.0,"max_hp_loss":0.0,"gold_gain":0.0,"cards_transformed":["Strike_R"],"event_name":"Living Wall","player_choice":"Change","floor":7.0,"gold_loss":0.0,"damage_taken":0.0,"cards_obtained":["Bludgeon"]}],"is_beta":false,"boss_relics":[],"items_purged_floors":[],"is_endless":false,"potions_floor_spawned":[1,8,14],"killed_by":"Hexaghost","ascension_level":20}}