{"host":"dculp0u5sf459im8","time":1609254446,"event":{"mods":["BaseMod","Downfall","Infinite Spire","Jedi Mod","Minty Spire (QoL Compilation)","Replay The Spire","StSLib","The Bug Knight","The Construct","The Cursed","The Jungle"],"gold_per_floor":[99,118,118,118,129,54,77,105,121,135,60,80,80,80,91,191,191,191,209,224,243,243,260,260,260,272,290,215,215,215,215,225,327,327,327,339,339,339,339],"floor_reached":37,"playtime":6890,"items_purged":["hexamod:Defend"],"score":448,"play_id":"32adbb6c-3301-407b-9490-d3b1637082e6","local_time":"20201229230726","is_ascension_mode":false,"campfire_choices":[{"floor":1,"key":"RECALL"},{"data":"hexamod:SkipABeat","floor":6,"key":"SMITH"},{"data":"hexamod:RainOfEmbers","floor":11,"key":"SMITH"},{"data":"hexamod:SpectralAdrenaline","floor":13,"key":"SMITH"},{"data":"hexamod:TimeWarp","floor":18,"key":"SMITH"},{"data":"hexamod:SearingWound","floor":28,"key":"SMITH"},{"data":"ReplayTheSpireMod:Echoes of Time","floor":30,"key":"SMITH"},{"data":"hexamod:Defend+1","floor":35,"key":"PURGE"}],"circlet_count":0,"master_deck":["hexamod:Strike+1","hexamod:Defend+1","hexamod:Sear","hexamod:Float+1","hexamod:ShieldOfDarkness+1","hexamod:SkipABeat+1","hexamod:ThirdSeal","hexamod:SoulSteal+1","hexamod:ThermalTransfer","hexamod:RainOfEmbers+1","hexamod:InspiringFlames+1","hexamod:SpectralAdrenaline+1","hexamod:GhostOfSpireFuture+1","hexamod:GhostOfSpirePast+1","hexamod:TimeWarp+1","hexamod:SixthSeal","hexamod:FirstSeal","hexamod:GhostLash+1","hexamod:Haunt+1","hexamod:SpectersWail+1","hexamod:Hexaguard","hexamod:HeatMetal+1","hexamod:SearingWound+1","hexamod:FourthSeal","hexamod:NightmareStrike+1","ReplayTheSpireMod:Echoes of Time+1","hexamod:ExtraCrispy+1","hexamod:VolcanoVisage","hexamod:TimeWarp"],"relics":["hexamod:SpiritBrand","downfall:HeartBlessingRed","jedi:crownofsimplicity","Bronze Scales","downfall:HeartBlessingGreen","Astrolabe","Bag of Marbles","downfall:HeartBlessingBlue","Nunchaku"],"acts_visited":["Exordium","TheCity","TheBeyond"],"potions_floor_usage":[16,19,20,21,23,26,31,32,33,33,37,37],"damage_taken":[{"damage":0,"enemies":"Cultist","floor":2,"turns":5},{"damage":0,"enemies":"Jaw Worm","floor":5,"turns":4},{"damage":6,"enemies":"HollowMod:MossKnight","floor":8,"turns":9},{"damage":0,"enemies":"Small Slimes","floor":9,"turns":4},{"damage":2,"enemies":"Gremlin Gang","floor":10,"turns":3},{"damage":4,"enemies":"Exordium Thugs","floor":12,"turns":3},{"damage":0,"enemies":"2 Fungi Beasts","floor":15,"turns":3},{"damage":12,"enemies":"downfall:Watcher","floor":16,"turns":5},{"damage":0,"enemies":"Shell Parasite","floor":19,"turns":4},{"damage":10,"enemies":"Cultist and Chosen","floor":20,"turns":6},{"damage":9,"enemies":"Centurion and Healer","floor":21,"turns":3},{"damage":15,"enemies":"Snake Plant","floor":23,"turns":3},{"damage":0,"enemies":"Chosen and Byrds","floor":26,"turns":4},{"damage":2,"enemies":"Cultist and Chosen","floor":27,"turns":4},{"damage":0,"enemies":"Snecko","floor":32,"turns":4},{"damage":20,"enemies":"downfall:Ironclad","floor":33,"turns":5},{"damage":15,"enemies":"3 Shapes","floor":36,"turns":4},{"damage":0,"enemies":"infinitespire:Three Voidlings","floor":37,"turns":2},{"damage":74,"enemies":"Nightmare_Alpha","floor":37,"turns":10}],"seed_played":"2842850084874695447","potions_obtained":[{"floor":2,"key":"Block Potion"},{"floor":9,"key":"Death Potion"},{"floor":10,"key":"Milkshake"},{"floor":12,"key":"Energy Potion"},{"floor":19,"key":"sneckomod:MuddlingPotion"},{"floor":20,"key":"PowerPotion"},{"floor":23,"key":"SkillPotion"},{"floor":26,"key":"EntropicBrew"},{"floor":32,"key":"ColorlessPotion"},{"floor":33,"key":"SneckoOil"}],"is_trial":false,"path_per_floor":["R","M","?","?","M","R","T","E","M","M","R","M","R","?","M","B",null,"R","M","M","M","T","M","T","?","M","M","R","AVR","R","?","M","B",null,"R","M","?"],"character_chosen":"THE_SPIRIT","items_purchased":[],"campfire_rested":0,"item_purchase_floors":[],"current_hp_per_floor":[77,77,77,77,77,77,77,71,71,69,69,65,65,65,65,53,77,77,77,74,72,72,64,64,64,64,69,79,79,79,79,86,73,87,87,72,0,0,0],"gold":339,"neow_bonus":"TEN_PERCENT_HP_BONUS","is_daily":false,"chose_seed":false,"campfire_upgraded":6,"win_rate":0.0,"timestamp":1609254446,"path_taken":["R","M","?","?","M","R","T","E","M","?","R","M","R","?","M","BOSS","R","?","M","M","?","M","T","?","M","?","R","AVR","R","?","M","BOSS","R","M","?"],"items_purchased_type":[],"build_version":"2020-12-22","purchased_purges":1,"victory":false,"max_hp_per_floor":[77,77,77,77,77,77,77,77,77,77,77,77,77,77,77,77,77,77,77,77,77,77,77,77,77,77,77,87,87,87,87,87,87,87,87,87,87,87,87],"card_choices":[{"not_picked":["hexamod:AdvancingGuard","hexamod:BacktrackSmack"],"picked":"hexamod:ShieldOfDarkness","floor":2},{"not_picked":["hexamod:ShieldOfDarkness","hexamod:RetreatToShadows"],"picked":"hexamod:SkipABeat","floor":5},{"not_picked":["hexamod:Firestarter","hexamod:RetreatToShadows"],"picked":"hexamod:ThirdSeal","floor":8},{"not_picked":["hexamod:GhostOfSpireFuture","hexamod:SpectersWail"],"picked":"hexamod:SoulSteal","floor":9},{"not_picked":["hexamod:InspiringFlames","hexamod:AdvancingGuard"],"picked":"hexamod:ThermalTransfer","floor":10},{"not_picked":["hexamod:AdvancingGuard","hexamod:EmpoweredFlame"],"picked":"hexamod:RainOfEmbers","floor":10},{"not_picked":["hexamod:BacktrackSmack","hexamod:EtherealExpedition"],"picked":"hexamod:InspiringFlames","floor":12},{"not_picked":["hexamod:HeatMetal","hexamod:GhostOfSpirePast"],"picked":"hexamod:SpectralAdrenaline","floor":12},{"not_picked":["hexamod:EmpoweredFlame","hexamod:Firestarter"],"picked":"hexamod:GhostOfSpireFuture","floor":15},{"not_picked":["hexamod:GhostOfSpireFuture","hexamod:FastForward"],"picked":"hexamod:GhostOfSpirePast","floor":15},{"not_picked":["hexamod:SearingWound","hexamod:ParanormalForm"],"picked":"hexamod:TimeWarp","floor":16},{"not_picked":["hexamod:WildfireWeapon","hexamod:UnleashSpirits"],"picked":"hexamod:SixthSeal","floor":16},{"not_picked":["hexamod:GhostOfSpirePast","hexamod:InspiringFlames+1"],"picked":"hexamod:SpectersWail+1","floor":19},{"not_picked":["hexamod:ShieldOfDarkness+1","hexamod:InspiringFlames"],"picked":"hexamod:Hexaguard","floor":19},{"not_picked":["hexamod:FastForward","hexamod:SoulSteal","hexamod:EtherealExpedition"],"picked":"SKIP","floor":20},{"not_picked":["hexamod:Firestarter","hexamod:NightmareGuise","hexamod:Hexaguard"],"picked":"SKIP","floor":20},{"not_picked":["hexamod:SwordOfDarkness","hexamod:ThirdSeal"],"picked":"hexamod:HeatMetal+1","floor":21},{"not_picked":["hexamod:Incineration","hexamod:RainOfEmbers"],"picked":"hexamod:SearingWound","floor":21},{"not_picked":["hexamod:Hexaguard","hexamod:InspiringFlames"],"picked":"hexamod:FourthSeal","floor":23},{"not_picked":["hexamod:PhantomCloak","hexamod:GhostLash"],"picked":"hexamod:NightmareStrike+1","floor":26},{"not_picked":["hexamod:EtherealExpedition","hexamod:HauntingEcho","hexamod:RetreatToShadows"],"picked":"SKIP","floor":27},{"not_picked":["hexamod:FastForward","hexamod:NightmareGuise","hexamod:EmpoweredFlame"],"picked":"SKIP","floor":27},{"not_picked":["hexamod:PhantomCloak","hexamod:Hexaguard","hexamod:FastForward"],"picked":"SKIP","floor":32},{"not_picked":["hexamod:WildfireWeapon","hexamod:SixthSeal"],"picked":"hexamod:VolcanoVisage","floor":33},{"not_picked":["hexamod:TimeOfNeed","hexamod:CrushingStance"],"picked":"hexamod:TimeWarp","floor":33},{"not_picked":["hexamod:BacktrackSmack","hexamod:Haunt","hexamod:SpectersWail"],"picked":"SKIP","floor":36}],"player_experience":256066,"relics_obtained":[{"floor":7,"key":"jedi:crownofsimplicity"},{"floor":8,"key":"Bronze Scales"},{"floor":22,"key":"Bag of Marbles"}],"event_choices":[{"damage_healed":0,"gold_gain":0,"player_choice":"Forge","damage_taken":0,"max_hp_gain":0,"max_hp_loss":0,"event_name":"Accursed Blacksmith","floor":14,"gold_loss":0,"cards_upgraded":["hexamod:SoulSteal"]},{"damage_healed":0,"gold_gain":0,"player_choice":"Upgraded","damage_taken":0,"max_hp_gain":0,"max_hp_loss":0,"event_name":"Upgrade Shrine","floor":25,"gold_loss":0,"cards_upgraded":["hexamod:GhostOfSpireFuture"]},{"damage_healed":0,"gold_gain":0,"cards_transformed":["hexamod:Strike"],"player_choice":"Transformed","damage_taken":0,"max_hp_gain":0,"max_hp_loss":0,"event_name":"Transmorgrifier","floor":31,"gold_loss":0,"cards_obtained":["hexamod:ExtraCrispy"]}],"is_beta":false,"boss_relics":[{"not_picked":["Sozu","downfall:Hecktoplasm"],"picked":"Astrolabe"},{"not_picked":["Runic Pyramid","Cursed Key","Replay:Fungal Core"]}],"items_purged_floors":[29],"is_endless":false,"potions_floor_spawned":[2,9,10,12,19,20,23,32],"killed_by":"Nightmare_Alpha","ascension_level":0}}