{"host":"msa0wxqjs3jv1k3j","time":1609249890,"event":{"mods":["BaseMod","BetterRewards","Colored Map","Highlight Path","KOR Keyword Fix","Keyboard Shortcuts","Minty Spire (QoL Compilation)","Quick Restart","SuperFastMode","everything is the same but u backflip on backflip"],"gold_per_floor":[112,287,287,304,56,56,72,72,96,157,157,57,72,41,41,41,41],"floor_reached":16,"playtime":630,"items_purged":["Defend_R","Doubt"],"score":90,"play_id":"89c81f98-ae1d-4578-8a69-9832a929f9b9","local_time":"20201229225130","is_ascension_mode":false,"campfire_choices":[{"floor":6.0,"key":"REST"},{"data":"Shrug It Off","floor":8.0,"key":"SMITH"},{"floor":11.0,"key":"REST"},{"floor":15,"key":"REST"}],"circlet_count":0,"master_deck":["Strike_R","Strike_R","Strike_R","Strike_R","Strike_R+1","Defend_R","Defend_R","Defend_R+1","Bash","Battle Trance","Shrug It Off+1","Rupture+1","Rage"],"relics":["Burning Blood","StoneCalendar","Frozen Egg 2","Medical Kit","Darkstone Periapt","Vajra","Prayer Wheel"],"acts_visited":["Exordium"],"potions_floor_usage":[],"damage_taken":[{"damage":7.0,"enemies":"2 Louse","floor":1.0,"turns":3.0},{"damage":0.0,"enemies":"Small Slimes","floor":4.0,"turns":3.0},{"damage":8.0,"enemies":"Jaw Worm","floor":7.0,"turns":4.0},{"damage":40.0,"enemies":"3 Sentries","floor":10.0,"turns":7.0},{"damage":40,"enemies":"Gremlin Gang","floor":13,"turns":7},{"damage":10,"enemies":"Exordium Thugs","floor":14,"turns":5},{"damage":31,"enemies":"The Guardian","floor":16,"turns":6}],"seed_played":"4098913992286835257","potions_obtained":[{"floor":4.0,"key":"Explosive Potion"}],"is_trial":false,"path_per_floor":["M","?","?","M","$","R","M","R","T","?","R","$","M","M","R","B"],"character_chosen":"IRONCLAD","items_purchased":["Frozen Egg 2","Battle Trance","Medical Kit","Darkstone Periapt"],"campfire_rested":3,"item_purchase_floors":[0,0,0,5],"current_hp_per_floor":[43,43,27,33,33,57,55,55,55,21,45,45,11,7,31,0,0],"gold":41,"neow_bonus":"","is_daily":false,"chose_seed":false,"campfire_upgraded":1,"win_rate":0.0,"timestamp":1609249890,"path_taken":["M","?","?","M","$","R","M","R","T","?","R","$","?","M","R","BOSS"],"items_purchased_type":["Relic","Card","Relic","Relic"],"build_version":"2020-12-22","purchased_purges":2,"victory":false,"max_hp_per_floor":[80,80,80,80,80,80,80,80,80,80,80,80,80,80,80,80,80],"card_choices":[{"not_picked":["Carnage","Warcry","Shockwave"],"picked":"SKIP","floor":1.0},{"not_picked":["Perfected Strike","Metallicize+1"],"picked":"Shrug It Off","floor":4.0},{"not_picked":["Shrug It Off","Iron Wave","True Grit"],"picked":"SKIP","floor":7.0},{"not_picked":["Spot Weakness","Shrug It Off"],"picked":"Rupture+1","floor":10.0},{"not_picked":["Headbutt","Metallicize+1"],"picked":"Rage","floor":13},{"not_picked":["Iron Wave","Flame Barrier","Sword Boomerang"],"picked":"SKIP","floor":13},{"not_picked":["Armaments","Searing Blow","Feed"],"picked":"SKIP","floor":14},{"not_picked":["Second Wind","Armaments","Feel No Pain+1"],"picked":"SKIP","floor":14}],"player_experience":15336,"relics_obtained":[{"floor":9.0,"key":"Vajra"},{"floor":10.0,"key":"Prayer Wheel"}],"event_choices":[{"damage_healed":0.0,"max_hp_gain":0.0,"max_hp_loss":0.0,"gold_gain":175.0,"event_name":"Liars Game","player_choice":"AGREE","floor":2.0,"gold_loss":0.0,"damage_taken":0.0,"cards_obtained":["Doubt"]},{"damage_healed":0.0,"max_hp_gain":0.0,"max_hp_loss":0.0,"gold_gain":0.0,"event_name":"Shining Light","player_choice":"Entered Light","floor":3.0,"gold_loss":0.0,"damage_taken":16.0,"cards_upgraded":["Strike_R","Defend_R"]},{"damage_healed":0.0,"max_hp_gain":0.0,"max_hp_loss":0.0,"gold_gain":0.0,"event_name":"Dead Adventurer","player_choice":"Searched \u00271\u0027 times","floor":10.0,"gold_loss":0.0,"damage_taken":0.0}],"is_beta":false,"boss_relics":[],"items_purged_floors":[0,12],"is_endless":false,"potions_floor_spawned":[4],"killed_by":"The Guardian","ascension_level":0}}