{"host":"dhyczjm99amxd3qx","time":1609279296,"event":{"mods":["BaseMod","Colored Map","Googly Eyes","Highlight Path","Minty Spire (QoL Compilation)","Quick Restart","StSLib"],"gold_per_floor":[118,118,138,69,83,114,114,147,147,159,159,173,173,173],"floor_reached":13,"playtime":679,"items_purged":[],"score":114,"play_id":"4c375bb9-eb31-4721-8ea3-a2e94d08791c","local_time":"20201229170136","is_ascension_mode":true,"campfire_choices":[{"data":"Iron Wave","floor":7,"key":"SMITH"},{"data":"Brutality","floor":11,"key":"SMITH"}],"circlet_count":0,"master_deck":["Strike_R","Strike_R","Strike_R","Strike_R","Strike_R","Defend_R","Defend_R","Defend_R","Defend_R","Bash","Hemokinesis","Disarm","Inflame","Shockwave","Iron Wave+1","Brutality+1","Rage"],"relics":["Burning Blood","Incense Burner","Bird Faced Urn","Calipers"],"acts_visited":["Exordium"],"potions_floor_usage":[3,5,5,6,12],"damage_taken":[{"damage":0,"enemies":"2 Louse","floor":1,"turns":4},{"damage":2,"enemies":"Cultist","floor":3,"turns":2},{"damage":3,"enemies":"Small Slimes","floor":5,"turns":3},{"damage":55,"enemies":"3 Sentries","floor":6,"turns":8},{"damage":16,"enemies":"Lagavulin","floor":8,"turns":6},{"damage":17,"enemies":"Looter","floor":10,"turns":4},{"damage":9,"enemies":"Exordium Thugs","floor":12,"turns":5},{"damage":0,"enemies":"3 Sentries","floor":13,"turns":1}],"seed_played":"-5467231178114937800","potions_obtained":[{"floor":0,"key":"SmokeBomb"},{"floor":0,"key":"EntropicBrew"},{"floor":0,"key":"ColorlessPotion"},{"floor":2,"key":"FairyPotion"},{"floor":3,"key":"ColorlessPotion"},{"floor":6,"key":"Explosive Potion"},{"floor":12,"key":"Energy Potion"}],"is_trial":false,"path_per_floor":["M","?","M","$","M","E","R","E","T","M","R","M","E"],"character_chosen":"IRONCLAD","items_purchased":["Inflame"],"campfire_rested":0,"item_purchase_floors":[4],"current_hp_per_floor":[80,80,80,80,80,31,31,21,21,12,12,11,11,11],"gold":173,"neow_bonus":"THREE_SMALL_POTIONS","is_daily":false,"chose_seed":false,"campfire_upgraded":2,"win_rate":0.0,"timestamp":1609279296,"path_taken":["M","?","M","?","?","E","R","E","T","M","R","M","E"],"items_purchased_type":["Card"],"build_version":"2020-12-22","purchased_purges":0,"victory":false,"max_hp_per_floor":[80,80,80,80,80,80,80,80,80,80,80,80,80,80],"card_choices":[{"not_picked":["Wild Strike","Infernal Blade"],"picked":"Hemokinesis","floor":1},{"not_picked":["Sword Boomerang","Cleave"],"picked":"Disarm","floor":3},{"not_picked":["Headbutt","Reckless Charge"],"picked":"Shockwave","floor":5},{"not_picked":["Cleave","Shockwave"],"picked":"Iron Wave","floor":6},{"not_picked":["Feel No Pain","Perfected Strike"],"picked":"Brutality","floor":8},{"not_picked":["Anger","Cleave","Perfected Strike"],"picked":"SKIP","floor":10},{"not_picked":["Intimidate","Body Slam"],"picked":"Rage","floor":12}],"player_experience":185728,"relics_obtained":[{"floor":6,"key":"Incense Burner"},{"floor":8,"key":"Bird Faced Urn"},{"floor":9,"key":"Calipers"}],"event_choices":[{"damage_healed":0,"gold_gain":0,"player_choice":"Got Potions","damage_taken":0,"max_hp_gain":0,"max_hp_loss":0,"event_name":"Lab","floor":2,"gold_loss":0}],"is_beta":false,"boss_relics":[],"items_purged_floors":[],"is_endless":false,"potions_floor_spawned":[3,6,12],"killed_by":"3 Sentries","ascension_level":4}}