{"host":"ql9d3hodw6ja2r3y","time":1609279844,"event":{"mods":["2.2 Compatiblity","A Magickal Journey","AchievementEnabler","Act Like it!","BaseMod","Beaked The Cultist","Better Altar","Better Match","Better Note","Better Sensory Stone","Better Skull","Better Third Choice","Better Vampires","BetterRewards","CCEM","Challenge The Spire","Colored Powertips","Curses Come First","Displayed Cursed Tome","Downfall","Friendly Minions","GifTheSpireLib","Infinite Spire","Marked Mod","Mimic Mod","Minty Spire (QoL Compilation)","Permanent Neow","Quick Restart","Random Character Button","Rare Cards Sparkle","Relic Sorter","Shade Mod","Somnambulant","Spicy Shops","StSLib","Synergy Search","The Blue Laboratory","The Bug Knight","The Construct","The Cursed","The Disciple","The Forsaken","The Hierophant","The Marked","The Runesmith","The Showman","The Spell Scribe"],"gold_per_floor":[117,117,129,129,129,129,158,173,173,185,185,197,212,10,10,109,109,124,143,143,143,166,166,178,178,178,190,190,190,3,13,13,13,13],"floor_reached":33,"playtime":2006,"items_purged":[],"score":249,"play_id":"44f2855e-6f33-4607-b694-ccd4ebb51434","local_time":"20201229231044","is_ascension_mode":false,"campfire_choices":[{"data":"DaylightSavings","floor":6.0,"key":"SMITH"},{"floor":15.0,"key":"REST"},{"floor":23.0,"key":"REST"},{"floor":25.0,"key":"REST"},{"floor":29.0,"key":"REST"},{"floor":32,"key":"REST"}],"circlet_count":0,"master_deck":["Strike_Br","Strike_Br+1","Strike_Br","Strike_Br","Defend_Br","Defend_Br","Defend_Br","Defend_Br","SecondHand","PatternShift","HandsUpC","DaylightSavings+2","expansioncontent:TimeRipple","ReapSow","LockedBell","PrimeTime","LockedTornado","ExoVibe","ExoVibe","HandsUpC","VestedLegacy","WindUp","LockedLightning","Parity","Echoward","CrunchTime","LockedUrn+1","SlimeSpray+1","LockedThread","TiringSlam"],"relics":["Chronometer","Mercury?","CCEMRelics:TinyMinotavrHorn","Letter Opener","Blood Vial","HangingClock","InkBottle","Whetstone"],"acts_visited":["Exordium","TheCity"],"potions_floor_usage":[33,33,33],"damage_taken":[{"damage":0.0,"enemies":"Small Slimes","floor":1.0,"turns":5.0},{"damage":4.0,"enemies":"2 Louse","floor":3.0,"turns":3.0},{"damage":2.0,"enemies":"HollowMod:MossKnight","floor":7.0,"turns":6.0},{"damage":6.0,"enemies":"Cultist","floor":8.0,"turns":4.0},{"damage":13.0,"enemies":"Exordium Thugs","floor":10.0,"turns":4.0},{"damage":0.0,"enemies":"2 Fungi Beasts","floor":12.0,"turns":2.0},{"damage":0.0,"enemies":"Large Slime","floor":13.0,"turns":3.0},{"damage":46.0,"enemies":"Hexaghost","floor":16.0,"turns":9.0},{"damage":25.0,"enemies":"Spheric Guardian","floor":18.0,"turns":5.0},{"damage":4.0,"enemies":"3 Byrds","floor":19.0,"turns":4.0},{"damage":25.0,"enemies":"Centurion and Healer","floor":22.0,"turns":8.0},{"damage":14.0,"enemies":"Chosen and Byrds","floor":24.0,"turns":6.0},{"damage":1.0,"enemies":"Snecko","floor":27.0,"turns":4.0},{"damage":32.0,"enemies":"Snake Plant","floor":31.0,"turns":5.0},{"damage":63,"enemies":"Automaton","floor":33,"turns":4}],"seed_played":"6691835805737878330","potions_obtained":[{"floor":0.0,"key":"Ancient Potion"},{"floor":0.0,"key":"LiquidBronze"},{"floor":0.0,"key":"EntropicBrew"},{"floor":3.0,"key":"HastePotion"},{"floor":8.0,"key":"Block Potion"},{"floor":16.0,"key":"Guardian:BlockOnCardUsePotion"},{"floor":19.0,"key":"blueLaboratory:AbyssPotion"},{"floor":21.0,"key":"Strength Potion"},{"floor":21.0,"key":"blueLaboratory:TrueEctoplasm"},{"floor":24.0,"key":"ColorlessPotion"},{"floor":27.0,"key":"Ancient Potion"}],"is_trial":false,"path_per_floor":["M","?","M","?","?","R","E","M","T","M","T","M","M","$","R","B",null,"M","M","AVR","?","M","R","M","R","T","M","?","R","$","M","R","B"],"character_chosen":"CHRONO_CLASS","items_purchased":["ExoVibe","HandsUpC","VestedLegacy","WindUp","Whetstone","LockedThread"],"campfire_rested":5,"item_purchase_floors":[14,14,14,14,30,30],"current_hp_per_floor":[65,65,61,66,66,66,64,58,58,45,45,47,49,49,70,27,70,45,43,43,43,20,41,29,50,50,51,51,70,70,38,59,0,0],"gold":13,"neow_bonus":"THREE_SMALL_POTIONS","is_daily":false,"chose_seed":false,"campfire_upgraded":1,"win_rate":0.0,"timestamp":1609279844,"path_taken":["M","?","M","?","?","R","E","M","T","M","?","?","M","?","R","BOSS","M","?","AVR","?","M","R","M","R","T","M","?","R","$","M","R","BOSS"],"items_purchased_type":["Card","Card","Card","Card","Relic","Card"],"build_version":"2020-12-22","purchased_purges":0,"victory":false,"max_hp_per_floor":[65,65,65,70,70,70,70,70,70,70,70,70,70,70,70,70,70,70,70,70,70,70,70,70,70,70,70,70,70,70,70,70,70,70],"card_choices":[{"not_picked":["RageCommand","LockedAnchor"],"picked":"HandsUpC","floor":1.0},{"not_picked":["LockedWarPaint","AlternateTimeline"],"picked":"DaylightSavings","floor":3.0},{"not_picked":["expansioncontent:Chronoboost","expansioncontent:PrepareCrush"],"picked":"expansioncontent:TimeRipple","floor":5.0},{"not_picked":["EscortCommand","ExoVibe"],"picked":"ReapSow","floor":7.0},{"not_picked":["AlternateTimeline","Goo"],"picked":"LockedBell","floor":8.0},{"not_picked":["LockedScales","Backlash"],"picked":"PrimeTime","floor":10.0},{"not_picked":["ReapSow","LockedMedicine"],"picked":"LockedTornado","floor":12.0},{"not_picked":["WindUp","Chronoelasticity"],"picked":"ExoVibe","floor":13.0},{"not_picked":["LockedBell","Chronoelasticity"],"picked":"LockedLightning","floor":16.0},{"not_picked":["Stagnate+1","BlueShift"],"picked":"Parity","floor":18.0},{"not_picked":["HandsUpC+1","BiteCommand"],"picked":"Echoward","floor":19.0},{"not_picked":["VestedLegacy","PrimeTime"],"picked":"CrunchTime","floor":22.0},{"not_picked":["Parity+1","Cuckoo"],"picked":"LockedUrn+1","floor":24.0},{"not_picked":["CrunchTime","ReapSow"],"picked":"SlimeSpray","floor":27.0},{"not_picked":["Echoward","Recurrance"],"picked":"TiringSlam","floor":31.0}],"player_experience":7482,"relics_obtained":[{"floor":7.0,"key":"CCEMRelics:TinyMinotavrHorn"},{"floor":9.0,"key":"Letter Opener"},{"floor":11.0,"key":"Blood Vial"},{"floor":26.0,"key":"InkBottle"}],"event_choices":[{"damage_healed":0.0,"max_hp_gain":5.0,"max_hp_loss":0.0,"gold_gain":0.0,"event_name":"Big Fish","player_choice":"Donut","floor":4.0,"gold_loss":0.0,"damage_taken":0.0},{"damage_healed":0.0,"max_hp_gain":0.0,"max_hp_loss":0.0,"gold_gain":1.0,"event_name":"betterStone:BetterStone","player_choice":"1","floor":5.0,"gold_loss":0.0,"damage_taken":0.0},{"damage_healed":0.0,"max_hp_gain":0.0,"max_hp_loss":0.0,"gold_gain":0.0,"event_name":"Lab","player_choice":"Got Potions","floor":21.0,"gold_loss":0.0,"damage_taken":0.0},{"cards_removed":["DaylightSavings"],"damage_healed":0.0,"max_hp_gain":0.0,"max_hp_loss":0.0,"gold_gain":0.0,"event_name":"betterNote:BetterNote","player_choice":"Give","floor":28.0,"gold_loss":0.0,"damage_taken":0.0,"cards_obtained":["None"]}],"is_beta":false,"boss_relics":[{"not_picked":["Cursed Key","beaked:MawFillet"],"picked":"HangingClock"}],"items_purged_floors":[],"is_endless":false,"potions_floor_spawned":[3,8,10,16,19,24,27],"killed_by":"Automaton","ascension_level":0}}