{"host":"i317trlt96c3w9hm","time":1609246283,"event":{"mods":["2.2 Compatiblity","AchievementEnabler","BaseMod","Better Note","CapriCore","Colored Powertips","GifTheSpireLib","Highlight Path","Minty Spire (QoL Compilation)","Reimu£®≤©¿ˆ¡È√Œ£©","StSLib"],"gold_per_floor":[112,130,150,204,224,224,253,273,273,273,273,302,302,313,313,413,413,429,429,729,462,477,477,477,477],"floor_reached":24,"playtime":1795,"items_purged":["Strike_Lin:ReiMu"],"score":239,"play_id":"9b2bbc40-002b-499e-8020-d973df686885","local_time":"20201229205123","is_ascension_mode":true,"campfire_choices":[{"data":"UniversalSpiritual:ReiMu","floor":6.0,"key":"SMITH"},{"data":"NB:ReiMu","floor":10,"key":"SMITH"},{"data":"InherentArray:ReiMu","floor":13,"key":"SMITH"},{"data":"Meditation:ReiMu","floor":15,"key":"SMITH"},{"data":"PrepareRite:ReiMu","floor":23,"key":"SMITH"}],"circlet_count":0,"master_deck":["Strike_Lin:ReiMu","Defend_Lin:ReiMu","Defend_Lin:ReiMu","Defend_Lin:ReiMu","Defend_Lin:ReiMu","NB:ReiMu+1","Stagnation:ReiMu","PassingAway:ReiMu","RainPray2:ReiMu","UniversalSpiritual:ReiMu+1","SpreadBorder2:ReiMu","AirStrike:ReiMu","Meditation:ReiMu+1","InherentArray:ReiMu+1","YinYangSange:ReiMu","RunawayExorcism:ReiMu","PrepareRite:ReiMu+1","Revelation:ReiMu","OctopathBindingBorder2:ReiMu+1"],"relics":["FlyPower:ReiMu","NeowsBlessing","Bag of Preparation","Pear","Odd Mushroom","Pantograph","BodyOfKamiR:ReiMu","Empty Cage","Old Coin","Omamori"],"acts_visited":["Exordium","TheCity"],"potions_floor_usage":[8,12,24],"damage_taken":[{"damage":0.0,"enemies":"Cultist","floor":1.0,"turns":1.0},{"damage":0.0,"enemies":"Jaw Worm","floor":2.0,"turns":1.0},{"damage":0.0,"enemies":"Small Slimes","floor":3.0,"turns":1.0},{"damage":7.0,"enemies":"3 Louse","floor":5.0,"turns":6.0},{"damage":12.0,"enemies":"3 Sentries","floor":7.0,"turns":11.0},{"damage":13,"enemies":"The Mushroom Lair","floor":8,"turns":5},{"damage":13,"enemies":"Lagavulin","floor":12,"turns":7},{"damage":4,"enemies":"2 Fungi Beasts","floor":14,"turns":3},{"damage":20,"enemies":"The Guardian","floor":16,"turns":9},{"damage":20,"enemies":"Spheric Guardian","floor":18,"turns":7},{"damage":15,"enemies":"3 Byrds","floor":22,"turns":8},{"damage":45,"enemies":"Slavers","floor":24,"turns":4}],"seed_played":"4210736377599845401","potions_obtained":[{"floor":1.0,"key":"Weak Potion"},{"floor":3.0,"key":"DistilledChaos"},{"floor":8,"key":"DistilledChaos"},{"floor":16,"key":"Dexterity Potion"},{"floor":18,"key":"Strength Potion"},{"floor":19,"key":"Weak Potion"}],"is_trial":false,"path_per_floor":["M","M","M","T","M","R","E","?","T","R","?","E","R","M","R","B",null,"M","?","?","$","M","R","E"],"character_chosen":"REIMU","items_purchased":["Revelation:ReiMu","Omamori"],"campfire_rested":0,"item_purchase_floors":[21,21],"current_hp_per_floor":[65,65,65,65,58,58,56,43,43,43,48,35,35,31,31,36,80,60,60,60,60,45,45,0,0],"gold":477,"neow_bonus":"THREE_ENEMY_KILL","is_daily":false,"chose_seed":false,"campfire_upgraded":5,"win_rate":0.0,"timestamp":1609246283,"path_taken":["M","?","M","?","M","R","E","?","T","R","?","E","R","M","R","BOSS","M","?","?","$","M","R","E"],"items_purchased_type":["Card","Relic"],"build_version":"2020-12-22","purchased_purges":1,"victory":false,"max_hp_per_floor":[65,65,65,65,65,65,75,75,75,75,80,80,80,80,80,80,80,80,80,80,80,80,80,80,80],"card_choices":[{"not_picked":["ShadowOfCrow2:ReiMu","KamiSacrifice:ReiMu"],"picked":"PassingAway:ReiMu","floor":1.0},{"not_picked":["AlertArray:ReiMu","SubcavityInstant:ReiMu"],"picked":"RainPray2:ReiMu","floor":2.0},{"not_picked":["Intuition:ReiMu","SafetyPray:ReiMu"],"picked":"UniversalSpiritual:ReiMu","floor":3.0},{"not_picked":["YinYangSign:ReiMu","SafetyPray:ReiMu"],"picked":"SpreadBorder2:ReiMu","floor":5.0},{"not_picked":["UpKicking:ReiMu","SafetyPray:ReiMu"],"picked":"AirStrike:ReiMu","floor":7},{"not_picked":["Crusade:ReiMu","PayForSelf:ReiMu"],"picked":"Meditation:ReiMu","floor":8},{"not_picked":["SealNeedle:ReiMu","TightArray:ReiMu"],"picked":"InherentArray:ReiMu","floor":12},{"not_picked":["Revelation:ReiMu","Conquer:ReiMu"],"picked":"YinYangSange:ReiMu","floor":14},{"not_picked":["SubcavityFantasy:ReiMu","CardOfSanctity:ReiMu"],"picked":"RunawayExorcism:ReiMu","floor":16},{"not_picked":["LearningPray:ReiMu","WonderfulDomain:ReiMu"],"picked":"PrepareRite:ReiMu","floor":18},{"not_picked":["DoubleButterfly:ReiMu+1","RainPray2:ReiMu"],"picked":"OctopathBindingBorder2:ReiMu+1","floor":22}],"player_experience":52182,"relics_obtained":[{"floor":4.0,"key":"Bag of Preparation"},{"floor":7,"key":"Pear"},{"floor":8,"key":"Odd Mushroom"},{"floor":9,"key":"Pantograph"},{"floor":12,"key":"BodyOfKamiR:ReiMu"}],"event_choices":[{"damage_healed":0,"gold_gain":0,"player_choice":"Fought Mushrooms","damage_taken":0,"max_hp_gain":0,"max_hp_loss":0,"event_name":"Mushrooms","floor":8,"gold_loss":0},{"damage_healed":0,"gold_gain":0,"player_choice":"Donut","damage_taken":0,"max_hp_gain":5,"max_hp_loss":0,"event_name":"Big Fish","floor":11,"gold_loss":0},{"damage_healed":0,"gold_gain":0,"player_choice":"Got Potions","damage_taken":0,"max_hp_gain":0,"max_hp_loss":0,"event_name":"Lab","floor":19,"gold_loss":0},{"damage_healed":0,"gold_gain":0,"player_choice":"Gave Potion","damage_taken":0,"relics_obtained":["Old Coin"],"max_hp_gain":0,"max_hp_loss":0,"event_name":"WeMeetAgain","floor":20,"gold_loss":0}],"is_beta":false,"boss_relics":[{"not_picked":["Fusion Hammer","Snecko Eye"],"picked":"Empty Cage"}],"items_purged_floors":[21],"is_endless":false,"potions_floor_spawned":[1,3,8,16,18],"killed_by":"Slavers","ascension_level":1}}