{"host":"6qohxdms6n72zb21","time":1609209670,"event":{"mods":["2.2 Compatiblity","Act Like it!","Ascension Reborn","Aspiration","BaseMod","Better Synergies","Better Third Choice","Conspire","Downfall","Energized Spire","Hubris","Infinite Spire","Marked Mod","Minty Spire (QoL Compilation)","Permanent Neow","Quick Restart","Replay The Spire","Spicy Shops","Spikes Relics","StSLib","The Blue Laboratory","The Saiyan"],"gold_per_floor":[90,90,52,52,70,70,98,114,187,187,212,212,19,31,31,133,133,153,153,94,94,94,125,125,125,125,140,175,192,192,208,261,364,364,384,334,349,365,275,301,312,346,346,275,287,300,325,196,196,196,196],"floor_reached":50,"playtime":3406,"items_purged":[],"score":773,"play_id":"f450d330-bd5b-4081-b0c0-4e8e75773019","local_time":"20201228214110","is_ascension_mode":false,"campfire_choices":[{"data":"Saiyan:EnergyBlast","floor":6,"key":"SMITH"},{"data":"Saiyan:TurtleShell","floor":12,"key":"SMITH"},{"data":"Saiyan:Flurry","floor":15,"key":"SMITH"},{"floor":25,"key":"REST"},{"data":"Saiyan:SuperSaiyanForm","floor":30,"key":"SMITH"},{"data":"Saiyan:Afterimage","floor":49,"key":"SMITH"}],"circlet_count":0,"master_deck":["Saiyan:SAIYA_Strike","Saiyan:SAIYA_Strike","Saiyan:SAIYA_Strike","Saiyan:SAIYA_Strike","Saiyan:SAIYA_Defend","Saiyan:SAIYA_Defend","Saiyan:SAIYA_Defend","Saiyan:SAIYA_Defend","Saiyan:EnergyBlast+1","Saiyan:KaioKen","Saiyan:RuthlessBlow","Saiyan:Quickening+1","Saiyan:Afterimage+1","Saiyan:ExpandingShockwave","Saiyan:Flurry+1","Saiyan:TurtleShell+1","Flex+1","Saiyan:FingerParry","Saiyan:Rekindle+1","Saiyan:PlotArmor","Doubt","Saiyan:SuperSaiyanForm+1","Saiyan:Makankosappo","Saiyan:SpiritSword","Saiyan:KiStrike+1","Saiyan:SuperSaiyanThree+1","Saiyan:DoubleMasenko","Saiyan:SAIYA_Strike","Saiyan:MajinSeal+1","Saiyan:BackAttack","Saiyan:TurtleShell+1","Saiyan:PowerUp+1","Saiyan:KiExplosion+1","Saiyan:RemoveWeights+1","Saiyan:DragonFist+1","Saiyan:Flurry+1","Saiyan:ThirstForFight+1"],"relics":["SaiyanSoul","SaiyanHeart","aspiration:Nostalgia","m_GuardianBlood","hubris:Towel","betterThird:SlimedRelic","Odd Mushroom","Replay:Ringing Soul","Golden Egg","ReplayFunnel","Regal Pillow","hubris:TerracottaHorce","WarpedTongs","Replay:Wax Seal","infinitespire:ShieldingShard","MutagenicStrength","hubris:ToyBattleship","hubris:Metronome","Pantograph","energizedSpire:MagnifyingGlass","energizedSpire:HugeHouse","aspiration:TomeofQuesting","Gremlin Food","infinitespire:CheckeredPen","Meat on the Bone","Simple Rune","hubris:MysteriousPyramids"],"acts_visited":["Exordium","TheCity","TheBeyond"],"potions_floor_usage":[23,33,40,40,42,42,50],"damage_taken":[{"damage":2,"enemies":"Small Slimes","floor":1,"turns":3},{"damage":0,"enemies":"2 Louse","floor":5,"turns":2},{"damage":6,"enemies":"The Mushroom Lair","floor":7,"turns":4},{"damage":6,"enemies":"Jaw Worm","floor":8,"turns":4},{"damage":30,"enemies":"3 Sentries","floor":11,"turns":7},{"damage":8,"enemies":"Exordium Thugs","floor":14,"turns":5},{"damage":24,"enemies":"Hexaghost","floor":16,"turns":12},{"damage":10,"enemies":"Shell Parasite","floor":18,"turns":7},{"damage":50,"enemies":"Nightmare","floor":23,"turns":12},{"damage":0,"enemies":"Chosen","floor":27,"turns":2},{"damage":0,"enemies":"conspire:Head Lice","floor":28,"turns":2},{"damage":6,"enemies":"Sentry and Sphere","floor":29,"turns":7},{"damage":0,"enemies":"Shelled Parasite and Fungi","floor":31,"turns":1},{"damage":21,"enemies":"Collector","floor":33,"turns":7},{"damage":11,"enemies":"Orb Walker","floor":35,"turns":4},{"damage":65,"enemies":"3 Shapes","floor":37,"turns":5},{"damage":4,"enemies":"Spire Growth","floor":38,"turns":3},{"damage":25,"enemies":"Nemesis","floor":40,"turns":7},{"damage":26,"enemies":"Sphere and 2 Shapes","floor":41,"turns":6},{"damage":0,"enemies":"Giant Head","floor":42,"turns":10},{"damage":8,"enemies":"Nightmare","floor":44,"turns":11},{"damage":8,"enemies":"4 Shapes","floor":45,"turns":6},{"damage":0,"enemies":"Writhing Mass","floor":46,"turns":5},{"damage":9,"enemies":"Nemesis","floor":47,"turns":9},{"damage":126,"enemies":"conspire:OrnateMirror","floor":50,"turns":8}],"seed_played":"1646166534714887951","potions_obtained":[{"floor":5,"key":"blueLaboratory:Moonshine"},{"floor":16,"key":"blueLaboratory:BottleOfVodka"},{"floor":18,"key":"SkillPotion"},{"floor":27,"key":"Adrenaline Potion"},{"floor":37,"key":"Swift Potion"},{"floor":38,"key":"AttackPotion"},{"floor":41,"key":"Milkshake"},{"floor":47,"key":"Weak Potion"}],"is_trial":false,"path_per_floor":["M","?","?","?","M","R","?","M","T","?","E","R","$","M","R","B",null,"M","?","$","?","?","NM","?","R","T","M","E","M","R","M","R","B",null,"M","AVR","M","M","?","E","M","E","T","NM","M","M","E","$","R","B"],"character_chosen":"SAIYAJIN","items_purchased":["Regal Pillow","Flex","Replay:Wax Seal","infinitespire:ShieldingShard","hubris:MysteriousPyramids"],"campfire_rested":1,"item_purchase_floors":[13,13,20,20,48],"current_hp_per_floor":[62,62,51,51,58,58,60,61,61,64,44,44,47,51,51,38,87,88,91,94,94,94,54,54,99,99,105,109,115,115,119,119,108,123,123,126,71,79,79,63,48,55,55,56,72,97,97,97,97,0,0],"gold":196,"neow_bonus":"NOSTALGIA","is_daily":false,"chose_seed":false,"campfire_upgraded":5,"win_rate":0.0,"timestamp":1609209670,"path_taken":["M","?","?","?","M","R","?","M","T","?","E","R","$","M","R","BOSS","M","?","?","?","?","NM","?","R","T","M","E","M","R","?","R","BOSS","M","AVR","M","M","?","E","M","E","T","NM","?","M","E","$","R","BOSS"],"items_purchased_type":["Relic","Card","Relic","Relic","Relic"],"build_version":"2020-12-22","purchased_purges":0,"victory":false,"max_hp_per_floor":[62,62,62,62,63,63,65,66,66,69,73,73,76,82,82,87,87,92,95,98,98,98,102,102,102,102,105,109,115,115,119,119,123,123,128,126,130,136,136,139,144,145,145,148,154,161,164,164,164,167,167],"card_choices":[{"not_picked":["Saiyan:Scouter","Saiyan:Pacing"],"picked":"Saiyan:Quickening","floor":1},{"not_picked":["Saiyan:LastResort","Saiyan:FinalFlash"],"picked":"Saiyan:Afterimage","floor":5},{"not_picked":["Saiyan:Twize","Saiyan:PlotArmor"],"picked":"Saiyan:ExpandingShockwave","floor":7},{"not_picked":["Saiyan:Expend","Saiyan:TheBomb"],"picked":"Saiyan:Flurry","floor":8},{"not_picked":["Guardian:GuardianWhirl","Pummel"],"picked":"Saiyan:TurtleShell","floor":11},{"not_picked":["Saiyan:RemoveWeights","Saiyan:KiExplosion"],"picked":"Saiyan:FingerParry","floor":14},{"not_picked":["Guardian:WeakpointTargeting","Saiyan:GhostAttack"],"picked":"Saiyan:Rekindle","floor":16},{"not_picked":["Saiyan:FingerParry","Saiyan:DoubleMasenko"],"picked":"Saiyan:PlotArmor","floor":18},{"not_picked":["Saiyan:Quickening","Saiyan:PowerUp+1"],"picked":"Saiyan:SuperSaiyanForm","floor":23},{"not_picked":["Saiyan:DragonRadar+1","Saiyan:KameHameHa"],"picked":"Saiyan:Makankosappo","floor":27},{"not_picked":["Saiyan:SaiyanHubris","Saiyan:HyperTimeChamber"],"picked":"Saiyan:SpiritSword","floor":28},{"not_picked":["Saiyan:ReverberatingForce","Saiyan:BigBangAttack"],"picked":"Saiyan:DragonFist","floor":29},{"not_picked":["Saiyan:TurtleShell","Saiyan:Expend+1"],"picked":"Saiyan:KiStrike+1","floor":31},{"not_picked":["Saiyan:Rekindle","Saiyan:SolarFlare"],"picked":"Saiyan:SuperSaiyanThree","floor":33},{"not_picked":["Saiyan:Afterimage","Saiyan:LastResort"],"picked":"Saiyan:DoubleMasenko","floor":35},{"not_picked":["Saiyan:MindBoom","Saiyan:Twize+1"],"picked":"Saiyan:BackAttack","floor":37},{"not_picked":["Saiyan:KameHameHa+1","Saiyan:BigBangAttack"],"picked":"Saiyan:TurtleShell+1","floor":38},{"not_picked":["Saiyan:ReverberatingForce","Saiyan:UltraInstinct"],"picked":"Saiyan:PowerUp+1","floor":40},{"not_picked":["Saiyan:SolarFlare","Saiyan:DragonRadar"],"picked":"Saiyan:KiExplosion+1","floor":41},{"not_picked":["Saiyan:KameHameHa+1","Saiyan:BackAttack","Saiyan:KiExplosion+1"],"picked":"SKIP","floor":42},{"not_picked":["Saiyan:BackAttack+1","Saiyan:PowerUp+1"],"picked":"Saiyan:RemoveWeights+1","floor":44},{"not_picked":["Saiyan:Honing","Saiyan:DrainingStrike"],"picked":"Saiyan:DragonFist+1","floor":45},{"not_picked":["Saiyan:Expend+1","Saiyan:TheBomb"],"picked":"Saiyan:Flurry+1","floor":46},{"not_picked":["Saiyan:Pacing+1","Saiyan:KameHameHa"],"picked":"Saiyan:ThirstForFight+1","floor":47}],"player_experience":206583,"relics_obtained":[{"floor":7,"key":"Odd Mushroom"},{"floor":9,"key":"Replay:Ringing Soul"},{"floor":11,"key":"ReplayFunnel"},{"floor":23,"key":"hubris:ToyBattleship"},{"floor":26,"key":"hubris:Metronome"},{"floor":28,"key":"Pantograph"},{"floor":40,"key":"aspiration:TomeofQuesting"},{"floor":42,"key":"Gremlin Food"},{"floor":43,"key":"infinitespire:CheckeredPen"},{"floor":44,"key":"Meat on the Bone"},{"floor":47,"key":"Simple Rune"}],"event_choices":[{"damage_healed":0,"gold_gain":0,"player_choice":"Slimed","damage_taken":11,"max_hp_gain":0,"max_hp_loss":0,"event_name":"betterThird:BetterGoop","floor":3,"gold_loss":38},{"damage_healed":0,"gold_gain":0,"player_choice":"Disagree","damage_taken":0,"max_hp_gain":0,"max_hp_loss":0,"event_name":"conspire:LoneGhost","floor":4,"gold_loss":0},{"damage_healed":0,"gold_gain":0,"player_choice":"Fought Mushrooms","damage_taken":0,"max_hp_gain":0,"max_hp_loss":0,"event_name":"Mushrooms","floor":7,"gold_loss":0},{"damage_healed":0,"gold_gain":0,"player_choice":"Box","damage_taken":0,"relics_obtained":["Golden Egg"],"max_hp_gain":0,"max_hp_loss":0,"event_name":"Big Fish","floor":10,"gold_loss":0,"cards_obtained":["Regret"]},{"damage_healed":0,"gold_gain":0,"player_choice":"Rummage","damage_taken":0,"relics_obtained":["WarpedTongs"],"max_hp_gain":0,"max_hp_loss":0,"event_name":"Accursed Blacksmith","floor":19,"gold_loss":0,"cards_obtained":["Pain"]},{"damage_healed":0,"gold_gain":0,"player_choice":"Simplicity","damage_taken":0,"max_hp_gain":0,"max_hp_loss":8,"event_name":"betterThird:BetterWriting","floor":21,"gold_loss":0},{"damage_healed":0,"gold_gain":0,"player_choice":"Inject Mutagens","damage_taken":0,"relics_obtained":["MutagenicStrength"],"max_hp_gain":0,"max_hp_loss":0,"event_name":"Drug Dealer","floor":22,"gold_loss":0},{"cards_removed":["Pain"],"damage_healed":0,"gold_gain":0,"player_choice":"Purged","damage_taken":0,"max_hp_gain":0,"max_hp_loss":0,"event_name":"Purifier","floor":24,"gold_loss":0},{"cards_removed":["Regret"],"damage_healed":0,"gold_gain":0,"player_choice":"Upgrade and Remove","damage_taken":0,"max_hp_gain":0,"max_hp_loss":0,"event_name":"Designer","floor":39,"gold_loss":90,"cards_upgraded":["Saiyan:Quickening"]}],"is_beta":false,"boss_relics":[{"not_picked":["Replay:Drink Me","energizedSpire:StickyHand"],"picked":"hubris:TerracottaHorce"},{"not_picked":["hubris:Stopwatch","Cursed Key"],"picked":"energizedSpire:MagnifyingGlass"}],"items_purged_floors":[],"is_endless":true,"potions_floor_spawned":[5,16,18,27,28,37,38,41,45,46,47],"killed_by":"conspire:OrnateMirror","ascension_level":0}}