{"host":"otf1z5955ddlv5pq","time":1609208529,"event":{"mods":["BaseMod","Beaked The Cultist","Better Altar","Better Match","Better Note","Better Sensory Stone","Better Skull","Better Third Choice","Colored Map","Colored Powertips","Downfall","Minty Spire (QoL Compilation)","Rare Cards Sparkle","Replay The Spire","StSLib"],"gold_per_floor":[118,118,118,118,128,156,4,4,4,4,18,36,36,55,55,154,204,219,46,46,59,59,92,16,16,16,48,48,48,61,75,75,174,174,194,194,194],"floor_reached":36,"playtime":2883,"items_purged":["Strike_B","Defend_B"],"score":446,"play_id":"6039fe14-69ea-490e-95ad-ab640d514164","local_time":"20201228182209","is_ascension_mode":true,"campfire_choices":[{"data":"1","floor":8.0,"key":"LIFT"},{"data":"2","floor":13.0,"key":"LIFT"},{"floor":15.0,"key":"REST"},{"floor":25.0,"key":"REST"},{"floor":29.0,"key":"REST"},{"floor":32.0,"key":"REST"}],"circlet_count":0,"master_deck":["Strike_B","Strike_B","Defend_B+1","Defend_B+1","Defend_B","Zap","Dualcast","Redo+1","BootSequence","Melter","Leap","Fusion","Mirror Shield","Go for the Eyes","Loop","Sweeping Beam+1","Reinforced Body+1","Tempest","Ball Lightning+1","Meteor Strike"],"relics":["Cracked Core","NeowsBlessing","Girya","Replay:Mystery Machine","Tiny House","ReplayTheSpireMod:Ring of Exchange","Gremlin Horn","The Courier","Pet Ghost","Carrot","beaked:MawFillet"],"acts_visited":["Exordium","TheCity","TheBeyond"],"potions_floor_usage":[],"damage_taken":[{"damage":0.0,"enemies":"Cultist","floor":1.0,"turns":1.0},{"damage":0.0,"enemies":"2 Louse","floor":5.0,"turns":1.0},{"damage":0.0,"enemies":"Gremlin Nob","floor":6.0,"turns":1.0},{"damage":1.0,"enemies":"Small Slimes","floor":11.0,"turns":3.0},{"damage":0.0,"enemies":"Blue Slaver","floor":12.0,"turns":3.0},{"damage":5.0,"enemies":"Looter","floor":14.0,"turns":3.0},{"damage":48.0,"enemies":"Fading Forest","floor":16.0,"turns":11.0},{"damage":0.0,"enemies":"Shell Parasite","floor":18.0,"turns":5.0},{"damage":12.0,"enemies":"3 Byrds","floor":21.0,"turns":6.0},{"damage":49.0,"enemies":"Gremlin Leader","floor":23.0,"turns":11.0},{"damage":9.0,"enemies":"Replay:Snechameleon","floor":27.0,"turns":6.0},{"damage":5.0,"enemies":"Snecko","floor":30.0,"turns":4.0},{"damage":1.0,"enemies":"Snake Plant","floor":31.0,"turns":4.0},{"damage":97.0,"enemies":"Automaton","floor":33.0,"turns":12.0},{"damage":10,"enemies":"Orb Walker","floor":35,"turns":4},{"damage":78,"enemies":"Mind Bloom Boss Battle","floor":36,"turns":11}],"seed_played":"-986502619760369897","potions_obtained":[{"floor":1.0,"key":"DuplicationPotion"},{"floor":12.0,"key":"champ:CounterPotion"},{"floor":14.0,"key":"Block Potion"},{"floor":17.0,"key":"Guardian:BlockOnCardUsePotion"},{"floor":23.0,"key":"Regen Potion"},{"floor":35,"key":"ColorlessPotion"}],"is_trial":false,"path_per_floor":["M","?","?","?","M","E","$","R","T","$","M","M","R","M","R","B",null,"M","$","?","M","?","E","$","R","T","E","?","R","M","M","R","B",null,"M","?"],"character_chosen":"DEFECT","items_purchased":["Melter","Loop","Tempest"],"campfire_rested":4,"item_purchase_floors":[7,19,24],"current_hp_per_floor":[75,60,60,65,65,65,65,65,65,65,64,64,64,59,80,44,85,85,85,85,73,73,24,24,49,49,40,40,65,60,59,84,2,85,75,0,0],"gold":194,"neow_bonus":"THREE_ENEMY_KILL","is_daily":false,"chose_seed":false,"campfire_upgraded":0,"win_rate":0.0,"timestamp":1609208529,"path_taken":["M","?","?","?","M","E","$","R","T","?","?","M","R","M","R","BOSS","M","$","?","M","?","E","?","R","T","E","?","R","M","M","R","BOSS","M","?"],"items_purchased_type":["Card","Card","Card"],"build_version":"2020-12-22","purchased_purges":2,"victory":false,"max_hp_per_floor":[75,75,75,80,80,80,80,80,80,80,80,80,80,80,80,80,85,85,85,85,85,85,85,85,85,85,85,85,85,85,85,85,85,85,85,85,85],"card_choices":[{"not_picked":["Double Energy","Barrage"],"picked":"Redo","floor":1.0},{"not_picked":["Chill","Panic Button","ReplayTheSpireMod:System Scan"],"picked":"SKIP","floor":5.0},{"not_picked":["Blizzard","Hologram"],"picked":"BootSequence","floor":6.0},{"not_picked":["Coolheaded","ReplayTheSpireMod:Reroute Power","Undo"],"picked":"SKIP","floor":11.0},{"not_picked":["ReplayGash","Heatsinks"],"picked":"Leap","floor":12.0},{"not_picked":["Panic Button","Hologram"],"picked":"Fusion","floor":14.0},{"not_picked":["Reboot","ReplayTheSpireMod:Fabricate Wheel"],"picked":"Mirror Shield","floor":16.0},{"not_picked":["Steam","Aggregate"],"picked":"Go for the Eyes","floor":17.0},{"not_picked":["Sweeping Beam","Go for the Eyes","Reprogram+1"],"picked":"SKIP","floor":18.0},{"not_picked":["Panic Button","BasicCrystalCard"],"picked":"Sweeping Beam+1","floor":21.0},{"not_picked":["Cold Snap","Rebound"],"picked":"Reinforced Body+1","floor":23.0},{"not_picked":["Compile Driver","Cold Snap","Darkness"],"picked":"SKIP","floor":27.0},{"not_picked":["BasicCrystalCard","Turbo","Sweeping Beam"],"picked":"SKIP","floor":30.0},{"not_picked":["Fission","BasicCrystalCard"],"picked":"Ball Lightning+1","floor":31.0},{"not_picked":["ReplayTheSpireMod:Fabricate Wheel","Buffer"],"picked":"Meteor Strike","floor":33.0},{"not_picked":["ReplayTheSpireMod:Repulse+1","FTL","Capacitor"],"picked":"SKIP","floor":35}],"player_experience":1139017,"relics_obtained":[{"floor":6.0,"key":"Girya"},{"floor":9.0,"key":"Replay:Mystery Machine"},{"floor":22.0,"key":"ReplayTheSpireMod:Ring of Exchange"},{"floor":23.0,"key":"Gremlin Horn"},{"floor":26.0,"key":"The Courier"},{"floor":27.0,"key":"Pet Ghost"}],"event_choices":[{"damage_healed":75.0,"max_hp_gain":0.0,"max_hp_loss":75.0,"gold_gain":0.0,"event_name":"betterThird:BetterShining","player_choice":"Upgrade","floor":2.0,"gold_loss":0.0,"damage_taken":15.0,"cards_upgraded":["Defend_B","Redo"]},{"damage_healed":0.0,"max_hp_gain":5.0,"max_hp_loss":0.0,"gold_gain":0.0,"event_name":"Big Fish","player_choice":"Donut","floor":4.0,"gold_loss":0.0,"damage_taken":0.0},{"cards_removed":["Melter"],"damage_healed":0.0,"max_hp_gain":0.0,"max_hp_loss":0.0,"gold_gain":0.0,"event_name":"betterNote:BetterNote","player_choice":"Give","floor":20.0,"gold_loss":0.0,"damage_taken":0.0,"cards_obtained":["None"]},{"damage_healed":0.0,"max_hp_gain":0.0,"max_hp_loss":0.0,"gold_gain":0.0,"event_name":"The Mausoleum","player_choice":"Opened","floor":28.0,"gold_loss":0.0,"damage_taken":0.0,"relics_obtained":["Carrot"]},{"damage_healed":0,"gold_gain":0,"player_choice":"Fight","damage_taken":0,"max_hp_gain":0,"max_hp_loss":0,"event_name":"MindBloom","floor":36,"gold_loss":0}],"is_beta":false,"boss_relics":[{"not_picked":["Honey Jar","Abe\u0027s Treasure"],"picked":"Tiny House"},{"not_picked":["OrangePellets","Snecko Eye"],"picked":"beaked:MawFillet"}],"items_purged_floors":[7,19],"is_endless":false,"potions_floor_spawned":[1,12,14,23,27,31,35],"killed_by":"Mind Bloom Boss Battle","ascension_level":1}}