{"host":"a6jc8uoa78jpqx9a","time":1609275026,"event":{"mods":["BaseMod","Duelist Mod","GifTheSpireLib","Hermit","Hubris","Infinite Spire","Mimic Mod","Minty Spire (QoL Compilation)","Replay The Spire","StSLib","The Animator","The Bug Knight","The Construct","The Cursed","The Mystic","The Servant 0.9.4"],"gold_per_floor":[113,113,41,41,52,52,65,65,98,127,127,7,40,113,113,210,210,223,223,236,256,50,50,50],"floor_reached":23,"playtime":1687,"items_purged":["Defend_G"],"score":197,"play_id":"8cc1c318-b140-45f3-a14a-cb0b58f4efc0","local_time":"20201229155026","is_ascension_mode":false,"campfire_choices":[{"floor":6,"key":"REST"},{"floor":8,"key":"REST"}],"circlet_count":0,"master_deck":["Strike_G","Strike_G","Strike_G","Strike_G+1","Strike_G","Defend_G","Defend_G","Defend_G","Defend_G","Survivor","Neutralize","Choke+1","Poisoned Stab","Quick Slash","Backflip","infinitespire:NeuralNetwork+1","Prepared","Underhanded Strike","Blade Dance","Choke","Blade Dance","Dagger Throw+1","Corpse Explosion","Dagger Spray+1","Slice","Underhanded Strike"],"relics":["Ring of the Snake","infinitespire:Satchel","Frozen Egg 2","ReplayFunnel","hubris:TerracottaHorce","infinitespire:EmpoweringShard","Pen Nib"],"acts_visited":["Exordium","TheCity"],"potions_floor_usage":[],"damage_taken":[{"damage":2,"enemies":"Small Slimes","floor":1,"turns":4},{"damage":11,"enemies":"Jaw Worm","floor":5,"turns":2},{"damage":0,"enemies":"2 Louse","floor":7,"turns":2},{"damage":0,"enemies":"Large Slime","floor":9,"turns":8},{"damage":34,"enemies":"Gremlin Nob","floor":10,"turns":4},{"damage":18,"enemies":"Lagavulin","floor":13,"turns":5},{"damage":36,"enemies":"Hexaghost","floor":16,"turns":9},{"damage":18,"enemies":"3 Byrds","floor":18,"turns":2},{"damage":11,"enemies":"Shell Parasite","floor":20,"turns":3},{"damage":12,"enemies":"Chosen and Byrds","floor":21,"turns":4},{"damage":19,"enemies":"Book of Stabbing","floor":23,"turns":2}],"seed_played":"-2626963886370359551","potions_obtained":[{"floor":1,"key":"PowerPotion"},{"floor":10,"key":"GamblersBrew"},{"floor":13,"key":"Swift Potion"},{"floor":20,"key":"LifebloodPotion"}],"is_trial":false,"path_per_floor":["M","?","$","?","M","R","M","R","MIM","E","?","$","E","?","R","B",null,"M","?","M","M","$","E"],"character_chosen":"THE_SILENT","items_purchased":["Quick Slash","Backflip","Blade Dance","Underhanded Strike","Pen Nib"],"campfire_rested":2,"item_purchase_floors":[3,3,12,22,22],"current_hp_per_floor":[68,54,54,38,27,48,48,69,69,35,35,35,17,17,38,2,53,35,35,24,12,12,0,0],"gold":50,"neow_bonus":"THREE_CARDS","is_daily":false,"chose_seed":false,"campfire_upgraded":0,"win_rate":0.0,"timestamp":1609275026,"path_taken":["M","?","$","?","M","R","M","R","MIM","E","?","$","E","?","R","BOSS","M","?","?","M","$","E"],"items_purchased_type":["Card","Card","Card","Card","Relic"],"build_version":"2020-12-22","purchased_purges":1,"victory":false,"max_hp_per_floor":[70,70,70,70,70,70,70,70,70,70,70,70,70,70,70,70,70,70,70,70,70,70,70,70],"card_choices":[{"not_picked":["Bane","Sucker Punch"],"picked":"Choke","floor":0},{"not_picked":["Leg Sweep","ReplayTheSpireMod:Shiv Toss"],"picked":"Poisoned Stab","floor":1},{"not_picked":["ReplayTheSpireMod:Echoes of Time","Replay:Fractal Strike"],"picked":"infinitespire:NeuralNetwork","floor":4},{"not_picked":["Crippling Poison","Quick Slash"],"picked":"Prepared","floor":5},{"not_picked":["Tools of the Trade","hubris:Sniper"],"picked":"Underhanded Strike","floor":7},{"not_picked":["Dagger Throw","Slice"],"picked":"Blade Dance","floor":9},{"not_picked":["Flying Knee","Expertise"],"picked":"Choke","floor":10},{"not_picked":["ReplayTheSpireMod:Tripwire","hubris:TrickCloak"],"picked":"Dagger Throw","floor":13},{"not_picked":["After Image+1","ReplayTheSpireMod:From All Sides"],"picked":"Corpse Explosion","floor":16},{"not_picked":["Deflect","Dash"],"picked":"Dagger Spray+1","floor":18},{"not_picked":["Backflip","Fluid Movement+1","Expertise"],"picked":"SKIP","floor":20},{"not_picked":["Skewer","Deflect"],"picked":"Slice","floor":21}],"player_experience":88531,"relics_obtained":[{"floor":9,"key":"infinitespire:Satchel"},{"floor":10,"key":"Frozen Egg 2"},{"floor":13,"key":"ReplayFunnel"}],"event_choices":[{"damage_healed":0,"gold_gain":0,"player_choice":"Entered Light","damage_taken":14,"max_hp_gain":0,"max_hp_loss":0,"event_name":"Shining Light","floor":2,"gold_loss":0,"cards_upgraded":["Choke","Strike_G"]},{"damage_healed":0,"gold_gain":0,"player_choice":"Grow","damage_taken":0,"max_hp_gain":0,"max_hp_loss":0,"event_name":"Living Wall","floor":11,"gold_loss":0,"cards_upgraded":["infinitespire:NeuralNetwork"]},{"damage_healed":0,"gold_gain":73,"player_choice":"Gained Gold","damage_taken":0,"max_hp_gain":0,"max_hp_loss":0,"event_name":"Golden Wing","floor":14,"gold_loss":0},{"damage_healed":0,"gold_gain":0,"player_choice":"Gave Potion","damage_taken":0,"relics_obtained":["infinitespire:EmpoweringShard"],"max_hp_gain":0,"max_hp_loss":0,"event_name":"WeMeetAgain","floor":19,"gold_loss":0}],"is_beta":false,"boss_relics":[{"not_picked":["Empty Cage","Busted Crown"],"picked":"hubris:TerracottaHorce"}],"items_purged_floors":[12],"is_endless":false,"potions_floor_spawned":[1,10,13,20],"killed_by":"Book of Stabbing","ascension_level":0}}