{"host":"8qkhzo0jjkmvsb7l","time":1609274899,"event":{"mods":["BaseMod","Conspire","Downfall","Minty Spire (QoL Compilation)","StSLib"],"gold_per_floor":[114,43,43,55,65,65,81,81,104,135,149,149,149,160,160,231,231,247,145,145,145,145],"floor_reached":21,"playtime":733,"items_purged":[],"score":279,"play_id":"78a16b24-35d5-4889-a03d-d59b72652bbd","local_time":"20201229234819","is_ascension_mode":true,"campfire_choices":[{"data":"Armaments","floor":6,"key":"SMITH"},{"floor":8,"key":"REST"},{"floor":12,"key":"REST"},{"floor":15,"key":"REST"}],"circlet_count":0,"master_deck":["AscendersBane","Strike_R","Strike_R","Strike_R","Defend_R","Defend_R","Defend_R","Defend_R","Bash","Decay","conspire:Charge+1","Inflame","Armaments+1","Spot Weakness","Clash","Heavy Blade","Double Tap"],"relics":["Burning Blood","Bag of Preparation","Oddly Smooth Stone","Black Star","Pantograph"],"acts_visited":["Exordium","TheCity"],"potions_floor_usage":[7,10,10,16,18],"damage_taken":[{"damage":9,"enemies":"conspire:RoseBush","floor":1,"turns":4},{"damage":6,"enemies":"Cultist","floor":4,"turns":3},{"damage":20,"enemies":"Jaw Worm","floor":5,"turns":4},{"damage":19,"enemies":"3 Louse","floor":7,"turns":3},{"damage":45,"enemies":"conspire:MimicChest","floor":10,"turns":5},{"damage":16,"enemies":"Exordium Thugs","floor":11,"turns":4},{"damage":7,"enemies":"Gremlin Gang","floor":14,"turns":5},{"damage":56,"enemies":"The Guardian","floor":16,"turns":8},{"damage":40,"enemies":"2 Thieves","floor":18,"turns":4},{"damage":39,"enemies":"conspire:FuzzyDice","floor":21,"turns":4}],"seed_played":"58955750293766020","potions_obtained":[{"floor":3,"key":"champ:CounterPotion"},{"floor":3,"key":"Regen Potion"},{"floor":7,"key":"FearPotion"},{"floor":10,"key":"BlessingOfTheForge"},{"floor":18,"key":"Fruit Juice"}],"is_trial":false,"path_per_floor":["M","$","?","M","M","R","M","R","T","?","M","R","?","M","R","B",null,"M","?","$","M"],"character_chosen":"IRONCLAD","items_purchased":["Spot Weakness"],"campfire_rested":3,"item_purchase_floors":[2],"current_hp_per_floor":[69,69,69,69,55,55,42,66,66,39,29,53,53,52,76,26,67,38,38,38,0,0],"gold":145,"neow_bonus":"TRANSFORM_TWO_CARDS","is_daily":false,"chose_seed":false,"campfire_upgraded":1,"win_rate":0.0,"timestamp":1609274899,"path_taken":["M","$","?","?","M","R","M","R","T","?","M","R","?","M","R","BOSS","M","?","$","?"],"items_purchased_type":["Card"],"build_version":"2020-12-22","purchased_purges":0,"victory":false,"max_hp_per_floor":[80,80,80,80,80,80,80,80,80,80,80,80,80,80,80,80,80,85,85,85,85,85],"card_choices":[{"not_picked":["Iron Wave","Headbutt"],"picked":"Armaments","floor":1},{"not_picked":["Clothesline","Perfected Strike"],"picked":"Clash","floor":4},{"not_picked":["Dual Wield","Heavy Blade","Anger"],"picked":"SKIP","floor":5},{"not_picked":["Dual Wield","Anger"],"picked":"Heavy Blade","floor":5},{"not_picked":["Body Slam","Flex","Havoc"],"picked":"SKIP","floor":7},{"not_picked":["Pommel Strike","Reckless Charge","Feed"],"picked":"SKIP","floor":11},{"not_picked":["Body Slam","Armaments","Wild Strike"],"picked":"SKIP","floor":14},{"not_picked":["Feed","Bludgeon"],"picked":"Double Tap","floor":16},{"not_picked":["Reckless Charge+1","Perfected Strike","Dark Embrace"],"picked":"SKIP","floor":18}],"player_experience":207433,"relics_obtained":[{"floor":9,"key":"Bag of Preparation"},{"floor":10,"key":"Oddly Smooth Stone"}],"event_choices":[{"damage_healed":0,"gold_gain":0,"player_choice":"Got Potions","damage_taken":0,"max_hp_gain":0,"max_hp_loss":0,"event_name":"Lab","floor":3,"gold_loss":0},{"damage_healed":0,"gold_gain":0,"player_choice":"Upgraded","damage_taken":0,"max_hp_gain":0,"max_hp_loss":0,"event_name":"Upgrade Shrine","floor":13,"gold_loss":0,"cards_upgraded":["conspire:Charge"]},{"damage_healed":0,"gold_gain":0,"player_choice":"Paid Gold","damage_taken":0,"relics_obtained":["Pantograph"],"max_hp_gain":0,"max_hp_loss":0,"event_name":"WeMeetAgain","floor":19,"gold_loss":102}],"is_beta":false,"boss_relics":[{"not_picked":["conspire:RoyalGoblet","conspire:SeveredTorchhead"],"picked":"Black Star"}],"items_purged_floors":[],"is_endless":false,"potions_floor_spawned":[7,10,18],"killed_by":"conspire:FuzzyDice","ascension_level":13}}