{"host":"61ejhfsushs0xmcl","time":1609247088,"event":{"mods":["ATMod(°¢èªMod)","Act Like it!","BaseMod","Colored Map","Gensokyo","Gold Saver","Marisa£¨ìFÓê¡¡Ä§ÀíÉ³£©","Minty Spire (QoL Compilation)","MostiFishMod","Pale of the Ancients","Spicy Shops","StSLib","TestMod","Waifu the Spire","¡¾ÒÅÎï¿¨ÅÆ¡¿REMEMod","óô»ðÖ¸ÄÏ"],"gold_per_floor":[-1283,-1273,-1256,-1256,-1239,-1239,-1239],"floor_reached":6,"playtime":188,"items_purged":[],"score":76,"play_id":"ed8bea67-5a5d-4ba6-bb6d-9ba5f93a652f","local_time":"20201229210448","is_ascension_mode":true,"campfire_choices":[],"circlet_count":0,"master_deck":["AscendersBane","Strike_P","Strike_P","Strike_P","Strike_P","Defend_P","Defend_P","Defend_P","Defend_P","Eruption","Vigilance","AT_IrregularMenstruation","testmod-Mystery","SpiritShield","ForeignInfluence"],"relics":["PureWater","testmod-TestBox","DaveBox","AT_ATBox","REME_ComplimentaryCards","NeowsBlessing","testmod-ObsoleteBoomerang","SynthV:MejaisSoulstealer","SynthV:TestCard","Gensokyo:PortableGap"],"acts_visited":["Exordium"],"potions_floor_usage":[],"damage_taken":[{"damage":0,"enemies":"Gensokyo:Python","floor":1,"turns":1},{"damage":0,"enemies":"Gensokyo:2_Kodama","floor":2,"turns":1},{"damage":0,"enemies":"Gensokyo:Gryphon","floor":3,"turns":1},{"damage":10,"enemies":"Gensokyo:Kitsune","floor":5,"turns":4},{"damage":0,"enemies":"Gensokyo:Mamizou","floor":6,"turns":2}],"seed_played":"-5192011213633103608","potions_obtained":[{"floor":5,"key":"BottledMiracle"}],"is_trial":false,"path_per_floor":["M","M","M","?","M","E"],"character_chosen":"WATCHER","items_purchased":[],"campfire_rested":0,"item_purchase_floors":[],"current_hp_per_floor":[61,61,61,58,48,48,48],"gold":-1239,"neow_bonus":"THREE_ENEMY_KILL","is_daily":false,"chose_seed":false,"campfire_upgraded":0,"win_rate":0.0,"timestamp":1609247088,"path_taken":["M","M","M","?","M","E"],"items_purchased_type":[],"build_version":"2020-12-22","purchased_purges":0,"victory":false,"max_hp_per_floor":[68,68,68,58,58,58,58],"card_choices":[{"not_picked":["FlyingSleeves","EmptyFist","Halt"],"picked":"SKIP","floor":1},{"not_picked":["WindmillStrike","Protect","FlyingSleeves","SandsOfTime","MostiFishMod:FlowState"],"picked":"SKIP","floor":2},{"not_picked":["Protect","ClearTheMind","ThirdEye","Vengeance"],"picked":"SpiritShield","floor":3},{"not_picked":["Collect","FlurryOfBlows","FollowUp","CrushJoints"],"picked":"ForeignInfluence","floor":5}],"player_experience":818511,"relics_obtained":[{"floor":1,"key":"SynthV:TestCard"}],"event_choices":[],"is_beta":false,"boss_relics":[],"items_purged_floors":[],"is_endless":false,"potions_floor_spawned":[5],"killed_by":"Gensokyo:Mamizou","ascension_level":20}}