{"host":"Qube","time":1609274281,"event":{"mods":["AchievementEnabler","BaseMod","Colored Powertips","Minty Spire (QoL Compilation)","Quick Restart","Random Character Button"],"gold_per_floor":[119,136,151,151,170,170,204,218,218,231,256,10,10,29,29,104,104,124,124,124,143,143,143,143,143],"floor_reached":24,"playtime":912,"items_purged":[],"score":354,"play_id":"396b7578-5528-4dd4-a5a1-8025b7119ed4","local_time":"20201229123801","is_ascension_mode":true,"campfire_choices":[{"data":"Blood for Blood","floor":6,"key":"SMITH"},{"floor":13,"key":"REST"},{"floor":15,"key":"REST"},{"floor":23,"key":"REST"}],"circlet_count":0,"master_deck":["AscendersBane","Strike_R","Strike_R","Strike_R","Strike_R","Strike_R","Defend_R","Defend_R","Defend_R","Defend_R","Bash","Exhume","True Grit","Blood for Blood+1","Havoc","Bloodletting","Demon Form","Twin Strike","Armaments","Combust","Combust","Feed","Pain"],"relics":["Burning Blood","Boot","Pen Nib","Akabeko","Eternal Feather","Sozu","WarpedTongs","Enchiridion"],"acts_visited":["Exordium","TheCity"],"potions_floor_usage":[5,5,8],"damage_taken":[{"damage":13.0,"enemies":"Jaw Worm","floor":1.0,"turns":4.0},{"damage":0,"enemies":"Small Slimes","floor":2,"turns":3},{"damage":7,"enemies":"2 Louse","floor":3,"turns":3},{"damage":9,"enemies":"Exordium Thugs","floor":5,"turns":6},{"damage":29,"enemies":"Lagavulin","floor":7,"turns":7},{"damage":6,"enemies":"Looter","floor":8,"turns":5},{"damage":14,"enemies":"Large Slime","floor":10,"turns":7},{"damage":28,"enemies":"3 Sentries","floor":11,"turns":9},{"damage":15,"enemies":"Gremlin Gang","floor":14,"turns":4},{"damage":47,"enemies":"Slime Boss","floor":16,"turns":5},{"damage":12,"enemies":"Chosen","floor":18,"turns":4},{"damage":32,"enemies":"Spheric Guardian","floor":21,"turns":4},{"damage":55,"enemies":"Book of Stabbing","floor":24,"turns":4}],"seed_played":"5622832273718295785","potions_obtained":[{"floor":1.0,"key":"Energy Potion"},{"floor":2,"key":"Dexterity Potion"},{"floor":3,"key":"PowerPotion"},{"floor":7,"key":"GamblersBrew"}],"is_trial":false,"path_per_floor":["M","M","M","?","M","R","E","M","T","M","E","$","R","M","R","B",null,"M","?","?","M","?","R","E"],"character_chosen":"IRONCLAD","items_purchased":["Eternal Feather"],"campfire_rested":3,"item_purchase_floors":[12],"current_hp_per_floor":[61,67,66,66,63,63,40,40,40,32,10,10,44,35,69,28,63,60,60,60,34,18,53,0,0],"gold":143,"neow_bonus":"ONE_RANDOM_RARE_CARD","is_daily":false,"chose_seed":false,"campfire_upgraded":1,"win_rate":0.0,"timestamp":1609274281,"path_taken":["M","M","M","?","M","R","E","M","T","M","E","$","R","M","R","BOSS","M","?","?","?","?","R","E"],"items_purchased_type":["Relic"],"build_version":"2020-12-18","purchased_purges":0,"victory":false,"max_hp_per_floor":[75,75,75,75,75,75,75,75,75,75,75,75,75,75,75,75,75,78,78,78,78,78,78,78,78],"card_choices":[{"not_picked":["Rupture","Hemokinesis"],"picked":"True Grit","floor":1.0},{"not_picked":["Headbutt","Wild Strike"],"picked":"Blood for Blood","floor":2},{"not_picked":["Clash","Sword Boomerang"],"picked":"Havoc","floor":3},{"not_picked":["Clash","Flex"],"picked":"Bloodletting","floor":5},{"not_picked":["Flame Barrier","Havoc"],"picked":"Demon Form","floor":7},{"not_picked":["Feel No Pain","Clash"],"picked":"Twin Strike","floor":8},{"not_picked":["Flex","Perfected Strike"],"picked":"Armaments","floor":10},{"not_picked":["Headbutt","Disarm"],"picked":"Combust","floor":11},{"not_picked":["Inflame","Clash"],"picked":"Combust","floor":14},{"not_picked":["Fiend Fire","Limit Break"],"picked":"Feed","floor":16},{"not_picked":["Pummel+1","Inflame","Anger"],"picked":"SKIP","floor":18},{"not_picked":["Sword Boomerang","Clothesline","Second Wind+1"],"picked":"SKIP","floor":21}],"player_experience":730818,"relics_obtained":[{"floor":7,"key":"Boot"},{"floor":9,"key":"Pen Nib"},{"floor":11,"key":"Akabeko"},{"floor":22,"key":"Enchiridion"}],"event_choices":[{"damage_healed":0,"gold_gain":0,"player_choice":"Ignored","damage_taken":0,"max_hp_gain":0,"max_hp_loss":0,"event_name":"Liars Game","floor":4,"gold_loss":0},{"damage_healed":0,"gold_gain":0,"player_choice":"Ignored","damage_taken":0,"max_hp_gain":0,"max_hp_loss":0,"event_name":"Ghosts","floor":19,"gold_loss":0},{"damage_healed":0,"gold_gain":0,"player_choice":"Rummage","damage_taken":0,"relics_obtained":["WarpedTongs"],"max_hp_gain":0,"max_hp_loss":0,"event_name":"Accursed Blacksmith","floor":20,"gold_loss":0,"cards_obtained":["Pain"]},{"damage_healed":0,"gold_gain":0,"player_choice":"Obtained Book","damage_taken":16,"max_hp_gain":0,"max_hp_loss":0,"event_name":"Cursed Tome","floor":22,"gold_loss":0}],"is_beta":true,"boss_relics":[{"not_picked":["Philosopher\u0027s Stone","Runic Dome"],"picked":"Sozu"}],"items_purged_floors":[],"is_endless":false,"potions_floor_spawned":[1,2,3,7,18],"killed_by":"Book of Stabbing","ascension_level":14}}