{"host":"nox","time":1609219225,"event":{"mods":["Act Like it!","Aspiration","BaseMod","Better Altar","Better Match","Better Note","Better Sensory Stone","Better Skull","Better Third Choice","BetterRewards","Colored Powertips","Conspire","Energized Spire","GifTheSpireLib","Hubris","Infinite Spire","Minty Spire (QoL Compilation)","Pale of the Ancients","Quick Restart","Rare Cards Sparkle","Replay The Spire","Shop Mod","Spikes Relics","StSLib","Stuff the Spire","SuperFastMode","The Alterego","vexMod"],"gold_per_floor":[112,112,124,136,136,164,164,198,198,198,198,198],"floor_reached":11,"playtime":239,"items_purged":[],"score":109,"play_id":"d420b1dd-0951-4db9-a86e-a36150a52142","local_time":"20201229122025","is_ascension_mode":true,"campfire_choices":[{"floor":10.0,"key":"REST"}],"circlet_count":0,"master_deck":["Strike_G","Strike_G","Strike_G","Strike_G","Defend_G","Defend_G","Defend_G","Defend_G","Defend_G","Survivor","Neutralize","Dagger Spray+1"],"relics":["Ring of the Snake","Art of War","hubris:AncientText","SpikesRelics:DaevaFist"],"acts_visited":["Exordium"],"potions_floor_usage":[],"damage_taken":[{"damage":0.0,"enemies":"Small Slimes","floor":1.0,"turns":5.0},{"damage":0.0,"enemies":"2 Louse","floor":3.0,"turns":1.0},{"damage":0.0,"enemies":"Cultist","floor":4.0,"turns":5.0},{"damage":25.0,"enemies":"Lagavulin","floor":6.0,"turns":8.0},{"damage":35.0,"enemies":"Gremlin Nob","floor":8.0,"turns":6.0},{"damage":34,"enemies":"3 Sentries","floor":11,"turns":4}],"seed_played":"9045457147571124800","potions_obtained":[{"floor":3.0,"key":"EssenceOfSteel"},{"floor":4.0,"key":"Swift Potion"},{"floor":6.0,"key":"Block Potion"}],"is_trial":false,"path_per_floor":["M","?","M","M","?","E","R","E","T","R","E"],"character_chosen":"THE_SILENT","items_purchased":[],"campfire_rested":1,"item_purchase_floors":[],"current_hp_per_floor":[70,70,70,70,70,45,45,10,10,33,0,0],"gold":198,"neow_bonus":"TEN_PERCENT_HP_BONUS","is_daily":false,"chose_seed":false,"campfire_upgraded":0,"win_rate":0.0,"timestamp":1609219225,"path_taken":["M","?","M","M","?","E","R","E","T","R","E"],"items_purchased_type":[],"build_version":"2020-11-17","purchased_purges":0,"victory":false,"max_hp_per_floor":[77,77,77,77,77,77,77,77,77,77,77,77],"card_choices":[{"not_picked":["StuffTheSpire:Injection","Sucker Punch"],"picked":"Dagger Spray","floor":1.0},{"not_picked":["Sucker Punch","Caltrops","Acrobatics"],"picked":"SKIP","floor":3.0},{"not_picked":["Quick Slash","Cloak And Dagger","PiercingWail"],"picked":"SKIP","floor":4.0},{"not_picked":["Poison Darts","Dagger Throw","Outmaneuver"],"picked":"SKIP","floor":6.0},{"not_picked":["Prepared","A Thousand Cuts","Deflect"],"picked":"SKIP","floor":8.0}],"player_experience":275671,"relics_obtained":[{"floor":6.0,"key":"Art of War"},{"floor":8.0,"key":"hubris:AncientText"},{"floor":9.0,"key":"SpikesRelics:DaevaFist"}],"event_choices":[{"cards_removed":["Strike_G"],"damage_healed":0.0,"max_hp_gain":0.0,"max_hp_loss":0.0,"gold_gain":0.0,"event_name":"Bonfire Elementals","player_choice":"Offered Basic","floor":5.0,"gold_loss":0.0,"damage_taken":0.0}],"is_beta":true,"boss_relics":[],"items_purged_floors":[],"is_endless":false,"potions_floor_spawned":[3,4,6],"killed_by":"3 Sentries","ascension_level":7}}