{"host":"aw5aop3hbkunav4s","time":1609221542,"event":{"mods":["2.2 Compatiblity","AchievementEnabler","BaseMod","Colored Map","Curses Come First","Minty Spire (QoL Compilation)","Relic Stats","StSLib","Synergy Search"],"gold_per_floor":[115,126,140,157,99,124,124,151,233,252,287,305,305,335,347,455,467,499,523,535,472,484,496,536,7,7,33,45,45,79,94,94,192,192,212,223,223,240,260,260,285,295,375,375,375,401,401,751,751,751,751,751,1,33,33],"floor_reached":56,"playtime":6695,"items_purged":["Strike_P","Strike_P+1"],"score":1746,"play_id":"b1a2916f-fb63-4195-af7b-5f6e6e2afcc7","local_time":"20201229005902","is_ascension_mode":true,"campfire_choices":[{"data":"Wallop","floor":7.0,"key":"SMITH"},{"floor":13.0,"key":"DIG"},{"floor":15.0,"key":"DIG"},{"floor":23.0,"key":"DIG"},{"floor":29.0,"key":"DIG"},{"floor":32.0,"key":"DIG"},{"floor":40.0,"key":"DIG"},{"floor":45,"key":"DIG"},{"floor":47,"key":"RECALL"},{"floor":49,"key":"DIG"},{"floor":52,"key":"DIG"}],"circlet_count":0,"master_deck":["Strike_P+1","Defend_P+1","Defend_P+1","Defend_P+1","Eruption","Vigilance+1","MentalFortress","Wallop+1","Tantrum+1","WheelKick","Adaptation+1","Meditate","Conclude+1","EmptyMind","Evaluate+1","Wallop+1","Indignation","Vault+1","LessonLearned","Evaluate+1","LessonLearned+1","LikeWater","Prostrate+1","ClearTheMind+1","DevaForm+1","MentalFortress","ClearTheMind+1"],"relics":["SlaversCollar","Boot","Turnip","Blood Vial","Pear","Shovel","MawBank","Du-Vu Doll","Philosopher\u0027s Stone","PreservedInsect","Akabeko","Thread and Needle","Bottled Tornado","Gremlin Horn","Dead Branch","Omamori","Lantern","Fusion Hammer","Incense Burner","Anchor","Regal Pillow","HornCleat","Old Coin","Art of War","Shuriken","Damaru","Mummified Hand","HandDrill","Orichalcum"],"acts_visited":["Exordium","TheCity","TheBeyond","TheEnding"],"potions_floor_usage":[46,54,55,55,55,55],"damage_taken":[{"damage":3.0,"enemies":"Jaw Worm","floor":1.0,"turns":4.0},{"damage":9.0,"enemies":"Cultist","floor":2.0,"turns":5.0},{"damage":5.0,"enemies":"Small Slimes","floor":3.0,"turns":3.0},{"damage":0.0,"enemies":"3 Louse","floor":4.0,"turns":2.0},{"damage":11.0,"enemies":"3 Sentries","floor":6.0,"turns":5.0},{"damage":1.0,"enemies":"Lagavulin","floor":8.0,"turns":5.0},{"damage":8.0,"enemies":"Large Slime","floor":10.0,"turns":4.0},{"damage":11.0,"enemies":"Gremlin Nob","floor":11.0,"turns":3.0},{"damage":7.0,"enemies":"Red Slaver","floor":12.0,"turns":4.0},{"damage":4.0,"enemies":"2 Fungi Beasts","floor":14.0,"turns":2.0},{"damage":6.0,"enemies":"The Guardian","floor":16.0,"turns":6.0},{"damage":5.0,"enemies":"Shell Parasite","floor":18.0,"turns":5.0},{"damage":26.0,"enemies":"2 Thieves","floor":19.0,"turns":3.0},{"damage":0.0,"enemies":"Gremlin Leader","floor":24.0,"turns":3.0},{"damage":0.0,"enemies":"Book of Stabbing","floor":27.0,"turns":3.0},{"damage":17.0,"enemies":"Shelled Parasite and Fungi","floor":28.0,"turns":4.0},{"damage":0.0,"enemies":"Gremlin Leader","floor":30.0,"turns":3.0},{"damage":17.0,"enemies":"Snake Plant","floor":31.0,"turns":6.0},{"damage":17.0,"enemies":"Automaton","floor":33.0,"turns":8.0},{"damage":16.0,"enemies":"3 Darklings","floor":35.0,"turns":2.0},{"damage":0.0,"enemies":"3 Shapes","floor":36.0,"turns":2.0},{"damage":0.0,"enemies":"Sphere and 2 Shapes","floor":38.0,"turns":3.0},{"damage":10.0,"enemies":"Transient","floor":39.0,"turns":6.0},{"damage":6,"enemies":"Nemesis","floor":41,"turns":8},{"damage":0,"enemies":"Maw","floor":42,"turns":5},{"damage":0,"enemies":"Reptomancer","floor":46,"turns":5},{"damage":0,"enemies":"Mind Bloom Boss Battle","floor":48,"turns":4},{"damage":0,"enemies":"Time Eater","floor":50,"turns":8},{"damage":4,"enemies":"Shield and Spear","floor":54,"turns":4},{"damage":10,"enemies":"The Heart","floor":55,"turns":9}],"seed_played":"-3002884453533279725","potions_obtained":[{"floor":1.0,"key":"Dexterity Potion"},{"floor":4.0,"key":"EntropicBrew"},{"floor":6.0,"key":"EssenceOfSteel"},{"floor":10.0,"key":"DuplicationPotion"},{"floor":16.0,"key":"Regen Potion"},{"floor":27.0,"key":"Block Potion"},{"floor":28.0,"key":"AttackPotion"},{"floor":31.0,"key":"SkillPotion"},{"floor":33.0,"key":"SpeedPotion"},{"floor":38.0,"key":"Explosive Potion"},{"floor":41,"key":"Fire Potion"},{"floor":46,"key":"Energy Potion"},{"floor":48,"key":"Swift Potion"},{"floor":54,"key":"SneckoOil"}],"is_trial":false,"path_per_floor":["M","M","M","M","?","E","R","E","T","M","E","M","R","M","R","B",null,"M","M","?","?","?","R","E","$","T","E","M","R","E","M","R","B",null,"M","M","?","M","M","R","E","M","T","?","R","E","R","?","R","B",null,"R","$","E","B",null],"character_chosen":"WATCHER","items_purchased":["Vault","Thread and Needle","Damaru","Mummified Hand","HandDrill","EntropicBrew"],"campfire_rested":0,"item_purchase_floors":[25,25,53,53,53,53],"current_hp_per_floor":[69,60,55,55,55,44,44,43,53,47,38,33,33,31,31,27,68,65,41,68,68,68,68,70,70,70,72,66,66,68,53,53,38,71,57,59,59,61,53,53,49,51,51,51,51,53,53,55,55,57,73,73,73,71,63],"gold":33,"neow_bonus":"BOSS_RELIC","is_daily":false,"chose_seed":false,"campfire_upgraded":1,"win_rate":0.0,"timestamp":1609221542,"path_taken":["M","M","M","M","?","E","R","E","T","M","E","M","R","?","R","BOSS","M","M","?","?","?","R","E","$","T","E","M","R","E","M","R","BOSS","M","M","?","M","M","R","E","M","T","?","R","E","R","?","R","BOSS","R","$","E","BOSS"],"items_purchased_type":["Card","Relic","Relic","Relic","Relic","Potion"],"build_version":"2020-12-22","purchased_purges":2,"victory":true,"max_hp_per_floor":[72,72,72,72,72,72,72,72,82,82,82,82,82,82,82,82,82,82,82,82,82,82,82,82,82,82,82,82,82,82,82,82,82,82,82,82,82,82,82,82,82,82,82,78,78,78,78,78,78,78,78,78,78,78,78],"relic_stats":{"Regal Pillow":0,"Gremlin Horn":[16,16],"counters":[30,134],"Dead Branch":[81],"PreservedInsect":303,"Orichalcum":[0],"Boot":[269],"MawBank":144,"Blood Vial":48,"Shovel":9,"Shuriken":[5],"Mummified Hand":[26],"Turnip":[16],"Art of War":[2],"HandDrill":[4],"obtain_stats":[{"Lantern":32,"Regal Pillow":45,"Gremlin Horn":27,"Incense Burner":40,"Bottled Tornado":26,"Boot":5,"Old Coin":48,"Blood Vial":8,"Shovel":11,"HornCleat":46,"Mummified Hand":53,"Philosopher\u0027s Stone":17,"Fusion Hammer":34,"HandDrill":53,"Pear":9,"Dead Branch":29,"Damaru":53,"Thread and Needle":25,"PreservedInsect":23,"Omamori":30,"Orichalcum":54,"MawBank":13,"Akabeko":24,"Du-Vu Doll":15,"SlaversCollar":0,"Anchor":41,"Shuriken":52,"Turnip":6,"Art of War":49,"PureWater":0},{"Lantern":18,"Regal Pillow":25,"Gremlin Horn":15,"Incense Burner":23,"Bottled Tornado":14,"Boot":4,"Old Coin":27,"Blood Vial":6,"Shovel":8,"HornCleat":26,"Mummified Hand":28,"Philosopher\u0027s Stone":11,"Fusion Hammer":19,"HandDrill":28,"Pear":6,"Dead Branch":16,"Damaru":28,"Thread and Needle":14,"PreservedInsect":13,"Omamori":17,"Orichalcum":29,"MawBank":9,"Akabeko":14,"Du-Vu Doll":10,"SlaversCollar":0,"Anchor":24,"Shuriken":28,"Turnip":5,"Art of War":27,"PureWater":0},{"Lantern":70,"Regal Pillow":104,"Gremlin Horn":57,"Incense Burner":91,"Bottled Tornado":54,"Boot":14,"Old Coin":113,"Blood Vial":24,"Shovel":31,"HornCleat":109,"Mummified Hand":121,"Philosopher\u0027s Stone":43,"Fusion Hammer":78,"HandDrill":121,"Pear":24,"Dead Branch":61,"Damaru":121,"Thread and Needle":54,"PreservedInsect":51,"Omamori":64,"Orichalcum":125,"MawBank":35,"Akabeko":54,"Du-Vu Doll":37,"SlaversCollar":0,"Anchor":99,"Shuriken":121,"Turnip":19,"Art of War":113,"PureWater":0}]},"card_choices":[{"not_picked":["Protect","EmptyFist"],"picked":"MentalFortress","floor":1.0},{"not_picked":["Pray","Crescendo"],"picked":"Wallop","floor":2.0},{"not_picked":["BowlingBash","Protect"],"picked":"Tantrum","floor":3.0},{"not_picked":["Worship","ForeignInfluence","Prostrate"],"picked":"SKIP","floor":4.0},{"not_picked":["CrushJoints","FlyingSleeves"],"picked":"WheelKick","floor":6.0},{"not_picked":["InnerPeace","Prostrate"],"picked":"Adaptation","floor":8.0},{"not_picked":["Crescendo","Evaluate"],"picked":"Meditate","floor":10.0},{"not_picked":["MentalFortress","JustLucky"],"picked":"Conclude","floor":11.0},{"not_picked":["MentalFortress","Worship"],"picked":"EmptyMind","floor":12.0},{"not_picked":["Sanctity","Evaluate","ForeignInfluence"],"picked":"SKIP","floor":14.0},{"not_picked":["Collect","Prostrate"],"picked":"Evaluate+1","floor":18.0},{"not_picked":["Crescendo","JustLucky","ClearTheMind"],"picked":"SKIP","floor":19.0},{"not_picked":["JustLucky","Crescendo+1"],"picked":"Indignation","floor":24.0},{"not_picked":["Prostrate","FollowUp"],"picked":"LessonLearned","floor":27.0},{"not_picked":["Nirvana+1","FlyingSleeves"],"picked":"Evaluate+1","floor":28.0},{"not_picked":["Crescendo","Nirvana+1","SandsOfTime+1"],"picked":"SKIP","floor":30.0},{"not_picked":["Pray+1","Fasting2","WheelKick"],"picked":"SKIP","floor":31.0},{"not_picked":["ConjureBlade","Ragnarok"],"picked":"LessonLearned","floor":33.0},{"not_picked":["EmptyBody+1","FollowUp+1","Consecrate+1"],"picked":"SKIP","floor":35.0},{"not_picked":["PathToVictory","FollowUp+1"],"picked":"LikeWater","floor":36.0},{"not_picked":["CrushJoints+1","Evaluate"],"picked":"Prostrate+1","floor":38.0},{"not_picked":["Halt","Perseverance+1"],"picked":"ClearTheMind+1","floor":39.0},{"not_picked":["PathToVictory+1","CutThroughFate"],"picked":"DevaForm","floor":41},{"not_picked":["Pray","Weave"],"picked":"MentalFortress","floor":42},{"not_picked":["Judgement","SashWhip","ThirdEye"],"picked":"SKIP","floor":46},{"not_picked":["Worship","Vengeance"],"picked":"ClearTheMind+1","floor":48},{"not_picked":["SignatureMove+1","SashWhip+1","InnerPeace"],"picked":"SKIP","floor":54}],"player_experience":267749,"relics_obtained":[{"floor":6.0,"key":"Turnip"},{"floor":8.0,"key":"Blood Vial"},{"floor":9.0,"key":"Pear"},{"floor":11.0,"key":"Shovel"},{"floor":13.0,"key":"MawBank"},{"floor":15.0,"key":"Du-Vu Doll"},{"floor":23.0,"key":"PreservedInsect"},{"floor":24.0,"key":"Akabeko"},{"floor":26.0,"key":"Bottled Tornado"},{"floor":27.0,"key":"Gremlin Horn"},{"floor":29.0,"key":"Dead Branch"},{"floor":30.0,"key":"Omamori"},{"floor":32.0,"key":"Lantern"},{"floor":40.0,"key":"Incense Burner"},{"floor":41,"key":"Anchor"},{"floor":45,"key":"Regal Pillow"},{"floor":46,"key":"HornCleat"},{"floor":48,"key":"Old Coin"},{"floor":49,"key":"Art of War"},{"floor":52,"key":"Shuriken"},{"floor":54,"key":"Orichalcum"}],"event_choices":[{"damage_healed":0.0,"max_hp_gain":0.0,"max_hp_loss":0.0,"gold_gain":0.0,"event_name":"WeMeetAgain","player_choice":"Paid Gold","floor":5.0,"gold_loss":58.0,"damage_taken":0.0,"relics_obtained":["Boot"]},{"damage_healed":27.0,"max_hp_gain":0.0,"max_hp_loss":0.0,"gold_gain":0.0,"event_name":"The Library","player_choice":"Heal","floor":20.0,"gold_loss":0.0,"damage_taken":0.0},{"cards_removed":["Defend_P"],"damage_healed":0.0,"max_hp_gain":0.0,"max_hp_loss":0.0,"gold_gain":0.0,"event_name":"Beggar","player_choice":"Gave Gold","floor":21.0,"gold_loss":75.0,"damage_taken":0.0},{"damage_healed":0.0,"max_hp_gain":0.0,"max_hp_loss":0.0,"gold_gain":0.0,"event_name":"Duplicator","player_choice":"Copied","floor":22.0,"gold_loss":0.0,"damage_taken":0.0,"cards_obtained":["Wallop"]},{"cards_removed":["Strike_P"],"damage_healed":0.0,"max_hp_gain":0.0,"max_hp_loss":0.0,"gold_gain":0.0,"event_name":"Falling","player_choice":"Removed Attack","floor":37.0,"gold_loss":0.0,"damage_taken":0.0},{"damage_healed":0,"gold_gain":0,"player_choice":"Max HP","damage_taken":0,"max_hp_gain":0,"max_hp_loss":4,"event_name":"Winding Halls","floor":44,"gold_loss":0},{"damage_healed":0,"gold_gain":0,"player_choice":"Fight","damage_taken":0,"max_hp_gain":0,"max_hp_loss":0,"event_name":"MindBloom","floor":48,"gold_loss":0}],"is_beta":false,"boss_relics":[{"not_picked":["Astrolabe","Busted Crown"],"picked":"Philosopher\u0027s Stone"},{"not_picked":["Calling Bell","Runic Dome"],"picked":"Fusion Hammer"}],"items_purged_floors":[25,53],"is_endless":false,"potions_floor_spawned":[1,4,6,10,16,27,28,31,33,38,41,46,48,54],"ascension_level":5}}