{"host":"98zq812qbocdqs0d","time":1609242702,"event":{"mods":["BaseMod","GifTheSpireLib","Minty Spire (QoL Compilation)","Replay The Spire","StSLib","The Cursed","The Hierophant"],"gold_per_floor":[368,102,177,197,197,197,45,59,59,59,79,79,79,95,95,192,192,192,192,192,192,192,192,192,192],"floor_reached":24,"playtime":1748,"items_purged":[],"score":279,"play_id":"24174c90-9f92-4438-a7b4-5e1a29a250e3","local_time":"20201229125142","is_ascension_mode":true,"campfire_choices":[{"floor":6,"key":"REST"},{"data":"Limit Break","floor":15,"key":"SMITH"},{"floor":23,"key":"REST"}],"circlet_count":0,"master_deck":["AscendersBane","Strike_R","Strike_R","Strike_R","Strike_R","Strike_R","Defend_R","Defend_R","Defend_R","Defend_R","Bash","hierophant:Defend_Hierophant","Neutralize","Heavy Blade","Inflame","Pot Of Greed","Pot Of Greed","Heavy Blade","Shockwave","Offering+1","Limit Break+1","Demon Form","Inflame","Demon Form","ReplayTheSpireMod:Splinters","Pot Of Greed","ReplayTheSpireMod:Muscle Training"],"relics":["Burning Blood","Grinning Jar","Toolbox","Potion Belt","Ornamental Fan","Ectoplasm","Singing Bowl"],"acts_visited":["Exordium","TheCity"],"potions_floor_usage":[],"damage_taken":[{"damage":4,"enemies":"2 Louse","floor":1,"turns":3},{"damage":11,"enemies":"Small Slimes","floor":4,"turns":3},{"damage":6,"enemies":"Cultist","floor":8,"turns":3},{"damage":10,"enemies":"3 Louse","floor":11,"turns":2},{"damage":6,"enemies":"Blue Slaver","floor":14,"turns":4},{"damage":37,"enemies":"Hexaghost","floor":16,"turns":6},{"damage":10,"enemies":"Chosen","floor":18,"turns":5},{"damage":16,"enemies":"Shell Parasite","floor":19,"turns":4},{"damage":41,"enemies":"Shelled Parasite and Fungi","floor":22,"turns":4},{"damage":63,"enemies":"Gremlin Leader","floor":24,"turns":4}],"seed_played":"-3083269927666580190","potions_obtained":[{"floor":8,"key":"FearPotion"},{"floor":16,"key":"Elixir"},{"floor":18,"key":"Ancient Potion"},{"floor":19,"key":"Milkshake"}],"is_trial":false,"path_per_floor":["M","$","?","M","?","R","$","M","T","?","M","?","T","M","R","B",null,"M","M","?","?","M","R","E"],"character_chosen":"IRONCLAD","items_purchased":["Inflame","Flex","Grinning Jar","Toolbox"],"campfire_rested":2,"item_purchase_floors":[2,2,2,7],"current_hp_per_floor":[74,74,63,58,58,80,80,80,80,80,76,76,76,76,76,45,71,67,57,59,59,26,51,0,0],"gold":192,"neow_bonus":"TWO_FIFTY_GOLD","is_daily":false,"chose_seed":false,"campfire_upgraded":1,"win_rate":0.0,"timestamp":1609242702,"path_taken":["M","$","?","M","?","R","$","?","T","?","M","?","?","M","R","BOSS","M","?","?","?","?","R","E"],"items_purchased_type":["Card","Card","Relic","Relic"],"build_version":"2020-12-22","purchased_purges":0,"victory":false,"max_hp_per_floor":[80,80,80,80,80,80,80,80,80,80,80,80,80,80,80,80,80,80,80,82,82,84,84,84,84],"card_choices":[{"not_picked":["Anger","Headbutt"],"picked":"Heavy Blade","floor":1},{"not_picked":["Thunderclap","True Grit","Burning Pact"],"picked":"SKIP","floor":4},{"not_picked":["Perfected Strike","Blood for Blood"],"picked":"Heavy Blade","floor":8},{"not_picked":["Clash","Cleave"],"picked":"Shockwave","floor":11},{"not_picked":["Blood for Blood","Thunderclap"],"picked":"Limit Break","floor":14},{"not_picked":["Reaper","Hemogenesis"],"picked":"Demon Form","floor":16},{"not_picked":["Headbutt","Run Through"],"picked":"Inflame","floor":18},{"not_picked":["Run Through","Clothesline"],"picked":"Demon Form","floor":19},{"not_picked":["Flame Barrier","Cleave","Infernal Blade"],"picked":"Singing Bowl","floor":20},{"not_picked":["Thunderclap","Pommel Strike+1"],"picked":"ReplayTheSpireMod:Muscle Training","floor":20},{"not_picked":["ReplayTheSpireMod:Corrosion Curse+1","Sword Boomerang","Havoc"],"picked":"Singing Bowl","floor":22}],"player_experience":878111,"relics_obtained":[{"floor":9,"key":"Potion Belt"},{"floor":13,"key":"Ornamental Fan"},{"floor":20,"key":"Singing Bowl"}],"event_choices":[{"damage_healed":0,"gold_gain":75,"player_choice":"Gather Gold","damage_taken":11,"max_hp_gain":0,"max_hp_loss":0,"event_name":"World of Goop","floor":3,"gold_loss":0},{"damage_healed":0,"gold_gain":0,"player_choice":"0 cards matched","damage_taken":0,"max_hp_gain":0,"max_hp_loss":0,"event_name":"Match and Keep!","floor":5,"gold_loss":0,"cards_obtained":[]},{"damage_healed":0,"gold_gain":99,"player_choice":"Stole From Cult","damage_taken":0,"max_hp_gain":0,"max_hp_loss":0,"event_name":"Nest","floor":21,"gold_loss":0}],"is_beta":false,"boss_relics":[{"not_picked":["Velvet Choker","Sozu"],"picked":"Ectoplasm"}],"items_purged_floors":[],"is_endless":false,"potions_floor_spawned":[8,16,18,19],"killed_by":"Gremlin Leader","ascension_level":10}}