{"host":"78zdngn0u28jm0pp","time":1609275400,"event":{"mods":["BaseMod","Jorbs\u0027s Wanderer Trilogy","Minty Spire (QoL Compilation)","Permanent Neow","Quick Restart","Relic Stats","StSLib","Unceasing Turn Reminder"],"gold_per_floor":[118,34,34,49,49,89,113,157,234,275,200,200,276,301,301,397,397,413,413,413,328,347,347,382,382,382,420,445,139,160,210,210,301,301,319,58,82,415,305,333,349,349,372,372,383,401,60,76,76,76,76],"floor_reached":50,"playtime":2348,"items_purged":["Strike_G","Strike_G","Defend_G"],"score":1281,"play_id":"f44d10e3-a917-4f42-af8f-69e5f726f393","local_time":"20201229135640","is_ascension_mode":true,"campfire_choices":[{"data":"Tools of the Trade","floor":12,"key":"SMITH"},{"data":"Choke","floor":15,"key":"SMITH"},{"data":"Corpse Explosion","floor":23,"key":"SMITH"},{"data":"Crippling Poison","floor":25,"key":"SMITH"},{"data":"Ghostly","floor":32,"key":"SMITH"},{"floor":42,"key":"REST"},{"data":"Noxious Fumes","floor":44,"key":"SMITH"},{"floor":49,"key":"RECALL"}],"circlet_count":0,"master_deck":["AscendersBane","Defend_G","Defend_G","Survivor","Neutralize","Backstab+1","Footwork","Dash","Choke+1","Backstab+1","All Out Attack","Tools of the Trade+1","Dash+1","Underhanded Strike+1","Corpse Explosion+1","Ghostly+1","Ghostly","Ghostly+1","Flying Knee+1","Crippling Poison+1","Footwork","Underhanded Strike+1","Dagger Throw+1","Burst","Eviscerate+1","Slice+1","Bane+1","Reflex","Tactician","Malaise","Noxious Fumes+1","Tactician","Bane+1"],"relics":["Ring of the Snake","NeowsBlessing","Dead Branch","Bronze Scales","Mummified Hand","Snake Skull","Molten Egg 2","HoveringKite","MealTicket","Letter Opener","Nunchaku","TwistedFunnel","Astrolabe","Membership Card","InkBottle","Whetstone","Pantograph","Mercury Hourglass"],"acts_visited":["Exordium","TheCity","TheBeyond"],"potions_floor_usage":[10,16,27,28,33,40,46,46,46,50,50,50],"damage_taken":[{"damage":0,"enemies":"2 Louse","floor":1,"turns":1},{"damage":0,"enemies":"Small Slimes","floor":4,"turns":1},{"damage":0,"enemies":"3 Sentries","floor":6,"turns":1},{"damage":0,"enemies":"Cultist","floor":7,"turns":2},{"damage":17,"enemies":"Gremlin Nob","floor":8,"turns":4},{"damage":9,"enemies":"Lagavulin","floor":10,"turns":7},{"damage":0,"enemies":"3 Sentries","floor":13,"turns":4},{"damage":10,"enemies":"Exordium Wildlife","floor":14,"turns":2},{"damage":22,"enemies":"The Guardian","floor":16,"turns":9},{"damage":2,"enemies":"3 Byrds","floor":18,"turns":2},{"damage":0,"enemies":"Spheric Guardian","floor":22,"turns":1},{"damage":0,"enemies":"Gremlin Leader","floor":24,"turns":5},{"damage":14,"enemies":"Book of Stabbing","floor":27,"turns":1},{"damage":3,"enemies":"Centurion and Healer","floor":28,"turns":4},{"damage":0,"enemies":"Chosen and Byrds","floor":30,"turns":3},{"damage":22,"enemies":"Collector","floor":33,"turns":7},{"damage":6,"enemies":"Orb Walker","floor":35,"turns":2},{"damage":4,"enemies":"3 Shapes","floor":37,"turns":3},{"damage":15,"enemies":"Giant Head","floor":40,"turns":7},{"damage":12,"enemies":"Transient","floor":41,"turns":6},{"damage":0,"enemies":"3 Darklings","floor":45,"turns":3},{"damage":3,"enemies":"Writhing Mass","floor":46,"turns":2},{"damage":1,"enemies":"Transient","floor":48,"turns":6},{"damage":37,"enemies":"Awakened One","floor":50,"turns":3}],"seed_played":"-7888324681923267272","potions_obtained":[{"floor":4,"key":"Fire Potion"},{"floor":8,"key":"Fruit Juice"},{"floor":10,"key":"Dexterity Potion"},{"floor":16,"key":"LiquidBronze"},{"floor":27,"key":"Poison Potion"},{"floor":28,"key":"SpeedPotion"},{"floor":37,"key":"FearPotion"},{"floor":45,"key":"EntropicBrew"},{"floor":46,"key":"Dexterity Potion"}],"is_trial":false,"path_per_floor":["M","$","?","M","?","E","M","E","T","E","?","R","?","M","R","B",null,"M","?","?","?","M","R","E","R","T","E","M","$","M","?","R","B",null,"M","$","M","?","?","E","M","R","T","R","M","M","$","M","R","B"],"character_chosen":"THE_SILENT","items_purchased":["Footwork","TwistedFunnel","Underhanded Strike+1","Membership Card","Reflex","Pantograph","Mercury Hourglass"],"campfire_rested":1,"item_purchase_floors":[2,29,29,36,36,47,47],"current_hp_per_floor":[59,59,64,64,64,64,64,47,47,43,43,43,43,33,33,11,55,53,34,34,34,34,34,34,34,34,20,17,32,32,32,32,10,28,22,34,30,30,30,15,3,13,13,13,13,10,25,24,24,0,0],"gold":76,"neow_bonus":"THREE_ENEMY_KILL","is_daily":false,"chose_seed":false,"campfire_upgraded":6,"win_rate":0.0,"timestamp":1609275400,"path_taken":["M","$","?","M","?","E","M","E","T","E","?","R","?","M","R","BOSS","M","?","?","?","M","R","E","R","T","E","M","$","M","?","R","BOSS","M","$","M","?","?","E","M","R","T","R","?","M","$","M","R","BOSS"],"items_purchased_type":["Card","Relic","Card","Relic","Card","Relic","Relic"],"build_version":"2020-12-22","purchased_purges":3,"victory":false,"max_hp_per_floor":[66,66,71,71,64,64,64,64,64,69,69,69,69,69,69,69,69,69,34,34,34,34,34,34,34,34,34,34,34,34,34,34,34,34,34,34,34,34,34,34,34,34,34,34,34,34,34,34,34,34,34],"relic_stats":{"counters":[24,86],"Dead Branch":[119],"Astrolabe":["Eviscerate","Slice","Bane"],"HoveringKite":[37],"Snake Skull":[59],"Letter Opener":[73],"Whetstone":["Backstab","Backstab"],"Mercury Hourglass":[38],"Nunchaku":[12],"Mummified Hand":[58],"Bronze Scales":[238],"Pantograph":10,"MealTicket":42,"obtain_stats":[{"TwistedFunnel":29,"NeowsBlessing":0,"Golden Idol":5,"Dead Branch":6,"Astrolabe":34,"HoveringKite":17,"Snake Skull":10,"Letter Opener":24,"Whetstone":43,"Mercury Hourglass":47,"Nunchaku":27,"Mummified Hand":9,"Bronze Scales":8,"Pantograph":47,"Molten Egg 2":13,"MealTicket":21,"Membership Card":36,"InkBottle":40,"Ring of the Snake":0},{"TwistedFunnel":14,"NeowsBlessing":0,"Golden Idol":2,"Dead Branch":3,"Astrolabe":16,"HoveringKite":9,"Snake Skull":6,"Letter Opener":12,"Whetstone":20,"Mercury Hourglass":22,"Nunchaku":13,"Mummified Hand":5,"Bronze Scales":5,"Pantograph":22,"Molten Egg 2":7,"MealTicket":10,"Membership Card":17,"InkBottle":19,"Ring of the Snake":0},{"TwistedFunnel":44,"NeowsBlessing":0,"Golden Idol":2,"Dead Branch":3,"Astrolabe":54,"HoveringKite":31,"Snake Skull":16,"Letter Opener":39,"Whetstone":72,"Mercury Hourglass":77,"Nunchaku":40,"Mummified Hand":9,"Bronze Scales":9,"Pantograph":77,"Molten Egg 2":20,"MealTicket":33,"Membership Card":56,"InkBottle":66,"Ring of the Snake":0}],"InkBottle":[11],"Ring of the Snake":[48]},"card_choices":[{"not_picked":["Acrobatics","Dodge and Roll"],"picked":"Backstab","floor":1},{"not_picked":["Outmaneuver","Caltrops"],"picked":"Dash","floor":4},{"not_picked":["Bane","Accuracy"],"picked":"Choke","floor":6},{"not_picked":["Sucker Punch","Blur"],"picked":"Backstab","floor":7},{"not_picked":["Deflect","Infinite Blades"],"picked":"All Out Attack","floor":8},{"not_picked":["Distraction","Endless Agony"],"picked":"Tools of the Trade","floor":10},{"not_picked":["Dagger Spray+1","Tactician"],"picked":"Dash+1","floor":13},{"not_picked":["Heel Hook+1","PiercingWail"],"picked":"Underhanded Strike+1","floor":14},{"not_picked":["Phantasmal Killer","Bullet Time"],"picked":"Corpse Explosion","floor":16},{"not_picked":["Quick Slash+1","Setup","Deadly Poison"],"picked":"SKIP","floor":18},{"not_picked":["Setup","Slice+1"],"picked":"Flying Knee+1","floor":22},{"not_picked":["Quick Slash+1","Bouncing Flask"],"picked":"Crippling Poison","floor":24},{"not_picked":["Endless Agony+1","Blade Dance"],"picked":"Footwork","floor":27},{"not_picked":["Finisher+1","Predator+1","Outmaneuver"],"picked":"SKIP","floor":28},{"not_picked":["Setup","Leg Sweep"],"picked":"Dagger Throw+1","floor":30},{"not_picked":["Grand Finale+1","Night Terror"],"picked":"Burst","floor":33},{"not_picked":["Flechettes+1","Dagger Spray+1","Expertise+1"],"picked":"SKIP","floor":35},{"not_picked":["Dodge and Roll","Bouncing Flask"],"picked":"Tactician","floor":37},{"not_picked":["Riddle With Holes+1","Flechettes+1"],"picked":"Malaise","floor":40},{"not_picked":["Slice+1","Prepared"],"picked":"Noxious Fumes","floor":41},{"not_picked":["Underhanded Strike+1","Concentrate"],"picked":"Tactician","floor":45},{"not_picked":["Deadly Poison","Sucker Punch+1"],"picked":"Bane+1","floor":46},{"not_picked":["All Out Attack+1","Prepared","Expertise"],"picked":"SKIP","floor":48}],"player_experience":732254,"relics_obtained":[{"floor":6,"key":"Dead Branch"},{"floor":8,"key":"Bronze Scales"},{"floor":9,"key":"Mummified Hand"},{"floor":10,"key":"Snake Skull"},{"floor":13,"key":"Molten Egg 2"},{"floor":24,"key":"Letter Opener"},{"floor":27,"key":"Nunchaku"},{"floor":40,"key":"InkBottle"},{"floor":43,"key":"Whetstone"}],"event_choices":[{"damage_healed":0,"gold_gain":0,"player_choice":"Donut","damage_taken":0,"max_hp_gain":5,"max_hp_loss":0,"event_name":"Big Fish","floor":3,"gold_loss":0},{"damage_healed":0,"gold_gain":0,"player_choice":"Lose Max HP","damage_taken":0,"relics_obtained":["Golden Idol"],"max_hp_gain":0,"max_hp_loss":7,"event_name":"Golden Idol","floor":5,"gold_loss":0},{"cards_removed":["Strike_G"],"damage_healed":0,"gold_gain":0,"player_choice":"Card Removal","damage_taken":0,"max_hp_gain":0,"max_hp_loss":0,"event_name":"The Cleric","floor":11,"gold_loss":75},{"damage_healed":0,"gold_gain":0,"player_choice":"Searched \u00271\u0027 times","damage_taken":0,"max_hp_gain":0,"max_hp_loss":0,"event_name":"Dead Adventurer","floor":13,"gold_loss":0},{"damage_healed":0,"gold_gain":0,"player_choice":"Became a Ghost","damage_taken":0,"max_hp_gain":0,"max_hp_loss":35,"event_name":"Ghosts","floor":19,"gold_loss":0,"cards_obtained":["Ghostly","Ghostly","Ghostly"]},{"damage_healed":0,"gold_gain":0,"player_choice":"Ignored","damage_taken":0,"max_hp_gain":0,"max_hp_loss":0,"event_name":"Vampires","floor":20,"gold_loss":0},{"damage_healed":0,"gold_gain":0,"player_choice":"Obtained Relic","damage_taken":0,"relics_obtained":["MealTicket"],"max_hp_gain":0,"max_hp_loss":0,"event_name":"Addict","floor":21,"gold_loss":85},{"damage_healed":0,"gold_gain":50,"player_choice":"Stole From Cult","damage_taken":0,"max_hp_gain":0,"max_hp_loss":0,"event_name":"Nest","floor":31,"gold_loss":0},{"damage_healed":0,"gold_gain":333,"player_choice":"Gave Idol","damage_taken":0,"max_hp_gain":0,"max_hp_loss":0,"event_name":"The Moai Head","floor":38,"relics_lost":["Golden Idol"],"gold_loss":0},{"cards_removed":["Defend_G"],"damage_healed":0,"gold_gain":0,"player_choice":"Upgrade and Remove","damage_taken":0,"max_hp_gain":0,"max_hp_loss":0,"event_name":"Designer","floor":39,"gold_loss":110,"cards_upgraded":["Ghostly"]}],"is_beta":false,"boss_relics":[{"not_picked":["Runic Dome","Ectoplasm"],"picked":"HoveringKite"},{"not_picked":["Ring of the Serpent","Black Star"],"picked":"Astrolabe"}],"items_purged_floors":[29,36,47],"is_endless":false,"potions_floor_spawned":[4,8,10,14,16,22,27,28,37,45,46],"killed_by":"Awakened One","ascension_level":20}}