{"host":"cyiefo55v5hz1ih5","time":1609213852,"event":{"mods":["2.2 Compatiblity","AchievementEnabler","BaseMod","ChefMod","GifTheSpireLib","Hubris","Minty Spire (QoL Compilation)","Replay The Spire","Spicy Shops","StSLib"],"gold_per_floor":[115,115,127,139,246,258,290,302,314,326,351,363,394,430,442,454,454],"floor_reached":16,"playtime":4390,"items_purged":[],"score":90,"play_id":"a76fbbb8-d5a6-4904-8a57-5b8277339c40","local_time":"20201228225052","is_ascension_mode":false,"campfire_choices":[{"floor":6,"key":"REST"},{"data":"chefmod:QuickThaw","floor":10,"key":"SMITH"},{"data":"chefmod:HotSoup","floor":15,"key":"SMITH"}],"circlet_count":0,"master_deck":["chefmod:Strike","chefmod:Strike","chefmod:Strike","chefmod:Strike","chefmod:Defend","chefmod:Defend","chefmod:Defend","chefmod:QuickThaw+1","chefmod:TodaysSpecial","chefmod:CleanHouse","chefmod:QuickChop","chefmod:HotSoup+1","chefmod:IcePick"],"relics":["chefmod:TrustyPot","MawBank","Golden Idol","Potion Belt"],"acts_visited":["Exordium"],"potions_floor_usage":[16],"damage_taken":[{"damage":0,"enemies":"Jaw Worm","floor":1,"turns":5},{"damage":2,"enemies":"2 Louse","floor":7,"turns":3},{"damage":2,"enemies":"Small Slimes","floor":11,"turns":3},{"damage":0,"enemies":"3 Louse","floor":13,"turns":4},{"damage":0,"enemies":"2 Fungi Beasts","floor":14,"turns":3},{"damage":53,"enemies":"Fading Forest","floor":16,"turns":10}],"seed_played":"-4636771067358737923","potions_obtained":[{"floor":1,"key":"Death Potion"},{"floor":13,"key":"Swift Potion"},{"floor":14,"key":"Weak Potion"}],"is_trial":false,"path_per_floor":["M","?","?","?","?","R","M","$","T","R","M","?","M","M","R","B"],"character_chosen":"THE_CHEF","items_purchased":[],"campfire_rested":1,"item_purchase_floors":[],"current_hp_per_floor":[83,76,81,81,49,73,71,71,71,71,69,69,69,69,69,16,16],"gold":454,"neow_bonus":"TEN_PERCENT_HP_BONUS","is_daily":false,"chose_seed":false,"campfire_upgraded":2,"win_rate":0.0,"timestamp":1609213852,"path_taken":["M","?","?","?","?","R","M","$","T","R","?","?","M","M","R","BOSS"],"items_purchased_type":[],"build_version":"2020-12-22","purchased_purges":0,"victory":false,"max_hp_per_floor":[83,83,88,81,81,81,81,81,81,81,81,81,81,81,81,81,81],"card_choices":[{"not_picked":["chefmod:Sorbet","chefmod:ColdSteel","chefmod:Defrost"],"picked":"SKIP","floor":1},{"not_picked":["chefmod:Puree","chefmod:Fillet"],"picked":"chefmod:CleanHouse","floor":5},{"not_picked":["chefmod:Sorbet","chefmod:NoSoupForYou"],"picked":"chefmod:QuickChop","floor":5},{"not_picked":["chefmod:DinoKale","chefmod:GroceryDelivery","chefmod:Defrost"],"picked":"SKIP","floor":7},{"not_picked":["chefmod:Sorbet","chefmod:QuickChop"],"picked":"chefmod:HotSoup","floor":11},{"not_picked":["chefmod:HotSoup","chefmod:Defrost"],"picked":"chefmod:IcePick","floor":13},{"not_picked":["chefmod:FryPan","chefmod:NewMenu","chefmod:FarmersMarket"],"picked":"SKIP","floor":14}],"player_experience":580249,"relics_obtained":[{"floor":5,"key":"Potion Belt"}],"event_choices":[{"damage_healed":0,"gold_gain":0,"player_choice":"Success","damage_taken":7,"relics_obtained":["MawBank"],"max_hp_gain":0,"max_hp_loss":0,"event_name":"Scrap Ooze","floor":2,"gold_loss":0},{"damage_healed":0,"gold_gain":0,"player_choice":"Donut","damage_taken":0,"max_hp_gain":5,"max_hp_loss":0,"event_name":"Big Fish","floor":3,"gold_loss":0},{"damage_healed":0,"gold_gain":0,"player_choice":"Lose Max HP","damage_taken":0,"relics_obtained":["Golden Idol"],"max_hp_gain":0,"max_hp_loss":7,"event_name":"Golden Idol","floor":4,"gold_loss":0}],"is_beta":false,"boss_relics":[],"items_purged_floors":[],"is_endless":false,"potions_floor_spawned":[1,13,14],"killed_by":"Fading Forest","ascension_level":0}}