{"host":"ktg5lwritr12xyhv","time":1609232285,"event":{"mods":["ATMod(阿瑾Mod)","Aspiration","BaseMod","Challenge The Spire","Conspire","Downfall","Hermit","Minty Spire (QoL Compilation)","Quick Restart","Relic Stats","Replay The Spire","Robot Space Explorer","RumiaBox-露米娅的神秘盒子","SIMod","Spicy Shops","StSLib","The Alterego","The Dragon Tamer","vexMod","篝火指南"],"gold_per_floor":[100,163,163,195,210,235,262,437,471,471,321,346,361,380,398,499,499,499,515,531,531,545,564,564,132,158,174,187,199,199,212,224,328,328,328,342,357,36,50,60,60,93,110,128,153,78,78,97,111,111],"floor_reached":51,"playtime":4204,"items_purged":["Doubt","alterego_mod:Strike","alterego_mod:Strike"],"score":907,"play_id":"b08ffb7f-9c2d-49a0-83c9-8cb0ecf8d1a4","local_time":"20201229165805","is_ascension_mode":false,"campfire_choices":[{"data":"alterego_mod:BrynhildrsRune","floor":1.0,"key":"SMITH"},{"data":"alterego_mod:RidiculouslyBig","floor":11.0,"key":"SMITH"},{"data":"alterego_mod:PainIsPleasure","floor":18.0,"key":"SMITH"},{"data":"Echo Form","floor":30.0,"key":"SMITH"},{"floor":35.0,"key":"RECALL"},{"data":"ReplayTheSpireMod:Omega Cannon","floor":46,"key":"SMITH"}],"circlet_count":0,"master_deck":["alterego_mod:Strike","alterego_mod:Strike","alterego_mod:Defend","alterego_mod:Defend","alterego_mod:Defend","alterego_mod:Defend","alterego_mod:Impale","alterego_mod:BigMeatyClaws","alterego_mod:BrynhildrsRune+1","AT_DiedThrough","alterego_mod:Rip","alterego_mod:Collar","alterego_mod:RidiculouslyBig+1","alterego_mod:Undulate","alterego_mod:Cycle","alterego_mod:Vow","alterego_mod:Lift","alterego_mod:Punishment","alterego_mod:DiscoLights","alterego_mod:Mirror","alterego_mod:PainIsPleasure+1","alterego_mod:TrashNCrash","alterego_mod:RidiculouslyBig+1","Ghostly","Ghostly","Ghostly","Ghostly","Ghostly","alterego_mod:Cooking","alterego_mod:Birthday+1","alterego_mod:DeftHands+1","Echo Form+1","alterego_mod:Birthday","alterego_mod:Palingenesis","Turbo+1","Fission","Fission","alterego_mod:Pet+1","ReplayTheSpireMod:Omega Cannon+1","Heatsinks+1","Turbo+1"],"relics":["alterego_mod:MasochisticConstitution","AT_ATBox","downfall:HeartsMalice","Replay:Rubber Ducky","Anchor","aspiration:HummingbirdHeart","aspiration:ChemicalBlood","downfall:HeartBlessingGreen","downfall:HeartBlessingBlue","Dream Catcher","aspiration:DefectSkillbook","Bottled Flame","AT_RedNoBalance","vexMod:FocusSash","vexMod:TanglingVine","MagicDraw2","Bottled Lightning","downfall:HeartBlessingRed"],"acts_visited":["Exordium","TheCity","TheBeyond"],"potions_floor_usage":[44],"damage_taken":[{"damage":0.0,"enemies":"3 Sentries","floor":2.0,"turns":1.0},{"damage":0.0,"enemies":"Jaw Worm","floor":3.0,"turns":1.0},{"damage":0.0,"enemies":"conspire:MimicChest","floor":4.0,"turns":1.0},{"damage":0.0,"enemies":"conspire:RoseBush","floor":5.0,"turns":3.0},{"damage":12.0,"enemies":"Lagavulin","floor":6.0,"turns":9.0},{"damage":0.0,"enemies":"3 Sentries","floor":9.0,"turns":9.0},{"damage":14.0,"enemies":"Lagavulin","floor":12.0,"turns":10.0},{"damage":0.0,"enemies":"Cultist","floor":13.0,"turns":4.0},{"damage":0.0,"enemies":"conspire:2 RoseBushes","floor":14.0,"turns":5.0},{"damage":0.0,"enemies":"Lots of Slimes","floor":15.0,"turns":5.0},{"damage":33.0,"enemies":"downfall:Silent","floor":16.0,"turns":13.0},{"damage":10.0,"enemies":"conspire:FuzzyDice","floor":19.0,"turns":7.0},{"damage":0.0,"enemies":"Centurion and Healer","floor":20.0,"turns":7.0},{"damage":0.0,"enemies":"Cultist and Chosen","floor":22.0,"turns":4.0},{"damage":2.0,"enemies":"Sentry and Sphere","floor":23.0,"turns":10.0},{"damage":0.0,"enemies":"downfall:FleeingMerchant","floor":25.0,"turns":4.0},{"damage":0.0,"enemies":"Book of Stabbing","floor":26.0,"turns":7.0},{"damage":2.0,"enemies":"Shelled Parasite and Fungi","floor":27.0,"turns":4.0},{"damage":0.0,"enemies":"3 Cultists","floor":28.0,"turns":7.0},{"damage":0.0,"enemies":"Snake Plant","floor":29.0,"turns":7.0},{"damage":3.0,"enemies":"Shelled Parasite and Fungi","floor":31.0,"turns":7.0},{"damage":0.0,"enemies":"Cultist and Chosen","floor":32.0,"turns":6.0},{"damage":0.0,"enemies":"downfall:Defect","floor":33.0,"turns":11.0},{"damage":0.0,"enemies":"3 Shapes","floor":36.0,"turns":4.0},{"damage":0.0,"enemies":"Orb Walker","floor":37.0,"turns":4.0},{"damage":0.0,"enemies":"downfall:FleeingMerchant","floor":38.0,"turns":4.0},{"damage":0.0,"enemies":"Transient","floor":39.0,"turns":5.0},{"damage":0.0,"enemies":"Maw","floor":40.0,"turns":9.0},{"damage":0,"enemies":"Nemesis","floor":42,"turns":9},{"damage":0,"enemies":"Writhing Mass","floor":43,"turns":6},{"damage":0,"enemies":"3 Darklings","floor":44,"turns":8},{"damage":1,"enemies":"Reptomancer","floor":45,"turns":2},{"damage":2,"enemies":"Spire Growth","floor":48,"turns":5},{"damage":0,"enemies":"Maw","floor":49,"turns":6},{"damage":9,"enemies":"downfall:Ironclad","floor":50,"turns":12}],"seed_played":"-7450660367059471168","potions_obtained":[{"floor":4.0,"key":"champ:CounterPotion"},{"floor":5.0,"key":"Weak Potion"},{"floor":6.0,"key":"champ:CounterPotion"},{"floor":9.0,"key":"Fire Potion"},{"floor":10.0,"key":"Guardian:BlockOnCardUsePotion"},{"floor":10.0,"key":"FearPotion"},{"floor":16.0,"key":"Flashbang"},{"floor":20.0,"key":"Fire Potion"},{"floor":22.0,"key":"SteroidPotion"},{"floor":26.0,"key":"EntropicBrew"},{"floor":28.0,"key":"Strength Potion"},{"floor":32.0,"key":"Toxic Potion"},{"floor":33.0,"key":"Adrenaline Potion"},{"floor":37.0,"key":"Fire Potion"},{"floor":39.0,"key":"CultistPotion"},{"floor":43,"key":"Strength Potion"},{"floor":44,"key":"Fruit Juice"},{"floor":49,"key":"Ancient Potion"},{"floor":50,"key":"Slimebound:ThreeZeroPotion"}],"is_trial":false,"path_per_floor":["R","?","M","?","M","E","T","?","E","?","R","E","M","M","M","B",null,"R","M","M","?","M","M","T","$","E","M","M","M","R","M","M","B",null,"R","M","M","$","M","M","T","E","M","M","E","R","?","M","M","B",null],"character_chosen":"The_Alterego","items_purchased":["AT_SilverBalance","Fission"],"campfire_rested":0,"item_purchase_floors":[25,38],"current_hp_per_floor":[70,70,70,70,70,59,59,59,59,59,69,63,70,70,70,38,83,83,81,81,42,42,43,43,43,27,23,28,37,37,28,33,41,45,45,45,45,45,45,45,45,45,45,50,50,50,50,52,52,45],"gold":111,"neow_bonus":"THREE_ENEMY_KILL","is_daily":false,"chose_seed":false,"campfire_upgraded":5,"win_rate":0.0,"timestamp":1609232285,"path_taken":["R","?","M","?","M","E","T","?","E","?","R","E","?","M","M","BOSS","R","M","M","?","M","M","T","$","E","M","M","M","R","M","M","BOSS","R","M","M","$","M","M","T","E","M","M","E","R","?","?","M","BOSS"],"items_purchased_type":["Relic","Card"],"build_version":"2020-12-22","purchased_purges":3,"victory":true,"max_hp_per_floor":[70,70,70,70,70,71,71,71,71,71,81,82,82,82,82,83,83,83,84,84,42,42,43,43,43,43,44,44,44,44,45,45,45,45,45,45,45,45,45,45,45,45,45,50,51,51,51,52,52,53],"relic_stats":{"Dream Catcher":0,"counters":[35,212],"obtain_stats":[{"alterego_mod:MasochisticConstitution":0,"AT_ATBox":0,"downfall:HeartBlessingRed":46,"downfall:HeartsMalice":0,"downfall:HeartBlessingGreen":11,"AT_SilverBalance":25,"aspiration:HummingbirdHeart":6,"vexMod:FocusSash":26,"vexMod:TanglingVine":34,"MagicDraw2":42,"Replay:Rubber Ducky":2,"Anchor":4,"Dream Catcher":12,"Bottled Flame":24,"aspiration:DefectSkillbook":17,"downfall:HeartBlessingBlue":11,"Bottled Lightning":45,"AT_RedNoBalance":31,"aspiration:ChemicalBlood":9},{"alterego_mod:MasochisticConstitution":0,"AT_ATBox":0,"downfall:HeartBlessingRed":32,"downfall:HeartsMalice":0,"downfall:HeartBlessingGreen":6,"AT_SilverBalance":16,"aspiration:HummingbirdHeart":5,"vexMod:FocusSash":17,"vexMod:TanglingVine":23,"MagicDraw2":29,"Replay:Rubber Ducky":1,"Anchor":3,"Dream Catcher":7,"Bottled Flame":15,"aspiration:DefectSkillbook":11,"downfall:HeartBlessingBlue":6,"Bottled Lightning":32,"AT_RedNoBalance":21,"aspiration:ChemicalBlood":6},{"alterego_mod:MasochisticConstitution":0,"AT_ATBox":0,"downfall:HeartBlessingRed":189,"downfall:HeartsMalice":0,"downfall:HeartBlessingGreen":21,"AT_SilverBalance":90,"aspiration:HummingbirdHeart":12,"vexMod:FocusSash":97,"vexMod:TanglingVine":139,"MagicDraw2":173,"Replay:Rubber Ducky":0,"Anchor":0,"Dream Catcher":31,"Bottled Flame":86,"aspiration:DefectSkillbook":58,"downfall:HeartBlessingBlue":21,"Bottled Lightning":189,"AT_RedNoBalance":115,"aspiration:ChemicalBlood":21}]},"card_choices":[{"not_picked":["alterego_mod:BoobPocket","alterego_mod:Santa"],"picked":"alterego_mod:Rip","floor":2.0},{"not_picked":["alterego_mod:Lingerie","alterego_mod:Santa"],"picked":"alterego_mod:Collar","floor":3.0},{"not_picked":["alterego_mod:DeftHands","alterego_mod:PurpleHair"],"picked":"alterego_mod:RidiculouslyBig","floor":4.0},{"not_picked":["alterego_mod:Mirror","alterego_mod:BoobPocket"],"picked":"alterego_mod:Undulate","floor":5.0},{"not_picked":["alterego_mod:Pet","alterego_mod:Rake"],"picked":"alterego_mod:Cycle","floor":6.0},{"not_picked":["alterego_mod:Undulate","alterego_mod:Lingerie"],"picked":"alterego_mod:Vow","floor":9.0},{"not_picked":["alterego_mod:Stockings","alterego_mod:Maid"],"picked":"alterego_mod:Lift","floor":12.0},{"not_picked":["alterego_mod:DeftHands","alterego_mod:BoobPocket"],"picked":"alterego_mod:Punishment","floor":13.0},{"not_picked":["alterego_mod:Exercise","alterego_mod:SakuraFive"],"picked":"alterego_mod:DiscoLights","floor":14.0},{"not_picked":["alterego_mod:DestructionOfProperty","alterego_mod:Undulate"],"picked":"alterego_mod:Mirror","floor":15.0},{"not_picked":["alterego_mod:Alter","alterego_mod:VirginLaserPalladion"],"picked":"alterego_mod:PainIsPleasure","floor":16.0},{"not_picked":["alterego_mod:DeftHands","alterego_mod:Bounce","Consume+1"],"picked":"alterego_mod:TrashNCrash","floor":19.0},{"not_picked":["alterego_mod:Table+1","Rebound","Conserve Battery"],"picked":"alterego_mod:RidiculouslyBig+1","floor":20.0},{"not_picked":["Conserve Battery+1","Panic Button","Compile Driver"],"picked":"alterego_mod:Cooking","floor":22.0},{"not_picked":["alterego_mod:BiFurious","alterego_mod:MagicResistance","Ball Lightning"],"picked":"alterego_mod:Birthday+1","floor":23.0},{"not_picked":["alterego_mod:BustOut","Cold Snap+1","AT_HeatAcrobatics"],"picked":"alterego_mod:DeftHands+1","floor":25.0},{"not_picked":["Fusion","alterego_mod:Undulate+1","Recycle"],"picked":"Echo Form","floor":26.0},{"not_picked":["Go for the Eyes+1","Chill","Stack","Blizzard"],"picked":"SKIP","floor":27.0},{"not_picked":["alterego_mod:Valentines+1","alterego_mod:Jiggle","alterego_mod:Cooking"],"picked":"alterego_mod:Birthday","floor":28.0},{"not_picked":["Tempest+1","AT_HeatAcrobatics+1","ReplaySolidLightProjector","alterego_mod:SakuraPetals+1"],"picked":"SKIP","floor":29.0},{"not_picked":["ReplayGash+1","alterego_mod:Bloomers","Streamline","alterego_mod:Exercise"],"picked":"SKIP","floor":31.0},{"not_picked":["alterego_mod:Belts+1","alterego_mod:DeftHands","Conserve Battery+1","Lockon"],"picked":"SKIP","floor":32.0},{"not_picked":["alterego_mod:Rake","All For One","alterego_mod:STier"],"picked":"alterego_mod:Palingenesis","floor":33.0},{"not_picked":["AT_RobotInSpace","alterego_mod:Punishment+1","alterego_mod:Jiggle"],"picked":"Turbo+1","floor":36.0},{"not_picked":["alterego_mod:BusterCard+1","alterego_mod:BiFurious+1","Redo+1","Conserve Battery"],"picked":"SKIP","floor":37.0},{"not_picked":["alterego_mod:GoddessCore","alterego_mod:Jiggle+1","Redo","Streamline"],"picked":"SKIP","floor":38.0},{"not_picked":["AT_HeatAcrobatics+1","alterego_mod:Stockings","alterego_mod:Undulate+1","Sweeping Beam"],"picked":"SKIP","floor":39.0},{"not_picked":["Steam Power","Panic Button","All For One","alterego_mod:Complex"],"picked":"SKIP","floor":40.0},{"not_picked":["Barrage+1","alterego_mod:SakuraLabyrinth","alterego_mod:Lingerie","alterego_mod:HighServant"],"picked":"SKIP","floor":42},{"not_picked":["Stack","alterego_mod:Undulate","ReplayTheSpireMod:System Scan","alterego_mod:Rip"],"picked":"SKIP","floor":43},{"not_picked":["Lockon+1","alterego_mod:Cycle","Gash"],"picked":"alterego_mod:Pet+1","floor":44},{"not_picked":["alterego_mod:Skirt","Cold Snap+1","alterego_mod:Stockings"],"picked":"ReplayTheSpireMod:Omega Cannon","floor":45},{"not_picked":["alterego_mod:Rip+1","alterego_mod:Birthday+1","Barrage+1"],"picked":"Heatsinks+1","floor":48},{"not_picked":["alterego_mod:Birthday","alterego_mod:Valentines+1","alterego_mod:Belts"],"picked":"Turbo+1","floor":49}],"player_experience":201813,"relics_obtained":[{"floor":2.0,"key":"Replay:Rubber Ducky"},{"floor":4.0,"key":"Anchor"},{"floor":6.0,"key":"aspiration:HummingbirdHeart"},{"floor":9.0,"key":"aspiration:ChemicalBlood"},{"floor":12.0,"key":"Dream Catcher"},{"floor":24.0,"key":"Bottled Flame"},{"floor":26.0,"key":"vexMod:FocusSash"},{"floor":42,"key":"MagicDraw2"},{"floor":45,"key":"Bottled Lightning"}],"event_choices":[{"damage_healed":0.0,"max_hp_gain":0.0,"max_hp_loss":0.0,"gold_gain":0.0,"event_name":"Lab","player_choice":"Got Potions","floor":10.0,"gold_loss":0.0,"damage_taken":0.0},{"damage_healed":0.0,"max_hp_gain":0.0,"max_hp_loss":42.0,"gold_gain":0.0,"event_name":"Ghosts","player_choice":"Became a Ghost","floor":21.0,"gold_loss":0.0,"damage_taken":0.0,"cards_obtained":["Ghostly","Ghostly","Ghostly","Ghostly","Ghostly"]}],"is_beta":false,"boss_relics":[{"not_picked":["Kintsugi","downfall:Hecktoplasm"],"picked":"aspiration:DefectSkillbook"},{"not_picked":["vexMod:EndlessSickness","SlaversCollar"],"picked":"vexMod:TanglingVine"}],"items_purged_floors":[25,25,38],"is_endless":false,"potions_floor_spawned":[4,5,6,9,15,16,20,22,26,28,32,33,37,39,43,44,49],"ascension_level":0}}