{"host":"ix2a18c4ohfsrslv","time":1609216371,"event":{"mods":["BaseMod","Better Third Choice","Downfall","Minty Spire (QoL Compilation)","Replay The Spire","StSLib","The Disciple"],"gold_per_floor":[99,118,24,124,124,124,124,137,149,182,200,229,229,229,248,345,345,345,345,445,395,26,26,107,118,118,153,153,184,109,123,142,238,238,238,250,269,269,319,9,9,38,50,50,83,96,21,21,31,31],"floor_reached":51,"playtime":3594,"items_purged":["Slimebound:Strike_Slimebound"],"score":900,"play_id":"8679838e-90e8-4748-afb0-254825e554ba","local_time":"20201228203250","is_ascension_mode":true,"campfire_choices":[{"data":"Slimebound:CorrosiveSpit","floor":1.0,"key":"SMITH"},{"data":"Slimebound:SplitSpecialist","floor":6.0,"key":"SMITH"},{"data":"Slimebound:SpikyOuterGoop","floor":13.0,"key":"SMITH"},{"floor":18.0,"key":"DIG"},{"data":"1","floor":26.0,"key":"LIFT"},{"data":"Slimebound:LevelUp","floor":30.0,"key":"SMITH"},{"data":"Slimebound:ForwardTackle","floor":30.0,"key":"SMITH"},{"data":"Slimebound:LivingWall","floor":35,"key":"SMITH"},{"data":"Slimebound:SlimeBarrage","floor":35,"key":"SMITH"},{"floor":44,"key":"RECALL"},{"data":"Slimebound:SamplingLick","floor":47,"key":"SMITH"},{"data":"Slimebound:LeechEnergy","floor":47,"key":"SMITH"}],"circlet_count":0,"master_deck":["Slimebound:Defend_Slimebound","Slimebound:Defend_Slimebound","Slimebound:Defend_Slimebound","Slimebound:Split","Slimebound:CorrosiveSpit+1","Slimebound:SlimeSpikes","Slimebound:Gluttony","Slimebound:SplitSpecialist+1","Slimebound:SpikyOuterGoop+1","Slimebound:SamplingLick+1","Slimebound:Teamwork+1","Slimebound:LevelUp+1","Slimebound:LivingWall+1","Slimebound:SlimeBarrage+1","Slimebound:Darklings+1","Slimebound:SlimeSpikes+1","Slimebound:GoopSpray+1","Slimebound:SamplingLick+1","Slimebound:LeechEnergy+1","Slimebound:ForwardTackle+1","Slimebound:Schlurp+1","Slimebound:RallyTheTroops+1","Slimebound:LeechingTouch+1","Slimebound:SamplingLick+1","Slimebound:LeadByExample+1","Slimebound:HauntingLick+1","Slimebound:LevelUp+1","Slimebound:AcidTongue+1","Slimebound:RejuvenatingLick+1"],"relics":["Slimebound:AbsorbEndCombat","CaptainsWheel","Golden Egg","Girya","SlaversCollar","Replay:Bottled Flurry","Ginger","Counterbalance","Eternal Feather","BargainBundle","ReplayFunnel","Toxic Egg 2","Replay:Arrowhead","Art of War","downfall:HeartBlessingGreen","Empty Cage","Unceasing Top","DollysMirror","Replay:Bottled Steam","Pear","Replay:Baseball","downfall:HeartBlessingBlue"],"acts_visited":["Exordium","TheCity","TheBeyond"],"potions_floor_usage":[43,50,50,50],"damage_taken":[{"damage":7.0,"enemies":"Small Slimes","floor":2.0,"turns":3.0},{"damage":15.0,"enemies":"downfall:FleeingMerchant","floor":3.0,"turns":4.0},{"damage":12.0,"enemies":"Jaw Worm","floor":8.0,"turns":4.0},{"damage":8.0,"enemies":"Cultist","floor":9.0,"turns":3.0},{"damage":26.0,"enemies":"3 Sentries","floor":10.0,"turns":8.0},{"damage":11.0,"enemies":"Blue Slaver","floor":11.0,"turns":5.0},{"damage":13.0,"enemies":"Lagavulin","floor":12.0,"turns":4.0},{"damage":19.0,"enemies":"2 Fungi Beasts","floor":15.0,"turns":4.0},{"damage":31.0,"enemies":"downfall:Defect","floor":16.0,"turns":9.0},{"damage":35.0,"enemies":"downfall:Silent","floor":20.0,"turns":6.0},{"damage":20.0,"enemies":"downfall:FleeingMerchant","floor":22.0,"turns":4.0},{"damage":16.0,"enemies":"Chosen","floor":25.0,"turns":4.0},{"damage":44.0,"enemies":"Gremlin Leader","floor":27.0,"turns":6.0},{"damage":26.0,"enemies":"Book of Stabbing","floor":29.0,"turns":4.0},{"damage":20.0,"enemies":"3 Byrds","floor":31.0,"turns":4.0},{"damage":24.0,"enemies":"Shelled Parasite and Fungi","floor":32.0,"turns":6.0},{"damage":19.0,"enemies":"downfall:Watcher","floor":33.0,"turns":6.0},{"damage":59,"enemies":"3 Darklings","floor":36,"turns":6},{"damage":13,"enemies":"3 Shapes","floor":37,"turns":4},{"damage":12,"enemies":"Mind Bloom Boss Battle","floor":39,"turns":2},{"damage":16,"enemies":"downfall:FleeingMerchant","floor":40,"turns":4},{"damage":12,"enemies":"downfall:FleeingMerchant","floor":42,"turns":2},{"damage":49,"enemies":"Jaw Worm Horde","floor":43,"turns":4},{"damage":16,"enemies":"Giant Head","floor":45,"turns":5},{"damage":18,"enemies":"Maw","floor":46,"turns":4},{"damage":19,"enemies":"Spire Growth","floor":49,"turns":4},{"damage":17,"enemies":"downfall:Ironclad","floor":50,"turns":4}],"seed_played":"-2863097653443906084","potions_obtained":[{"floor":9.0,"key":"champ:CounterPotion"},{"floor":10.0,"key":"SteroidPotion"},{"floor":11.0,"key":"Milkshake"},{"floor":20.0,"key":"LiquidMemories"},{"floor":27.0,"key":"ColorlessPotion"},{"floor":33.0,"key":"Toxic Potion"},{"floor":36,"key":"Explosive Potion"},{"floor":37,"key":"Slimebound:SlimyTonguePotion"},{"floor":46,"key":"Strength Potion"}],"is_trial":false,"path_per_floor":["R","M","$","?","?","R","T","M","M","E","M","E","R","?","M","B",null,"R","?","?","?","$","?","T","M","R","E","?","E","R","M","M","B",null,"R","M","M","T","?","$","T","$","M","R","E","M","R","$","M","B",null],"character_chosen":"SLIMEBOUND","items_purchased":["Slimebound:SplitSpecialist","BargainBundle","Slimebound:GoopSpray","Slimebound:SamplingLick","ReplayFunnel","Slimebound:LeadByExample","DollysMirror","Slimebound:HauntingLick+1","Slimebound:AcidTongue+1","Pear"],"campfire_rested":0,"item_purchase_floors":[3,22,22,22,22,40,40,40,42,42],"current_hp_per_floor":[66,66,63,63,63,63,63,66,66,66,66,65,65,65,63,63,66,66,66,51,66,58,58,58,62,66,50,50,48,60,60,66,66,66,66,39,46,46,54,66,66,76,55,70,76,76,86,86,86,86],"gold":31,"neow_bonus":"TEN_PERCENT_HP_BONUS","is_daily":false,"chose_seed":false,"campfire_upgraded":9,"win_rate":0.0,"timestamp":1609216370,"path_taken":["R","M","$","?","?","R","T","?","M","E","M","E","R","?","M","BOSS","R","?","?","?","?","?","T","M","R","E","?","E","R","M","M","BOSS","R","M","M","?","?","?","T","?","M","R","E","?","R","?","M","BOSS"],"items_purchased_type":["Card","Relic","Card","Card","Relic","Card","Relic","Card","Card","Relic"],"build_version":"2020-12-22","purchased_purges":1,"victory":true,"max_hp_per_floor":[66,66,66,66,66,66,66,66,66,66,66,66,66,66,66,66,66,66,66,66,66,66,66,66,66,66,66,66,66,66,66,66,66,66,66,66,66,66,66,66,66,76,76,76,76,76,86,86,86,86],"card_choices":[{"not_picked":["Slimebound:SplitMire","Slimebound:Schlurp"],"picked":"Slimebound:SlimeSpikes","floor":2.0},{"not_picked":["Slimebound:DivideAndConquer","Slimebound:SlimeTap"],"picked":"Slimebound:Gluttony","floor":3.0},{"not_picked":["Slimebound:LeechingTouch","Slimebound:GrowthPunch"],"picked":"Slimebound:SpikyOuterGoop","floor":8.0},{"not_picked":["Slimebound:ServeAndProtect","Slimebound:Grow"],"picked":"Slimebound:SamplingLick","floor":9.0},{"not_picked":["Slimebound:SplitBruiser","Slimebound:Chomp"],"picked":"Slimebound:Teamwork","floor":10.0},{"not_picked":["Slimebound:FinishingTackle","Slimebound:RainOfGoop"],"picked":"Slimebound:LevelUp","floor":11.0},{"not_picked":["Slimebound:SlimeSpikes","Slimebound:SamplingLick"],"picked":"Slimebound:LivingWall","floor":12.0},{"not_picked":["Slimebound:Grow","Slimebound:SamplingLick"],"picked":"Slimebound:SlimeBarrage","floor":15.0},{"not_picked":["Slimebound:Teamwork","Slimebound:PrepareCrush"],"picked":"Slimebound:Darklings","floor":16.0},{"not_picked":["Slimebound:GrowthPunch+1","Slimebound:SplitAcid+1"],"picked":"Slimebound:SlimeSpikes","floor":22.0},{"not_picked":["Slimebound:SplitLeeching+1","Slimebound:DivideAndConquer+1"],"picked":"Slimebound:LeechEnergy","floor":25.0},{"not_picked":["Slimebound:Prepare+1","Slimebound:SlimeBrawl+1","Slimebound:PrepareCrush+1"],"picked":"SKIP","floor":27.0},{"not_picked":["Slimebound:SplitBruiser+1","Slimebound:Chomp","Slimebound:SplitLeeching+1"],"picked":"SKIP","floor":29.0},{"not_picked":["Slimebound:ViciousTackle","Slimebound:Prepare+1"],"picked":"Slimebound:Schlurp+1","floor":31.0},{"not_picked":["Slimebound:DisruptingSlam","Slimebound:GrowthPunch+1","Slimebound:Prepare+1"],"picked":"SKIP","floor":32.0},{"not_picked":["Slimebound:MassRepurpose+1","Slimebound:CheckThePlaybook+1"],"picked":"Slimebound:RallyTheTroops","floor":33.0},{"not_picked":["Slimebound:ComboTackle+1","Slimebound:GoopSpray+1"],"picked":"Slimebound:LeechingTouch+1","floor":36},{"not_picked":["Slimebound:Repurpose+1","Slimebound:Recollect+1"],"picked":"Slimebound:SamplingLick+1","floor":37},{"not_picked":["Slimebound:ForwardTackle","Slimebound:SplitAcid+1","Slimebound:SplitMire+1"],"picked":"SKIP","floor":40},{"not_picked":["Slimebound:ComboTackle","Slimebound:Chomp+1","Slimebound:SplitMire+1"],"picked":"SKIP","floor":42},{"not_picked":["Slimebound:Gluttony","Slimebound:DivideAndConquer+1","Slimebound:SlimeBrawl+1"],"picked":"SKIP","floor":43},{"not_picked":["Slimebound:GrowthPunch+1","Slimebound:ViciousTackle","Slimebound:AcidTongue+1"],"picked":"SKIP","floor":45},{"not_picked":["Slimebound:PressTheAttack","Slimebound:Equalize"],"picked":"Slimebound:RejuvenatingLick+1","floor":46},{"not_picked":["Slimebound:Chomp","Slimebound:LeechEnergy","Slimebound:RollThrough"],"picked":"SKIP","floor":49}],"player_experience":153768,"relics_obtained":[{"floor":7.0,"key":"CaptainsWheel"},{"floor":10.0,"key":"Golden Egg"},{"floor":12.0,"key":"Girya"},{"floor":18.0,"key":"Replay:Bottled Flurry"},{"floor":20.0,"key":"Counterbalance"},{"floor":20.0,"key":"Eternal Feather"},{"floor":24.0,"key":"Toxic Egg 2"},{"floor":27.0,"key":"Replay:Arrowhead"},{"floor":29.0,"key":"Art of War"},{"floor":39,"key":"Unceasing Top"},{"floor":41,"key":"Replay:Bottled Steam"},{"floor":45,"key":"Replay:Baseball"}],"event_choices":[{"cards_removed":["Slimebound:Tackle"],"damage_healed":0.0,"max_hp_gain":0.0,"max_hp_loss":0.0,"gold_gain":0.0,"event_name":"Purifier","player_choice":"Purged","floor":5.0,"gold_loss":0.0,"damage_taken":0.0},{"cards_removed":["Slimebound:Defend_Slimebound"],"damage_healed":0.0,"max_hp_gain":0.0,"max_hp_loss":0.0,"gold_gain":0.0,"event_name":"The Cleric","player_choice":"Card Removal","floor":14.0,"gold_loss":0.0,"damage_taken":0.0}],"is_beta":false,"boss_relics":[{"not_picked":["Kintsugi","ReplayTheSpireMod:DimensionalGlitch"],"picked":"SlaversCollar"},{"not_picked":["SacredBark","Runic Pyramid"],"picked":"Empty Cage"}],"items_purged_floors":[22],"is_endless":false,"potions_floor_spawned":[9,10,11,15,16,20,25,27,33,36,37,46],"ascension_level":3}}