{"host":"sc0o2qwpf9j16a4i","time":1609277916,"event":{"mods":["AchievementEnabler","BaseMod","BetterRewards","Block Reminder","Colored Map","Colored Powertips","Custom Start","Highlight Path","Minty Spire (QoL Compilation)","Relic Stats"],"gold_per_floor":[114,131,141,141,161,161,173,207,289,321,141,168,188,201,201,274,274,291,291,307,307,64,64,92,92,116,146,146,157,157,176,176,247,247,263,263,28,48,58,58,89,89,89,89,89,109,139,157,157,157,157,157,157,19,19,19],"floor_reached":55,"playtime":2357,"items_purged":["Strike_B","Strike_B"],"score":2579,"play_id":"866a34db-78d7-42c0-8422-d3b37d0ae716","local_time":"20201229233836","is_ascension_mode":true,"campfire_choices":[{"data":"Apotheosis","floor":6,"key":"SMITH"},{"data":"Reboot","floor":15,"key":"SMITH"},{"floor":23,"key":"REST"},{"data":"Leap","floor":25,"key":"SMITH"},{"data":"Seek","floor":30,"key":"SMITH"},{"data":"Conserve Battery","floor":32,"key":"SMITH"},{"floor":40,"key":"RECALL"},{"data":"BootSequence","floor":45,"key":"SMITH"},{"data":"Hologram","floor":49,"key":"SMITH"},{"data":"Conserve Battery","floor":53,"key":"SMITH"}],"circlet_count":0,"master_deck":["AscendersBane","Defend_B","Zap","Dualcast","Cold Snap+1","Ball Lightning+1","Self Repair","Apotheosis+1","Leap+1","BootSequence+1","Cold Snap+1","Conserve Battery+1","Reboot+1","Lockon+1","Defragment+1","Conserve Battery+1","Seek+1","Barrage+1","Doom and Gloom+1","Capacitor+1","Defragment+1","Aggregate","Self Repair+1","Echo Form+1","Barrage+1","Consume+1","Fusion+1","Hologram+1","Heatsinks+1","Core Surge+1","Compile Driver+1","Loop+1","Gash+1","Hologram+1","Defragment+1"],"relics":["Cracked Core","Tiny Chest","Molten Egg 2","Orichalcum","Matryoshka","PreservedInsect","Kunai","HornCleat","Frozen Egg 2","Centennial Puzzle","Gremlin Horn","Art of War","Snecko Eye","NlothsMask","Regal Pillow","Meat on the Bone","Whetstone","Bottled Lightning","Astrolabe","Omamori","MealTicket"],"acts_visited":["Exordium","TheCity","TheBeyond","TheEnding"],"potions_floor_usage":[8,10,16,27,46,46,47],"damage_taken":[{"damage":1,"enemies":"Cultist","floor":1,"turns":4},{"damage":5,"enemies":"2 Louse","floor":2,"turns":3},{"damage":0,"enemies":"Jaw Worm","floor":3,"turns":4},{"damage":0,"enemies":"2 Fungi Beasts","floor":5,"turns":6},{"damage":1,"enemies":"Red Slaver","floor":7,"turns":3},{"damage":1,"enemies":"3 Sentries","floor":8,"turns":4},{"damage":21,"enemies":"Gremlin Nob","floor":10,"turns":4},{"damage":0,"enemies":"Large Slime","floor":13,"turns":2},{"damage":6,"enemies":"2 Fungi Beasts","floor":14,"turns":4},{"damage":0,"enemies":"The Guardian","floor":16,"turns":7},{"damage":0,"enemies":"Spheric Guardian","floor":18,"turns":3},{"damage":7,"enemies":"Shell Parasite","floor":20,"turns":5},{"damage":12,"enemies":"Book of Stabbing","floor":24,"turns":7},{"damage":15,"enemies":"Slavers","floor":27,"turns":3},{"damage":16,"enemies":"Snake Plant","floor":29,"turns":6},{"damage":2,"enemies":"Centurion and Healer","floor":31,"turns":5},{"damage":11,"enemies":"Champ","floor":33,"turns":11},{"damage":21,"enemies":"Orb Walker","floor":35,"turns":4},{"damage":3,"enemies":"3 Darklings","floor":38,"turns":5},{"damage":6,"enemies":"Transient","floor":39,"turns":6},{"damage":10,"enemies":"Giant Head","floor":41,"turns":7},{"damage":62,"enemies":"Jaw Worm Horde","floor":46,"turns":6},{"damage":0,"enemies":"Reptomancer","floor":47,"turns":4},{"damage":16,"enemies":"Sphere and 2 Shapes","floor":48,"turns":5},{"damage":63,"enemies":"Time Eater","floor":50,"turns":11},{"damage":47,"enemies":"Donu and Deca","floor":51,"turns":11},{"damage":78,"enemies":"Shield and Spear","floor":55,"turns":7}],"seed_played":"-5807325827732825368","potions_obtained":[{"floor":3,"key":"AttackPotion"},{"floor":8,"key":"PowerPotion"},{"floor":10,"key":"SteroidPotion"},{"floor":16,"key":"FearPotion"},{"floor":20,"key":"PowerPotion"},{"floor":29,"key":"SteroidPotion"},{"floor":31,"key":"SkillPotion"},{"floor":39,"key":"FocusPotion"},{"floor":46,"key":"Energy Potion"}],"is_trial":false,"path_per_floor":["M","M","M","?","M","R","M","E","T","E","$","T","M","M","R","B",null,"M","?","M","?","$","R","E","R","T","E","T","M","R","M","R","B",null,"M","?","$","M","M","R","E","$","T","?","R","M","E","M","R","B","B",null,"R","$","E"],"character_chosen":"DEFECT","items_purchased":["Tiny Chest","Cold Snap","Molten Egg 2","Ball Lightning+1","Self Repair","Orichalcum","Matryoshka","Apotheosis","PreservedInsect","Block Potion","Defragment+1","Capacitor+1","Regal Pillow","Heatsinks+1","Core Surge+1","Defragment+1","PowerPotion"],"campfire_rested":1,"item_purchase_floors":[0,0,0,0,0,0,0,0,0,0,11,22,22,37,37,54,54],"current_hp_per_floor":[31,36,46,46,56,56,55,64,64,53,53,53,53,57,57,64,69,71,51,54,54,54,76,74,74,74,59,59,53,53,61,61,70,75,74,74,74,76,76,76,76,76,76,76,76,50,70,74,74,53,38,67,67,76,0,0],"gold":19,"neow_bonus":"","is_daily":false,"chose_seed":false,"campfire_upgraded":8,"win_rate":0.0,"timestamp":1609277916,"path_taken":["M","M","?","?","?","R","M","E","T","E","$","?","M","?","R","BOSS","M","?","M","?","$","R","E","R","T","E","?","M","R","M","R","BOSS","M","?","$","M","M","R","E","$","T","?","R","?","E","M","R","BOSS","BOSS","R","$","E"],"items_purchased_type":["Relic","Card","Relic","Card","Card","Relic","Relic","Card","Relic","Potion","Card","Card","Relic","Card","Card","Card","Potion"],"build_version":"2020-12-22","purchased_purges":2,"victory":false,"max_hp_per_floor":[71,71,71,71,71,71,71,71,71,71,71,71,71,71,71,71,71,71,76,76,76,76,76,76,76,76,76,76,76,76,76,76,76,76,76,76,76,76,76,76,76,76,76,76,76,76,76,76,76,76,76,76,76,76,76,76],"relic_stats":{"Regal Pillow":0,"Gremlin Horn":[17,17],"counters":[111,529],"Astrolabe":["Barrage","Consume","Fusion"],"PreservedInsect":406,"Whetstone":["Clothesline","Strike_R","Strike_B","Cold Snap"],"Orichalcum":[186],"Centennial Puzzle":[63],"Snecko Eye":[325,306,351,352],"Tiny Chest":2,"MealTicket":9,"Art of War":[39],"Kunai":[28],"obtain_stats":[{"Ice Cream":6,"Calipers":31,"Gremlin Horn":12,"CeramicFish":38,"Vajra":23,"Runic Capacitor":0,"Whetstone":0,"Boot":13,"Blood Vial":30,"Centennial Puzzle":11,"Lizard Tail":47,"HornCleat":9,"MealTicket":45,"Philosopher\u0027s Stone":17,"Prayer Wheel":44,"Kunai":9,"Pear":41,"Happy Flower":45,"Astrolabe":17,"Dead Branch":9,"Blue Candle":54,"Oddly Smooth Stone":31,"Pen Nib":28,"Letter Opener":0,"War Paint":13,"Question Card":28,"Cables":6,"WarpedTongs":37,"OrangePellets":14,"Bronze Scales":26,"Snecko Eye":34,"Molten Egg 2":0,"Black Star":0,"Pocketwatch":38,"NlothsMask":21,"Meat on the Bone":24,"Lantern":29,"Regal Pillow":41,"Mango":7,"Juzu Bracelet":41,"Bag of Preparation":45,"Cursed Key":17,"ClockworkSouvenir":0,"Emotion Chip":48,"Matryoshka":11,"Mummified Hand":0,"Tiny Chest":23,"Red Mask":19,"Cracked Core":0,"Potion Belt":13,"The Courier":9,"PreservedInsect":41,"Omamori":25,"Orichalcum":25,"Frozen Egg 2":9,"White Beast Statue":10,"Anchor":54,"Busted Crown":34,"Bag of Marbles":54,"Art of War":23,"Bottled Lightning":28,"Toy Ornithopter":26,"TungstenRod":37,"FossilizedHelix":11},{"Ice Cream":3,"Calipers":15,"Gremlin Horn":91,"CeramicFish":18,"Vajra":11,"Runic Capacitor":27,"Whetstone":27,"Boot":33,"Blood Vial":14,"Centennial Puzzle":5,"Lizard Tail":24,"HornCleat":90,"MealTicket":23,"Philosopher\u0027s Stone":63,"Prayer Wheel":79,"Kunai":30,"Pear":20,"Happy Flower":23,"Astrolabe":7,"Dead Branch":58,"Blue Candle":83,"Oddly Smooth Stone":72,"Pen Nib":13,"Letter Opener":27,"War Paint":6,"Question Card":13,"Cables":3,"WarpedTongs":45,"OrangePellets":6,"Bronze Scales":12,"Snecko Eye":73,"Molten Egg 2":53,"Black Star":0,"Pocketwatch":18,"NlothsMask":96,"Meat on the Bone":97,"Lantern":71,"Regal Pillow":78,"Mango":57,"Juzu Bracelet":20,"Bag of Preparation":79,"Cursed Key":34,"ClockworkSouvenir":27,"Emotion Chip":24,"Matryoshka":5,"Mummified Hand":27,"Tiny Chest":11,"Red Mask":36,"Cracked Core":0,"Potion Belt":6,"The Courier":4,"PreservedInsect":47,"Omamori":12,"Orichalcum":12,"Frozen Egg 2":90,"White Beast Statue":58,"Anchor":26,"Busted Crown":16,"Bag of Marbles":26,"Art of War":39,"Bottled Lightning":98,"Toy Ornithopter":12,"TungstenRod":18,"FossilizedHelix":59},{"Ice Cream":19,"Calipers":93,"Gremlin Horn":410,"CeramicFish":109,"Vajra":70,"Runic Capacitor":166,"Whetstone":166,"Boot":182,"Blood Vial":86,"Centennial Puzzle":29,"Lizard Tail":141,"HornCleat":406,"MealTicket":135,"Philosopher\u0027s Stone":289,"Prayer Wheel":353,"Kunai":174,"Pear":120,"Happy Flower":135,"Astrolabe":48,"Dead Branch":276,"Blue Candle":375,"Oddly Smooth Stone":322,"Pen Nib":82,"Letter Opener":166,"War Paint":37,"Question Card":82,"Cables":19,"WarpedTongs":234,"OrangePellets":37,"Bronze Scales":77,"Snecko Eye":331,"Molten Egg 2":263,"Black Star":0,"Pocketwatch":109,"NlothsMask":431,"Meat on the Bone":438,"Lantern":318,"Regal Pillow":348,"Mango":274,"Juzu Bracelet":120,"Bag of Preparation":353,"Cursed Key":192,"ClockworkSouvenir":166,"Emotion Chip":141,"Matryoshka":29,"Mummified Hand":166,"Tiny Chest":70,"Red Mask":196,"Cracked Core":0,"Potion Belt":37,"The Courier":24,"PreservedInsect":241,"Omamori":77,"Orichalcum":77,"Frozen Egg 2":406,"White Beast Statue":276,"Anchor":158,"Busted Crown":101,"Bag of Marbles":158,"Art of War":211,"Bottled Lightning":441,"Toy Ornithopter":77,"TungstenRod":109,"FossilizedHelix":277}],"Meat on the Bone":36},"card_choices":[{"not_picked":["White Noise","Static Discharge"],"picked":"Leap","floor":1},{"not_picked":["Beam Cell+1","Darkness"],"picked":"BootSequence","floor":2},{"not_picked":["Ball Lightning+1","Darkness"],"picked":"Cold Snap+1","floor":3},{"not_picked":["Chaos","Fusion"],"picked":"White Noise","floor":5},{"not_picked":["Turbo","Reprogram"],"picked":"Conserve Battery","floor":7},{"not_picked":["Blizzard+1","Sunder+1"],"picked":"Reboot","floor":8},{"not_picked":["Leap","Gash+1"],"picked":"Lockon+1","floor":10},{"not_picked":["Redo","Rebound+1","Blizzard+1"],"picked":"SKIP","floor":13},{"not_picked":["Chill","Force Field"],"picked":"Conserve Battery","floor":14},{"not_picked":["Machine Learning+1","Amplify"],"picked":"Seek","floor":16},{"not_picked":["BootSequence","Rebound+1"],"picked":"Barrage+1","floor":18},{"not_picked":["Rebound+1","Hologram"],"picked":"Doom and Gloom+1","floor":20},{"not_picked":["Doom and Gloom+1","Sunder+1"],"picked":"Defragment+1","floor":24},{"not_picked":["Gash+1","FTL+1"],"picked":"Aggregate","floor":27},{"not_picked":["Genetic Algorithm","Compile Driver+1","Beam Cell+1"],"picked":"SKIP","floor":29},{"not_picked":["Rebound+1","Blizzard+1"],"picked":"Self Repair+1","floor":31},{"not_picked":["Seek","Electrodynamics+1"],"picked":"Echo Form+1","floor":33},{"not_picked":["Sweeping Beam+1","Stack"],"picked":"Hologram+1","floor":35},{"not_picked":["Lockon+1","Gash+1","Conserve Battery+1"],"picked":"SKIP","floor":38},{"not_picked":["Hello World+1","Gash+1"],"picked":"Compile Driver+1","floor":39},{"not_picked":["Multi-Cast","Genetic Algorithm+1"],"picked":"Loop+1","floor":41},{"not_picked":["Gash+1","FTL+1"],"picked":"Hologram","floor":46},{"not_picked":["Steam Power","Compile Driver+1","Leap"],"picked":"SKIP","floor":47},{"not_picked":["Ball Lightning+1","Steam Power","Machine Learning+1"],"picked":"SKIP","floor":48}],"player_experience":416482,"relics_obtained":[{"floor":8,"key":"Kunai"},{"floor":9,"key":"HornCleat"},{"floor":9,"key":"Frozen Egg 2"},{"floor":10,"key":"Centennial Puzzle"},{"floor":12,"key":"Gremlin Horn"},{"floor":12,"key":"Art of War"},{"floor":24,"key":"Meat on the Bone"},{"floor":27,"key":"Whetstone"},{"floor":28,"key":"Bottled Lightning"},{"floor":41,"key":"Omamori"},{"floor":47,"key":"MealTicket"}],"event_choices":[{"cards_removed":["Strike_B"],"damage_healed":0,"gold_gain":0,"player_choice":"Offered Basic","damage_taken":0,"max_hp_gain":0,"max_hp_loss":0,"event_name":"Bonfire Elementals","floor":4,"gold_loss":0},{"damage_healed":0,"gold_gain":0,"player_choice":"Shed Blood","damage_taken":25,"max_hp_gain":5,"max_hp_loss":0,"event_name":"Forgotten Altar","floor":19,"gold_loss":0},{"damage_healed":0,"gold_gain":0,"player_choice":"Trade","damage_taken":0,"relics_obtained":["NlothsMask"],"max_hp_gain":0,"max_hp_loss":0,"event_name":"FaceTrader","floor":21,"gold_loss":0},{"cards_removed":["White Noise"],"damage_healed":0,"gold_gain":0,"player_choice":"Removed Skill","damage_taken":0,"max_hp_gain":0,"max_hp_loss":0,"event_name":"Falling","floor":36,"gold_loss":0},{"damage_healed":0,"gold_gain":0,"cards_transformed":["Defend_B"],"player_choice":"Transformed","damage_taken":0,"max_hp_gain":0,"max_hp_loss":0,"event_name":"Transmorgrifier","floor":44,"gold_loss":0,"cards_obtained":["Gash"]}],"is_beta":false,"boss_relics":[{"not_picked":["Ectoplasm","FrozenCore"],"picked":"Snecko Eye"},{"not_picked":["Velvet Choker","Calling Bell"],"picked":"Astrolabe"}],"items_purged_floors":[0,11],"is_endless":false,"potions_floor_spawned":[3,8,10,14,16,20,29,31,38,39,41,46],"killed_by":"Shield and Spear","ascension_level":20}}