{"host":"i0avyit1s6jb1siw","time":1609245119,"event":{"mods":["BaseMod","DeckTracker","Dota2Spire","Highlight Path","Minty Spire (QoL Compilation)","Quick Restart","Replay The Spire","StSLib","SuperFastMode"],"gold_per_floor":[117,117,135,210,221,221,249,249,249,249,249,249,262,272,272,348,348,366,281,300,316,200,200,99,99,154,154,173,200,218,245,245,321,371,383,393,405,423,448,478,497,531,531,531,544,599,633,633,633,633,633,633,633,55,84,84],"floor_reached":57,"playtime":2517,"items_purged":["All Out Attack","Sucker Punch","Backstab"],"score":2764,"play_id":"688da5af-fd37-441c-a121-596b5ba650e0","local_time":"20201229133159","is_ascension_mode":true,"campfire_choices":[{"data":"Noxious Fumes","floor":6.0,"key":"SMITH"},{"data":"Prepared","floor":8.0,"key":"SMITH"},{"floor":10.0,"key":"REST"},{"data":"Reflex","floor":12.0,"key":"SMITH"},{"floor":15.0,"key":"DIG"},{"data":"Calculated Gamble","floor":23.0,"key":"SMITH"},{"floor":25.0,"key":"REST"},{"data":"Calculated Gamble","floor":27.0,"key":"SMITH"},{"floor":32.0,"key":"REST"},{"floor":44.0,"key":"RECALL"},{"data":"Pot Of Greed","floor":49.0,"key":"SMITH"},{"data":"Pot Of Greed","floor":53,"key":"SMITH"}],"circlet_count":0,"master_deck":["AscendersBane","Survivor+1","Neutralize+1","Noxious Fumes+1","Reflex+1","Prepared+1","Sucker Punch","Corpse Explosion","Grand Finale","Quick Slash","Distraction","Die Die Die","Blur","Catalyst","Calculated Gamble+1","Deflect","Calculated Gamble+1","Escape Plan","After Image","Acrobatics+1","Pot Of Greed+1","Pot Of Greed+1","After Image"],"relics":["Painkiller Herb","Mercury Hourglass","Paper Crane","Bottled Flame","Replay:Grab Bag","Dota2Spire:RefresherOrb","Philosopher\u0027s Stone","Runic Pyramid","Pandora\u0027s Box","Akabeko","Tough Bandages","TheAbacus","Torii","Dota2Spire:CrimsonGuard","Tiny House","Tingsha","Dota2Spire:Vanguard","Snack Pack","Eternal Feather","Mango","Grinning Jar","Pear","DollysMirror","Boot"],"acts_visited":["TheCity","TheBeyond","TheEnding"],"potions_floor_usage":[51,56],"damage_taken":[{"damage":3.0,"enemies":"2 Louse","floor":1.0,"turns":4.0},{"damage":4.0,"enemies":"Small Slimes","floor":3.0,"turns":5.0},{"damage":6.0,"enemies":"Jaw Worm","floor":5.0,"turns":5.0},{"damage":12.0,"enemies":"3 Sentries","floor":7.0,"turns":7.0},{"damage":8.0,"enemies":"Blue Slaver","floor":13.0,"turns":3.0},{"damage":1.0,"enemies":"Looter","floor":14.0,"turns":3.0},{"damage":15.0,"enemies":"Fading Forest","floor":16.0,"turns":13.0},{"damage":12.0,"enemies":"3 Byrds","floor":18.0,"turns":2.0},{"damage":16.0,"enemies":"Shell Parasite","floor":20.0,"turns":3.0},{"damage":0.0,"enemies":"3 Cultists","floor":21.0,"turns":3.0},{"damage":0.0,"enemies":"Snake Plant","floor":28.0,"turns":4.0},{"damage":12.0,"enemies":"Slavers","floor":29.0,"turns":3.0},{"damage":0.0,"enemies":"Sentry and Sphere","floor":30.0,"turns":5.0},{"damage":0.0,"enemies":"Replay:Snechameleon","floor":31.0,"turns":4.0},{"damage":15.0,"enemies":"Collector","floor":33.0,"turns":5.0},{"damage":0.0,"enemies":"Orb Walker","floor":35.0,"turns":4.0},{"damage":0.0,"enemies":"3 Shapes","floor":36.0,"turns":1.0},{"damage":29.0,"enemies":"Writhing Mass","floor":37.0,"turns":4.0},{"damage":0.0,"enemies":"Maw","floor":38.0,"turns":4.0},{"damage":0.0,"enemies":"Mind Bloom Boss Battle","floor":39.0,"turns":5.0},{"damage":7.0,"enemies":"Giant Head","floor":40.0,"turns":6.0},{"damage":0.0,"enemies":"4 Shapes","floor":41.0,"turns":2.0},{"damage":6.0,"enemies":"Reptomancer","floor":42.0,"turns":4.0},{"damage":1.0,"enemies":"Sphere and 2 Shapes","floor":45.0,"turns":3.0},{"damage":0.0,"enemies":"2 Orb Walkers","floor":46.0,"turns":3.0},{"damage":0.0,"enemies":"Giant Head","floor":47.0,"turns":3.0},{"damage":0.0,"enemies":"Replay:Hell Engine","floor":50.0,"turns":5.0},{"damage":0,"enemies":"Awakened One","floor":51,"turns":6},{"damage":0,"enemies":"Shield and Spear","floor":55,"turns":2},{"damage":0,"enemies":"The Heart","floor":56,"turns":7}],"seed_played":"1718951533234185332","potions_obtained":[{"floor":1.0,"key":"SkillPotion"},{"floor":3.0,"key":"Death Potion"},{"floor":13.0,"key":"DuplicationPotion"},{"floor":18.0,"key":"Swift Potion"},{"floor":28.0,"key":"Dota2Spire:Clarity"},{"floor":31.0,"key":"SneckoOil"},{"floor":34.0,"key":"BlessingOfTheForge"},{"floor":40.0,"key":"Swift Potion"},{"floor":47.0,"key":"Block Potion"}],"is_trial":false,"path_per_floor":["?","?","?","?","?","T","E","T","T","T","?","T","?","?","T","B",null,"?","?","?","?","T","T","T","T","T","T","?","E","?","E","T","B",null,"?","?","?","?","?","E","?","E","T","T","?","?","E","?","T","B","B",null,"T","T","E","B",null],"character_chosen":"THE_SILENT","items_purchased":["Calculated Gamble","Tough Bandages","TheAbacus","Pear","DollysMirror"],"campfire_rested":3,"item_purchase_floors":[22,24,24,54,54],"current_hp_per_floor":[56,56,52,41,35,35,23,23,23,42,42,42,34,33,33,26,56,44,44,28,28,28,28,28,47,47,47,47,35,35,35,54,39,64,64,64,35,35,35,28,28,22,22,34,35,49,57,57,69,79,85,85,85,95,95,95],"gold":84,"neow_bonus":"BOSS_RELIC","is_daily":false,"chose_seed":false,"campfire_upgraded":7,"win_rate":0.0,"timestamp":1609245119,"path_taken":["?","?","?","?","?","T","E","T","T","T","?","T","?","?","T","BOSS","?","?","?","?","T","T","T","T","T","T","?","E","?","E","T","BOSS","?","?","?","?","?","E","?","E","T","T","?","?","E","?","T","BOSS","BOSS","T","T","E","BOSS"],"items_purchased_type":["Card","Relic","Relic","Relic","Relic"],"build_version":"2020-12-22","purchased_purges":3,"victory":true,"max_hp_per_floor":[66,66,66,66,66,66,66,66,66,66,66,66,66,66,66,66,66,66,66,66,66,66,66,66,66,66,66,66,66,66,66,66,66,71,71,71,71,71,71,71,71,71,71,71,71,85,85,85,85,85,85,85,85,95,95,95],"card_choices":[{"not_picked":["Infinite Blades","Quick Slash"],"picked":"Noxious Fumes","floor":1.0},{"not_picked":["Hidden Blade","Dagger Throw"],"picked":"Reflex","floor":3.0},{"not_picked":["Backflip","Flying Knee","Deflect"],"picked":"SKIP","floor":5.0},{"not_picked":["Escape Plan","Cloak And Dagger"],"picked":"Prepared","floor":7.0},{"not_picked":["Slice","ReplayTheSpireMod:The Works"],"picked":"Sucker Punch","floor":13.0},{"not_picked":["Deadly Poison","Setup"],"picked":"Corpse Explosion","floor":14.0},{"not_picked":["Venomology","Night Terror"],"picked":"Grand Finale","floor":16.0},{"not_picked":["Poisoned Stab","Backstab","Setup"],"picked":"SKIP","floor":18.0},{"not_picked":["All Out Attack","ReplayTheSpireMod:The Works"],"picked":"Deflect","floor":20.0},{"not_picked":["ReplayTheSpireMod:Tripwire","Skewer","Infinite Blades"],"picked":"SKIP","floor":21.0},{"not_picked":["Sucker Punch","Well Laid Plans","Prepared"],"picked":"SKIP","floor":28.0},{"not_picked":["Concentrate","Poisoned Stab","Flying Knee"],"picked":"SKIP","floor":29.0},{"not_picked":["Outmaneuver","Slice","Blur"],"picked":"SKIP","floor":30.0},{"not_picked":["Prepared","Quick Slash"],"picked":"Escape Plan","floor":31.0},{"not_picked":["Bullet Time","Wraith Form v2"],"picked":"After Image","floor":33.0},{"not_picked":["Bane+1","PiercingWail"],"picked":"Acrobatics+1","floor":35.0},{"not_picked":["Concentrate","Prepared","Flying Knee"],"picked":"SKIP","floor":36.0},{"not_picked":["Prepared","Hidden Blade+1","Sucker Punch"],"picked":"SKIP","floor":37.0},{"not_picked":["Backflip","Slice","ReplayTheSpireMod:Exploit Weakness"],"picked":"SKIP","floor":38.0},{"not_picked":["Quick Slash","Cloak And Dagger","Blade Dance+1"],"picked":"SKIP","floor":40.0},{"not_picked":["ReplayTheSpireMod:The Works","Cloak And Dagger+1","Endless Agony"],"picked":"SKIP","floor":41.0},{"not_picked":["Poisoned Stab","Toxin Wave","PiercingWail"],"picked":"SKIP","floor":42.0},{"not_picked":["A Thousand Cuts","Sucker Punch","Calculated Gamble"],"picked":"SKIP","floor":45.0},{"not_picked":["Riddle With Holes","Backstab","Sucker Punch"],"picked":"SKIP","floor":47.0},{"not_picked":["ReplayTheSpireMod:Exploit Weakness","Poisoned Stab+1","All Out Attack"],"picked":"SKIP","floor":55}],"player_experience":2129088,"relics_obtained":[{"floor":7.0,"key":"Mercury Hourglass"},{"floor":9.0,"key":"Paper Crane"},{"floor":15.0,"key":"Bottled Flame"},{"floor":29.0,"key":"Torii"},{"floor":31.0,"key":"Dota2Spire:CrimsonGuard"},{"floor":39.0,"key":"Tingsha"},{"floor":40.0,"key":"Dota2Spire:Vanguard"},{"floor":42.0,"key":"Snack Pack"},{"floor":43.0,"key":"Eternal Feather"},{"floor":46.0,"key":"Mango"},{"floor":47.0,"key":"Grinning Jar"},{"floor":55,"key":"Boot"}],"event_choices":[{"damage_healed":0.0,"max_hp_gain":0.0,"max_hp_loss":0.0,"gold_gain":0.0,"event_name":"Living Wall","player_choice":"Grow","floor":2.0,"gold_loss":0.0,"damage_taken":0.0,"cards_upgraded":["Neutralize"]},{"damage_healed":0.0,"max_hp_gain":0.0,"max_hp_loss":0.0,"gold_gain":75.0,"event_name":"World of Goop","player_choice":"Gather Gold","floor":4.0,"gold_loss":0.0,"damage_taken":11.0},{"damage_healed":0.0,"max_hp_gain":0.0,"max_hp_loss":0.0,"gold_gain":0.0,"event_name":"Addict","player_choice":"Obtained Relic","floor":19.0,"gold_loss":85.0,"damage_taken":0.0,"relics_obtained":["Akabeko"]},{"damage_healed":0.0,"max_hp_gain":0.0,"max_hp_loss":0.0,"gold_gain":0.0,"event_name":"MindBloom","player_choice":"Fight","floor":39.0,"gold_loss":0.0,"damage_taken":0.0},{"damage_healed":0.0,"max_hp_gain":0.0,"max_hp_loss":0.0,"gold_gain":0.0,"event_name":"Mysterious Sphere","player_choice":"Fight","floor":46.0,"gold_loss":0.0,"damage_taken":0.0},{"cards_removed":["Bane"],"damage_healed":0.0,"max_hp_gain":0.0,"max_hp_loss":0.0,"gold_gain":0.0,"event_name":"Falling","player_choice":"Removed Attack","floor":48.0,"gold_loss":0.0,"damage_taken":0.0}],"is_beta":false,"boss_relics":[{"not_picked":["Calling Bell","ReplayTheSpireMod:DimensionalGlitch"],"picked":"Replay:Grab Bag"},{"not_picked":["Sozu","Coffee Dripper"],"picked":"Dota2Spire:RefresherOrb"},{"not_picked":["Velvet Choker","ReplayTheSpireMod:Onyx Gauntlets"],"picked":"Philosopher\u0027s Stone"},{"not_picked":["SlaversCollar","Snecko Heart"],"picked":"Runic Pyramid"},{"not_picked":["HoveringKite","SacredBark"],"picked":"Pandora\u0027s Box"},{"not_picked":["Honey Jar","Replay:Ancient Bell"],"picked":"Tiny House"}],"items_purged_floors":[22,24,54],"is_endless":false,"potions_floor_spawned":[1,3,13,18,28,31,33,36,38,39,40,42,47],"ascension_level":20}}