{"host":"e4wnmsyty9uvvtwf","time":1609253185,"event":{"mods":["Act Like it!","BaseMod","Colored Map","Colored Powertips","Gensokyo","Marisa£®ÏF”Í°°ƒß¿Ì…≥£©","Minty Spire (QoL Compilation)","Rare Cards Sparkle","StSLib"],"gold_per_floor":[117,117,29,29,29,60,329,329,329,76,246,246,24,24,24,124,124,139,239,56,56,56,82,2,2,2,2,2,35,35,63,63,163,163,329,341,341,354,372,435,9,82,158,243,243,243,243,257,257,289],"floor_reached":51,"playtime":1513,"items_purged":["Clumsy"],"score":1094,"play_id":"bb0baa8a-979e-491c-ae57-7297f92ff6b3","local_time":"20201229224625","is_ascension_mode":true,"campfire_choices":[{"data":"PowerUp","floor":8,"key":"SMITH"},{"data":"PowerUp","floor":12,"key":"SMITH"},{"data":"JA","floor":15,"key":"SMITH"},{"data":"OortCloud","floor":25,"key":"SMITH"},{"data":"CollectingQuirk","floor":27,"key":"SMITH"},{"data":"Singularity","floor":30,"key":"SMITH"},{"data":"DeepEcoloBomb","floor":32,"key":"SMITH"},{"data":"Gensokyo:SevenSchoolMysteries","floor":47,"key":"SMITH"},{"data":"StarDustReverie","floor":49,"key":"SMITH"}],"circlet_count":0,"master_deck":["Strike_MRS","Strike_MRS","Strike_MRS","Defend_MRS","Defend_MRS","Defend_MRS+1","Defend_MRS+1","MasterSpark","UpSweep","JA+1","PowerUp+1","MysteriousBeam","AsteroidBelt","DeepEcoloBomb+1","CollectingQuirk+1","MachineGunSpark+1","OortCloud+1","Singularity+1","Gensokyo:FourOfAKind","Gensokyo:FourOfAKind","Gensokyo:FourOfAKind","Gensokyo:FourOfAKind","DragonMeteor+1","MillisecondPulsars","SatelliteIllusion","MagicAbsorber+1","EscapeVelocity","Orbital","SprinkleStarSeal+1","BinaryStars","Robbery","MagicAbsorber","Gensokyo:SevenSchoolMysteries+1","StarDustReverie+1","Gensokyo:Taser","MachineGunSpark","Singularity+1"],"relics":["MiniHakkero","Gensokyo:YoukaiFlower","Gensokyo:NagashiBinaDoll","Pear","Eternal Feather","Art of War","Vajra","PreservedInsect","OrangePellets","War Paint","Black Star","CaptainsWheel","Prayer Wheel","Sling","WingedGreaves","Bag of Marbles","HandmadeGrimoire","Pen Nib","Bottled Flame","Ginger","Kunai","Busted Crown","BreadOfAWashokuLover","AmplifyWand","Toy Ornithopter","SimpleLauncher","The Courier","Bronze Scales","Lizard Tail","Bottled Tornado","Gensokyo:DualWield","Anchor"],"acts_visited":["Exordium","Gensokyo:Gensokyo","Gensokyo:Gensokyoer"],"potions_floor_usage":[],"damage_taken":[{"damage":0,"enemies":"Gensokyo:3_Fairies","floor":1,"turns":4},{"damage":16,"enemies":"Gensokyo:Mamizou","floor":6,"turns":12},{"damage":6,"enemies":"Gensokyo:Gryphon","floor":7,"turns":4},{"damage":0,"enemies":"Gensokyo:2_Kodama","floor":11,"turns":6},{"damage":41,"enemies":"Gensokyo:Kokoro","floor":16,"turns":9},{"damage":0,"enemies":"Gensokyo:2_Gloops","floor":18,"turns":2},{"damage":0,"enemies":"Gensokyo:2_Gloops","floor":19,"turns":2},{"damage":15,"enemies":"Gensokyo:Koishi","floor":23,"turns":3},{"damage":2,"enemies":"Gensokyo:Reisen","floor":29,"turns":2},{"damage":0,"enemies":"Gensokyo:Koishi","floor":31,"turns":2},{"damage":16,"enemies":"Gensokyo:Kaguya","floor":33,"turns":12},{"damage":0,"enemies":"Gensokyo:3_Bats","floor":35,"turns":5},{"damage":1,"enemies":"Gensokyo:3_Boulders","floor":36,"turns":4},{"damage":0,"enemies":"Gensokyo:Sharpion","floor":38,"turns":1},{"damage":0,"enemies":"Gensokyo:AtlasGolem","floor":39,"turns":2},{"damage":0,"enemies":"Gensokyo:Doremy","floor":40,"turns":4},{"damage":0,"enemies":"Gensokyo:Marisa","floor":42,"turns":4},{"damage":0,"enemies":"Gensokyo:Kasen","floor":44,"turns":2},{"damage":0,"enemies":"Gensokyo:3_Boulders","floor":48,"turns":2},{"damage":0,"enemies":"Gensokyo:Yuyuko","floor":50,"turns":4}],"seed_played":"-3841186535280723907","potions_obtained":[{"floor":6,"key":"AttackPotion"},{"floor":16,"key":"EntropicBrew"},{"floor":31,"key":"SpeedPotion"}],"is_trial":false,"path_per_floor":["M","?","COS","?","?","E","M","R","T","$","M","R","$","T","R","B",null,"M","?","$","?","?","E","COS","R","T","R","?","E","R","E","R","B",null,"M","M","?","M","M","E","COS","E","T","E","?","?","R","M","R","B",null],"character_chosen":"MARISA","items_purchased":["PreservedInsect","AsteroidBelt","OrangePellets","DeepEcoloBomb","Singularity","Sling"],"campfire_rested":0,"item_purchase_floors":[10,10,13,13,20,20],"current_hp_per_floor":[75,75,75,75,70,54,48,57,57,57,57,66,66,66,75,34,85,85,85,85,85,60,45,45,60,60,60,60,58,60,60,60,44,60,60,59,59,59,59,59,59,59,59,59,59,59,60,60,60,60],"gold":289,"neow_bonus":"ONE_RANDOM_RARE_CARD","is_daily":false,"chose_seed":false,"campfire_upgraded":9,"win_rate":0.0,"timestamp":1609253185,"path_taken":["M","?","COS","?","?","E","M","R","T","?","M","R","$","?","R","BOSS","M","?","$","?","?","E","COS","R","T","R","?","E","R","E","R","BOSS","M","M","?","?","M","E","COS","E","T","E","?","?","R","M","R","BOSS"],"items_purchased_type":["Relic","Card","Relic","Card","Card","Relic"],"build_version":"2020-12-22","purchased_purges":1,"victory":true,"max_hp_per_floor":[75,75,75,75,85,85,85,85,85,85,85,85,85,85,85,85,85,85,85,85,85,60,60,60,60,60,60,60,60,60,60,60,60,60,60,60,60,60,60,60,60,60,60,60,60,60,60,60,60,60],"card_choices":[{"not_picked":["IllusionStar","GrandCross"],"picked":"DragonMeteor","floor":1},{"not_picked":["RefractionSpark","OortCloud"],"picked":"PowerUp","floor":6},{"not_picked":["MeteoricShower","LuminesStrike"],"picked":"MysteriousBeam","floor":7},{"not_picked":["OneTimeOff","6A"],"picked":"PowerUp","floor":11},{"not_picked":["StarDustReverie","JA"],"picked":"CollectingQuirk","floor":16},{"not_picked":["ShootingEcho","UnstableBomb"],"picked":"MachineGunSpark+1","floor":18},{"not_picked":["UnstableBomb+1","MachineGunSpark"],"picked":"OortCloud","floor":19},{"not_picked":["Acceleration","EnergyRecoil"],"picked":"DragonMeteor+1","floor":23},{"not_picked":["GalacticHalo","NonDirectionalLaser"],"picked":"SatelliteIllusion","floor":29},{"not_picked":["NonDirectionalLaser","IllusionStar+1"],"picked":"MagicAbsorber+1","floor":31},{"not_picked":["AbsoluteMagnitude","MaximisePower"],"picked":"EscapeVelocity","floor":33},{"not_picked":["IllusionStar"],"picked":"SKIP","floor":35},{"not_picked":["SporeBomb"],"picked":"SKIP","floor":35},{"not_picked":[],"picked":"Orbital","floor":36},{"not_picked":[],"picked":"SprinkleStarSeal+1","floor":36},{"not_picked":[],"picked":"Singularity","floor":38},{"not_picked":["GalacticHalo"],"picked":"SKIP","floor":38},{"not_picked":[],"picked":"Robbery","floor":39},{"not_picked":[],"picked":"MagicAbsorber","floor":39},{"not_picked":["WitchLeyline"],"picked":"SKIP","floor":40},{"not_picked":[],"picked":"StarDustReverie","floor":42},{"not_picked":["NonDirectionalLaser"],"picked":"SKIP","floor":44},{"not_picked":[],"picked":"MachineGunSpark","floor":48},{"not_picked":[],"picked":"Singularity+1","floor":48}],"player_experience":676417,"relics_obtained":[{"floor":6,"key":"Eternal Feather"},{"floor":9,"key":"Vajra"},{"floor":14,"key":"War Paint"},{"floor":19,"key":"CaptainsWheel"},{"floor":19,"key":"Prayer Wheel"},{"floor":23,"key":"WingedGreaves"},{"floor":23,"key":"Bag of Marbles"},{"floor":26,"key":"HandmadeGrimoire"},{"floor":29,"key":"Pen Nib"},{"floor":29,"key":"Bottled Flame"},{"floor":31,"key":"Ginger"},{"floor":31,"key":"Kunai"},{"floor":40,"key":"AmplifyWand"},{"floor":40,"key":"Toy Ornithopter"},{"floor":42,"key":"The Courier"},{"floor":42,"key":"Bronze Scales"},{"floor":44,"key":"Lizard Tail"},{"floor":44,"key":"Bottled Tornado"}],"event_choices":[],"is_beta":false,"boss_relics":[{"not_picked":["Tiny House","SlaversCollar"],"picked":"Black Star"},{"not_picked":["BewitchedHakkero","Velvet Choker"],"picked":"Busted Crown"}],"items_purged_floors":[10],"is_endless":false,"potions_floor_spawned":[6,16,31,38,48],"ascension_level":1}}