{"host":"f0dbpmn0khgeoqc0","time":1609223100,"event":{"mods":["2.2 Compatiblity","AchievementEnabler","Act Like it!","Ascension Unlocker","Aspiration","BaseMod","Better Altar","Better Match","Better Sensory Stone","Better Skull","Better Third Choice","BetterRewards","Block Reminder","Colored Map","Colored Powertips","Conspire","DNKmod","Disable Question Mark Monsters","Displayed Cursed Tome","Downfall","Friendly Minions","Hermit","Highlight Path","Humility","Infinite Spire","Jorbs\u0027s Wanderer Trilogy","Koishi","Marisa????????","Minty Spire (QoL Compilation)","MostiFishMod","Permanent Neow","Random Character Button","Relic Filter","Relic Stats","Spicy Shops","StSLib","Td1madao Mod","The Gatherer","Treasure Hunter","Wandering Minibosses","??????REMEMod"],"gold_per_floor":[118,109,109,122,87,111,111,103,103,126,126,148,248,260,260,359,359,371,371,381,381,381,381,406,406,432,432,452,452,480,486,486,580,580,588,1373,1373,1393,1413,1450,1450,1493,1493,1493,1493,1527,384,384,384,389,389,389,21,61,78],"floor_reached":56,"playtime":3670,"items_purged":[],"score":1323,"play_id":"6fca8a8b-e0d4-4da4-8d36-4d2e5a73284b","local_time":"20201229012500","is_ascension_mode":true,"campfire_choices":[{"floor":11.0,"key":"REST"},{"data":"Guardian:ChargeUp","floor":15.0,"key":"SMITH"},{"data":"Guardian:WalkerClaw","floor":23,"key":"SMITH"},{"data":"Guardian:CurlUp","floor":25,"key":"SMITH"},{"data":"Guardian:DonusPower","floor":27,"key":"SMITH"},{"floor":44,"key":"RECALL"},{"data":"Guardian:ChargeUp","floor":49,"key":"SMITH"},{"data":"Guardian:Preprogram","floor":52,"key":"SMITH"}],"circlet_count":0,"master_deck":["Guardian:Defend_Guardian","Guardian:Defend_Guardian","Guardian:Defend_Guardian","Guardian:Defend_Guardian","Guardian:CurlUp+1","Guardian:TwinSlam","Feed+1","Guardian:DonusPower+1","infinitespire:Gouge","Guardian:WalkerClaw+1","TH:TreasureMap+1","Guardian:ChargeCore","Guardian:RevengeProtocol+1","TH:CursedSword+1","TH:CopperCoins+1","TH:CursedSword+1","Guardian:Recover","Guardian:ChargeUp+1","TH:CopperCoins+1","Guardian:SphericShield+1","Guardian:Planning","Guardian:ChargeUp+1","Guardian:Preprogram+1","Necronomicurse","TH:TreasureMap+1","TH:CursedSword+1","TH:CursedSword+1","Guardian:BronzeOrb","Bite","Bite","Bite","Bite","Bite","TH:BikiniMail+1","Guardian:Reroute","Guardian:Suspension","TH:BikiniMail+1","Guardian:FastForward+1","Guardian:TemporalStrike+1","Guardian:StasisField+1","Guardian:ChargeUp+1","TH:CopperCoins+1","Guardian:BaubleBeam+1","TH:ArmorSpikes+1","TH:CopperCoins+1","Guardian:Incinerate+1","Guardian:BronzeArmor+1","Guardian:PolyBeam","expansioncontent:Hexaburn","Guardian:ExploitGems+1","Guardian:FloatingOrbs","expansioncontent:DashGenerateEvil+1","Guardian:Recover+1","TH:CopperCoins+1","Guardian:Clone+1"],"relics":["Guardian:ModeShifter","DaveBox","REME_ComplimentaryCards","BrkXgEgg","aspiration:Nostalgia","infinitespire:DarkRift","SynthV:TestCard","Guardian:PickAxe","Ancient Tea Set","aspiration:HatOfInfinitePower","JellyFishMachine","Blood Vial","Necronomicon","aspiration:ArtOfWarUpgrade","infinitespire:PuzzleCube","ArrowTower","ImprovedEquipment","aspiration:FutureDiary","wanderingMiniBosses:MasterThiefsPresence","Lantern","Toxic Egg 2","REME_HourglassOfDeath","infinitespire:Satchel","Bronze Scales","Centennial Puzzle","ChiLing","Chi","Ling","Chemical X","infinitespire:Midas Blood"],"acts_visited":["Exordium","TheCity","TheBeyond","TheEnding"],"potions_floor_usage":[40,42],"damage_taken":[{"damage":13.0,"enemies":"Jaw Worm","floor":1.0,"turns":3.0},{"damage":0.0,"enemies":"2 Louse","floor":2.0,"turns":5.0},{"damage":0.0,"enemies":"Small Slimes","floor":4.0,"turns":2.0},{"damage":0.0,"enemies":"Lagavulin","floor":6.0,"turns":5.0},{"damage":4.0,"enemies":"Exordium Thugs","floor":8.0,"turns":6.0},{"damage":42.0,"enemies":"Gremlin Nob","floor":10.0,"turns":6.0},{"damage":26.0,"enemies":"Lagavulin","floor":12.0,"turns":5.0},{"damage":14.0,"enemies":"Gremlin Gang","floor":14.0,"turns":6.0},{"damage":11.0,"enemies":"Hexaghost","floor":16.0,"turns":4.0},{"damage":11,"enemies":"Spheric Guardian","floor":18,"turns":6},{"damage":8,"enemies":"conspire:FuzzyDice","floor":20,"turns":6},{"damage":3,"enemies":"Book of Stabbing","floor":24,"turns":3},{"damage":10,"enemies":"REME_1_Revenger","floor":28,"turns":4},{"damage":0,"enemies":"Gremlin Leader","floor":30,"turns":6},{"damage":0,"enemies":"Snecko","floor":31,"turns":2},{"damage":25,"enemies":"Collector","floor":33,"turns":6},{"damage":0,"enemies":"3 Shapes","floor":35,"turns":4},{"damage":0,"enemies":"Orb Walker","floor":36,"turns":5},{"damage":16,"enemies":"Sphere and 2 Shapes","floor":38,"turns":4},{"damage":4,"enemies":"Maw","floor":39,"turns":6},{"damage":12,"enemies":"Reptomancer","floor":40,"turns":6},{"damage":15,"enemies":"Giant Head","floor":42,"turns":6},{"damage":0,"enemies":"Writhing Mass","floor":46,"turns":4},{"damage":50,"enemies":"Awakened One","floor":50,"turns":8},{"damage":24,"enemies":"Shield and Spear","floor":54,"turns":4},{"damage":6,"enemies":"The Heart","floor":55,"turns":3}],"seed_played":"3450861797264327471","potions_obtained":[{"floor":2.0,"key":"sneckomod:MuddlingPotion"},{"floor":6.0,"key":"FearPotion"},{"floor":14.0,"key":"BlessingOfTheForge"},{"floor":18,"key":"conspire:TimeTravelPotion"},{"floor":24,"key":"Guardian:AcceleratePotion"},{"floor":37,"key":"Guardian:BlockOnCardUsePotion"},{"floor":40,"key":"Swift Potion"},{"floor":42,"key":"AttackPotion"}],"is_trial":false,"path_per_floor":["M","M","?","M","?","E","?","M","T","E","R","E","?","M","R","B",null,"M","?","M","?","?","R","E","R","T","R","E","?","E","M","R","B",null,"M","M","?","M","M","E","R","E","T","R","?","M","$","?","R","B",null,"R","$","E","B",null],"character_chosen":"GUARDIAN","items_purchased":["infinitespire:Satchel","Guardian:BronzeArmor+1","Guardian:PolyBeam","DuplicationPotion","expansioncontent:Hexaburn","Bronze Scales","Centennial Puzzle","ChiLing","Guardian:ExploitGems+1","Guardian:FloatingOrbs","Chemical X","expansioncontent:DashGenerateEvil+1","Guardian:Recover+1"],"campfire_rested":1,"item_purchase_floors":[47,47,47,47,47,47,47,47,47,47,53,53,53],"current_hp_per_floor":[67,71,50,54,76,76,64,60,60,18,44,33,33,19,19,12,92,81,81,73,49,33,33,32,32,32,32,24,24,38,42,42,27,64,68,68,68,54,62,58,58,66,66,66,66,68,68,68,68,30,72,72,72,49,45],"gold":78,"neow_bonus":"NOSTALGIA","is_daily":false,"chose_seed":false,"campfire_upgraded":6,"win_rate":0.0,"timestamp":1609223100,"path_taken":["M","M","?","M","?","E","?","M","T","E","R","E","?","M","R","BOSS","M","?","?","?","?","R","E","R","T","R","E","?","E","?","R","BOSS","M","M","?","?","M","E","R","E","T","R","?","M","$","?","R","BOSS","R","$","E","BOSS"],"items_purchased_type":["Relic","Card","Card","Potion","Card","Relic","Relic","Relic","Card","Card","Relic","Card","Card"],"build_version":"2020-12-22","purchased_purges":0,"victory":true,"max_hp_per_floor":[80,84,84,88,88,88,88,88,88,88,88,88,88,88,88,92,92,92,92,92,92,92,92,92,92,92,92,92,64,64,64,64,64,64,68,68,68,68,68,68,68,68,68,68,68,68,68,68,68,72,72,72,72,72,72],"relic_stats":{"Blood Vial":20,"Centennial Puzzle":[9],"counters":[26,124],"Bronze Scales":[75],"Necronomicon":[19],"Chemical X":[1],"obtain_stats":[{"Lantern":40,"DaveBox":0,"Chi":47,"Ancient Tea Set":10,"Guardian:PickAxe":7,"Blood Vial":21,"Centennial Puzzle":47,"aspiration:ArtOfWarUpgrade":41,"Necronomicon":22,"Chemical X":53,"aspiration:FutureDiary":34,"Toxic Egg 2":42,"aspiration:Nostalgia":0,"JellyFishMachine":17,"ImprovedEquipment":30,"Guardian:ModeShifter":0,"wanderingMiniBosses:MasterThiefsPresence":36,"BrkXgEgg":0,"infinitespire:DarkRift":0,"Ling":47,"SynthV:TestCard":1,"REME_HourglassOfDeath":43,"Bronze Scales":47,"infinitespire:Satchel":47,"Art of War":24,"aspiration:HatOfInfinitePower":12,"ArrowTower":28,"infinitespire:PuzzleCube":26,"REME_ComplimentaryCards":0,"ChiLing":47,"infinitespire:Midas Blood":54},{"Lantern":21,"DaveBox":0,"Chi":23,"Ancient Tea Set":6,"Guardian:PickAxe":4,"Blood Vial":11,"Centennial Puzzle":23,"aspiration:ArtOfWarUpgrade":21,"Necronomicon":11,"Chemical X":24,"aspiration:FutureDiary":16,"Toxic Egg 2":22,"aspiration:Nostalgia":0,"JellyFishMachine":9,"ImprovedEquipment":14,"Guardian:ModeShifter":0,"wanderingMiniBosses:MasterThiefsPresence":18,"BrkXgEgg":0,"infinitespire:DarkRift":0,"Ling":23,"SynthV:TestCard":1,"REME_HourglassOfDeath":22,"Bronze Scales":23,"infinitespire:Satchel":23,"Art of War":12,"aspiration:HatOfInfinitePower":7,"ArrowTower":13,"infinitespire:PuzzleCube":12,"REME_ComplimentaryCards":0,"ChiLing":23,"infinitespire:Midas Blood":25},{"Lantern":99,"DaveBox":0,"Chi":109,"Ancient Tea Set":27,"Guardian:PickAxe":15,"Blood Vial":54,"Centennial Puzzle":109,"aspiration:ArtOfWarUpgrade":99,"Necronomicon":54,"Chemical X":117,"aspiration:FutureDiary":75,"Toxic Egg 2":105,"aspiration:Nostalgia":0,"JellyFishMachine":42,"ImprovedEquipment":67,"Guardian:ModeShifter":0,"wanderingMiniBosses:MasterThiefsPresence":83,"BrkXgEgg":0,"infinitespire:DarkRift":0,"Ling":109,"SynthV:TestCard":3,"REME_HourglassOfDeath":105,"Bronze Scales":109,"infinitespire:Satchel":109,"Art of War":57,"aspiration:HatOfInfinitePower":32,"ArrowTower":61,"infinitespire:PuzzleCube":57,"REME_ComplimentaryCards":0,"ChiLing":109,"infinitespire:Midas Blood":121}]},"card_choices":[{"not_picked":["Guardian:CrystalBeam","Guardian:PrimingBeam"],"picked":"Guardian:Gem_Lightblue","floor":1.0},{"not_picked":["Guardian:PrismaticBarrier","Guardian:MultiBeam","Guardian:PrismaticBeam","Guardian:Gem_Red"],"picked":"Guardian:DonusPower","floor":2.0},{"not_picked":["infinitespire:SealOfDarkness+","infinitespire:NeuralNetwork"],"picked":"infinitespire:Gouge","floor":3.0},{"not_picked":["Guardian:Incinerate","Guardian:GuardianWhirl","Guardian:VentSteam","Guardian:PrismaticBeam"],"picked":"Guardian:WalkerClaw","floor":4.0},{"not_picked":["TH:ArmorSpikes","TH:EnergyPotion","TH:BikiniMail"],"picked":"TH:TreasureMap","floor":6.0},{"not_picked":["Guardian:ArmoredProtocol","Guardian:Repulse","Guardian:TemporalStrike","Guardian:BronzeArmor"],"picked":"Guardian:ChargeCore","floor":6.0},{"not_picked":["Guardian:FloatingOrbs","Guardian:TemporalStrike","Guardian:RollAttack","Guardian:Gem_White"],"picked":"Guardian:RevengeProtocol+1","floor":8.0},{"not_picked":["TH:PixieDust","TH:ArmorSpikes","TH:TreasureMap"],"picked":"TH:CursedSword","floor":9.0},{"not_picked":["TH:DeckOfManyThings","TH:ArmorSpikes","TH:Mimic"],"picked":"TH:CopperCoins","floor":10.0},{"not_picked":["Guardian:WalkerClaw","Guardian:GuardianWhirl","Guardian:CrystalBeam","Guardian:Recover"],"picked":"Guardian:Gem_White","floor":10.0},{"not_picked":["TH:DeckOfManyThings","TH:CopperCoins","TH:TreasureMap"],"picked":"TH:CursedSword","floor":12.0},{"not_picked":["Guardian:PrimingBeam","Guardian:EvasiveProtocol","Guardian:Gem_Fragmented","Guardian:VentSteam"],"picked":"Guardian:Recover","floor":12.0},{"not_picked":["Guardian:MultiBeam","Guardian:Incinerate","Guardian:RollAttack","Guardian:TemporalShield"],"picked":"Guardian:ChargeUp","floor":14.0},{"not_picked":["TH:ArmorSpikes","TH:ElvenBoots","TH:PixieDust"],"picked":"TH:CopperCoins","floor":16.0},{"not_picked":["Guardian:ConstructionForm+1","Guardian:Gem_Orange","Guardian:Gem_Synthetic","Guardian:HyperBeam_Guardian+1"],"picked":"Guardian:SphericShield+1","floor":16.0},{"not_picked":["Guardian:Reroute","Guardian:TemporalShield+1","Guardian:Recover","Guardian:ShieldCharger"],"picked":"Guardian:Planning","floor":18},{"not_picked":["Guardian:VentSteam","Guardian:TemporalStrike","Guardian:Gem_Purple","Guardian:RefractedBeam"],"picked":"Guardian:Preprogram","floor":20},{"not_picked":["TH:BikiniMail","TH:Mimic","TH:ArmorSpikes"],"picked":"TH:TreasureMap","floor":24},{"not_picked":["Guardian:Gem_Cyan","Guardian:TemporalShield","Guardian:TemporalStrike+1","Guardian:ShieldCharger"],"picked":"Guardian:Gem_Orange","floor":24},{"not_picked":["TH:TreasureMap","TH:Mimic","TH:CopperCoins"],"picked":"TH:CursedSword","floor":26},{"not_picked":["TH:CopperCoins","TH:ElvenBoots","TH:Mimic"],"picked":"TH:CursedSword","floor":28},{"not_picked":["Guardian:WalkerClaw","Guardian:Gem_Cyan","Guardian:ConstructionForm+1","Guardian:Gem_Lightblue"],"picked":"Guardian:BronzeOrb","floor":28},{"not_picked":["TH:Mimic","TH:ElvenBoots","TH:EnergyPotion"],"picked":"TH:BikiniMail","floor":30},{"not_picked":["Guardian:AncientConstruct+1","Guardian:SentryBeam","Guardian:MultiBeam","Guardian:Gem_Crimson"],"picked":"Guardian:Reroute","floor":30},{"not_picked":["Guardian:Recover+1","Guardian:TemporalStrike+1","Guardian:ChargeCore+1","Guardian:DonusPower"],"picked":"Guardian:Suspension","floor":31},{"not_picked":["TH:Mimic","TH:ArmorSpikes","TH:EnergyPotion"],"picked":"TH:BikiniMail","floor":33},{"not_picked":["Guardian:ExploitGems+1","Guardian:AncientConstruct+1","Guardian:Gem_Synthetic","Guardian:Gem_Orange"],"picked":"Guardian:FastForward+1","floor":33},{"not_picked":["Guardian:MultiBeam","Guardian:Gem_Lightblue","Guardian:Gem_Green","Guardian:RollAttack"],"picked":"Guardian:TemporalStrike+1","floor":35},{"not_picked":["Guardian:Gem_Lightblue","Guardian:Gem_Red","Guardian:PrismaticBeam+1","Guardian:PrimingBeam"],"picked":"Guardian:StasisField+1","floor":36},{"not_picked":["Guardian:Clone","Guardian:TemporalStrike","Guardian:ArmoredProtocol","Guardian:CrystalBeam"],"picked":"Guardian:ChargeUp","floor":38},{"not_picked":["Guardian:ShieldCharger+1","Guardian:Reroute+1","Guardian:TemporalStrike+1","Guardian:Repulse"],"picked":"Guardian:Gem_Cyan","floor":39},{"not_picked":["TH:ElvenBoots","TH:ArmorSpikes","TH:DeckOfManyThings"],"picked":"TH:CopperCoins","floor":40},{"not_picked":["Guardian:ShieldSpikes","Guardian:TemporalStrike","Guardian:CrystalBeam","Guardian:DonusPower"],"picked":"Guardian:BaubleBeam+1","floor":40},{"not_picked":["TH:BikiniMail","TH:Mimic","TH:PixieDust"],"picked":"TH:ArmorSpikes","floor":42},{"not_picked":["Guardian:ArmoredProtocol","Guardian:SentryBeam","Guardian:TimeCapacitor","Guardian:PolyBeam"],"picked":"Guardian:Gem_Green","floor":42},{"not_picked":["TH:TreasureMap","TH:PixieDust","TH:EnergyPotion"],"picked":"TH:CopperCoins","floor":43},{"not_picked":["Guardian:TemporalStrike","Guardian:ShieldCharger+1","Guardian:VentSteam+1","Guardian:SentryBeam+1"],"picked":"Guardian:Incinerate+1","floor":46},{"not_picked":["TH:EnergyPotion","TH:TreasureMap","TH:DeckOfManyThings"],"picked":"TH:CopperCoins","floor":54},{"not_picked":["Guardian:Gem_Lightblue","Guardian:StasisField+1","Guardian:Repulse","Guardian:Emergency+1"],"picked":"Guardian:Clone+1","floor":54}],"player_experience":523554,"relics_obtained":[{"floor":1.0,"key":"SynthV:TestCard"},{"floor":10.0,"key":"Ancient Tea Set"},{"floor":12.0,"key":"aspiration:HatOfInfinitePower"},{"floor":24,"key":"Art of War"},{"floor":26,"key":"infinitespire:PuzzleCube"},{"floor":28,"key":"ArrowTower"},{"floor":30,"key":"ImprovedEquipment"},{"floor":36,"key":"wanderingMiniBosses:MasterThiefsPresence"},{"floor":40,"key":"Lantern"},{"floor":42,"key":"Toxic Egg 2"},{"floor":43,"key":"REME_HourglassOfDeath"},{"floor":54,"key":"infinitespire:Midas Blood"}],"event_choices":[{"damage_healed":22.0,"max_hp_gain":0.0,"max_hp_loss":0.0,"gold_gain":0.0,"event_name":"The Cleric","player_choice":"Healed","floor":5.0,"gold_loss":35.0,"damage_taken":0.0},{"damage_healed":0.0,"max_hp_gain":0.0,"max_hp_loss":0.0,"gold_gain":100.0,"event_name":"Golden Shrine","player_choice":"Pray","floor":13.0,"gold_loss":0.0,"damage_taken":0.0},{"damage_healed":0,"gold_gain":0,"player_choice":"Copied","damage_taken":0,"max_hp_gain":0,"max_hp_loss":0,"event_name":"Duplicator","floor":19,"gold_loss":0,"cards_obtained":["Guardian:ChargeUp"]},{"damage_healed":0,"gold_gain":0,"player_choice":" Vial ","damage_taken":24,"relics_obtained":["Blood Vial"],"max_hp_gain":73,"max_hp_loss":49,"event_name":"betterAltar:BetterAltar","floor":21,"potions_obtained":[],"relics_lost":[],"gold_loss":0},{"damage_healed":0,"gold_gain":0,"player_choice":"Obtained Book","damage_taken":16,"max_hp_gain":0,"max_hp_loss":0,"event_name":"Cursed Tome","floor":22,"gold_loss":0},{"damage_healed":0,"gold_gain":0,"player_choice":"Became a vampire","damage_taken":0,"max_hp_gain":0,"max_hp_loss":28,"event_name":"Vampires","floor":29,"gold_loss":0,"cards_obtained":["Bite","Bite","Bite","Bite","Bite"]},{"damage_healed":0,"gold_gain":0,"player_choice":"Got Potions","damage_taken":0,"max_hp_gain":0,"max_hp_loss":0,"event_name":"Lab","floor":37,"gold_loss":0},{"damage_healed":0,"gold_gain":0,"player_choice":"Leave","damage_taken":0,"max_hp_gain":0,"max_hp_loss":0,"event_name":"conspire:Investor","floor":45,"gold_loss":0},{"damage_healed":0,"gold_gain":0,"player_choice":"Bought 0 Potions","damage_taken":0,"max_hp_gain":0,"max_hp_loss":0,"event_name":"The Woman in Blue","floor":48,"gold_loss":0}],"is_beta":false,"boss_relics":[{"not_picked":["ShadowXiaoBlade","Coffee Dripper"],"picked":"JellyFishMachine"},{"not_picked":["GuanYuAspect","Guardian:StasisSlotReductionRelic"],"picked":"aspiration:FutureDiary"}],"items_purged_floors":[],"is_endless":false,"potions_floor_spawned":[2,6,14,18,24,39,40,42,46,54],"ascension_level":1}}