{"host":"pbf6u3tyx46snqc7","time":1609274924,"event":{"mods":["AchievementEnabler","BaseMod","Colored Map","Minty Spire (QoL Compilation)","Rare Cards Sparkle","SuperFastMode"],"gold_per_floor":[119,134,59,59,76,76,110,110,136,136,153,153,153],"floor_reached":12,"playtime":413,"items_purged":["Parasite"],"score":156,"play_id":"c8489d30-6819-4412-85ab-5b23fa9e28f7","local_time":"20201230054844","is_ascension_mode":true,"campfire_choices":[{"data":"Reprogram","floor":6.0,"key":"SMITH"},{"data":"Fission","floor":8.0,"key":"SMITH"}],"circlet_count":0,"master_deck":["AscendersBane","Strike_B","Strike_B","Strike_B","Strike_B","Defend_B","Defend_B","Defend_B","Defend_B","Dualcast","Echo Form","Fusion","Barrage","Reprogram+1","Fission+1","Biased Cognition","Conserve Battery"],"relics":["Cracked Core","Art of War","Bag of Marbles"],"acts_visited":["Exordium"],"potions_floor_usage":[],"damage_taken":[{"damage":5.0,"enemies":"2 Louse","floor":1.0,"turns":3.0},{"damage":14.0,"enemies":"Small Slimes","floor":2.0,"turns":4.0},{"damage":1.0,"enemies":"Cultist","floor":5.0,"turns":3.0},{"damage":12.0,"enemies":"Lagavulin","floor":7.0,"turns":7.0},{"damage":12.0,"enemies":"Looter","floor":11.0,"turns":4.0},{"damage":70,"enemies":"Gremlin Nob","floor":12,"turns":4}],"seed_played":"-4787418585637802871","potions_obtained":[{"floor":7.0,"key":"FairyPotion"},{"floor":11.0,"key":"PotionOfCapacity"}],"is_trial":false,"path_per_floor":["M","M","$","?","M","R","E","R","T","?","M","E"],"character_chosen":"DEFECT","items_purchased":[],"campfire_rested":0,"item_purchase_floors":[],"current_hp_per_floor":[59,45,45,45,44,44,32,32,32,32,20,0,0],"gold":153,"neow_bonus":"THREE_RARE_CARDS","is_daily":false,"chose_seed":false,"campfire_upgraded":2,"win_rate":0.0,"timestamp":1609274924,"path_taken":["M","M","$","?","M","R","E","R","T","?","M","E"],"items_purchased_type":[],"build_version":"2020-12-22","purchased_purges":1,"victory":false,"max_hp_per_floor":[71,71,68,68,68,68,68,68,68,68,68,68,68],"card_choices":[{"not_picked":["Amplify","Creative AI"],"picked":"Echo Form","floor":0.0},{"not_picked":["Beam Cell","Conserve Battery"],"picked":"Fusion","floor":1.0},{"not_picked":["Gash","Redo"],"picked":"Barrage","floor":2.0},{"not_picked":["Storm","BootSequence"],"picked":"Reprogram","floor":5.0},{"not_picked":["Hologram","Go for the Eyes"],"picked":"Fission","floor":7.0},{"not_picked":["Hello World","Undo"],"picked":"Conserve Battery","floor":11.0}],"player_experience":365938,"relics_obtained":[{"floor":7.0,"key":"Art of War"},{"floor":9.0,"key":"Bag of Marbles"}],"event_choices":[{"damage_healed":0.0,"max_hp_gain":0.0,"max_hp_loss":0.0,"gold_gain":0.0,"event_name":"Liars Game","player_choice":"Ignored","floor":4.0,"gold_loss":0.0,"damage_taken":0.0},{"damage_healed":0.0,"max_hp_gain":0.0,"max_hp_loss":0.0,"gold_gain":0.0,"cards_transformed":["Zap"],"event_name":"Transmorgrifier","player_choice":"Transformed","floor":10.0,"gold_loss":0.0,"damage_taken":0.0,"cards_obtained":["Biased Cognition"]}],"is_beta":false,"boss_relics":[],"items_purged_floors":[3],"is_endless":false,"potions_floor_spawned":[7,11],"killed_by":"Gremlin Nob","ascension_level":20}}