{"host":"5jyeqch4fosnsiz2","time":1609281499,"event":{"mods":["BaseMod","Bestiary","Colored Map","Colored Powertips","Filter the Spire","Minty Spire (QoL Compilation)","Relic Stats","StSLib","Waifu the Spire","ojb\u0027s Better Paths Mod","ojb\u0027s Info Mod"],"gold_per_floor":[117,136,154,154,172,200,212,241,241,252,285,285,142,157,157,257,257,268,26,39,52,52,52,84,30,30,30,40,60,88,100,100,196,196,208,1207,1207,1221,1238,1238,179,197,221,252,252,252,286,303,303,303],"floor_reached":51,"playtime":3384,"items_purged":["Strike_G","Defend_G","Normality"],"score":896,"play_id":"d2915e9a-4127-4bfc-aac6-6cdc8a5d61ab","local_time":"20201229173819","is_ascension_mode":false,"campfire_choices":[{"floor":12,"key":"REST"},{"data":"Catalyst","floor":15,"key":"SMITH"},{"data":"Footwork","floor":23,"key":"SMITH"},{"data":"Calculated Gamble","floor":27,"key":"SMITH"},{"data":"Wraith Form v2","floor":32,"key":"SMITH"},{"data":"Predator","floor":40,"key":"SMITH"},{"data":"Chrysalis","floor":49,"key":"SMITH"}],"circlet_count":0,"master_deck":["Strike_G","Strike_G","Strike_G","Strike_G","Defend_G","Defend_G","Defend_G","Survivor+1","Neutralize","Backflip","Prepared","Predator+1","Poisoned Stab+1","Sucker Punch+1","Calculated Gamble+1","Underhanded Strike+1","Flying Knee+1","Deflect","Riddle With Holes+1","Catalyst+1","Phantasmal Killer+1","CurseOfTheBell","Bane+1","Noxious Fumes","Reflex","Footwork+1","Dagger Spray+1","Poisoned Stab+1","Blur+1","Wraith Form v2+1","Bouncing Flask+1","Night Terror","PiercingWail+1","Normality","Night Terror","Terror+1","Chrysalis+1","Acrobatics","Concentrate+1","Bane+1"],"relics":["HoveringKite","Molten Egg 2","InkBottle","White Beast Statue","HornCleat","Bag of Preparation","Calling Bell","Mango","Matryoshka","War Paint","Bag of Marbles","Snake Skull","Bottled Lightning","Eternal Feather","Snecko Eye","Toy Ornithopter","Potion Belt","HandDrill","The Courier","Boot","Pear","Ancient Tea Set"],"acts_visited":["Exordium","TheCity","TheBeyond"],"potions_floor_usage":[8,8,11,16,16,20,20,21,24,29,30,30,33,33,35,39,42,42,42,42,42,44,47,47,47,48,48,50,50],"damage_taken":[{"damage":2,"enemies":"Cultist","floor":1,"turns":6},{"damage":0,"enemies":"2 Louse","floor":2,"turns":2},{"damage":2,"enemies":"Jaw Worm","floor":3,"turns":7},{"damage":1,"enemies":"3 Louse","floor":5,"turns":4},{"damage":29,"enemies":"Gremlin Nob","floor":6,"turns":5},{"damage":14,"enemies":"Lots of Slimes","floor":7,"turns":4},{"damage":8,"enemies":"Lagavulin","floor":8,"turns":4},{"damage":0,"enemies":"2 Fungi Beasts","floor":10,"turns":3},{"damage":9,"enemies":"3 Sentries","floor":11,"turns":4},{"damage":0,"enemies":"3 Louse","floor":14,"turns":1},{"damage":18,"enemies":"The Guardian","floor":16,"turns":12},{"damage":0,"enemies":"Chosen","floor":18,"turns":3},{"damage":0,"enemies":"3 Byrds","floor":20,"turns":3},{"damage":21,"enemies":"Snake Plant","floor":21,"turns":4},{"damage":25,"enemies":"Slavers","floor":24,"turns":5},{"damage":0,"enemies":"Chosen and Byrds","floor":28,"turns":4},{"damage":0,"enemies":"Centurion and Healer","floor":29,"turns":4},{"damage":22,"enemies":"Gremlin Leader","floor":30,"turns":4},{"damage":0,"enemies":"Snake Plant","floor":31,"turns":3},{"damage":0,"enemies":"Collector","floor":33,"turns":7},{"damage":5,"enemies":"3 Darklings","floor":35,"turns":7},{"damage":29,"enemies":"Orb Walker","floor":38,"turns":5},{"damage":14,"enemies":"4 Shapes","floor":39,"turns":6},{"damage":12,"enemies":"Maw","floor":42,"turns":6},{"damage":0,"enemies":"Nemesis","floor":44,"turns":3},{"damage":10,"enemies":"Giant Head","floor":47,"turns":6},{"damage":3,"enemies":"Sphere and 2 Shapes","floor":48,"turns":3},{"damage":62,"enemies":"Donu and Deca","floor":50,"turns":7}],"seed_played":"-5781887262407567290","potions_obtained":[{"floor":1,"key":"Strength Potion"},{"floor":7,"key":"AttackPotion"},{"floor":10,"key":"LiquidBronze"},{"floor":11,"key":"DistilledChaos"},{"floor":14,"key":"Energy Potion"},{"floor":16,"key":"SkillPotion"},{"floor":18,"key":"Explosive Potion"},{"floor":20,"key":"GhostInAJar"},{"floor":21,"key":"EssenceOfSteel"},{"floor":24,"key":"ColorlessPotion"},{"floor":28,"key":"GamblersBrew"},{"floor":29,"key":"SkillPotion"},{"floor":30,"key":"Regen Potion"},{"floor":31,"key":"Poison Potion"},{"floor":33,"key":"LiquidBronze"},{"floor":35,"key":"SteroidPotion"},{"floor":38,"key":"EssenceOfSteel"},{"floor":39,"key":"CunningPotion"},{"floor":42,"key":"Strength Potion"},{"floor":44,"key":"BlessingOfTheForge"},{"floor":47,"key":"Poison Potion"},{"floor":48,"key":"Fruit Juice"}],"is_trial":false,"path_per_floor":["M","M","M","T","M","E","M","E","T","M","E","R","$","M","R","B",null,"M","$","M","M","?","R","E","$","T","R","M","M","E","M","R","B",null,"M","?","?","M","M","R","$","M","T","E","?","?","E","M","R","B",null],"character_chosen":"THE_SILENT","items_purchased":["Riddle With Holes+1","Noxious Fumes","Reflex","Poisoned Stab+1","Toy Ornithopter","Chrysalis","EntropicBrew","Potion Belt","HandDrill","CultistPotion","GamblersBrew","Acrobatics"],"campfire_rested":1,"item_purchase_floors":[13,19,19,25,41,41,41,41,41,41,41,41],"current_hp_per_floor":[68,68,66,66,65,36,22,14,14,14,5,26,26,26,26,8,84,84,84,84,63,63,63,38,38,38,38,38,38,16,16,34,49,84,79,79,79,50,36,57,57,70,70,85,85,85,84,94,94,42],"gold":303,"neow_bonus":"BOSS_RELIC","is_daily":false,"chose_seed":false,"campfire_upgraded":6,"win_rate":0.0,"timestamp":1609281499,"path_taken":["M","?","M","?","M","E","M","E","T","M","E","R","$","M","R","BOSS","M","$","M","M","?","R","E","?","T","R","M","M","E","M","R","BOSS","M","?","?","M","M","R","$","?","T","E","?","?","E","M","R","BOSS"],"items_purchased_type":["Card","Card","Card","Card","Relic","Card","Potion","Relic","Relic","Potion","Potion","Card"],"build_version":"2020-12-22","purchased_purges":3,"victory":true,"max_hp_per_floor":[70,70,70,70,70,70,70,70,70,70,70,70,70,70,70,70,84,84,84,84,84,84,84,84,84,84,84,84,84,84,84,84,84,84,84,84,84,84,84,84,84,84,84,94,89,89,89,94,94,94],"relic_stats":{"counters":[28,132],"HoveringKite":[69],"Snecko Eye":[94,82,90,99],"Eternal Feather":39,"Snake Skull":[121],"Bag of Preparation":[38],"HandDrill":[2],"War Paint":["Survivor","Phantasmal Killer"],"Boot":[62],"obtain_stats":[{"Potion Belt":41,"Pear":44,"HoveringKite":0,"Mango":17,"Eternal Feather":30,"Snake Skull":26,"The Courier":43,"Bag of Preparation":11,"War Paint":17,"Boot":43,"Ancient Tea Set":47,"White Beast Statue":8,"Calling Bell":17,"HornCleat":9,"Matryoshka":17,"Snecko Eye":34,"Molten Egg 2":4,"Bag of Marbles":24,"HandDrill":41,"Bottled Lightning":26,"InkBottle":6,"Toy Ornithopter":41,"Ring of the Snake":0},{"Potion Belt":23,"Pear":25,"HoveringKite":0,"Mango":11,"Eternal Feather":18,"Snake Skull":15,"The Courier":24,"Bag of Preparation":9,"War Paint":11,"Boot":24,"Ancient Tea Set":26,"White Beast Statue":7,"Calling Bell":11,"HornCleat":7,"Matryoshka":11,"Snecko Eye":20,"Molten Egg 2":3,"Bag of Marbles":15,"HandDrill":23,"Bottled Lightning":15,"InkBottle":5,"Toy Ornithopter":23,"Ring of the Snake":0},{"Potion Belt":107,"Pear":116,"HoveringKite":0,"Mango":52,"Eternal Feather":79,"Snake Skull":67,"The Courier":113,"Bag of Preparation":39,"War Paint":52,"Boot":113,"Ancient Tea Set":122,"White Beast Statue":32,"Calling Bell":52,"HornCleat":32,"Matryoshka":52,"Snecko Eye":89,"Molten Egg 2":15,"Bag of Marbles":67,"HandDrill":107,"Bottled Lightning":67,"InkBottle":24,"Toy Ornithopter":107,"Ring of the Snake":0}],"InkBottle":[46],"Toy Ornithopter":57},"card_choices":[{"not_picked":["Endless Agony","Deadly Poison"],"picked":"Backflip","floor":1},{"not_picked":["Distraction","Calculated Gamble"],"picked":"Prepared","floor":2},{"not_picked":["Quick Slash","Blade Dance"],"picked":"Predator","floor":3},{"not_picked":["Quick Slash+1","Expertise"],"picked":"Poisoned Stab+1","floor":5},{"not_picked":["Escape Plan","Poisoned Stab+1"],"picked":"Sucker Punch+1","floor":6},{"not_picked":["Crippling Poison","Endless Agony+1"],"picked":"Calculated Gamble","floor":7},{"not_picked":["Storm of Steel","Backstab+1"],"picked":"Underhanded Strike+1","floor":8},{"not_picked":["Dodge and Roll","Slice+1"],"picked":"Flying Knee+1","floor":10},{"not_picked":["Poisoned Stab+1","Dash+1"],"picked":"Deflect","floor":11},{"not_picked":["Flying Knee+1","Crippling Poison"],"picked":"Catalyst","floor":14},{"not_picked":["Doppelganger","Venomology"],"picked":"Phantasmal Killer","floor":16},{"not_picked":["Skewer+1","Calculated Gamble"],"picked":"Bane+1","floor":18},{"not_picked":["Slice+1","All Out Attack+1"],"picked":"Footwork","floor":20},{"not_picked":["Masterful Stab+1","Dagger Throw+1"],"picked":"Dagger Spray+1","floor":21},{"not_picked":["Underhanded Strike+1","Catalyst","Accuracy"],"picked":"SKIP","floor":24},{"not_picked":["Prepared","Setup"],"picked":"Blur+1","floor":28},{"not_picked":["Expertise","Finisher+1","Prepared"],"picked":"SKIP","floor":29},{"not_picked":["Outmaneuver+1","Catalyst"],"picked":"Wraith Form v2","floor":30},{"not_picked":["Acrobatics","Noxious Fumes"],"picked":"Bouncing Flask+1","floor":31},{"not_picked":["Corpse Explosion","Glass Knife+1"],"picked":"Night Terror","floor":33},{"not_picked":["Acrobatics","Reflex+1"],"picked":"PiercingWail+1","floor":35},{"not_picked":["Escape Plan+1","Backstab+1"],"picked":"Terror+1","floor":38},{"not_picked":["Noxious Fumes+1","Dagger Throw+1","Backflip+1"],"picked":"SKIP","floor":39},{"not_picked":["Sucker Punch+1","Poisoned Stab+1"],"picked":"Concentrate+1","floor":42},{"not_picked":["Quick Slash+1","Night Terror","Backflip"],"picked":"SKIP","floor":44},{"not_picked":["Dodge and Roll+1","Caltrops","Bane+1"],"picked":"SKIP","floor":47},{"not_picked":["Poisoned Stab+1","Cloak And Dagger"],"picked":"Bane+1","floor":48}],"player_experience":278862,"relics_obtained":[{"floor":4,"key":"Molten Egg 2"},{"floor":6,"key":"InkBottle"},{"floor":8,"key":"White Beast Statue"},{"floor":9,"key":"HornCleat"},{"floor":11,"key":"Bag of Preparation"},{"floor":17,"key":"Mango"},{"floor":17,"key":"Matryoshka"},{"floor":17,"key":"War Paint"},{"floor":24,"key":"Bag of Marbles"},{"floor":26,"key":"Snake Skull"},{"floor":26,"key":"Bottled Lightning"},{"floor":30,"key":"Eternal Feather"},{"floor":43,"key":"The Courier"},{"floor":43,"key":"Boot"},{"floor":44,"key":"Pear"},{"floor":47,"key":"Ancient Tea Set"}],"event_choices":[{"damage_healed":0,"gold_gain":0,"player_choice":"Ignored","damage_taken":0,"max_hp_gain":0,"max_hp_loss":0,"event_name":"N\u0027loth","floor":22,"gold_loss":0},{"damage_healed":0,"gold_gain":999,"player_choice":"Gold","damage_taken":0,"max_hp_gain":0,"max_hp_loss":0,"event_name":"MindBloom","floor":36,"gold_loss":0,"cards_obtained":["Normality","Normality"]},{"damage_healed":0,"gold_gain":0,"player_choice":"Copied","damage_taken":0,"max_hp_gain":0,"max_hp_loss":0,"event_name":"Duplicator","floor":37,"gold_loss":0,"cards_obtained":["Night Terror"]},{"damage_healed":0,"gold_gain":0,"player_choice":"Max HP","damage_taken":0,"max_hp_gain":0,"max_hp_loss":5,"event_name":"Winding Halls","floor":45,"gold_loss":0},{"cards_removed":["Defend_G"],"damage_healed":0,"gold_gain":0,"player_choice":"Removed Skill","damage_taken":0,"max_hp_gain":0,"max_hp_loss":0,"event_name":"Falling","floor":46,"gold_loss":0}],"is_beta":false,"boss_relics":[{"not_picked":["Tiny House","WristBlade"],"picked":"Calling Bell"},{"not_picked":["Fusion Hammer","Velvet Choker"],"picked":"Snecko Eye"}],"items_purged_floors":[13,19,41],"is_endless":false,"potions_floor_spawned":[1,7,10,11,14,16,18,20,21,24,28,29,30,31,33,35,38,39,42,44,47,48],"ascension_level":0}}