{"host":"s9oaroyyjdd3e4af","time":1609217060,"event":{"mods":["BaseMod","Colored Powertips","Minty Spire (QoL Compilation)"],"gold_per_floor":[115,130,105,124,142,142,164,164,164,164,184,211,131,146,146,146,146],"floor_reached":16,"playtime":1135,"items_purged":[],"score":102,"play_id":"84a98f7e-c812-4a6d-8a4d-a492aa2f10c3","local_time":"20201228234420","is_ascension_mode":false,"campfire_choices":[{"floor":6,"key":"REST"},{"data":"Biased Cognition","floor":8,"key":"SMITH"},{"floor":15,"key":"REST"}],"circlet_count":0,"master_deck":["Strike_B","Strike_B","Strike_B","Strike_B","Defend_B","Defend_B","Defend_B","Defend_B","Zap+1","Dualcast+1","Capacitor","Streamline","Skim","Cold Snap","Conserve Battery","Lockon","Biased Cognition+1","Rebound","Thunder Strike","Defragment","Coolheaded"],"relics":["Cracked Core","Odd Mushroom","InkBottle","War Paint"],"acts_visited":["Exordium"],"potions_floor_usage":[],"damage_taken":[{"damage":1,"enemies":"Cultist","floor":1,"turns":4},{"damage":2,"enemies":"2 Louse","floor":2,"turns":2},{"damage":9,"enemies":"Jaw Worm","floor":4,"turns":4},{"damage":14,"enemies":"2 Fungi Beasts","floor":5,"turns":3},{"damage":15,"enemies":"The Mushroom Lair","floor":7,"turns":4},{"damage":19,"enemies":"Blue Slaver","floor":11,"turns":3},{"damage":19,"enemies":"Gremlin Nob","floor":12,"turns":4},{"damage":3,"enemies":"Red Slaver","floor":14,"turns":4},{"damage":54,"enemies":"The Guardian","floor":16,"turns":12}],"seed_played":"-3594871361385821932","potions_obtained":[{"floor":2,"key":"Strength Potion"},{"floor":7,"key":"SpeedPotion"},{"floor":11,"key":"Fire Potion"}],"is_trial":false,"path_per_floor":["M","M","$","M","M","R","?","R","T","?","M","E","$","M","R","B"],"character_chosen":"DEFECT","items_purchased":["Cold Snap","Defragment"],"campfire_rested":2,"item_purchase_floors":[3,13],"current_hp_per_floor":[74,72,72,63,49,71,56,56,56,56,37,18,18,15,37,0,0],"gold":146,"neow_bonus":"THREE_CARDS","is_daily":false,"chose_seed":false,"campfire_upgraded":1,"win_rate":0.0,"timestamp":1609217060,"path_taken":["M","M","$","?","M","R","?","R","T","?","M","E","$","M","R","BOSS"],"items_purchased_type":["Card","Card"],"build_version":"2020-12-22","purchased_purges":0,"victory":false,"max_hp_per_floor":[75,75,75,75,75,75,75,75,75,75,75,75,75,75,75,75,75],"card_choices":[{"not_picked":["Coolheaded","Leap"],"picked":"Capacitor","floor":0},{"not_picked":["Stack","Undo"],"picked":"Streamline","floor":1},{"not_picked":["Sweeping Beam","Redo"],"picked":"Skim","floor":2},{"not_picked":["Self Repair","Reinforced Body"],"picked":"Conserve Battery","floor":4},{"not_picked":["Leap","Steam"],"picked":"Lockon","floor":5},{"not_picked":["Loop","Gash"],"picked":"Biased Cognition","floor":7},{"not_picked":["Stack","Compile Driver"],"picked":"Rebound","floor":11},{"not_picked":["Gash","Rebound"],"picked":"Thunder Strike","floor":12},{"not_picked":["Rebound","Leap"],"picked":"Coolheaded","floor":14}],"player_experience":704181,"relics_obtained":[{"floor":7,"key":"Odd Mushroom"},{"floor":9,"key":"InkBottle"},{"floor":12,"key":"War Paint"}],"event_choices":[{"damage_healed":0,"gold_gain":0,"player_choice":"Fought Mushrooms","damage_taken":0,"max_hp_gain":0,"max_hp_loss":0,"event_name":"Mushrooms","floor":7,"gold_loss":0},{"damage_healed":0,"gold_gain":0,"player_choice":"Ignored","damage_taken":0,"max_hp_gain":0,"max_hp_loss":0,"event_name":"Liars Game","floor":10,"gold_loss":0}],"is_beta":false,"boss_relics":[],"items_purged_floors":[],"is_endless":false,"potions_floor_spawned":[2,7,11],"killed_by":"The Guardian","ascension_level":0}}