{"host":"ql9d3hodw6ja2r3y","time":1609285365,"event":{"mods":["2.2 Compatiblity","A Magickal Journey","AchievementEnabler","Act Like it!","BaseMod","Beaked The Cultist","Better Altar","Better Match","Better Note","Better Sensory Stone","Better Skull","Better Third Choice","Better Vampires","BetterRewards","CCEM","Challenge The Spire","Colored Powertips","Curses Come First","Displayed Cursed Tome","Downfall","Friendly Minions","GifTheSpireLib","Infinite Spire","Marked Mod","Mimic Mod","Minty Spire (QoL Compilation)","Permanent Neow","Quick Restart","Random Character Button","Rare Cards Sparkle","Relic Sorter","Shade Mod","Somnambulant","Spicy Shops","StSLib","Synergy Search","The Blue Laboratory","The Bug Knight","The Construct","The Cursed","The Disciple","The Forsaken","The Hierophant","The Marked","The Runesmith","The Showman","The Spell Scribe"],"gold_per_floor":[109,129,139,139,150,175,186,186,235,235,112,125,140,169,169,264,264,282,282,299,318,318,318],"floor_reached":22,"playtime":1527,"items_purged":[],"score":200,"play_id":"8f2ed5d4-5b2e-4b2f-b303-8e52d6fe3ddd","local_time":"20201230004245","is_ascension_mode":false,"campfire_choices":[{"floor":8,"key":"REST"},{"data":"Runesmith:BackupBattery","floor":10,"key":"SMITH"},{"floor":15,"key":"REST"}],"circlet_count":0,"master_deck":["Runesmith:Strike_RS","Runesmith:Strike_RS","Runesmith:Strike_RS","Runesmith:Strike_RS","Runesmith:Defend_RS","Runesmith:Defend_RS","Runesmith:Defend_RS","Runesmith:Defend_RS","Runesmith:CraftFirestone","Runesmith:Fortify","Runesmith:ShiftingStrike","Runesmith:HeatExchange","Runesmith:UnstableHammer","Runesmith:CraftVitae","Runesmith:BackupBattery+1","Runesmith:Grindstone","Runesmith:CraftProtectio+1","Runesmith:CraftMagma+1","Runesmith:BackupBattery+1","Runesmith:CraftIndustria+1","Runesmith:Firewall+1","Runesmith:ChaoticBlast","Runesmith:HammerThrow"],"relics":["Runesmith:BrokenRuby","NeowsBlessing","Bottled Flame","Nunchaku","Toxic Egg 2","MealTicket","Runesmith:UraniumAnvil"],"acts_visited":["Exordium","TheCity"],"potions_floor_usage":[5,5,14,20,22],"damage_taken":[{"damage":0,"enemies":"Jaw Worm","floor":1,"turns":1},{"damage":0,"enemies":"Cultist","floor":2,"turns":1},{"damage":0,"enemies":"2 Louse","floor":3,"turns":1},{"damage":15,"enemies":"Exordium Thugs","floor":5,"turns":4},{"damage":16,"enemies":"Gremlin Nob","floor":6,"turns":4},{"damage":0,"enemies":"Large Slime","floor":7,"turns":5},{"damage":20,"enemies":"Exordium Wildlife","floor":12,"turns":4},{"damage":10,"enemies":"Looter","floor":13,"turns":4},{"damage":13,"enemies":"3 Sentries","floor":14,"turns":6},{"damage":27,"enemies":"The Guardian","floor":16,"turns":13},{"damage":25,"enemies":"3 Byrds","floor":18,"turns":6},{"damage":12,"enemies":"Shell Parasite","floor":20,"turns":6},{"damage":16,"enemies":"Snecko","floor":21,"turns":6},{"damage":23,"enemies":"3 Cultists","floor":22,"turns":4}],"seed_played":"1981571985861212130","potions_obtained":[{"floor":1,"key":"blueLaboratory:PyrophylliteBrew"},{"floor":3,"key":"blueLaboratory:FruitPunch"},{"floor":12,"key":"Fire Potion"},{"floor":16,"key":"hexamod:EctoCoolerPotion"},{"floor":20,"key":"blueLaboratory:BottleOfVodka"}],"is_trial":false,"path_per_floor":["M","M","M","?","M","E","M","R","T","R","?","M","M","E","R","B",null,"M","?","M","M","M"],"character_chosen":"RUNESMITH_CLASS","items_purchased":[],"campfire_rested":2,"item_purchase_floors":[],"current_hp_per_floor":[70,70,70,70,57,41,41,62,62,62,62,42,32,19,40,13,72,47,47,35,19,0,0],"gold":318,"neow_bonus":"THREE_ENEMY_KILL","is_daily":false,"chose_seed":false,"campfire_upgraded":1,"win_rate":0.0,"timestamp":1609285365,"path_taken":["M","M","M","?","?","E","M","R","T","R","?","M","M","E","R","BOSS","M","?","M","M","M"],"items_purchased_type":[],"build_version":"2020-12-22","purchased_purges":0,"victory":false,"max_hp_per_floor":[70,70,70,70,72,72,72,72,72,72,72,72,72,72,72,72,72,72,72,72,72,72,72],"card_choices":[{"not_picked":["Runesmith:CraftProtectio","Runesmith:RuneHurl"],"picked":"Runesmith:ShiftingStrike","floor":1},{"not_picked":["Runesmith:PoweredAnvil","Runesmith:BackupBattery"],"picked":"Runesmith:HeatExchange","floor":2},{"not_picked":["Runesmith:StaticCage","Runesmith:CraftVitae"],"picked":"Runesmith:UnstableHammer","floor":3},{"not_picked":["Runesmith:PerfectChisel","Runesmith:Grindstone"],"picked":"Runesmith:CraftVitae","floor":5},{"not_picked":["Runesmith:EarthShield","Runesmith:MakeshiftArmor"],"picked":"Runesmith:BackupBattery","floor":6},{"not_picked":["Runesmith:Reinforce","Runesmith:CreatorForm"],"picked":"Runesmith:Grindstone","floor":7},{"not_picked":["Runesmith:RuneHurl","Runesmith:Repurpose+1"],"picked":"Runesmith:CraftProtectio+1","floor":12},{"not_picked":["Runesmith:HammerTime","Runesmith:Overpower"],"picked":"Runesmith:CraftMagma+1","floor":13},{"not_picked":["Runesmith:Repurpose+1","Runesmith:Overpower"],"picked":"Runesmith:BackupBattery+1","floor":14},{"not_picked":["Runesmith:GenerateForcefield+1","Runesmith:Duplicate+1"],"picked":"Runesmith:CraftIndustria+1","floor":16},{"not_picked":["Runesmith:StaticCage+1","Runesmith:Grindstone+1"],"picked":"Runesmith:Firewall+1","floor":18},{"not_picked":["Runesmith:HammerAndChisel+1","Runesmith:HeatExchange"],"picked":"Runesmith:ChaoticBlast","floor":20},{"not_picked":["Runesmith:ShiftingStrike+1","Runesmith:MakeshiftArmor+1"],"picked":"Runesmith:HammerThrow","floor":21}],"player_experience":13126,"relics_obtained":[{"floor":6,"key":"Bottled Flame"},{"floor":9,"key":"Nunchaku"},{"floor":14,"key":"MealTicket"}],"event_choices":[{"damage_healed":0,"gold_gain":0,"player_choice":"Ignored","damage_taken":0,"max_hp_gain":0,"max_hp_loss":0,"event_name":"Purifier","floor":4,"gold_loss":0},{"damage_healed":0,"gold_gain":0,"player_choice":"Paid Gold","damage_taken":0,"relics_obtained":["Toxic Egg 2"],"max_hp_gain":0,"max_hp_loss":0,"event_name":"WeMeetAgain","floor":11,"gold_loss":123},{"damage_healed":0,"gold_gain":0,"player_choice":"Leave","damage_taken":0,"max_hp_gain":0,"max_hp_loss":0,"event_name":"FaceTrader","floor":19,"gold_loss":0}],"is_beta":false,"boss_relics":[{"not_picked":["SacredBark","Snecko Eye"],"picked":"Runesmith:UraniumAnvil"}],"items_purged_floors":[],"is_endless":false,"potions_floor_spawned":[1,3,12,16,20],"killed_by":"3 Cultists","ascension_level":0}}