{"host":"ds1yr10zonoc6w4a","time":1609276890,"event":{"mods":["2.2 Compatiblity","AchievementEnabler","Act Like it!","BaseMod","Downfall","Elementarium","Evolution","Gensokyo","Infinite Spire","Jorbs\u0027s Wanderer Trilogy","Koishi","Menagerie","Minty Spire (QoL Compilation)","Pale of the Ancients","StSLib","The Animator","Wandering Minibosses","vexMod","??????REMEMod"],"gold_per_floor":[115,57,57,8,24,39,39,52,52,66,66,81,81,89,89,139,472,477,483,483,483,489,514,526,535,547,73,85,0,10,35,47,47,47],"floor_reached":33,"playtime":12128,"items_purged":[],"score":508,"play_id":"0f583071-a99e-4ea4-9c85-2b65b3733401","local_time":"20201229142130","is_ascension_mode":true,"campfire_choices":[{"floor":7,"key":"RECALL"},{"floor":13,"key":"DIG"},{"floor":15,"key":"DIG"},{"floor":24,"key":"DIG"},{"floor":28,"key":"DIG"},{"floor":32,"key":"DIG"}],"circlet_count":0,"master_deck":["AscendersBane","animator:Strike_GoblinSlayer","animator:Defend_GoblinSlayer","animator:Strike","animator:Strike","animator:Strike","animator:Defend+1","animator:Defend","animator:Defend","animator:LizardPriest","animator:DwarfShaman","After Image","animator:MamizouFutatsuiwa","animator:Togame","Menagerie:SagesJudgement","animator:Mitsurugi","animator:Spearman","animator:Mitsuba","animator:EmiyaShirou","animator:DwarfShaman","animator:Guy+1","animator:Rimuru","animator:HighElfArcher","animator:MaesHughes","Gensokyo:MissMary","animator:Gilgamesh+8","animator:Shalltear","animator:Eve","animator:Spearman","Gensokyo:TarnishedGold","Gensokyo:ScrapIron","Gensokyo:Shovel","Gensokyo:BlemishedSteel","Gensokyo:RustyChest","animator:Spearman"],"relics":["animator:LivingPicture","animator:TheMissingPiece","EVO:Axolotl","REME_ComplimentaryCards","animator:PurgingStone","Menagerie:Aurumvore","Shovel","REME_PuzzleBoxRelic","StoneCalendar","Anchor","animator:BattleDrones","REME_HourglassOfDeath","vexMod:RockOfEvil","Nunchaku","Tiny Chest","DataDisk","Runic Capacitor","Calipers","The Courier","Potion Belt"],"acts_visited":["Menagerie:Menagerie","Gensokyo:Gensokyoer"],"potions_floor_usage":[6,8,22,30,33],"damage_taken":[{"damage":0.0,"enemies":"Menagerie:StygianBoar","floor":1.0,"turns":4.0},{"damage":2,"enemies":"Menagerie:2_RABBITS","floor":5,"turns":5},{"damage":19,"enemies":"Menagerie:VoidReaper","floor":6,"turns":8},{"damage":6,"enemies":"Menagerie:Hydra","floor":8,"turns":5},{"damage":5,"enemies":"Menagerie:VoidReaper","floor":10,"turns":7},{"damage":6,"enemies":"Menagerie:MonstrousExperiment","floor":12,"turns":6},{"damage":2,"enemies":"Menagerie:KEEPER_AND_YOUNG_SUNEATER","floor":14,"turns":4},{"damage":5,"enemies":"Menagerie:Suneater","floor":16,"turns":5},{"damage":0,"enemies":"Gensokyo:2_Gloops","floor":18,"turns":4},{"damage":6,"enemies":"Gensokyo:CosmicMonolith","floor":19,"turns":4},{"damage":23,"enemies":"Gensokyo:Slime_Group","floor":22,"turns":5},{"damage":11,"enemies":"Gensokyo:Reisen","floor":23,"turns":5},{"damage":9,"enemies":"Gensokyo:Mirror_and_Dog","floor":25,"turns":3},{"damage":5,"enemies":"Gensokyo:Wraith","floor":30,"turns":4},{"damage":6,"enemies":"Gensokyo:Tenshi","floor":31,"turns":2},{"damage":8,"enemies":"Gensokyo:Eiki","floor":33,"turns":2}],"seed_played":"169160304166709824","potions_obtained":[{"floor":5,"key":"Regen Potion"},{"floor":6,"key":"Guardian:BlockOnCardUsePotion"},{"floor":14,"key":"champ:CounterPotion"},{"floor":19,"key":"PowerPotion"},{"floor":23,"key":"Block Potion"}],"is_trial":false,"path_per_floor":["M","?","?","$","M","E","R","E","T","E","?","M","R","M","R","B",null,"M","M","?","?","M","E","R","M","T","COS","R","?","M","E","R","B"],"character_chosen":"THE_ANIMATOR","items_purchased":["animator:Mitsurugi"],"campfire_rested":0,"item_purchase_floors":[4],"current_hp_per_floor":[59,59,54,54,52,48,48,42,42,37,42,41,41,39,39,38,63,64,58,58,58,35,24,24,15,15,15,15,15,10,4,4,0,0],"gold":47,"neow_bonus":"RANDOM_COLORLESS","is_daily":false,"chose_seed":false,"campfire_upgraded":0,"win_rate":0.0,"timestamp":1609276890,"path_taken":["M","?","?","$","M","E","R","E","T","E","?","M","R","M","R","BOSS","M","M","?","?","?","E","R","M","T","COS","R","?","M","E","R","BOSS"],"items_purchased_type":["Card"],"build_version":"2020-12-22","purchased_purges":0,"victory":false,"max_hp_per_floor":[66,66,66,66,66,66,66,66,66,66,71,71,71,71,71,71,71,72,72,65,65,65,65,65,65,65,65,65,65,65,65,65,65,65],"card_choices":[{"not_picked":["animator:Kuroyukihime","animator:Zero"],"picked":"animator:MamizouFutatsuiwa","floor":0.0},{"not_picked":["animator:Shichika","animator:SuzuneAmano"],"picked":"animator:Togame","floor":1.0},{"not_picked":["animator:Arpeggio","animator:UneriGinkaku"],"picked":"animator:Spearman","floor":5},{"not_picked":["animator:Entoma","animator:MaesHughes"],"picked":"animator:Mitsuba","floor":6},{"not_picked":["animator:Caster","animator:Lancer"],"picked":"animator:EmiyaShirou","floor":8},{"not_picked":["animator:Togame","animator:LizardPriest"],"picked":"animator:DwarfShaman","floor":10},{"not_picked":["animator:Bozes","animator:Sloth"],"picked":"animator:Guy","floor":12},{"not_picked":["animator:Gillette","animator:Nanami"],"picked":"animator:ElricAlphonse","floor":14},{"not_picked":["animator:Sora","animator:Ainz"],"picked":"animator:Rimuru","floor":16},{"not_picked":["animator:CowGirl","animator:Spearman"],"picked":"animator:HighElfArcher","floor":18},{"not_picked":["animator:Shichika","animator:ZankiKiguchi"],"picked":"animator:MaesHughes","floor":19},{"not_picked":["Gensokyo:Kunekune","Gensokyo:SpontaneousHumanCombustion"],"picked":"Gensokyo:MissMary","floor":20},{"not_picked":["animator:Vesta","animator:OrikoMikuni+1"],"picked":"animator:Shalltear","floor":22},{"not_picked":["animator:Guy","animator:UneriGinkaku"],"picked":"animator:Eve","floor":23},{"not_picked":["animator:CowGirl","animator:Priestess"],"picked":"animator:Spearman","floor":25},{"not_picked":["animator:HomuraAkemi","animator:Chris"],"picked":"animator:Spearman","floor":30},{"not_picked":["animator:DwarfShaman","animator:MumenRider"],"picked":"animator:Gilgamesh","floor":31}],"player_experience":605806,"relics_obtained":[{"floor":6,"key":"Shovel"},{"floor":8,"key":"REME_PuzzleBoxRelic"},{"floor":9,"key":"StoneCalendar"},{"floor":10,"key":"Anchor"},{"floor":13,"key":"animator:BattleDrones"},{"floor":15,"key":"REME_HourglassOfDeath"},{"floor":23,"key":"Nunchaku"},{"floor":24,"key":"Tiny Chest"},{"floor":28,"key":"Calipers"},{"floor":31,"key":"The Courier"},{"floor":32,"key":"Potion Belt"}],"event_choices":[{"damage_healed":0.0,"max_hp_gain":0.0,"max_hp_loss":0.0,"gold_gain":0.0,"event_name":"Menagerie:ScentOfGold","player_choice":"Pacify","floor":2.0,"gold_loss":0.0,"damage_taken":0.0,"relics_obtained":["Menagerie:Aurumvore"]},{"damage_healed":0,"gold_gain":0,"player_choice":"Help the mage","damage_taken":5,"max_hp_gain":0,"max_hp_loss":0,"event_name":"Menagerie:MageAndMonster","floor":3,"gold_loss":0,"cards_obtained":["Menagerie:SagesJudgement"]},{"damage_healed":0,"gold_gain":0,"player_choice":"Shield","damage_taken":0,"max_hp_gain":5,"max_hp_loss":0,"event_name":"Menagerie:HarrowingRitual","floor":11,"gold_loss":0}],"is_beta":false,"boss_relics":[{"not_picked":["vexMod:MegatonBomb","Mark of Pain"],"picked":"vexMod:RockOfEvil"}],"items_purged_floors":[],"is_endless":false,"potions_floor_spawned":[5,6,14,19,23],"killed_by":"Gensokyo:Eiki","ascension_level":12}}