{"host":"ql9d3hodw6ja2r3y","time":1609283640,"event":{"mods":["2.2 Compatiblity","A Magickal Journey","AchievementEnabler","Act Like it!","BaseMod","Beaked The Cultist","Better Altar","Better Match","Better Note","Better Sensory Stone","Better Skull","Better Third Choice","Better Vampires","BetterRewards","CCEM","Challenge The Spire","Colored Powertips","Curses Come First","Displayed Cursed Tome","Downfall","Friendly Minions","GifTheSpireLib","Infinite Spire","Marked Mod","Mimic Mod","Minty Spire (QoL Compilation)","Permanent Neow","Quick Restart","Random Character Button","Rare Cards Sparkle","Relic Sorter","Shade Mod","Somnambulant","Spicy Shops","StSLib","Synergy Search","The Blue Laboratory","The Bug Knight","The Construct","The Cursed","The Disciple","The Forsaken","The Hierophant","The Marked","The Runesmith","The Showman","The Spell Scribe"],"gold_per_floor":[209,209,209,309,327,367,386,386,465,483,483,508,521,521,521,521,521],"floor_reached":16,"playtime":897,"items_purged":[],"score":102,"play_id":"48733565-377b-4399-9d97-18297937faa1","local_time":"20201230001400","is_ascension_mode":false,"campfire_choices":[{"floor":8,"key":"REST"},{"data":"theForsaken:Smite","floor":11,"key":"SMITH"},{"data":"theForsaken:HymnOfPatience","floor":15,"key":"SMITH"}],"circlet_count":0,"master_deck":["theForsaken:TheForsaken_Strike","theForsaken:TheForsaken_Strike","theForsaken:TheForsaken_Strike","theForsaken:TheForsaken_Strike","theForsaken:TheForsaken_Defend","theForsaken:TheForsaken_Defend","theForsaken:TheForsaken_Defend","theForsaken:TheForsaken_Defend","theForsaken:Smite+1","theForsaken:Penitence","theForsaken:ScorchingSunlight","Injury","theForsaken:InspiringBlow","theForsaken:AncientWords","theForsaken:LightRoll","theForsaken:RainingSunlight","theForsaken:HymnOfPatience+1","theForsaken:MagicWeapon"],"relics":["Runesmith:BrokenRuby","infinitespire:Cubic Diamond","Golden Idol","Happy Flower","Bottled Flame"],"acts_visited":["Exordium"],"potions_floor_usage":[6,12,13],"damage_taken":[{"damage":0,"enemies":"Small Slimes","floor":1,"turns":4},{"damage":0,"enemies":"2 Louse","floor":5,"turns":2},{"damage":14,"enemies":"Gremlin Nob","floor":6,"turns":3},{"damage":6,"enemies":"Cultist","floor":7,"turns":3},{"damage":6,"enemies":"Exordium Wildlife","floor":10,"turns":4},{"damage":4,"enemies":"Gremlin Gang","floor":12,"turns":5},{"damage":1,"enemies":"3 Louse","floor":13,"turns":2},{"damage":96,"enemies":"Hexaghost","floor":16,"turns":14}],"seed_played":"8860305880156439985","potions_obtained":[{"floor":5,"key":"blueLaboratory:BottleOfRum"},{"floor":7,"key":"Fire Potion"},{"floor":12,"key":"AttackPotion"}],"is_trial":false,"path_per_floor":["M","?","?","?","M","E","M","R","T","M","R","M","M","?","R","B"],"character_chosen":"THE_FORSAKEN","items_purchased":[],"campfire_rested":1,"item_purchase_floors":[],"current_hp_per_floor":[65,65,65,65,65,51,47,65,65,59,59,61,60,60,60,0,0],"gold":521,"neow_bonus":"HUNDRED_GOLD","is_daily":false,"chose_seed":false,"campfire_upgraded":2,"win_rate":0.0,"timestamp":1609283640,"path_taken":["M","?","?","?","M","E","M","R","T","?","R","M","M","?","R","BOSS"],"items_purchased_type":[],"build_version":"2020-12-22","purchased_purges":0,"victory":false,"max_hp_per_floor":[65,65,65,65,65,65,65,65,65,65,65,65,65,65,65,65,65],"card_choices":[{"not_picked":["theForsaken:Thunderbolt","theForsaken:Bolster"],"picked":"theForsaken:ScorchingSunlight","floor":1},{"not_picked":["theForsaken:FatRoll","theForsaken:ShieldBash"],"picked":"theForsaken:InspiringBlow","floor":5},{"not_picked":["theForsaken:BottledPlague","theForsaken:PanicDive"],"picked":"theForsaken:AncientWords","floor":6},{"not_picked":["theForsaken:FatRoll","theForsaken:InspiringBlow"],"picked":"theForsaken:LightRoll","floor":7},{"not_picked":["theForsaken:HealingLight","theForsaken:ScorchingSunlight"],"picked":"theForsaken:RainingSunlight","floor":10},{"not_picked":["theForsaken:DefensiveStance","theForsaken:FatRoll"],"picked":"theForsaken:HymnOfPatience","floor":12},{"not_picked":["theForsaken:QuickAttack","theForsaken:ChargeAttack"],"picked":"theForsaken:MagicWeapon","floor":13}],"player_experience":12229,"relics_obtained":[{"floor":6,"key":"Happy Flower"},{"floor":9,"key":"Bottled Flame"}],"event_choices":[{"damage_healed":0,"gold_gain":0,"player_choice":"Take Wound","damage_taken":0,"relics_obtained":["Golden Idol"],"max_hp_gain":0,"max_hp_loss":0,"event_name":"Golden Idol","floor":3,"gold_loss":0,"cards_obtained":["Injury"]},{"damage_healed":0,"gold_gain":100,"player_choice":"Pray","damage_taken":0,"max_hp_gain":0,"max_hp_loss":0,"event_name":"Golden Shrine","floor":4,"gold_loss":0},{"damage_healed":0,"gold_gain":0,"player_choice":"Ignored","damage_taken":0,"max_hp_gain":0,"max_hp_loss":0,"event_name":"betterNote:BetterNote","floor":14,"gold_loss":0,"cards_obtained":["DaylightSavings"]}],"is_beta":false,"boss_relics":[],"items_purged_floors":[],"is_endless":false,"potions_floor_spawned":[5,7,12],"killed_by":"Hexaghost","ascension_level":0}}