{"host":"Qube","time":1609271985,"event":{"mods":["AchievementEnabler","BaseMod","Colored Powertips","Minty Spire (QoL Compilation)","Quick Restart","Random Character Button"],"gold_per_floor":[16,16,16,35,35,35,78,90,102,144,156,168,218,243,255,267,267],"floor_reached":16,"playtime":558,"items_purged":[],"score":180,"play_id":"b1df3eb1-470d-4efc-8143-428dc79821ff","local_time":"20201229115945","is_ascension_mode":true,"campfire_choices":[{"data":"Dagger Throw","floor":6.0,"key":"SMITH"},{"floor":8.0,"key":"REST"},{"floor":11.0,"key":"REST"},{"floor":15.0,"key":"REST"}],"circlet_count":0,"master_deck":["AscendersBane","Strike_G","Strike_G","Strike_G","Strike_G","Strike_G","Defend_G","Defend_G","Defend_G","Defend_G","Defend_G","Survivor","Neutralize+1","Venomology","Dagger Throw+1","Tactician","Expertise","Dagger Spray","Outmaneuver","Underhanded Strike"],"relics":["Ring of the Snake","Golden Idol","Bottled Flame","MawBank","Mercury Hourglass","Odd Mushroom","Unceasing Top"],"acts_visited":["Exordium"],"potions_floor_usage":[16,16,16],"damage_taken":[{"damage":3.0,"enemies":"Small Slimes","floor":1.0,"turns":5.0},{"damage":3.0,"enemies":"Cultist","floor":4.0,"turns":4.0},{"damage":23.0,"enemies":"3 Sentries","floor":7.0,"turns":9.0},{"damage":0.0,"enemies":"The Mushroom Lair","floor":10.0,"turns":2.0},{"damage":42.0,"enemies":"Lagavulin","floor":13.0,"turns":9.0},{"damage":1.0,"enemies":"Jaw Worm","floor":14.0,"turns":6.0},{"damage":7,"enemies":"Slime Boss","floor":16,"turns":5}],"seed_played":"-8526505240173750849","potions_obtained":[{"floor":1.0,"key":"CultistPotion"},{"floor":3.0,"key":"Block Potion"},{"floor":7.0,"key":"Fire Potion"},{"floor":14.0,"key":"Fire Potion"}],"is_trial":false,"path_per_floor":["M","?","?","M","T","R","E","R","T","?","R","?","E","M","R","B"],"character_chosen":"THE_SILENT","items_purchased":[],"campfire_rested":3,"item_purchase_floors":[],"current_hp_per_floor":[56,40,40,37,37,37,14,33,33,33,52,52,10,9,28,21,21],"gold":267,"neow_bonus":"THREE_RARE_CARDS","is_daily":false,"chose_seed":false,"campfire_upgraded":1,"win_rate":0.0,"timestamp":1609271985,"path_taken":["M","?","?","?","?","R","E","R","T","?","R","?","E","M","R","BOSS"],"items_purchased_type":[],"build_version":"2020-12-18","purchased_purges":0,"victory":false,"max_hp_per_floor":[66,66,66,66,66,66,66,66,66,66,66,66,66,66,66,66,66],"card_choices":[{"not_picked":["Night Terror","Phantasmal Killer"],"picked":"Venomology","floor":0.0},{"not_picked":["Masterful Stab","Backflip"],"picked":"Dagger Throw","floor":1.0},{"not_picked":["Quick Slash","Reflex"],"picked":"Tactician","floor":4.0},{"not_picked":["Backstab","Catalyst"],"picked":"Expertise","floor":7.0},{"not_picked":["Prepared","Infinite Blades"],"picked":"Dagger Spray","floor":10.0},{"not_picked":["Deadly Poison","Dagger Spray"],"picked":"Outmaneuver","floor":13.0},{"not_picked":["Reflex","Distraction"],"picked":"Underhanded Strike","floor":14.0}],"player_experience":728950,"relics_obtained":[{"floor":5.0,"key":"Bottled Flame"},{"floor":7.0,"key":"MawBank"},{"floor":9.0,"key":"Mercury Hourglass"},{"floor":10.0,"key":"Odd Mushroom"},{"floor":13.0,"key":"Unceasing Top"}],"event_choices":[{"damage_healed":0.0,"max_hp_gain":0.0,"max_hp_loss":0.0,"gold_gain":0.0,"event_name":"Golden Idol","player_choice":"Take Damage","floor":2.0,"gold_loss":0.0,"damage_taken":16.0,"relics_obtained":["Golden Idol"]},{"damage_healed":0.0,"max_hp_gain":0.0,"max_hp_loss":0.0,"gold_gain":0.0,"event_name":"Lab","player_choice":"Got Potions","floor":3.0,"gold_loss":0.0,"damage_taken":0.0},{"damage_healed":0.0,"max_hp_gain":0.0,"max_hp_loss":0.0,"gold_gain":0.0,"event_name":"Mushrooms","player_choice":"Fought Mushrooms","floor":10.0,"gold_loss":0.0,"damage_taken":0.0},{"damage_healed":0.0,"max_hp_gain":0.0,"max_hp_loss":0.0,"gold_gain":0.0,"event_name":"Living Wall","player_choice":"Grow","floor":12.0,"gold_loss":0.0,"damage_taken":0.0,"cards_upgraded":["Neutralize"]}],"is_beta":true,"boss_relics":[],"items_purged_floors":[],"is_endless":false,"potions_floor_spawned":[1,7,14],"killed_by":"Slime Boss","ascension_level":14}}