{"host":"k7udt7atmcuzf6l0","time":1609217609,"event":{"mods":["AchievementEnabler","BaseMod","Colored Map","Colored Powertips","Highlight Path","Minty Spire (QoL Compilation)","Quick Restart","Rare Cards Sparkle","StSLib","UnlockEverythingMod"],"gold_per_floor":[109,59,71,71,86,86,118,118,118,137,151,151,176,251,251,355,355,325,325,169,169,26,26,26,26,26,26,26,26,26,26,26,26,26,26,26,26,26,26,26,26,26,26,26,26,26,26,26,26,26,26],"floor_reached":50,"playtime":1760,"items_purged":[],"score":602,"play_id":"b05ed107-c138-44f0-827d-db7fec33159b","local_time":"20201229125329","is_ascension_mode":false,"campfire_choices":[{"data":"Flex","floor":6.0,"key":"SMITH"},{"data":"Armaments","floor":12.0,"key":"SMITH"},{"floor":15.0,"key":"REST"},{"data":"Dual Wield","floor":23.0,"key":"SMITH"},{"data":"Feed","floor":25.0,"key":"SMITH"},{"data":"Pommel Strike","floor":28.0,"key":"SMITH"},{"floor":32.0,"key":"REST"},{"data":"Double Tap","floor":40.0,"key":"SMITH"},{"data":"Reaper","floor":44.0,"key":"SMITH"},{"floor":49,"key":"REST"}],"circlet_count":0,"master_deck":["Strike_R","Strike_R","Strike_R","Strike_R","Strike_R","Defend_R","Defend_R","Defend_R","Defend_R","Bash","Clash","Armaments+1","Dual Wield+1","Flex+1","Inflame+1","Spot Weakness","Reaper+1","Feed+1","Rage+1","Pommel Strike+1","Sever Soul+1","Offering+1","Ghostly Armor+1","Twin Strike+1","Double Tap+1","Heavy Blade+1","Twin Strike+1","Pommel Strike+1","Havoc+1"],"relics":["Burning Blood","NeowsBlessing","Shuriken","Ornamental Fan","Omamori","Ectoplasm","Red Mask","Red Skull","PreservedInsect","Kunai","Orichalcum","Art of War","Calling Bell","Strawberry","Blue Candle","Calipers","Ancient Tea Set","Toxic Egg 2","Gambling Chip"],"acts_visited":["Exordium","TheCity","TheBeyond"],"potions_floor_usage":[48],"damage_taken":[{"damage":0.0,"enemies":"Cultist","floor":1.0,"turns":1.0},{"damage":0.0,"enemies":"2 Louse","floor":3.0,"turns":1.0},{"damage":0.0,"enemies":"Small Slimes","floor":5.0,"turns":1.0},{"damage":26.0,"enemies":"Lagavulin","floor":7.0,"turns":5.0},{"damage":9.0,"enemies":"2 Fungi Beasts","floor":10.0,"turns":3.0},{"damage":9.0,"enemies":"Lots of Slimes","floor":11.0,"turns":4.0},{"damage":36.0,"enemies":"3 Sentries","floor":13.0,"turns":8.0},{"damage":42.0,"enemies":"Slime Boss","floor":16.0,"turns":9.0},{"damage":6.0,"enemies":"2 Thieves","floor":18.0,"turns":3.0},{"damage":16.0,"enemies":"Masked Bandits","floor":19.0,"turns":5.0},{"damage":18.0,"enemies":"3 Byrds","floor":21.0,"turns":6.0},{"damage":38.0,"enemies":"Slavers","floor":27.0,"turns":5.0},{"damage":17.0,"enemies":"Shelled Parasite and Fungi","floor":29.0,"turns":4.0},{"damage":19.0,"enemies":"Book of Stabbing","floor":30.0,"turns":3.0},{"damage":11.0,"enemies":"Snake Plant","floor":31.0,"turns":2.0},{"damage":60.0,"enemies":"Automaton","floor":33.0,"turns":8.0},{"damage":27.0,"enemies":"3 Shapes","floor":35.0,"turns":4.0},{"damage":23.0,"enemies":"Orb Walker","floor":37.0,"turns":4.0},{"damage":33.0,"enemies":"Maw","floor":38.0,"turns":8.0},{"damage":18.0,"enemies":"Sphere and 2 Shapes","floor":39.0,"turns":5.0},{"damage":43.0,"enemies":"Reptomancer","floor":41.0,"turns":3.0},{"damage":27.0,"enemies":"Writhing Mass","floor":42.0,"turns":5.0},{"damage":8.0,"enemies":"Spire Growth","floor":45.0,"turns":3.0},{"damage":16,"enemies":"3 Darklings","floor":47,"turns":3},{"damage":32,"enemies":"Giant Head","floor":48,"turns":6},{"damage":143,"enemies":"Time Eater","floor":50,"turns":10}],"seed_played":"-6634329283502614576","potions_obtained":[{"floor":7.0,"key":"Block Potion"},{"floor":11.0,"key":"FearPotion"},{"floor":13.0,"key":"Weak Potion"},{"floor":16.0,"key":"SkillPotion"},{"floor":19.0,"key":"Ancient Potion"},{"floor":31.0,"key":"SkillPotion"},{"floor":33.0,"key":"Explosive Potion"},{"floor":35.0,"key":"SneckoOil"},{"floor":38.0,"key":"DistilledChaos"},{"floor":39.0,"key":"Weak Potion"},{"floor":45.0,"key":"LiquidMemories"},{"floor":47,"key":"ElixirPotion"}],"is_trial":false,"path_per_floor":["M","$","M","$","M","R","E","?","T","M","M","R","E","?","R","B",null,"M","?","$","M","$","R","?","R","T","E","R","M","E","M","R","B",null,"M","?","M","M","M","R","E","M","T","R","M","$","M","E","R","B"],"character_chosen":"IRONCLAD","items_purchased":["Armaments","Red Skull","PreservedInsect"],"campfire_rested":3,"item_purchase_floors":[2,20,22],"current_hp_per_floor":[80,80,80,80,80,80,60,60,60,57,54,54,24,13,37,49,80,83,82,82,84,84,84,84,84,84,66,66,59,46,41,69,66,101,84,84,67,88,102,102,76,67,67,67,69,69,93,77,112,0,0],"gold":26,"neow_bonus":"THREE_ENEMY_KILL","is_daily":false,"chose_seed":false,"campfire_upgraded":7,"win_rate":0.0,"timestamp":1609217609,"path_taken":["M","$","M","?","M","R","E","?","T","M","M","R","E","?","R","BOSS","M","?","$","M","$","R","?","R","T","E","R","M","E","M","R","BOSS","M","?","M","?","M","R","E","M","T","R","M","$","M","E","R","BOSS"],"items_purchased_type":["Card","Relic","Relic"],"build_version":"2020-12-22","purchased_purges":0,"victory":false,"max_hp_per_floor":[80,80,80,80,80,80,80,80,80,80,80,80,80,80,80,80,80,83,86,86,90,90,90,90,90,90,90,90,94,94,94,94,94,101,105,105,105,109,113,113,113,113,113,113,117,117,117,117,117,117,117],"card_choices":[{"not_picked":["Evolve","Sword Boomerang"],"picked":"Clash","floor":1.0},{"not_picked":["Clothesline","Havoc"],"picked":"Dual Wield","floor":3.0},{"not_picked":["Pommel Strike","Fire Breathing"],"picked":"Flex","floor":5.0},{"not_picked":["Sword Boomerang","Clothesline"],"picked":"Inflame","floor":7.0},{"not_picked":["True Grit","Armaments"],"picked":"Spot Weakness","floor":10.0},{"not_picked":["Feel No Pain","Havoc","Wild Strike"],"picked":"SKIP","floor":11.0},{"not_picked":["Intimidate","Spot Weakness"],"picked":"Reaper","floor":13.0},{"not_picked":["Impervious","Offering"],"picked":"Feed","floor":16.0},{"not_picked":["Headbutt","Body Slam"],"picked":"Rage+1","floor":18.0},{"not_picked":["Headbutt","Clothesline"],"picked":"Pommel Strike","floor":21.0},{"not_picked":["Feel No Pain+1","Havoc","Clash"],"picked":"SKIP","floor":27.0},{"not_picked":["Brutality","Wild Strike","Clothesline"],"picked":"SKIP","floor":29.0},{"not_picked":["True Grit","Uppercut","Disarm"],"picked":"SKIP","floor":30.0},{"not_picked":["Havoc","True Grit"],"picked":"Sever Soul+1","floor":31.0},{"not_picked":["Feed","Impervious"],"picked":"Offering","floor":33.0},{"not_picked":["Fire Breathing+1","Perfected Strike","Thunderclap"],"picked":"SKIP","floor":35.0},{"not_picked":["Searing Blow+1","Wild Strike+1"],"picked":"Ghostly Armor+1","floor":37.0},{"not_picked":["Sword Boomerang","Pommel Strike"],"picked":"Twin Strike+1","floor":38.0},{"not_picked":["Spot Weakness","Thunderclap"],"picked":"Double Tap","floor":39.0},{"not_picked":["Anger","Fire Breathing"],"picked":"Heavy Blade+1","floor":41.0},{"not_picked":["Anger+1","Fire Breathing"],"picked":"Twin Strike+1","floor":42.0},{"not_picked":["Pummel","Iron Wave","Heavy Blade"],"picked":"SKIP","floor":45.0},{"not_picked":["Evolve","Headbutt+1"],"picked":"Pommel Strike+1","floor":47},{"not_picked":["Body Slam","Sever Soul+1"],"picked":"Havoc+1","floor":48}],"player_experience":14586,"relics_obtained":[{"floor":7.0,"key":"Shuriken"},{"floor":9.0,"key":"Ornamental Fan"},{"floor":13.0,"key":"Omamori"},{"floor":19.0,"key":"Red Mask"},{"floor":26.0,"key":"Kunai"},{"floor":27.0,"key":"Orichalcum"},{"floor":30.0,"key":"Art of War"},{"floor":34.0,"key":"Strawberry"},{"floor":34.0,"key":"Blue Candle"},{"floor":34.0,"key":"Calipers"},{"floor":41.0,"key":"Ancient Tea Set"},{"floor":43.0,"key":"Toxic Egg 2"},{"floor":48,"key":"Gambling Chip"}],"event_choices":[{"damage_healed":0.0,"max_hp_gain":0.0,"max_hp_loss":0.0,"gold_gain":0.0,"event_name":"Living Wall","player_choice":"Grow","floor":8.0,"gold_loss":0.0,"damage_taken":0.0,"cards_upgraded":["Inflame"]},{"damage_healed":0.0,"max_hp_gain":0.0,"max_hp_loss":0.0,"gold_gain":75.0,"event_name":"World of Goop","player_choice":"Gather Gold","floor":14.0,"gold_loss":0.0,"damage_taken":11.0},{"damage_healed":0.0,"max_hp_gain":0.0,"max_hp_loss":0.0,"gold_gain":0.0,"event_name":"Masked Bandits","player_choice":"Fought Bandits","floor":19.0,"gold_loss":0.0,"damage_taken":0.0},{"damage_healed":0.0,"max_hp_gain":0.0,"max_hp_loss":0.0,"gold_gain":0.0,"event_name":"Upgrade Shrine","player_choice":"Upgraded","floor":36.0,"gold_loss":0.0,"damage_taken":0.0,"cards_upgraded":["Offering"]}],"is_beta":false,"boss_relics":[{"not_picked":["Mark of Pain","Busted Crown"],"picked":"Ectoplasm"},{"not_picked":["SacredBark","Empty Cage"],"picked":"Calling Bell"}],"items_purged_floors":[],"is_endless":false,"potions_floor_spawned":[7,11,13,16,19,31,33,35,38,39,45,47],"killed_by":"Time Eater","ascension_level":0}}