{"host":"d8d3jqle49sogkjv","time":1609273593,"event":{"mods":["BaseMod","Colored Map","Colored Powertips","Minty Spire (QoL Compilation)","StSLib"],"gold_per_floor":[110,127,77,252,252,281,281,281,281],"floor_reached":8,"playtime":338,"items_purged":[],"score":84,"play_id":"6f6a01dd-58e0-4c3a-a98e-582f202f6ea6","local_time":"20201229212633","is_ascension_mode":true,"campfire_choices":[{"data":"Armaments","floor":7,"key":"SMITH"}],"circlet_count":0,"master_deck":["AscendersBane","Strike_R","Strike_R","Strike_R","Strike_R","Defend_R","Defend_R","Defend_R","Defend_R","Bash","Chrysalis","Armaments+1","Carnage","Doubt","Regret","Rage"],"relics":["Burning Blood","Nunchaku","TungstenRod"],"acts_visited":["Exordium"],"potions_floor_usage":[6],"damage_taken":[{"damage":18,"enemies":"Small Slimes","floor":1,"turns":4},{"damage":1,"enemies":"2 Louse","floor":2,"turns":4},{"damage":27,"enemies":"Lagavulin","floor":6,"turns":10},{"damage":44,"enemies":"Gremlin Nob","floor":8,"turns":4}],"seed_played":"1777102323647726401","potions_obtained":[{"floor":1,"key":"Dexterity Potion"},{"floor":6,"key":"SpeedPotion"}],"is_trial":false,"path_per_floor":["M","M","?","?","?","E","R","E"],"character_chosen":"IRONCLAD","items_purchased":[],"campfire_rested":0,"item_purchase_floors":[],"current_hp_per_floor":[60,65,65,65,65,44,44,0,0],"gold":281,"neow_bonus":"RANDOM_COLORLESS_2","is_daily":false,"chose_seed":false,"campfire_upgraded":1,"win_rate":0.0,"timestamp":1609273593,"path_taken":["M","M","?","?","?","E","R","E"],"items_purchased_type":[],"build_version":"2020-12-22","purchased_purges":0,"victory":false,"max_hp_per_floor":[72,72,72,72,72,72,72,72,72],"card_choices":[{"not_picked":["Secret Technique","Secret Weapon"],"picked":"Chrysalis","floor":0.0},{"not_picked":["Bloodletting","Thunderclap"],"picked":"Armaments","floor":1},{"not_picked":["Reckless Charge","Dropkick"],"picked":"Carnage","floor":2},{"not_picked":["Fire Breathing","Combust"],"picked":"Rage","floor":6}],"player_experience":338310,"relics_obtained":[{"floor":6,"key":"TungstenRod"}],"event_choices":[{"cards_removed":["Strike_R"],"damage_healed":0,"gold_gain":0,"player_choice":"Card Removal","damage_taken":0,"max_hp_gain":0,"max_hp_loss":0,"event_name":"The Cleric","floor":3,"gold_loss":50},{"damage_healed":0,"gold_gain":175,"player_choice":"AGREE","damage_taken":0,"max_hp_gain":0,"max_hp_loss":0,"event_name":"Liars Game","floor":4,"gold_loss":0,"cards_obtained":["Doubt"]},{"damage_healed":0,"gold_gain":0,"player_choice":"Box","damage_taken":0,"relics_obtained":["Nunchaku"],"max_hp_gain":0,"max_hp_loss":0,"event_name":"Big Fish","floor":5,"gold_loss":0,"cards_obtained":["Regret"]}],"is_beta":false,"boss_relics":[],"items_purged_floors":[],"is_endless":false,"potions_floor_spawned":[1,6],"killed_by":"Gremlin Nob","ascension_level":11}}