{"host":"avq773cl9g5msfol","time":1609234967,"event":{"mods":["AchievementEnabler","Act Like it!","Ascension Unlocker","Aspiration","Astrologer","Bard","Bartender","BaseMod","Better Altar","Better Third Choice","BetterRewards","CapriCore","ChefMod","Colored Map","Colored Powertips","Conspire","Dio Mod","Downfall","Elementarium","Energized Spire","Gensokyo","GifTheSpireLib","GungeonMod","Hallownest","Hermit","Highlight Path","Hubris","Humility","Infinite Spire","Jorbs\u0027s Wanderer Trilogy","Koishi","Lobotomy","LobotomyExtend","Magitek Elite","Marisa????????","Marked Mod","Menagerie","Minty Spire (QoL Compilation)","Potionbrewer","Quarter Circle Forward PUNCH!","Rare Cards Sparkle","Reimu??????","Relic Stats","Remilia??????","Replay The Spire","SacredBarkPlus","Shade Mod","Somnambulant","Spicy Shops","StSLib","Synergy Search","The Administrix","The Blue Laboratory","The Bug Knight","The Construct","The Cursed","The Dragon Tamer","The Exalted","The Hayseed","The Hierophant","The Immortal","The Judge","The Marked","The Mystic","The Problem Sleuth","The Runesmith","The Senshi","The Vixen","The Wild Card","TheArtist","TheFirefly","Wandering Minibosses","Yakumo Yukari mod","vexMod"],"gold_per_floor":[119,119,119,139,139,170,170,198,250,276,276,289,289,305,305,378,378,397,397,397,412,392,417,417,452,476,502,502,249,249,281,281,353,353,368,368,368,388,388,388,407,442,467,467,467,467,467],"floor_reached":48,"playtime":3458,"items_purged":[],"score":3131,"play_id":"8ad7b22e-5af2-4900-8102-d1f802859a82","local_time":"20201229164247","is_ascension_mode":true,"campfire_choices":[{"data":"Bicycle_Kick","floor":7,"key":"SMITH"},{"data":"Ball_Of_Ice","floor":11,"key":"SMITH"},{"floor":15,"key":"RECALL"},{"data":"Elementarium:IceblessedBlade","floor":28,"key":"SMITH"},{"data":"On_The_Rocks","floor":30,"key":"SMITH"},{"data":"Elementarium:GildedEssence","floor":32,"key":"SMITH"},{"data":"Fading_Blow","floor":40,"key":"SMITH"},{"data":"Bitters","floor":44,"key":"SMITH"}],"circlet_count":0,"master_deck":["AscendersBane","Somersault","Perfect_Balance+1","Waterkick+1","Snap_Punch+1","Center_Self+1","Training_Dummy+1","Waterkick+1","Dancing_Jab+1","Greased_Lightning+1","Sadistic Nature+1","Rising_Crane+1","Press_Forward+1","OpoOpo_Form+1","Wall_of_Ice+1","Dragonkick+1","Alacrity+1","Axe_Heel_Kick+1","Windup+1","Mirage+1","Fight_Dirty+1","Moonsault_Kick+1","Bicycle_Kick+1","Ball_Of_Ice+1","On_The_Rocks+1","Spirits_Within+1","CurseOfTheBell","Bitters+1","Beat_Rush+1","Elementarium:GildedEssence+1","Combo_Master+1","Power_Up_Punch+1","Elementarium:IceblessedBlade+1","Cold_Blooded+1","Butterfly_Float+1","Step_Of_The_Wind+1","Storage+1","Raptor_Form+1","High_Tide+1","Fading_Blow+1","Butterfly_Float+1","Form_Shift+1"],"relics":["Sneakers","Golden Egg","Quantum Egg","HollowMod:JonisBlessing","Replay:Rubber Ducky","Ribbon","CrazyTorch:ReiMu","Lee\u0027s Waffle","Juzu Bracelet","LetterFromLob","Hallownest:DreamNailRelic","Torii","ReplayTheSpireMod:Ninjato","RuthlessExorcism:ReiMu","Replay:Kaleidoscope","Calling Bell","vexMod:HeadHunter","PreservedInsect","AntiCross","qcfpunch:Unceasing_Flame","DemoMod:ResourcefulSack","Replay:PocketPolymizer","Happy Flower","Mercury Hourglass","ReplayTheSpireMod:TigerMarble","theSenshi:FeatherClipsRelic","Elementarium:ElementariumTrophy","DemoMod:GlassGuonStoneRelic","energizedSpire:SpiderWeb","ScarletDevilRocket"],"acts_visited":["Hallownest:Greenpath","Elementarium:Elementarium","Gensokyo:Gensokyoest"],"potions_floor_usage":[25],"damage_taken":[{"damage":0,"enemies":"Hallownest:monsterHuskWarrior","floor":1,"turns":2},{"damage":0,"enemies":"Hallownest:2_Baldur","floor":4,"turns":3},{"damage":0,"enemies":"Hallownest:eliteMossKnight","floor":6,"turns":7},{"damage":0,"enemies":"Hallownest:eliteVengeflyKing","floor":8,"turns":3},{"damage":0,"enemies":"Hallownest:eliteCrystalGuardian","floor":10,"turns":3},{"damage":0,"enemies":"Hallownest:2_MossCreeps","floor":12,"turns":2},{"damage":0,"enemies":"Hallownest:1_Ooma_and_2_Uuma","floor":14,"turns":3},{"damage":0,"enemies":"Hallownest:BossBrokenVessel","floor":16,"turns":6},{"damage":0,"enemies":"Elementarium:2_ELEMENTALS","floor":18,"turns":3},{"damage":0,"enemies":"Elementarium:VoidCorruption","floor":21,"turns":3},{"damage":0,"enemies":"Elementarium:FIRE_NOBILITY","floor":23,"turns":4},{"damage":0,"enemies":"Elementarium:ElementalPortal","floor":25,"turns":6},{"damage":8,"enemies":"Nightmare","floor":27,"turns":6},{"damage":0,"enemies":"Elementarium:ElementalPortal","floor":31,"turns":6},{"damage":14,"enemies":"Elementarium:PHOENIXES","floor":33,"turns":6},{"damage":0,"enemies":"Gensokyo:3_Bats","floor":35,"turns":2},{"damage":0,"enemies":"Gensokyo:3_Boulders","floor":38,"turns":2},{"damage":0,"enemies":"Gensokyo:Sharpion","floor":41,"turns":3},{"damage":0,"enemies":"Gensokyo:Kasen","floor":42,"turns":4},{"damage":0,"enemies":"Gensokyo:Shinki","floor":45,"turns":7},{"damage":0,"enemies":"Gensokyo:Scarlet_Devils","floor":46,"turns":4}],"seed_played":"5660386820909694380","potions_obtained":[{"floor":1,"key":"sneckomod:MuddlingPotion"},{"floor":8,"key":"potionbrewer:CleansingPotion"},{"floor":31,"key":"potionbrewer:BoundlessPotion"}],"is_trial":false,"path_per_floor":["M","?","?","M","?","E","R","E","T","E","R","M","E","M","R_BF","B",null,"M","?","T","M","?","E","?","E","T","NM","R","$","R","E","R","B",null,"M","?","?","M","?","R","M","E","T","R","B","B",null,null],"character_chosen":"BARTENDER","items_purchased":["Sadistic Nature","Rising_Crane","Press_Forward","OpoOpo_Form","HollowMod:JonisBlessing","Wall_of_Ice","Replay:Rubber Ducky","Ribbon","CrazyTorch:ReiMu","blueLaboratory:FruitPunch","Dragonkick","Lee\u0027s Waffle","Alacrity+1","Axe_Heel_Kick","Windup","Mirage","Fight_Dirty","Step_Of_The_Wind","ReplayTheSpireMod:TigerMarble"],"campfire_rested":0,"item_purchase_floors":[0,0,0,0,0,0,0,0,0,0,0,0,0,0,0,0,0,29,29],"current_hp_per_floor":[72,72,72,72,72,72,72,72,72,72,72,72,72,72,72,72,72,72,72,72,72,72,72,72,72,72,64,64,64,64,64,64,50,67,67,72,72,72,72,72,72,72,72,72,72,72,72],"gold":467,"neow_bonus":"","is_daily":false,"chose_seed":false,"campfire_upgraded":7,"win_rate":0.0,"timestamp":1609234967,"path_taken":["M","?","?","M","?","E","R","E","T","E","R","M","E","M","R_BF","BOSS","M","?","?","M","?","E","?","E","T","NM","R","$","R","E","R","BOSS","M","?","?","M","?","R","M","E","T","R","BOSS","BOSS"],"items_purchased_type":["Card","Card","Card","Card","Relic","Card","Relic","Relic","Relic","Potion","Card","Relic","Card","Card","Card","Card","Card","Card","Relic"],"build_version":"2020-12-22","purchased_purges":0,"victory":true,"max_hp_per_floor":[72,72,72,72,72,72,72,72,72,72,72,72,72,72,72,72,72,72,72,72,72,72,72,72,72,72,72,72,72,72,72,72,72,72,72,72,72,72,72,72,72,72,72,72,72,72,72],"relic_stats":{"Lee\u0027s Waffle":13,"Torii":0,"Happy Flower":[13],"counters":[110,375],"PreservedInsect":317,"Juzu Bracelet":5,"obtain_stats":[{"Golden Egg":0,"infinitespire:BottledMercury":43,"vexMod:MemoryStick":43,"ScarletDevilRocket":43,"wanderingMiniBosses:OtherGremlinHorn":31,"vexMod:RockOfEvil":34,"Replay:Wanted Poster":34,"Replay:Ringing Soul":26,"vexMod:InvisibilityCloak":0,"conspire:GlowingRock":6,"DTMod:TacticalNote":0,"DTMod:OddArmor":0,"Ribbon":0,"vexMod:EndlessSickness":17,"Replay:Bronze Core":17,"DemoMod:MeltedRock":14,"DemoMod:LamentConfigurum":20,"qcfpunch:Red_Cyclone_Teachings":26,"construct:RocketBooster":24,"Sneakers":0,"Gensokyo:TheCrow":41,"TentaclePot:ReiMu":25,"HollowMod:JonisBlessing":0,"Pen Nib":27,"Guardian:PocketSentry":11,"aspiration:FrozenJewel":0,"infinitespire:EvilPickle":37,"Elementarium:ElementariumTrophy":33,"qcfpunch:Broken_Tusk":46,"infinitespire:Broken Mirror":27,"Pandora\u0027s Box":0,"energizedSpire:MagnifyingGlass":28,"DemoMod:ResourcefulSack":23,"Lantern":0,"aspiration:Lifesprig":0,"Torii":6,"DTMod:AncientBone":0,"StoneCalendar":40,"Mythril_Glove":38,"hubris:EmptyBottle":0,"White_Cape":0,"qcfpunch:Crimson_Sash":4,"Replay:Rubber Ducky":0,"DTMod:MindBender":0,"AntiCross":6,"hubris:CuriousFeather":0,"WingedGreaves":2,"DemoMod:GnawedKey":0,"qcfpunch:Cattail":44,"InkBottle":28,"Potion Belt":0,"Lee\u0027s Waffle":0,"hubris:64BitClover":9,"Guardian:GemstoneGun":0,"qcfpunch:Black_Training_Shirt":23,"PreservedInsect":0,"Protect_Vest":49,"infinitespire:CheckeredPen":6,"infinitespire:Lucky Rock":6,"energizedSpire:SpiderWeb":34,"MawBank":10,"DTMod:SwitchButton":0,"PureWhite:ReiMu":26,"CrazyTorch:ReiMu":0,"DemoMod:GreenGuonStone":0,"hubris:CrystalStatue":0,"Calipers":0,"Menagerie:HuntersKnife":5,"DemoMod:GlassGuonStoneRelic":11,"AdministrixMod:ConductorRitualBaton":0,"theSenshi:FeatherClipsRelic":31,"DemoMod:RiddleOfLead":34,"qcfpunch:Unceasing_Flame":20,"vexMod:RetaliationKit":31,"conspire:Dentures":0,"Girya":9,"Happy Flower":26,"Choco_Feather":8,"Dead Branch":0,"Oddly Smooth Stone":28,"wanderingMiniBosses:MasterThiefsPresence":22,"aspiration:SeaSaltIceCream":4,"Replay:Kaleidoscope":10,"War Paint":29,"Bromod:ArcaneConsequence":29,"OrangePellets":42,"Bottled Flame":13,"ReplayTheSpireMod:Shallot":4,"ReplayTheSpireMod:TigerMarble":9,"Mirror":40,"hermit:Momento":0,"Replay:PocketPolymizer":25,"conspire:SpecialSausage":3,"Juzu Bracelet":0,"Hallownest:DreamNailRelic":3,"hubris:SlimyHat":0,"Replay:Mystery Machine":13,"DemoMod:WhiteGuonStone":0,"conspire:TopHat":26,"ClockworkSouvenir":0,"DemoMod:SevenLeafClover":0,"Frozen Eye":29,"Cracked Core":0,"Hallownest:SalubrasBlessingRelic":10,"qcfpunch:Army_Boots":7,"ReplayTheSpireMod:Ninjato":3,"infinitespire:CursedDice":43,"aspiration:RunicSpoon":0,"Quantum Egg":2,"aspiration:SecretTechniqueScroll":17,"Mercury Hourglass":27,"Calling Bell":17,"infinitespire:WardingShard":6,"DTMod:PactStone":0,"vexMod:HeadHunter":0,"LetterFromLob":1,"qcfpunch:Red_Headband":24,"Membership Card":0,"DemoMod:VorpalBullet":24,"TungstenRod":0,"RuthlessExorcism:ReiMu":9},{"Golden Egg":0,"infinitespire:BottledMercury":21,"vexMod:MemoryStick":72,"ScarletDevilRocket":108,"wanderingMiniBosses:OtherGremlinHorn":35,"vexMod:RockOfEvil":36,"Replay:Wanted Poster":17,"Replay:Ringing Soul":11,"vexMod:InvisibilityCloak":78,"conspire:GlowingRock":2,"DTMod:TacticalNote":78,"DTMod:OddArmor":78,"Ribbon":89,"vexMod:EndlessSickness":60,"Replay:Bronze Core":85,"DemoMod:MeltedRock":29,"DemoMod:LamentConfigurum":61,"qcfpunch:Red_Cyclone_Teachings":32,"construct:RocketBooster":32,"Sneakers":89,"Gensokyo:TheCrow":72,"TentaclePot:ReiMu":88,"HollowMod:JonisBlessing":89,"Pen Nib":64,"Guardian:PocketSentry":27,"aspiration:FrozenJewel":43,"infinitespire:EvilPickle":71,"Elementarium:ElementariumTrophy":36,"qcfpunch:Broken_Tusk":40,"infinitespire:Broken Mirror":88,"Pandora\u0027s Box":24,"energizedSpire:MagnifyingGlass":64,"DemoMod:ResourcefulSack":100,"Lantern":43,"aspiration:Lifesprig":78,"Torii":92,"DTMod:AncientBone":78,"StoneCalendar":20,"Mythril_Glove":19,"hubris:EmptyBottle":24,"White_Cape":43,"qcfpunch:Crimson_Sash":25,"Replay:Rubber Ducky":89,"DTMod:MindBender":78,"AntiCross":2,"hubris:CuriousFeather":24,"WingedGreaves":25,"DemoMod:GnawedKey":43,"qcfpunch:Cattail":72,"InkBottle":64,"Potion Belt":43,"Lee\u0027s Waffle":43,"hubris:64BitClover":53,"Guardian:GemstoneGun":43,"qcfpunch:Black_Training_Shirt":88,"PreservedInsect":24,"Protect_Vest":41,"infinitespire:CheckeredPen":26,"infinitespire:Lucky Rock":52,"energizedSpire:SpiderWeb":104,"MawBank":57,"DTMod:SwitchButton":78,"PureWhite:ReiMu":11,"CrazyTorch:ReiMu":89,"DemoMod:GreenGuonStone":43,"hubris:CrystalStatue":43,"Calipers":78,"Menagerie:HuntersKnife":45,"DemoMod:GlassGuonStoneRelic":4,"AdministrixMod:ConductorRitualBaton":53,"theSenshi:FeatherClipsRelic":103,"DemoMod:RiddleOfLead":68,"qcfpunch:Unceasing_Flame":98,"vexMod:RetaliationKit":16,"conspire:Dentures":78,"Girya":3,"Happy Flower":101,"Choco_Feather":3,"Dead Branch":53,"Oddly Smooth Stone":33,"wanderingMiniBosses:MasterThiefsPresence":10,"aspiration:SeaSaltIceCream":25,"Replay:Kaleidoscope":94,"War Paint":14,"Bromod:ArcaneConsequence":88,"OrangePellets":39,"Bottled Flame":28,"ReplayTheSpireMod:Shallot":25,"ReplayTheSpireMod:TigerMarble":26,"Mirror":39,"hermit:Momento":0,"Replay:PocketPolymizer":101,"conspire:SpecialSausage":50,"Juzu Bracelet":0,"Hallownest:DreamNailRelic":1,"hubris:SlimyHat":78,"Replay:Mystery Machine":28,"DemoMod:WhiteGuonStone":53,"conspire:TopHat":63,"ClockworkSouvenir":24,"DemoMod:SevenLeafClover":0,"Frozen Eye":13,"Cracked Core":43,"Hallownest:SalubrasBlessingRelic":3,"qcfpunch:Army_Boots":81,"ReplayTheSpireMod:Ninjato":50,"infinitespire:CursedDice":21,"aspiration:RunicSpoon":0,"Quantum Egg":1,"aspiration:SecretTechniqueScroll":6,"Mercury Hourglass":102,"Calling Bell":97,"infinitespire:WardingShard":46,"DTMod:PactStone":78,"vexMod:HeadHunter":0,"LetterFromLob":44,"qcfpunch:Red_Headband":62,"Membership Card":24,"DemoMod:VorpalBullet":11,"TungstenRod":78,"RuthlessExorcism:ReiMu":93},{"Golden Egg":0,"infinitespire:BottledMercury":74,"vexMod:MemoryStick":236,"ScarletDevilRocket":364,"wanderingMiniBosses:OtherGremlinHorn":115,"vexMod:RockOfEvil":123,"Replay:Wanted Poster":52,"Replay:Ringing Soul":34,"vexMod:InvisibilityCloak":264,"conspire:GlowingRock":6,"DTMod:TacticalNote":264,"DTMod:OddArmor":264,"Ribbon":291,"vexMod:EndlessSickness":194,"Replay:Bronze Core":285,"DemoMod:MeltedRock":94,"DemoMod:LamentConfigurum":198,"qcfpunch:Red_Cyclone_Teachings":104,"construct:RocketBooster":104,"Sneakers":291,"Gensokyo:TheCrow":236,"TentaclePot:ReiMu":290,"HollowMod:JonisBlessing":291,"Pen Nib":209,"Guardian:PocketSentry":89,"aspiration:FrozenJewel":147,"infinitespire:EvilPickle":234,"Elementarium:ElementariumTrophy":123,"qcfpunch:Broken_Tusk":130,"infinitespire:Broken Mirror":290,"Pandora\u0027s Box":83,"energizedSpire:MagnifyingGlass":209,"DemoMod:ResourcefulSack":329,"Lantern":147,"aspiration:Lifesprig":264,"Torii":302,"DTMod:AncientBone":264,"StoneCalendar":71,"Mythril_Glove":60,"hubris:EmptyBottle":83,"White_Cape":147,"qcfpunch:Crimson_Sash":85,"Replay:Rubber Ducky":291,"DTMod:MindBender":264,"AntiCross":6,"hubris:CuriousFeather":83,"WingedGreaves":85,"DemoMod:GnawedKey":147,"qcfpunch:Cattail":236,"InkBottle":209,"Potion Belt":147,"Lee\u0027s Waffle":147,"hubris:64BitClover":171,"Guardian:GemstoneGun":147,"qcfpunch:Black_Training_Shirt":290,"PreservedInsect":83,"Protect_Vest":131,"infinitespire:CheckeredPen":87,"infinitespire:Lucky Rock":169,"energizedSpire:SpiderWeb":353,"MawBank":182,"DTMod:SwitchButton":264,"PureWhite:ReiMu":34,"CrazyTorch:ReiMu":291,"DemoMod:GreenGuonStone":147,"hubris:CrystalStatue":147,"Calipers":264,"Menagerie:HuntersKnife":152,"DemoMod:GlassGuonStoneRelic":10,"AdministrixMod:ConductorRitualBaton":171,"theSenshi:FeatherClipsRelic":347,"DemoMod:RiddleOfLead":226,"qcfpunch:Unceasing_Flame":322,"vexMod:RetaliationKit":45,"conspire:Dentures":264,"Girya":9,"Happy Flower":335,"Choco_Feather":9,"Dead Branch":171,"Oddly Smooth Stone":107,"wanderingMiniBosses:MasterThiefsPresence":29,"aspiration:SeaSaltIceCream":85,"Replay:Kaleidoscope":308,"War Paint":39,"Bromod:ArcaneConsequence":290,"OrangePellets":127,"Bottled Flame":92,"ReplayTheSpireMod:Shallot":85,"ReplayTheSpireMod:TigerMarble":87,"Mirror":127,"hermit:Momento":0,"Replay:PocketPolymizer":335,"conspire:SpecialSausage":167,"Juzu Bracelet":0,"Hallownest:DreamNailRelic":1,"hubris:SlimyHat":264,"Replay:Mystery Machine":92,"DemoMod:WhiteGuonStone":171,"conspire:TopHat":204,"ClockworkSouvenir":83,"DemoMod:SevenLeafClover":0,"Frozen Eye":37,"Cracked Core":147,"Hallownest:SalubrasBlessingRelic":9,"qcfpunch:Army_Boots":272,"ReplayTheSpireMod:Ninjato":167,"infinitespire:CursedDice":74,"aspiration:RunicSpoon":0,"Quantum Egg":1,"aspiration:SecretTechniqueScroll":16,"Mercury Hourglass":341,"Calling Bell":319,"infinitespire:WardingShard":157,"DTMod:PactStone":264,"vexMod:HeadHunter":0,"LetterFromLob":150,"qcfpunch:Red_Headband":202,"Membership Card":83,"DemoMod:VorpalBullet":34,"TungstenRod":264,"RuthlessExorcism:ReiMu":305}],"Mercury Hourglass":[159]},"card_choices":[{"not_picked":["With_A_Twist","Free_Pour","Ripple"],"picked":"SKIP","floor":1},{"not_picked":["Glare","Raptor_Form"],"picked":"Moonsault_Kick","floor":4},{"not_picked":["Alacrity","Snap_Punch"],"picked":"Bicycle_Kick","floor":6},{"not_picked":["Bitters","Meditate"],"picked":"Ball_Of_Ice","floor":8},{"not_picked":["Center_Self","Alacrity","Surge"],"picked":"SKIP","floor":10},{"not_picked":["Ball_Of_Ice","Pony_Shot"],"picked":"On_The_Rocks","floor":12},{"not_picked":["Ripple","Rising_Crane","Foot_Thrust"],"picked":"SKIP","floor":14},{"not_picked":["High_Tide","Beat_Rush"],"picked":"Spirits_Within","floor":16},{"not_picked":["Cross","Momentum+1"],"picked":"Bitters","floor":18},{"not_picked":["Center_Self","Foot_Thrust+1"],"picked":"Beat_Rush","floor":21},{"not_picked":["Beat_Rush","High_Tide"],"picked":"Combo_Master","floor":23},{"not_picked":["Scowl","Ripple"],"picked":"Power_Up_Punch+1","floor":23},{"not_picked":["Moonsault_Kick","Patience"],"picked":"Cold_Blooded","floor":25},{"not_picked":["On_The_Rocks+1","Coeurl_Form","Snap_Punch+1"],"picked":"SKIP","floor":25},{"not_picked":["Cold_Blooded","Liquid_Armor"],"picked":"Butterfly_Float","floor":27},{"not_picked":["Scowl","Meteodrive+1","Ripple+1"],"picked":"SKIP","floor":27},{"not_picked":["Top_Shelf","Cold_Blooded"],"picked":"Storage","floor":31},{"not_picked":["Pony_Shot","Feint"],"picked":"Raptor_Form+1","floor":31},{"not_picked":["Liquid_Armor","Cold_Blooded"],"picked":"High_Tide","floor":33},{"not_picked":["With_A_Twist","Hook"],"picked":"Fading_Blow","floor":35},{"not_picked":["Center_Self","Sucker_Punch","Pony_Shot"],"picked":"SKIP","floor":38},{"not_picked":["Surge+1","Snap_Punch"],"picked":"Butterfly_Float","floor":41},{"not_picked":["Spirits_Within","Combo_Master"],"picked":"Form_Shift","floor":42},{"not_picked":["Training_Dummy","Dancing_Jab","Bicycle_Kick"],"picked":"SKIP","floor":42}],"player_experience":1261031,"relics_obtained":[{"floor":1,"key":"LetterFromLob"},{"floor":6,"key":"Torii"},{"floor":8,"key":"ReplayTheSpireMod:Ninjato"},{"floor":9,"key":"RuthlessExorcism:ReiMu"},{"floor":10,"key":"Replay:Kaleidoscope"},{"floor":17,"key":"vexMod:HeadHunter"},{"floor":17,"key":"PreservedInsect"},{"floor":17,"key":"AntiCross"},{"floor":20,"key":"qcfpunch:Unceasing_Flame"},{"floor":23,"key":"DemoMod:ResourcefulSack"},{"floor":25,"key":"Replay:PocketPolymizer"},{"floor":26,"key":"Happy Flower"},{"floor":27,"key":"Mercury Hourglass"},{"floor":31,"key":"theSenshi:FeatherClipsRelic"},{"floor":43,"key":"ScarletDevilRocket"}],"event_choices":[{"damage_healed":0,"gold_gain":0,"player_choice":"Toss","damage_taken":0,"max_hp_gain":0,"max_hp_loss":0,"event_name":"Elementarium:OnrushingOffering","floor":22,"gold_loss":20,"cards_obtained":["Elementarium:GildedEssence"]},{"damage_healed":0,"gold_gain":0,"player_choice":"Take","damage_taken":0,"max_hp_gain":0,"max_hp_loss":0,"event_name":"Elementarium:BladeSeller","floor":24,"gold_loss":0,"cards_obtained":["Elementarium:IceblessedBlade"]}],"is_beta":false,"boss_relics":[{"not_picked":["vexMod:CursedCompass","vexMod:MegatonBomb"],"picked":"Calling Bell"},{"not_picked":["Runic Pyramid","hubris:HollowSoul"],"picked":"energizedSpire:SpiderWeb"}],"items_purged_floors":[],"is_endless":false,"potions_floor_spawned":[1,8,10,12,14,31,33,35,42],"ascension_level":20}}