{"host":"r3islh0l1a1ykxfu","time":1609252551,"event":{"mods":["BaseMod","Bestiary","Colored Map","Colored Powertips","Highlight Path","Minty Spire (QoL Compilation)","Relic Stats","Slay-I"],"gold_per_floor":[113,130,80,97,112,112,139,139,164,176,176,176,195,228,228,354,354,367,383,383,403,403,443,467,476,476,476,500,843,768,12,12,145,172,202,202,211,235,235,235],"floor_reached":39,"playtime":4555,"items_purged":["Strike_B"],"score":503,"play_id":"960c80d1-e16b-470e-a12c-0622e0f039db","local_time":"20201229083551","is_ascension_mode":true,"campfire_choices":[{"data":"Zap","floor":6.0,"key":"SMITH"},{"floor":8.0,"key":"REST"},{"floor":15.0,"key":"REST"},{"floor":27.0,"key":"REST"},{"data":"Dualcast","floor":32.0,"key":"SMITH"}],"circlet_count":0,"master_deck":["Defend_B","Zap+1","Dualcast+1","Cold Snap","Beam Cell","FTL","Stack","Sunder","Ball Lightning","BootSequence","Loop","All For One","Conserve Battery","Consume+1","Ghostly","Ghostly","Ghostly","Ghostly","Ghostly","Streamline","Ball Lightning","RitualDagger","Rainbow","Electrodynamics","Redo+1","Compile Driver+1","Leap+1","Madness"],"relics":["Cracked Core","Vajra","Juzu Bracelet","Happy Flower","Golden Idol","Ancient Tea Set","Inserter","CeramicFish","StrikeDummy","Old Coin","CaptainsWheel","Eternal Feather","Astrolabe"],"acts_visited":["TheBeyond"],"potions_floor_usage":[],"damage_taken":[{"damage":0.0,"enemies":"2 Louse","floor":1.0,"turns":1.0},{"damage":0.0,"enemies":"Small Slimes","floor":2.0,"turns":2.0},{"damage":0.0,"enemies":"Cultist","floor":4.0,"turns":2.0},{"damage":1.0,"enemies":"Exordium Thugs","floor":5.0,"turns":3.0},{"damage":25.0,"enemies":"Lagavulin","floor":7.0,"turns":4.0},{"damage":9.0,"enemies":"Red Slaver","floor":10.0,"turns":2.0},{"damage":0.0,"enemies":"Large Slime","floor":13.0,"turns":3.0},{"damage":4.0,"enemies":"Gremlin Nob","floor":14.0,"turns":3.0},{"damage":39.0,"enemies":"Hexaghost","floor":16.0,"turns":9.0},{"damage":6.0,"enemies":"3 Byrds","floor":18.0,"turns":4.0},{"damage":10.0,"enemies":"Shell Parasite","floor":19.0,"turns":4.0},{"damage":0.0,"enemies":"Chosen and Byrds","floor":21.0,"turns":5.0},{"damage":5.0,"enemies":"Gremlin Leader","floor":23.0,"turns":8.0},{"damage":3.0,"enemies":"3 Cultists","floor":24.0,"turns":5.0},{"damage":0.0,"enemies":"Sentry and Sphere","floor":28.0,"turns":3.0},{"damage":3.0,"enemies":"Book of Stabbing","floor":29.0,"turns":5.0},{"damage":35.0,"enemies":"Collector","floor":33.0,"turns":9.0},{"damage":2,"enemies":"3 Darklings","floor":35,"turns":6},{"damage":14,"enemies":"3 Shapes","floor":38,"turns":4},{"damage":40,"enemies":"Spire Growth","floor":39,"turns":4}],"seed_played":"2959562202804565829","potions_obtained":[{"floor":5.0,"key":"Explosive Potion"},{"floor":7.0,"key":"SkillPotion"},{"floor":10.0,"key":"FocusPotion"},{"floor":19.0,"key":"LiquidBronze"},{"floor":21.0,"key":"Block Potion"},{"floor":33.0,"key":"SpeedPotion"},{"floor":35,"key":"SteroidPotion"}],"is_trial":false,"path_per_floor":["M","M","?","M","M","R","E","R","T","M","?","?","M","E","R","B",null,"M","M","?","M","?","E","M","?","T","R","M","E","?","$","R","B",null,"M","?","?","M","M"],"character_chosen":"DEFECT","items_purchased":["CaptainsWheel","Eternal Feather","Rainbow"],"campfire_rested":3,"item_purchase_floors":[31,31,31],"current_hp_per_floor":[75,75,75,75,74,74,49,71,71,62,44,44,44,40,62,23,75,69,59,37,37,37,32,29,23,23,34,34,31,31,31,37,2,37,35,35,35,21,0,0],"gold":235,"neow_bonus":"RANDOM_COMMON_RELIC","is_daily":false,"chose_seed":false,"campfire_upgraded":2,"win_rate":0.0,"timestamp":1609252551,"path_taken":["M","M","?","M","M","R","E","R","T","M","?","?","M","E","R","BOSS","BOSS","M","M","?","M","?","E","M","?","T","R","M","E","?","$","R","BOSS","M","?","?","M","M"],"items_purchased_type":["Relic","Relic","Card"],"build_version":"2020-12-22","purchased_purges":1,"victory":false,"max_hp_per_floor":[75,75,75,75,75,75,75,75,75,75,75,75,75,75,75,75,75,75,75,37,37,37,37,37,37,37,37,37,37,37,37,37,37,37,37,37,37,37,37,37],"relic_stats":{"Inserter":[7],"Happy Flower":[4],"counters":[3,14],"Golden Idol":9,"CeramicFish":45,"Astrolabe":["Static Discharge","Redo","Compile Driver"],"Eternal Feather":0,"Juzu Bracelet":0,"obtain_stats":[{"Inserter":0,"Happy Flower":0,"Golden Idol":0,"CeramicFish":0,"Astrolabe":34,"Vajra":0,"Eternal Feather":0,"Juzu Bracelet":0,"Ancient Tea Set":0,"Old Coin":0,"CaptainsWheel":0,"Cracked Core":0,"StrikeDummy":0},{"Inserter":0,"Happy Flower":0,"Golden Idol":0,"CeramicFish":0,"Astrolabe":0,"Vajra":0,"Eternal Feather":0,"Juzu Bracelet":0,"Ancient Tea Set":0,"Old Coin":0,"CaptainsWheel":0,"Cracked Core":0,"StrikeDummy":0},{"Inserter":0,"Happy Flower":0,"Golden Idol":0,"CeramicFish":0,"Astrolabe":0,"Vajra":0,"Eternal Feather":0,"Juzu Bracelet":0,"Ancient Tea Set":0,"Old Coin":0,"CaptainsWheel":0,"Cracked Core":0,"StrikeDummy":0}]},"card_choices":[{"not_picked":["Coolheaded","Tempest"],"picked":"Cold Snap","floor":1.0},{"not_picked":["Blizzard","Gash"],"picked":"Beam Cell","floor":2.0},{"not_picked":["Barrage","Doom and Gloom"],"picked":"FTL","floor":4.0},{"not_picked":["Recycle","Turbo"],"picked":"Stack","floor":5.0},{"not_picked":["Chill","Fusion"],"picked":"Sunder","floor":7.0},{"not_picked":["Scrape","Hologram"],"picked":"Ball Lightning","floor":10.0},{"not_picked":["Echo Form","Stack"],"picked":"BootSequence","floor":13.0},{"not_picked":["Gash","Coolheaded"],"picked":"Loop","floor":14.0},{"not_picked":["Biased Cognition","Creative AI"],"picked":"All For One","floor":16.0},{"not_picked":["Reinforced Body","Coolheaded"],"picked":"Conserve Battery","floor":18.0},{"not_picked":["Blizzard","Conserve Battery"],"picked":"Consume+1","floor":19.0},{"not_picked":["Glacier+1","Stack","Compile Driver"],"picked":"SKIP","floor":21.0},{"not_picked":["Darkness+1","Coolheaded+1"],"picked":"Streamline","floor":23.0},{"not_picked":["Cold Snap","Sweeping Beam"],"picked":"Ball Lightning","floor":24.0},{"not_picked":["Coolheaded","Stack","Streamline"],"picked":"SKIP","floor":28.0},{"not_picked":["Steam Power+1","Cold Snap","Rip and Tear"],"picked":"SKIP","floor":29.0},{"not_picked":["Seek","Echo Form"],"picked":"Electrodynamics","floor":33.0},{"not_picked":["Conserve Battery","Rebound"],"picked":"Leap+1","floor":35},{"not_picked":["Flash of Steel","Deep Breath"],"picked":"Madness","floor":37},{"not_picked":["Stack+1","Force Field","Fusion"],"picked":"SKIP","floor":38}],"player_experience":1122077,"relics_obtained":[{"floor":7.0,"key":"Juzu Bracelet"},{"floor":9.0,"key":"Happy Flower"},{"floor":14.0,"key":"Ancient Tea Set"},{"floor":23.0,"key":"CeramicFish"},{"floor":26.0,"key":"StrikeDummy"},{"floor":29.0,"key":"Old Coin"}],"event_choices":[{"cards_removed":["Defend_B"],"damage_healed":0.0,"max_hp_gain":0.0,"max_hp_loss":0.0,"gold_gain":0.0,"event_name":"The Cleric","player_choice":"Card Removal","floor":3.0,"gold_loss":50.0,"damage_taken":0.0},{"damage_healed":0.0,"max_hp_gain":0.0,"max_hp_loss":0.0,"gold_gain":0.0,"event_name":"Golden Idol","player_choice":"Take Damage","floor":11.0,"gold_loss":0.0,"damage_taken":18.0,"relics_obtained":["Golden Idol"]},{"damage_healed":0.0,"max_hp_gain":0.0,"max_hp_loss":0.0,"gold_gain":0.0,"event_name":"FaceTrader","player_choice":"Leave","floor":12.0,"gold_loss":0.0,"damage_taken":0.0},{"damage_healed":0.0,"max_hp_gain":0.0,"max_hp_loss":38.0,"gold_gain":0.0,"event_name":"Ghosts","player_choice":"Became a Ghost","floor":20.0,"gold_loss":0.0,"damage_taken":0.0,"cards_obtained":["Ghostly","Ghostly","Ghostly","Ghostly","Ghostly"]},{"cards_removed":["Defend_B"],"damage_healed":0.0,"max_hp_gain":0.0,"max_hp_loss":0.0,"gold_gain":0.0,"event_name":"Wheel of Change","player_choice":"Card Removal","floor":22.0,"gold_loss":0.0,"damage_taken":0.0},{"damage_healed":0.0,"max_hp_gain":0.0,"max_hp_loss":0.0,"gold_gain":0.0,"event_name":"Nest","player_choice":"Joined the Cult","floor":25.0,"gold_loss":0.0,"damage_taken":6.0,"cards_obtained":["RitualDagger"]},{"cards_removed":["Strike_B"],"damage_healed":0.0,"max_hp_gain":0.0,"max_hp_loss":0.0,"gold_gain":0.0,"event_name":"Beggar","player_choice":"Gave Gold","floor":30.0,"gold_loss":75.0,"damage_taken":0.0},{"cards_removed":["Static Discharge"],"damage_healed":0,"gold_gain":0,"player_choice":"Removed Power","damage_taken":0,"max_hp_gain":0,"max_hp_loss":0,"event_name":"Falling","floor":36,"gold_loss":0},{"damage_healed":0,"gold_gain":0,"player_choice":"Memory 1","damage_taken":0,"max_hp_gain":0,"max_hp_loss":0,"event_name":"SensoryStone","floor":37,"gold_loss":0}],"is_beta":false,"boss_relics":[{"not_picked":["Philosopher\u0027s Stone","Busted Crown"],"picked":"Inserter"},{"not_picked":["Coffee Dripper","SacredBark"],"picked":"Astrolabe"}],"items_purged_floors":[31],"is_endless":false,"potions_floor_spawned":[5,7,10,13,19,21,23,33,35],"killed_by":"Spire Growth","ascension_level":1}}