{"host":"sc0o2qwpf9j16a4i","time":1609275545,"event":{"mods":["AchievementEnabler","BaseMod","BetterRewards","Block Reminder","Colored Map","Colored Powertips","Custom Start","Highlight Path","Minty Spire (QoL Compilation)","Relic Stats"],"gold_per_floor":[116,126,126,276,92,126,145,145,145,170,182,182,208,227,227,301,301,320,331,331,331,5,31,31,46,101,120,140,160,160,160,160,160,160],"floor_reached":33,"playtime":870,"items_purged":["Doubt","Strike_R"],"score":779,"play_id":"154e468a-bc45-468a-b439-811f075bf70c","local_time":"20201229225905","is_ascension_mode":true,"campfire_choices":[{"floor":8.0,"key":"REST"},{"floor":15.0,"key":"REST"},{"floor":24.0,"key":"REST"},{"floor":32,"key":"REST"}],"circlet_count":0,"master_deck":["AscendersBane","Defend_R","Defend_R","Defend_R","Defend_R","Bash","Inflame","Inflame+1","Pommel Strike","Whirlwind","Clothesline+1","Armaments","Clothesline","Flex","Spot Weakness","Rampage","Feel No Pain","Demon Form","True Grit","Ghostly Armor","Apotheosis","Heavy Blade","True Grit","Power Through","Headbutt","Shrug It Off","Bite","Bite","Bite","Bite","Bite"],"relics":["Burning Blood","Bag of Marbles","ClockworkSouvenir","HornCleat","Pear","Odd Mushroom","Girya","Whetstone","Sozu","Strawberry","Membership Card","Centennial Puzzle"],"acts_visited":["Exordium","TheCity"],"potions_floor_usage":[33],"damage_taken":[{"damage":9.0,"enemies":"Jaw Worm","floor":1.0,"turns":3.0},{"damage":0.0,"enemies":"Small Slimes","floor":2.0,"turns":3.0},{"damage":20.0,"enemies":"3 Sentries","floor":6.0,"turns":5.0},{"damage":0.0,"enemies":"2 Louse","floor":7.0,"turns":2.0},{"damage":8.0,"enemies":"The Mushroom Lair","floor":10.0,"turns":3.0},{"damage":0.0,"enemies":"Large Slime","floor":11.0,"turns":5.0},{"damage":37.0,"enemies":"Lagavulin","floor":13.0,"turns":8.0},{"damage":3.0,"enemies":"Blue Slaver","floor":14.0,"turns":2.0},{"damage":35.0,"enemies":"The Guardian","floor":16.0,"turns":10.0},{"damage":30.0,"enemies":"Shell Parasite","floor":18.0,"turns":5.0},{"damage":13.0,"enemies":"Chosen","floor":19.0,"turns":5.0},{"damage":45.0,"enemies":"Slavers","floor":23.0,"turns":5.0},{"damage":23.0,"enemies":"Centurion and Healer","floor":25.0,"turns":5.0},{"damage":13.0,"enemies":"Snake Plant","floor":27.0,"turns":4.0},{"damage":1.0,"enemies":"Chosen and Byrds","floor":28.0,"turns":4.0},{"damage":20,"enemies":"Centurion and Healer","floor":29,"turns":7},{"damage":45,"enemies":"Collector","floor":33,"turns":6}],"seed_played":"-599158858982760982","potions_obtained":[{"floor":13.0,"key":"DuplicationPotion"},{"floor":14.0,"key":"SkillPotion"},{"floor":16.0,"key":"CultistPotion"}],"is_trial":false,"path_per_floor":["M","M","?","?","$","E","M","R","T","?","M","?","E","M","R","B",null,"M","M","?","T","$","E","R","M","T","M","M","M","?","?","R","B"],"character_chosen":"IRONCLAD","items_purchased":["Inflame","Bag of Marbles","ClockworkSouvenir","Inflame","Pommel Strike","AttackPotion","Armaments","Block Potion","Membership Card","Apotheosis"],"campfire_rested":4,"item_purchase_floors":[0,0,0,0,0,0,5,5,22,22],"current_hp_per_floor":[35,41,41,41,41,27,33,55,65,63,69,58,27,30,55,26,70,46,39,56,63,63,24,51,34,34,27,32,18,18,12,31,0,0],"gold":160,"neow_bonus":"","is_daily":false,"chose_seed":false,"campfire_upgraded":0,"win_rate":0.0,"timestamp":1609275545,"path_taken":["M","M","?","?","$","E","M","R","T","?","M","?","E","?","R","BOSS","M","?","?","?","$","E","R","M","T","M","M","M","?","?","R","BOSS"],"items_purchased_type":["Card","Relic","Relic","Card","Card","Potion","Card","Potion","Relic","Card"],"build_version":"2020-12-22","purchased_purges":2,"victory":false,"max_hp_per_floor":[75,75,75,75,75,75,75,75,85,85,85,85,85,85,85,85,85,85,85,85,92,92,92,92,92,92,92,92,92,64,64,64,64,64],"relic_stats":{"Sozu":3,"Centennial Puzzle":[15],"counters":[90,514],"Whetstone":["Clothesline","Strike_R"],"obtain_stats":[{"Gremlin Horn":27,"CeramicFish":48,"Whetstone":13,"Bottled Tornado":28,"Sozu":17,"Centennial Puzzle":23,"HornCleat":6,"Sundial":9,"Strawberry":9,"MealTicket":44,"Toxic Egg 2":41,"Girya":12,"Pear":0,"Happy Flower":55,"Oddly Smooth Stone":31,"Velvet Choker":17,"Eternal Feather":0,"Pen Nib":13,"Charon\u0027s Ashes":29,"War Paint":14,"WarpedTongs":21,"Shuriken":26,"Bronze Scales":24,"Snecko Eye":34,"Mark of Pain":0,"StrikeDummy":27,"Pocketwatch":0,"Meat on the Bone":26,"Regal Pillow":0,"Mango":42,"Incense Burner":7,"Burning Blood":0,"ClockworkSouvenir":0,"Dream Catcher":26,"Matryoshka":30,"Mummified Hand":10,"Pantograph":0,"WingedGreaves":6,"Red Mask":20,"Runic Pyramid":34,"Potion Belt":13,"Lee\u0027s Waffle":0,"The Courier":9,"Omamori":0,"Frozen Egg 2":14,"Odd Mushroom":10,"Medical Kit":37,"Anchor":43,"Bag of Marbles":8,"Coffee Dripper":17,"Bottled Lightning":7,"Membership Card":22,"FossilizedHelix":27},{"Gremlin Horn":43,"CeramicFish":25,"Whetstone":80,"Bottled Tornado":15,"Sozu":82,"Centennial Puzzle":85,"HornCleat":76,"Sundial":6,"Strawberry":32,"MealTicket":55,"Toxic Egg 2":23,"Girya":79,"Pear":59,"Happy Flower":28,"Oddly Smooth Stone":18,"Velvet Choker":37,"Eternal Feather":29,"Pen Nib":8,"Charon\u0027s Ashes":45,"War Paint":36,"WarpedTongs":11,"Shuriken":12,"Bronze Scales":42,"Snecko Eye":19,"Mark of Pain":0,"StrikeDummy":14,"Pocketwatch":29,"Meat on the Bone":42,"Regal Pillow":59,"Mango":54,"Incense Burner":64,"Burning Blood":0,"ClockworkSouvenir":73,"Dream Catcher":42,"Matryoshka":17,"Mummified Hand":33,"Pantograph":59,"WingedGreaves":4,"Red Mask":40,"Runic Pyramid":48,"Potion Belt":36,"Lee\u0027s Waffle":29,"The Courier":32,"Omamori":29,"Frozen Egg 2":66,"Odd Mushroom":78,"Medical Kit":20,"Anchor":23,"Bag of Marbles":6,"Coffee Dripper":9,"Bottled Lightning":5,"Membership Card":84,"FossilizedHelix":14},{"Gremlin Horn":261,"CeramicFish":157,"Whetstone":461,"Bottled Tornado":91,"Sozu":473,"Centennial Puzzle":488,"HornCleat":443,"Sundial":30,"Strawberry":206,"MealTicket":334,"Toxic Egg 2":144,"Girya":453,"Pear":375,"Happy Flower":186,"Oddly Smooth Stone":108,"Velvet Choker":233,"Eternal Feather":194,"Pen Nib":39,"Charon\u0027s Ashes":272,"War Paint":226,"WarpedTongs":65,"Shuriken":70,"Bronze Scales":257,"Snecko Eye":117,"Mark of Pain":0,"StrikeDummy":84,"Pocketwatch":194,"Meat on the Bone":257,"Regal Pillow":375,"Mango":327,"Incense Burner":395,"Burning Blood":0,"ClockworkSouvenir":432,"Dream Catcher":257,"Matryoshka":102,"Mummified Hand":211,"Pantograph":375,"WingedGreaves":13,"Red Mask":248,"Runic Pyramid":295,"Potion Belt":226,"Lee\u0027s Waffle":194,"The Courier":206,"Omamori":194,"Frozen Egg 2":401,"Odd Mushroom":448,"Medical Kit":123,"Anchor":144,"Bag of Marbles":30,"Coffee Dripper":52,"Bottled Lightning":17,"Membership Card":483,"FossilizedHelix":84}],"Burning Blood":320},"card_choices":[{"not_picked":["Iron Wave","Flex"],"picked":"Whirlwind","floor":1.0},{"not_picked":["Twin Strike","Carnage"],"picked":"Clothesline","floor":2.0},{"not_picked":["Pommel Strike","Iron Wave"],"picked":"Clothesline","floor":6.0},{"not_picked":["Havoc","Body Slam"],"picked":"Flex","floor":7.0},{"not_picked":["Fiend Fire","Sever Soul"],"picked":"Spot Weakness","floor":10.0},{"not_picked":["Heavy Blade","Flex"],"picked":"Rampage","floor":11.0},{"not_picked":["Twin Strike","Clothesline"],"picked":"Feel No Pain","floor":13.0},{"not_picked":["Iron Wave","Combust","Perfected Strike"],"picked":"SKIP","floor":14.0},{"not_picked":["Berserk","Bludgeon"],"picked":"Demon Form","floor":16.0},{"not_picked":["Thunderclap","Body Slam"],"picked":"True Grit","floor":18.0},{"not_picked":["Clothesline+1","Armaments"],"picked":"Ghostly Armor","floor":19.0},{"not_picked":["Twin Strike","Dark Embrace"],"picked":"Heavy Blade","floor":23.0},{"not_picked":["Iron Wave","Havoc"],"picked":"True Grit","floor":25.0},{"not_picked":["Evolve","Searing Blow"],"picked":"Power Through","floor":27.0},{"not_picked":["Clash","Cleave"],"picked":"Headbutt","floor":28.0},{"not_picked":["Brutality","Headbutt"],"picked":"Shrug It Off","floor":29}],"player_experience":415612,"relics_obtained":[{"floor":6.0,"key":"HornCleat"},{"floor":9.0,"key":"Pear"},{"floor":10.0,"key":"Odd Mushroom"},{"floor":13.0,"key":"Whetstone"},{"floor":21.0,"key":"Strawberry"},{"floor":23.0,"key":"Centennial Puzzle"}],"event_choices":[{"damage_healed":0.0,"max_hp_gain":0.0,"max_hp_loss":0.0,"gold_gain":0.0,"event_name":"Living Wall","player_choice":"Grow","floor":3.0,"gold_loss":0.0,"damage_taken":0.0,"cards_upgraded":["Inflame"]},{"damage_healed":0.0,"max_hp_gain":0.0,"max_hp_loss":0.0,"gold_gain":150.0,"event_name":"Liars Game","player_choice":"AGREE","floor":4.0,"gold_loss":0.0,"damage_taken":0.0,"cards_obtained":["Doubt"]},{"damage_healed":0.0,"max_hp_gain":0.0,"max_hp_loss":0.0,"gold_gain":0.0,"event_name":"Mushrooms","player_choice":"Fought Mushrooms","floor":10.0,"gold_loss":0.0,"damage_taken":0.0},{"damage_healed":0.0,"max_hp_gain":0.0,"max_hp_loss":0.0,"gold_gain":0.0,"event_name":"Scrap Ooze","player_choice":"Success","floor":12.0,"gold_loss":0.0,"damage_taken":11.0,"relics_obtained":["Girya"]},{"damage_healed":17.0,"max_hp_gain":0.0,"max_hp_loss":0.0,"gold_gain":0.0,"event_name":"The Library","player_choice":"Heal","floor":20.0,"gold_loss":0.0,"damage_taken":0.0},{"damage_healed":0,"gold_gain":0,"player_choice":"Became a vampire","damage_taken":0,"max_hp_gain":0,"max_hp_loss":28,"event_name":"Vampires","floor":30,"gold_loss":0,"cards_obtained":["Bite","Bite","Bite","Bite","Bite"]},{"damage_healed":0,"gold_gain":0,"player_choice":"","damage_taken":6,"max_hp_gain":0,"max_hp_loss":0,"event_name":"Knowing Skull","floor":31,"potions_obtained":[],"gold_loss":0,"cards_obtained":[]}],"is_beta":false,"boss_relics":[{"not_picked":["Busted Crown","Cursed Key"],"picked":"Sozu"}],"items_purged_floors":[5,22],"is_endless":false,"potions_floor_spawned":[13,14,16,19,23,25],"killed_by":"Collector","ascension_level":20}}