{"host":"6t1lyqu4vs0bu9t8","time":1609218962,"event":{"mods":["AchievementEnabler","BaseMod","Colored Map","Keyboard Shortcuts","Minty Spire (QoL Compilation)","Permanent Neow","Quick Restart","Rare Cards Sparkle","StSLib","SuperFastMode","everything is the same but u backflip on backflip"],"gold_per_floor":[110,130,43,43,61,95,105,105,105,105,105],"floor_reached":10,"playtime":218,"items_purged":[],"score":129,"play_id":"87f35df7-baa2-4bc6-b6b4-65e0f851fac0","local_time":"20201229141602","is_ascension_mode":true,"campfire_choices":[{"floor":8.0,"key":"REST"}],"circlet_count":0,"master_deck":["AscendersBane","Strike_P","Strike_P","Strike_P","Defend_P","Defend_P","Defend_P","Defend_P","Eruption","Vigilance","Wallop","FlurryOfBlows","ClearTheMind","Adaptation","EmptyFist","FearNoEvil","Halt"],"relics":["PureWater","Bronze Scales","StrikeDummy"],"acts_visited":["Exordium"],"potions_floor_usage":[10],"damage_taken":[{"damage":6.0,"enemies":"Jaw Worm","floor":1.0,"turns":3.0},{"damage":0.0,"enemies":"Cultist","floor":2.0,"turns":4.0},{"damage":4.0,"enemies":"Small Slimes","floor":5.0,"turns":3.0},{"damage":39.0,"enemies":"Lagavulin","floor":6.0,"turns":6.0},{"damage":13.0,"enemies":"3 Louse","floor":7.0,"turns":2.0},{"damage":25,"enemies":"3 Sentries","floor":10,"turns":3}],"seed_played":"5896852054122524313","potions_obtained":[{"floor":7.0,"key":"GamblersBrew"}],"is_trial":false,"path_per_floor":["M","M","$","?","M","E","M","R","T","E"],"character_chosen":"WATCHER","items_purchased":["Adaptation"],"campfire_rested":1,"item_purchase_floors":[3],"current_hp_per_floor":[55,55,55,60,56,17,4,25,25,0,0],"gold":105,"neow_bonus":"TRANSFORM_CARD","is_daily":false,"chose_seed":false,"campfire_upgraded":0,"win_rate":0.0,"timestamp":1609218962,"path_taken":["M","M","$","?","M","E","M","R","T","E"],"items_purchased_type":["Card"],"build_version":"2020-12-22","purchased_purges":0,"victory":false,"max_hp_per_floor":[68,68,68,73,73,73,73,73,73,73,73],"card_choices":[{"not_picked":["JustLucky","LikeWater"],"picked":"FlurryOfBlows","floor":1.0},{"not_picked":["Halt","Evaluate"],"picked":"ClearTheMind","floor":2.0},{"not_picked":["SashWhip","Consecrate"],"picked":"EmptyFist","floor":5.0},{"not_picked":["DeceiveReality","Wish"],"picked":"FearNoEvil","floor":6.0},{"not_picked":["SandsOfTime","EmptyBody"],"picked":"Halt","floor":7.0}],"player_experience":428696,"relics_obtained":[{"floor":6.0,"key":"Bronze Scales"},{"floor":9.0,"key":"StrikeDummy"}],"event_choices":[{"damage_healed":0.0,"max_hp_gain":5.0,"max_hp_loss":0.0,"gold_gain":0.0,"event_name":"Big Fish","player_choice":"Donut","floor":4.0,"gold_loss":0.0,"damage_taken":0.0}],"is_beta":false,"boss_relics":[],"items_purged_floors":[],"is_endless":false,"potions_floor_spawned":[7],"killed_by":"3 Sentries","ascension_level":18}}