{"host":"gx7yyrn1gkym3qpb","time":1609212752,"event":{"mods":["AchievementEnabler","BaseMod","Better Altar","Better Match","Better Note","Better Sensory Stone","Better Skull","Better Third Choice","Highlight Path","Minty Spire (QoL Compilation)","Permanent Neow","Quick Restart","StSLib","Unceasing Turn Reminder"],"gold_per_floor":[114,130,130,148,161,174,186,211,211,228,261,261,295,205,205,205,205],"floor_reached":16,"playtime":591,"items_purged":["Strike_R"],"score":217,"play_id":"7d8140f3-f1af-4a82-8ae5-10eee58e2868","local_time":"20201228223232","is_ascension_mode":true,"campfire_choices":[{"data":"Blood for Blood","floor":12,"key":"SMITH"},{"data":"Inflame","floor":15,"key":"SMITH"}],"circlet_count":0,"master_deck":["AscendersBane","Strike_R","Strike_R","Strike_R","Strike_R","Defend_R","Defend_R","Defend_R","Defend_R","Bash","Clothesline","Blood for Blood+1","Cleave","Juggernaut","Disarm","Juggernaut","Fiend Fire","Inflame+1"],"relics":["Burning Blood","Incense Burner","Omamori","The Courier","Happy Flower","Nunchaku"],"acts_visited":[],"potions_floor_usage":[7,13,16],"damage_taken":[{"damage":2,"enemies":"2 Louse","floor":1,"turns":2},{"damage":4,"enemies":"Small Slimes","floor":2,"turns":4},{"damage":5,"enemies":"Jaw Worm","floor":4,"turns":5},{"damage":7,"enemies":"Large Slime","floor":5,"turns":6},{"damage":2,"enemies":"Looter","floor":6,"turns":3},{"damage":16,"enemies":"3 Louse","floor":7,"turns":3},{"damage":28,"enemies":"Gremlin Nob","floor":8,"turns":5},{"damage":2,"enemies":"2 Fungi Beasts","floor":10,"turns":4},{"damage":14,"enemies":"Lagavulin","floor":11,"turns":8},{"damage":12,"enemies":"3 Sentries","floor":13,"turns":8},{"damage":32,"enemies":"Slime Boss","floor":16,"turns":8}],"seed_played":"6807524229879563668","potions_obtained":[{"floor":1,"key":"PowerPotion"},{"floor":5,"key":"SkillPotion"},{"floor":8,"key":"Block Potion"}],"is_trial":false,"path_per_floor":["M","M","?","M","M","M","M","E","T","M","E","R","E","$","R","B"],"character_chosen":"IRONCLAD","items_purchased":["Inflame"],"campfire_rested":0,"item_purchase_floors":[14],"current_hp_per_floor":[68,68,73,73,72,73,63,41,41,45,37,37,31,31,31,0,0],"gold":205,"neow_bonus":"ONE_RARE_RELIC","is_daily":false,"chose_seed":false,"campfire_upgraded":2,"win_rate":0.0,"timestamp":1609212752,"path_taken":["M","M","?","M","M","M","M","E","T","M","E","R","E","$","R","BOSS"],"items_purchased_type":["Card"],"build_version":"2020-12-22","purchased_purges":1,"victory":false,"max_hp_per_floor":[68,68,73,73,73,73,73,73,73,73,73,73,73,73,73,73,73],"card_choices":[{"not_picked":["Power Through","Body Slam"],"picked":"Clothesline","floor":1},{"not_picked":["Wild Strike","Body Slam","Heavy Blade"],"picked":"SKIP","floor":2},{"not_picked":["Iron Wave","Flex"],"picked":"Blood for Blood","floor":4},{"not_picked":["Headbutt","Seeing Red"],"picked":"Cleave","floor":5},{"not_picked":["Thunderclap","Havoc"],"picked":"Juggernaut","floor":6},{"not_picked":["Thunderclap","Clash"],"picked":"Disarm","floor":7},{"not_picked":["Intimidate","Wild Strike"],"picked":"Juggernaut","floor":8},{"not_picked":["Anger","Hemokinesis","Cleave"],"picked":"SKIP","floor":10},{"not_picked":["Armaments","Infernal Blade","Havoc"],"picked":"SKIP","floor":11},{"not_picked":["Sentinel","Headbutt"],"picked":"Fiend Fire","floor":13}],"player_experience":372674,"relics_obtained":[{"floor":8,"key":"Omamori"},{"floor":9,"key":"The Courier"},{"floor":11,"key":"Happy Flower"},{"floor":13,"key":"Nunchaku"}],"event_choices":[{"damage_healed":0,"gold_gain":0,"player_choice":"Donut","damage_taken":0,"max_hp_gain":5,"max_hp_loss":0,"event_name":"Big Fish","floor":3,"gold_loss":0}],"is_beta":false,"boss_relics":[],"items_purged_floors":[14],"is_endless":false,"potions_floor_spawned":[1,5,8,11],"killed_by":"Slime Boss","ascension_level":15}}