{"host":"a6jc8uoa78jpqx9a","time":1609240201,"event":{"mods":["BaseMod","Duelist Mod","GifTheSpireLib","Hermit","Hubris","Infinite Spire","Mimic Mod","Minty Spire (QoL Compilation)","Replay The Spire","StSLib","The Animator","The Bug Knight","The Construct","The Cursed","The Mystic","The Servant 0.9.4"],"gold_per_floor":[145,155,39,39,52,52,52,52,52,0,0,19,19,30,30,130,130,148,163,57,68,68,68,82,100,100,4,33,50,149,169,169,272,272,291,305,359,359,378,409,424,424,424],"floor_reached":42,"playtime":4323,"items_purged":[],"score":489,"play_id":"22091c20-b5b8-453a-b218-08a099aa1f2a","local_time":"20201229061001","is_ascension_mode":true,"campfire_choices":[{"data":"theDuelist:LightningDarts","floor":6,"key":"SMITH"},{"data":"theDuelist:DarkPaladin","floor":8,"key":"SMITH"},{"data":"theDuelist:LightningRodLord","floor":15,"key":"SMITH"},{"data":"theDuelist:InjectionFairy","floor":23,"key":"SMITH"},{"data":"theDuelist:InjectionFairy","floor":32,"key":"SMITH"}],"circlet_count":0,"master_deck":["theDuelist:CastleWalls","theDuelist:DarkMagician","theDuelist:MysticalElf","theDuelist:MysticalElf","theDuelist:NeoMagic","theDuelist:NeoMagic","theDuelist:Sparks","theDuelist:Sparks","theDuelist:LightningDarts+1","theDuelist:LightningRodLord+1","theDuelist:SangaEarth","theDuelist:RockSunrise","theDuelist:DarkPaladin+1","theDuelist:PsiCurse","theDuelist:BookSecret","theDuelist:ApprenticeIllusionMagician","theDuelist:HammerShot","theDuelist:DarkMagician","theDuelist:IrisEarthMother","theDuelist:ThousandEyesRestrict","theDuelist:InjectionFairy+1","theDuelist:InvitationDarkSleep","theDuelist:WitchBlackRose","theDuelist:InjectionFairy+1","theDuelist:LegendaryFlameLord","theDuelist:SkilledDarkMagician","theDuelist:ChangeHeart","theDuelist:DarkMagician","theDuelist:RainbowMagician","theDuelist:InjectionFairy","theDuelist:DarkPaladin","theDuelist:Raigeki+1","theDuelist:RainbowKuriboh","theDuelist:LegendaryFlameLord+1","theDuelist:StatueAnguishPattern","theDuelist:SangaEarth+1"],"relics":["theDuelist:CardPoolRelic","theDuelist:CardPoolBasicRelic","theDuelist:BoosterPackPoolRelic","theDuelist:CardPoolAddRelic","theDuelist:CardPoolMinusRelic","theDuelist:CardPoolSaveRelic","theDuelist:CardPoolOptionsRelic","Velvet Choker","theDuelist:MillenniumScale","hubris:MobiusCoin","hubris:TerracottaHorce","infinitespire:WardingShard","hubris:GrandSneckoEye","hubris:MedicalManual","hubris:SoftwareUpdate"],"acts_visited":["Exordium","TheCity","TheBeyond"],"potions_floor_usage":[19,19],"damage_taken":[{"damage":0,"enemies":"Small Slimes","floor":1,"turns":3},{"damage":0,"enemies":"Cultist","floor":2,"turns":3},{"damage":0,"enemies":"Jaw Worm","floor":5,"turns":3},{"damage":1,"enemies":"Blue Slaver","floor":12,"turns":3},{"damage":0,"enemies":"Looter","floor":14,"turns":2},{"damage":14,"enemies":"Hexaghost","floor":16,"turns":10},{"damage":4,"enemies":"Spheric Guardian","floor":18,"turns":4},{"damage":19,"enemies":"2 Thieves","floor":19,"turns":4},{"damage":0,"enemies":"Centurion and Healer","floor":21,"turns":2},{"damage":7,"enemies":"Snake Plant","floor":24,"turns":4},{"damage":0,"enemies":"3 Cultists","floor":25,"turns":4},{"damage":9,"enemies":"Book of Stabbing","floor":28,"turns":5},{"damage":8,"enemies":"Cultist and Chosen","floor":29,"turns":4},{"damage":0,"enemies":"Snecko","floor":31,"turns":4},{"damage":42,"enemies":"Pondfish","floor":33,"turns":9},{"damage":0,"enemies":"3 Darklings","floor":35,"turns":5},{"damage":0,"enemies":"3 Shapes","floor":36,"turns":3},{"damage":0,"enemies":"2 Orb Walkers","floor":37,"turns":3},{"damage":19,"enemies":"Sphere and 2 Shapes","floor":39,"turns":6},{"damage":21,"enemies":"Giant Head","floor":40,"turns":10},{"damage":0,"enemies":"Transient","floor":41,"turns":5},{"damage":74,"enemies":"Reptomancer","floor":42,"turns":4}],"seed_played":"-5756664260096421697","potions_obtained":[{"floor":5,"key":"theDuelist:SealedPack"},{"floor":16,"key":"theDuelist:BottledKuriboh"},{"floor":18,"key":"theDuelist:TokenPotion"},{"floor":22,"key":"EssenceOfDarkness"},{"floor":22,"key":"theDuelist:FlamingBottle"},{"floor":29,"key":"BlessingOfTheForge"}],"is_trial":false,"path_per_floor":["M","M","$","?","M","R","?","R","T","?","?","M","$","M","R","B",null,"M","M","$","M","?","R","M","M","T","$","E","M","?","M","R","B",null,"M","M","?","?","M","E","M","E"],"character_chosen":"THE_DUELIST","items_purchased":["theDuelist:SangaEarth","theDuelist:RockSunrise","theDuelist:InvitationDarkSleep","theDuelist:WitchBlackRose","theDuelist:ChangeHeart"],"campfire_rested":0,"item_purchase_floors":[3,3,20,20,27],"current_hp_per_floor":[80,80,80,80,80,80,80,80,80,80,80,79,79,79,79,65,76,72,53,53,57,57,57,55,55,55,55,55,51,51,55,55,32,68,78,80,80,80,71,59,64,0,0],"gold":424,"neow_bonus":"BOSS_RELIC","is_daily":false,"chose_seed":false,"campfire_upgraded":5,"win_rate":0.0,"timestamp":1609240201,"path_taken":["M","M","$","?","?","R","?","R","T","?","?","M","?","M","R","BOSS","M","M","$","M","?","R","?","M","T","$","E","?","?","M","R","BOSS","M","M","?","?","?","E","M","E"],"items_purchased_type":["Card","Card","Card","Card","Card"],"build_version":"2020-12-22","purchased_purges":0,"victory":false,"max_hp_per_floor":[80,80,80,80,80,80,80,80,80,80,80,80,80,80,80,80,80,80,80,80,80,80,80,80,80,80,80,80,80,80,80,80,80,80,80,80,80,80,80,80,80,80,80],"card_choices":[{"not_picked":["theDuelist:BattleguardKing","theDuelist:Hinotama","theDuelist:Sangan","theDuelist:GaiaMidNightSun"],"picked":"theDuelist:LightningDarts","floor":1},{"not_picked":["theDuelist:ClearKuriboh","theDuelist:DestroyerGolem","theDuelist:GaiaMidNightSun","theDuelist:EvilswarmHeliotrope"],"picked":"theDuelist:LightningRodLord","floor":2},{"not_picked":["theDuelist:QueenDragunDjinn","theDuelist:IceQueen"],"picked":"theDuelist:DarkPaladin","floor":5},{"not_picked":["theDuelist:AttackTheMoon","theDuelist:Mudora","theDuelist:BattleOx","theDuelist:RainbowOverdragon"],"picked":"theDuelist:HammerShot","floor":12},{"not_picked":["theDuelist:SpellShatteringArrow","theDuelist:SangaThunder","theDuelist:NeoMagic","theDuelist:BlizzardWarrior"],"picked":"theDuelist:DarkMagician","floor":14},{"not_picked":["theDuelist:RainbowDarkDragon","theDuelist:RainbowMagician","theDuelist:RainbowKuriboh","theDuelist:RainbowOverdragon"],"picked":"theDuelist:IrisEarthMother","floor":16},{"not_picked":["theDuelist:ExodiaNecross","theDuelist:ExodiaHead","theDuelist:RainbowDarkDragon","theDuelist:SwordsRevealing"],"picked":"theDuelist:ThousandEyesRestrict","floor":18},{"not_picked":["theDuelist:SpellShatteringArrow","theDuelist:SangaThunder","theDuelist:DarkMagician","theDuelist:ApprenticeIllusionMagician+1"],"picked":"theDuelist:InjectionFairy","floor":19},{"not_picked":["theDuelist:BlizzardWarrior","theDuelist:SangaThunder+1","theDuelist:NeoMagic","theDuelist:LegendaryExodia"],"picked":"theDuelist:InjectionFairy","floor":21},{"not_picked":["theDuelist:SangaEarth","theDuelist:Relinquished","theDuelist:ExodiaLA","theDuelist:LegendaryExodia"],"picked":"theDuelist:LegendaryFlameLord","floor":24},{"not_picked":["theDuelist:BlizzardWarrior","theDuelist:DarkMagician","theDuelist:WhiteMagicalHat","theDuelist:LordD+1"],"picked":"theDuelist:SkilledDarkMagician","floor":25},{"not_picked":["theDuelist:SpellShatteringArrow","theDuelist:BlizzardWarrior","theDuelist:NeoMagic","theDuelist:ExodiaRA"],"picked":"theDuelist:DarkMagician","floor":28},{"not_picked":["theDuelist:RainbowDarkDragon","theDuelist:IrisEarthMother","theDuelist:RainbowKuriboh+1"],"picked":"theDuelist:RainbowMagician","floor":29},{"not_picked":["theDuelist:BlizzardWarrior","theDuelist:SangaThunder+1","theDuelist:NeoMagic","theDuelist:SangaEarth"],"picked":"theDuelist:InjectionFairy","floor":31},{"not_picked":["theDuelist:ExodiaNecross+1","theDuelist:Wildfire","theDuelist:GrandSpellbookTower+1","theDuelist:IceQueen"],"picked":"theDuelist:DarkPaladin","floor":33},{"not_picked":["theDuelist:DestroyerGolem","theDuelist:GraniteLoyalist","theDuelist:LightningVortex","theDuelist:Mudora+1"],"picked":"theDuelist:Raigeki+1","floor":35},{"not_picked":["theDuelist:CrystalWingDragon","theDuelist:BlueBloodedOni","theDuelist:GreyGreedOni","theDuelist:RainbowOverdragon+1"],"picked":"theDuelist:RainbowKuriboh","floor":36},{"not_picked":["theDuelist:SpellShatteringArrow","theDuelist:SangaThunder+1","theDuelist:NeoMagic","theDuelist:DarkMagician"],"picked":"theDuelist:LegendaryFlameLord+1","floor":37},{"not_picked":["theDuelist:DarkMagician+1","theDuelist:DarkHorizon","theDuelist:ExodiaRA+1","theDuelist:CrystalWingDragon+1"],"picked":"theDuelist:StatueAnguishPattern","floor":39},{"not_picked":["theDuelist:ExodiaLA+1","theDuelist:CharcoalInpachi","theDuelist:DoomShaman+1","theDuelist:CosmoBrain+1"],"picked":"theDuelist:SangaEarth+1","floor":40},{"not_picked":["theDuelist:MillenniumGolem","theDuelist:Mudora+1","theDuelist:MudragonSwamp+1","theDuelist:WormKing","theDuelist:Blockman"],"picked":"SKIP","floor":41}],"player_experience":51222,"relics_obtained":[{"floor":9,"key":"hubris:MobiusCoin"},{"floor":28,"key":"infinitespire:WardingShard"},{"floor":37,"key":"hubris:MedicalManual"},{"floor":40,"key":"hubris:SoftwareUpdate"}],"event_choices":[{"cards_removed":["theDuelist:Sparks"],"damage_healed":0,"gold_gain":0,"player_choice":"Offered Basic","damage_taken":0,"max_hp_gain":0,"max_hp_loss":0,"event_name":"Bonfire Elementals","floor":4,"gold_loss":0},{"damage_healed":0,"gold_gain":0,"player_choice":"Took item - Received: Millennium Scale","duelist":true,"damage_taken":0,"max_hp_gain":0,"max_hp_loss":0,"event_name":"Millennium Items","floor":7,"gold_loss":0},{"damage_healed":0,"gold_gain":0,"player_choice":"Purchased Book Secret Arts for 52 Gold.","duelist":true,"damage_taken":0,"max_hp_gain":0,"max_hp_loss":0,"event_name":"Card Trader","floor":10,"gold_loss":0},{"damage_healed":0,"gold_gain":0,"cards_transformed":["theDuelist:CastleWalls"],"player_choice":"Change","damage_taken":0,"max_hp_gain":0,"max_hp_loss":0,"event_name":"Living Wall","floor":11,"gold_loss":0,"cards_obtained":["theDuelist:ApprenticeIllusionMagician"]},{"damage_healed":0,"gold_gain":0,"player_choice":"Got Potions","damage_taken":0,"max_hp_gain":0,"max_hp_loss":0,"event_name":"Lab","floor":22,"gold_loss":0},{"damage_healed":0,"gold_gain":99,"player_choice":"Stole From Cult","damage_taken":0,"max_hp_gain":0,"max_hp_loss":0,"event_name":"Nest","floor":30,"gold_loss":0},{"damage_healed":0,"gold_gain":0,"player_choice":"Fight","damage_taken":0,"max_hp_gain":0,"max_hp_loss":0,"event_name":"Mysterious Sphere","floor":37,"gold_loss":0},{"damage_healed":0,"gold_gain":0,"player_choice":"Leave","duelist":true,"damage_taken":0,"max_hp_gain":0,"max_hp_loss":0,"event_name":"Aknamkanon\u0027s Tomb","floor":38,"gold_loss":0}],"is_beta":false,"boss_relics":[{"not_picked":["Kintsugi","Painkiller Herb"],"picked":"hubris:TerracottaHorce"},{"not_picked":["theDuelist:MillenniumKey","Tiny House"],"picked":"hubris:GrandSneckoEye"}],"items_purged_floors":[],"is_endless":false,"potions_floor_spawned":[5,16,18,25,28,29,36,37,39,40],"killed_by":"Reptomancer","ascension_level":1}}