{"host":"r4e4q8yhb91dmdr8","time":1609214387,"event":{"mods":["AchievementEnabler","BaseMod","Better Note","Better Skull","Colored Map","Colored Powertips","Duelist Mod","GifTheSpireLib","Highlight Path","Jorbs\u0027s Wanderer Trilogy","Minty Spire (QoL Compilation)","Nova Terra(??·??)","Quick Restart","Random Character Button","Rare Cards Sparkle","Relic Stats","Remove Card Discount Mod","Shop Mod","StSLib","The Alterego","The Death Knight","The Fake Hero","The Marked","The Mystic","The Necromancer","The Wild Card","TheHero","TheWitcher"],"gold_per_floor":[3115,3089,1997,1997,2009,2038,2038,2052,2103,2128,2140,2140,2152,2172,2172,2270,2270,2270,1675,1675,1675,1675,1675,1675,1675,1675,1142,1142,1142,1142,1142,1142,1142,1142,1142,1142,1142,760,760,760,261,261,261,261,261],"floor_reached":44,"playtime":5453,"items_purged":["Strike_P","Strike_P","Strike_P","CarveReality","Defend_P","Defend_P"],"score":611,"play_id":"c373d77a-9ee2-4efe-8b28-4d1d19d858d7","local_time":"20201228195947","is_ascension_mode":false,"campfire_choices":[{"data":"LessonLearned","floor":12,"key":"SMITH"},{"data":"BattleHymn","floor":15,"key":"SMITH"},{"floor":23,"key":"RECALL"},{"data":"Apotheosis","floor":30,"key":"SMITH"},{"data":"LikeWater","floor":32,"key":"SMITH"},{"data":"Chrysalis","floor":40,"key":"SMITH"}],"circlet_count":0,"master_deck":["Defend_P+1","Eruption","Vigilance","Worship","CarveReality+1","LikeWater+1","Perseverance+1","EmptyBody+1","Blind","SashWhip","Good Instincts+1","FlurryOfBlows+1","Crescendo","LessonLearned+1","InnerPeace+1","EmptyMind","FollowUp","Evaluate","BattleHymn+1","Scrawl","WheelKick+1","FollowUp","Adaptation","Halt+1","FollowUp+1","Consecrate","CrushJoints+1","Violence","Swift Strike","Apotheosis+1","Vault+1","FollowUp+1","Collect+1","Chrysalis+1","FearNoEvil","Halt","Study+1","ReachHeaven+1","PathToVictory+1"],"relics":["PureWater","DollysMirror","MerchantsRug","Omamori","DeathKnight:SindragosasSkull","Oddly Smooth Stone","Meat on the Bone","Ectoplasm","Nunchaku","Frozen Egg 2","Red Mask","Blood Vial","Dream Catcher","MealTicket","Gremlin Horn","Shuriken","Cauldron","White Beast Statue"],"acts_visited":["Exordium","TheCity","TheBeyond"],"potions_floor_usage":[16,16,16,21,33,33,33,36],"damage_taken":[{"damage":3,"enemies":"Small Slimes","floor":1,"turns":4},{"damage":0,"enemies":"Cultist","floor":5,"turns":3},{"damage":21,"enemies":"3 Sentries","floor":6,"turns":6},{"damage":3,"enemies":"2 Louse","floor":8,"turns":3},{"damage":0,"enemies":"Gremlin Nob","floor":10,"turns":2},{"damage":12,"enemies":"Red Slaver","floor":11,"turns":6},{"damage":0,"enemies":"Large Slime","floor":13,"turns":6},{"damage":0,"enemies":"Looter","floor":14,"turns":2},{"damage":23,"enemies":"Hexaghost","floor":16,"turns":10},{"damage":0,"enemies":"Spheric Guardian","floor":18,"turns":3},{"damage":25,"enemies":"3 Byrds","floor":20,"turns":5},{"damage":14,"enemies":"Masked Bandits","floor":21,"turns":3},{"damage":19,"enemies":"Snake Plant","floor":22,"turns":4},{"damage":0,"enemies":"Snecko","floor":24,"turns":4},{"damage":6,"enemies":"Chosen and Byrds","floor":25,"turns":5},{"damage":0,"enemies":"theDuelist:KaibaA2","floor":31,"turns":2},{"damage":15,"enemies":"Collector","floor":33,"turns":6},{"damage":6,"enemies":"Orb Walker","floor":35,"turns":3},{"damage":62,"enemies":"3 Darklings","floor":36,"turns":6},{"damage":64,"enemies":"Reptomancer","floor":44,"turns":2}],"seed_played":"4185054567435758417","potions_obtained":[{"floor":1,"key":"Weak Potion"},{"floor":6,"key":"Swift Potion"},{"floor":14,"key":"ColorlessPotion"},{"floor":18,"key":"Energy Potion"},{"floor":20,"key":"PowerPotion"},{"floor":24,"key":"AttackPotion"},{"floor":35,"key":"GamblersBrew"},{"floor":36,"key":"ColorlessPotion"},{"floor":41,"key":"EntropicBrew"},{"floor":41,"key":"FairyPotion"}],"is_trial":false,"path_per_floor":["M","?","$","?","M","E","?","M","T","E","M","R","M","M","R","B",null,"M","$","M","?","M","R","M","M","T","$","?","?","R","E","R","B",null,"M","M","?","$","?","R","$","?","T","E"],"character_chosen":"WATCHER","items_purchased":["CarveReality","DollysMirror","MerchantsRug","Omamori","DeathKnight:SindragosasSkull","LikeWater","Perseverance","EmptyBody","Blind","SashWhip","FollowUp","Adaptation","Nunchaku","Frozen Egg 2","DistilledChaos","Violence","Dream Catcher","Ambrosia","Swift Strike","Chrysalis","FearNoEvil","Halt","Study+1","Shuriken","ReachHeaven","PathToVictory","Cauldron"],"campfire_rested":0,"item_purchase_floors":[3,3,3,3,3,3,3,3,3,3,19,19,19,19,19,27,27,27,27,38,38,38,38,41,41,41,41],"current_hp_per_floor":[76,76,76,76,76,55,55,52,52,52,40,40,40,40,40,29,79,79,79,54,40,33,33,45,51,51,51,51,51,51,53,53,40,79,73,25,25,40,40,40,55,32,32,0,0],"gold":261,"neow_bonus":"TEN_PERCENT_HP_BONUS","is_daily":false,"chose_seed":false,"campfire_upgraded":5,"win_rate":0.0,"timestamp":1609214387,"path_taken":["M","?","$","?","?","E","?","M","T","E","M","R","M","M","R","BOSS","M","$","M","?","M","R","M","M","T","$","?","?","R","E","R","BOSS","M","M","?","$","?","R","?","?","T","E"],"items_purchased_type":["Card","Relic","Relic","Relic","Relic","Card","Card","Card","Card","Card","Card","Card","Relic","Relic","Potion","Card","Relic","Potion","Card","Card","Card","Card","Card","Relic","Card","Card","Relic"],"build_version":"2020-12-22","purchased_purges":6,"victory":false,"max_hp_per_floor":[79,79,79,79,79,79,79,79,79,79,79,79,79,79,79,79,79,79,79,79,79,79,79,79,79,79,79,79,79,79,79,79,79,79,79,79,79,79,79,79,79,79,79,79,79],"relic_stats":{"Blood Vial":8,"Nunchaku":[11],"Dream Catcher":0,"Gremlin Horn":[5,5],"counters":[20,85],"Shuriken":[1],"MealTicket":30,"Ectoplasm":4339,"obtain_stats":[{"MerchantsRug":3,"Gremlin Horn":31,"Oddly Smooth Stone":6,"Omamori":3,"Frozen Egg 2":19,"Empty Cage":34,"White Beast Statue":43,"Blood Vial":26,"Cauldron":41,"Nunchaku":19,"Dream Catcher":27,"DollysMirror":3,"Shuriken":41,"MealTicket":28,"Ectoplasm":17,"Red Mask":21,"PureWater":0,"DeathKnight:SindragosasSkull":3,"Meat on the Bone":10},{"MerchantsRug":1,"Gremlin Horn":16,"Oddly Smooth Stone":3,"Omamori":1,"Frozen Egg 2":10,"Empty Cage":17,"White Beast Statue":19,"Blood Vial":15,"Cauldron":19,"Nunchaku":10,"Dream Catcher":15,"DollysMirror":1,"Shuriken":19,"MealTicket":15,"Ectoplasm":9,"Red Mask":12,"PureWater":0,"DeathKnight:SindragosasSkull":1,"Meat on the Bone":5},{"MerchantsRug":4,"Gremlin Horn":68,"Oddly Smooth Stone":13,"Omamori":4,"Frozen Egg 2":45,"Empty Cage":74,"White Beast Statue":83,"Blood Vial":66,"Cauldron":83,"Nunchaku":45,"Dream Catcher":66,"DollysMirror":4,"Shuriken":83,"MealTicket":66,"Ectoplasm":42,"Red Mask":53,"PureWater":0,"DeathKnight:SindragosasSkull":4,"Meat on the Bone":18}],"Meat on the Bone":60},"card_choices":[{"not_picked":["CrushJoints","JustLucky"],"picked":"Worship","floor":1},{"not_picked":["EmptyFist","BowlingBash"],"picked":"Crescendo","floor":5},{"not_picked":["Protect","EmptyFist"],"picked":"LessonLearned","floor":6},{"not_picked":["Consecrate","ThirdEye"],"picked":"InnerPeace","floor":8},{"not_picked":["ThirdEye","Sanctity"],"picked":"EmptyMind","floor":10},{"not_picked":["ClearTheMind","EmptyFist"],"picked":"FollowUp","floor":11},{"not_picked":["EmptyBody","InnerPeace"],"picked":"Evaluate","floor":13},{"not_picked":["SashWhip","WreathOfFlame"],"picked":"BattleHymn","floor":14},{"not_picked":["Judgement","Brilliance"],"picked":"Scrawl","floor":16},{"not_picked":["EmptyFist+1","BowlingBash+1"],"picked":"WheelKick+1","floor":18},{"not_picked":["ThirdEye","Meditate+1"],"picked":"Halt","floor":20},{"not_picked":["TalkToTheHand","EmptyBody"],"picked":"FollowUp+1","floor":21},{"not_picked":["FollowUp","SashWhip"],"picked":"Consecrate","floor":22},{"not_picked":["ThirdEye","Evaluate"],"picked":"CrushJoints+1","floor":24},{"not_picked":["Judgement","WheelKick","Perseverance+1"],"picked":"SKIP","floor":25},{"not_picked":["SashWhip","Crescendo","EmptyFist"],"picked":"SKIP","floor":31},{"not_picked":["Ragnarok","Judgement"],"picked":"Vault","floor":33},{"not_picked":["Conclude","WreathOfFlame"],"picked":"FollowUp+1","floor":35},{"not_picked":["JustLucky+1","CrushJoints+1"],"picked":"Collect+1","floor":36}],"player_experience":29378,"relics_obtained":[{"floor":6,"key":"Oddly Smooth Stone"},{"floor":10,"key":"Meat on the Bone"},{"floor":21,"key":"Red Mask"},{"floor":26,"key":"Blood Vial"},{"floor":31,"key":"Gremlin Horn"},{"floor":43,"key":"White Beast Statue"}],"event_choices":[{"damage_healed":0,"gold_gain":0,"player_choice":"Left Gold","damage_taken":0,"max_hp_gain":0,"max_hp_loss":0,"event_name":"World of Goop","floor":2,"gold_loss":26},{"damage_healed":0,"gold_gain":0,"player_choice":"2 cards matched","damage_taken":0,"max_hp_gain":0,"max_hp_loss":0,"event_name":"Match and Keep!","floor":4,"gold_loss":0,"cards_obtained":["Good Instincts","FlurryOfBlows"]},{"damage_healed":0,"gold_gain":0,"player_choice":"Ignored","damage_taken":0,"max_hp_gain":0,"max_hp_loss":0,"event_name":"betterNote:BetterNote","floor":7,"gold_loss":0,"cards_obtained":["Thunderclap"]},{"damage_healed":0,"gold_gain":0,"player_choice":"Fought Bandits","damage_taken":0,"max_hp_gain":0,"max_hp_loss":0,"event_name":"Masked Bandits","floor":21,"gold_loss":0},{"damage_healed":0,"gold_gain":0,"player_choice":"Opened","damage_taken":0,"relics_obtained":["MealTicket"],"max_hp_gain":0,"max_hp_loss":0,"event_name":"The Mausoleum","floor":28,"gold_loss":0},{"damage_healed":0,"gold_gain":0,"player_choice":"Ignored","damage_taken":0,"max_hp_gain":0,"max_hp_loss":0,"event_name":"Mysterious Sphere","floor":37,"gold_loss":0},{"damage_healed":0,"gold_gain":999,"player_choice":"Gold","damage_taken":0,"max_hp_gain":0,"max_hp_loss":0,"event_name":"MindBloom","floor":39,"gold_loss":0,"cards_obtained":["Normality","Normality"]}],"is_beta":false,"boss_relics":[{"not_picked":["HolyWater","Snecko Eye"],"picked":"Ectoplasm"},{"not_picked":["Fusion Hammer","Coffee Dripper"],"picked":"Empty Cage"}],"items_purged_floors":[3,19,27,27,38,38],"is_endless":false,"potions_floor_spawned":[1,6,14,18,20,24,31,35,36],"killed_by":"Reptomancer","ascension_level":0}}