{"host":"r0egjz7yisbmym81","time":1609264753,"event":{"mods":["BaseMod","Lobotomy","Minty Spire (QoL Compilation)","Quick Restart","Relic Stats","StSLib"],"gold_per_floor":[116,134,84,99,99,99,123,147,147,160,185,219,219,219,219,340,340,354,46,64,64,88,101,101,101,101],"floor_reached":25,"playtime":10029,"items_purged":["Strike_G"],"score":257,"play_id":"0fc7ecc6-6120-4d73-b2f5-e6d62ec4eadc","local_time":"20201230015913","is_ascension_mode":false,"campfire_choices":[{"floor":6.0,"key":"REST"},{"data":"Strike_G","floor":15.0,"key":"PURGE"},{"data":"Strike_G","floor":24,"key":"PURGE"}],"circlet_count":0,"master_deck":["Strike_G","Strike_G","Defend_G","Defend_G","Defend_G","Defend_G","Survivor","Neutralize","Slice","BodiesMountain","Blur","Scorched","Poisoned Stab","MHz","Flying Knee","MeatLantern","Blade Dance","Footwork","WallGazer","UniverseFragment","Terror","Sucker Punch","SpiderBud","Distraction","Doppelganger","RedShoes","Prepared","LaLuna","Well Laid Plans","Rudolta","Infinite Blades+1","PunishingBird","Envenom","LittleHelper","Finisher+1"],"relics":["Ring of the Snake","CogitoBucket","Golden Idol","Kunai","LuminousBracelet","Peace Pipe","HoveringKite","Lantern","ResearcherNote"],"acts_visited":["Exordium","TheCity"],"potions_floor_usage":[22],"damage_taken":[{"damage":0.0,"enemies":"Small Slimes","floor":1.0,"turns":4.0},{"damage":5.0,"enemies":"Jaw Worm","floor":2.0,"turns":6.0},{"damage":0.0,"enemies":"2 Louse","floor":4.0,"turns":2.0},{"damage":3.0,"enemies":"Red Slaver","floor":7.0,"turns":3.0},{"damage":0.0,"enemies":"Blue Slaver","floor":8.0,"turns":2.0},{"damage":0.0,"enemies":"Exordium Wildlife","floor":10.0,"turns":4.0},{"damage":2.0,"enemies":"Looter","floor":11.0,"turns":3.0},{"damage":6.0,"enemies":"3 Sentries","floor":12.0,"turns":3.0},{"damage":94.0,"enemies":"The Guardian","floor":16.0,"turns":11.0},{"damage":2.0,"enemies":"Shell Parasite","floor":18.0,"turns":4.0},{"damage":20.0,"enemies":"3 Byrds","floor":20.0,"turns":4.0},{"damage":14,"enemies":"Snake Plant","floor":22,"turns":2},{"damage":9,"enemies":"Sentry and Sphere","floor":23,"turns":3},{"damage":46,"enemies":"Snecko","floor":25,"turns":4}],"seed_played":"2964851073440584073","potions_obtained":[{"floor":1.0,"key":"SteroidPotion"},{"floor":10.0,"key":"AttackPotion"},{"floor":16.0,"key":"Dexterity Potion"},{"floor":20.0,"key":"GhostInAJar"},{"floor":22,"key":"Strength Potion"},{"floor":23,"key":"BlessingOfTheForge"}],"is_trial":false,"path_per_floor":["M","M","?","M","?","R","M","M","T","M","M","E","?","?","R","B",null,"M","$","M","?","M","M","R","M"],"character_chosen":"THE_SILENT","items_purchased":["Well Laid Plans","Lantern"],"campfire_rested":1,"item_purchase_floors":[19,19],"current_hp_per_floor":[70,65,65,65,48,69,66,66,66,84,83,80,85,85,85,31,90,90,90,90,90,81,90,90,56,56],"gold":101,"neow_bonus":"","is_daily":false,"chose_seed":false,"campfire_upgraded":0,"win_rate":0.0,"timestamp":1609264753,"path_taken":["M","M","?","M","?","R","M","M","T","M","M","E","?","?","R","BOSS","M","$","M","?","M","M","R","M"],"items_purchased_type":["Card","Card"],"build_version":"2020-12-22","purchased_purges":1,"victory":false,"max_hp_per_floor":[70,70,70,70,70,70,70,70,70,85,85,85,90,90,90,90,90,90,90,90,90,90,90,90,90,90],"relic_stats":{"Peace Pipe":2,"counters":[16,57],"Golden Idol":64,"HoveringKite":[2],"Kunai":[10],"obtain_stats":[{"Peace Pipe":12,"CogitoBucket":0,"Lantern":19,"Golden Idol":5,"LuminousBracelet":10,"HoveringKite":17,"ResearcherNote":20,"Kunai":9,"Ring of the Snake":0},{"Peace Pipe":9,"CogitoBucket":0,"Lantern":11,"Golden Idol":3,"LuminousBracelet":7,"HoveringKite":10,"ResearcherNote":13,"Kunai":5,"Ring of the Snake":0},{"Peace Pipe":28,"CogitoBucket":0,"Lantern":43,"Golden Idol":12,"LuminousBracelet":22,"HoveringKite":39,"ResearcherNote":48,"Kunai":17,"Ring of the Snake":0}],"Ring of the Snake":[32]},"card_choices":[{"not_picked":["Prepared","Dodge and Roll"],"picked":"Slice","floor":1.0},{"not_picked":["OldLady","UniverseFragment"],"picked":"BodiesMountain","floor":1.0},{"not_picked":["Dodge and Roll","Predator"],"picked":"Blur","floor":2.0},{"not_picked":["ShyLook","PunishingBird"],"picked":"Scorched","floor":2.0},{"not_picked":["Quick Slash","PiercingWail"],"picked":"Poisoned Stab","floor":4.0},{"not_picked":["ShyLook","PunishingBird"],"picked":"MHz","floor":4.0},{"not_picked":["Outmaneuver","Underhanded Strike"],"picked":"Flying Knee","floor":7.0},{"not_picked":["Rudolta","FairyFestival"],"picked":"MeatLantern","floor":7.0},{"not_picked":["Poisoned Stab","Predator"],"picked":"Blade Dance","floor":8.0},{"not_picked":["Murderer","OldLady"],"picked":"CherryBlossoms","floor":8.0},{"not_picked":["Tactician","Dodge and Roll"],"picked":"Footwork","floor":10.0},{"not_picked":["BigBird","VoidDream"],"picked":"WallGazer","floor":10.0},{"not_picked":["FairyFestival","VoidDream"],"picked":"UniverseFragment","floor":11.0},{"not_picked":["Dagger Spray","Quick Slash"],"picked":"Terror","floor":11.0},{"not_picked":["Blur","Expertise"],"picked":"Sucker Punch","floor":12.0},{"not_picked":["WhitesApple","VoidDream"],"picked":"SpiderBud","floor":12.0},{"not_picked":["Burst","Die Die Die"],"picked":"Doppelganger","floor":16.0},{"not_picked":["Wellcheers","FieryBird"],"picked":"RedShoes","floor":16.0},{"not_picked":["Backstab","PiercingWail"],"picked":"Prepared","floor":18.0},{"not_picked":["GreedKing","OSAHOGD"],"picked":"LaLuna","floor":18.0},{"not_picked":["BeautyBeast","BlackSwan"],"picked":"Rudolta","floor":20.0},{"not_picked":["Outmaneuver","Dagger Spray"],"picked":"Infinite Blades+1","floor":20.0},{"not_picked":["Scarecrow","BeautyBeast"],"picked":"PunishingBird","floor":22},{"not_picked":["Predator","Deflect"],"picked":"Envenom","floor":22},{"not_picked":["OldLady","Woodsman"],"picked":"LittleHelper","floor":23},{"not_picked":["Prepared+1","Poisoned Stab+1"],"picked":"Finisher+1","floor":23}],"player_experience":4559,"relics_obtained":[{"floor":9.0,"key":"Kunai"},{"floor":12.0,"key":"Peace Pipe"}],"event_choices":[{"cards_removed":["Defend_G"],"damage_healed":0.0,"max_hp_gain":0.0,"max_hp_loss":0.0,"gold_gain":0.0,"event_name":"The Cleric","player_choice":"Card Removal","floor":3.0,"gold_loss":50.0,"damage_taken":0.0},{"damage_healed":0.0,"max_hp_gain":0.0,"max_hp_loss":0.0,"gold_gain":0.0,"event_name":"Golden Idol","player_choice":"Take Damage","floor":5.0,"gold_loss":0.0,"damage_taken":17.0,"relics_obtained":["Golden Idol"]},{"damage_healed":0.0,"max_hp_gain":5.0,"max_hp_loss":0.0,"gold_gain":0.0,"event_name":"Big Fish","player_choice":"Donut","floor":13.0,"gold_loss":0.0,"damage_taken":0.0},{"damage_healed":0.0,"max_hp_gain":0.0,"max_hp_loss":0.0,"gold_gain":0.0,"cards_transformed":["CherryBlossoms"],"event_name":"Living Wall","player_choice":"Change","floor":14.0,"gold_loss":0.0,"damage_taken":0.0,"cards_obtained":["Distraction"]},{"damage_healed":0.0,"max_hp_gain":0.0,"max_hp_loss":0.0,"gold_gain":0.0,"event_name":"Vampires","player_choice":"Ignored","floor":21.0,"gold_loss":0.0,"damage_taken":0.0}],"is_beta":false,"boss_relics":[{"not_picked":["Busted Crown","Velvet Choker"],"picked":"HoveringKite"}],"items_purged_floors":[19],"is_endless":false,"potions_floor_spawned":[1,10,16,20,22,23],"killed_by":"Snecko","ascension_level":0}}