{"host":"nk1hwk2qadwaubm5","time":1609275350,"event":{"mods":["BaseMod","Hermit","Hubris","Infinite Spire","Marisa????????","Minty Spire (QoL Compilation)","Replay The Spire","StSLib","The Animator","The Cursed","The Jungle","The Servant 0.9.4"],"gold_per_floor":[113,130,150,150,150,184,184,184,184,202,32,32,61,75,75,177,177,192,192,206,206,225,225,255,274,325,355,64,80,82,103,103,206,206,219,271,295,67,124,155,155,155,200,211,242,242,242,252,252,256],"floor_reached":51,"playtime":18174,"items_purged":["animator:Curse_Nutcracker","Strike_B"],"score":1060,"play_id":"c36bd99e-a33d-4b82-8896-fb5327e3af2b","local_time":"20201229215550","is_ascension_mode":true,"campfire_choices":[{"data":"Zap","floor":7,"key":"SMITH"},{"data":"Crystallizer","floor":12,"key":"SMITH"},{"data":"Streamline","floor":15,"key":"SMITH"},{"data":"Replay:Dark Deal","floor":23,"key":"SMITH"},{"data":"Defragment","floor":32,"key":"SMITH"},{"data":"Echo Form","floor":42,"key":"SMITH"},{"floor":49,"key":"DIG"}],"circlet_count":0,"master_deck":["Strike_B","Defend_B","Defend_B","Dualcast","Go for the Eyes","Steam","Steam","Stack+1","Coolheaded","Replay:Dark Deal+1","Streamline+1","Turbo+1","All For One+1","CurseOfTheBell","Gash","Conserve Battery+1","Beam Cell+1","Streamline","Electrodynamics+1","Echo Form+1","infinitespire:Execution","Echo Form+1","Capacitor+1","Chill","Reboot","hubris:DuctTapeCard","Fusion+1","ReplayTheSpireMod:Calculation Training+1"],"relics":["Replay:Drink Me","hubris:Towel","infinitespire:Freezer","Pocketwatch","infinitespire:FocusingShard","Calling Bell","Pear","Replay:Kaleidoscope","ReplayTheSpireMod:TigerMarble","HornCleat","infinitespire:Midas Blood","infinitespire:PuzzleCube","Gremlin Food","Bag of Marbles","Guide Book","Philosopher\u0027s Stone","CatCart","War Paint","Nunchaku","Ice Cream","Anchor","Oddly Smooth Stone","hubris:DuctTape","Painkiller Herb","infinitespire:Bottled Soul","ReplayTheSpireMod:Lightbulb"],"acts_visited":["Exordium","TheCity","TheBeyond"],"potions_floor_usage":[6,18,24,29,39],"damage_taken":[{"damage":1,"enemies":"Cultist","floor":1,"turns":5},{"damage":3,"enemies":"2 Louse","floor":2,"turns":2},{"damage":0,"enemies":"Small Slimes","floor":3,"turns":3},{"damage":12,"enemies":"Lagavulin","floor":6,"turns":8},{"damage":0,"enemies":"Exordium Wildlife","floor":10,"turns":3},{"damage":9,"enemies":"3 Sentries","floor":13,"turns":10},{"damage":0,"enemies":"Red Slaver","floor":14,"turns":5},{"damage":0,"enemies":"Hexaghost","floor":16,"turns":16},{"damage":0,"enemies":"Chosen","floor":18,"turns":5},{"damage":0,"enemies":"Spheric Guardian","floor":20,"turns":3},{"damage":0,"enemies":"Cultist and Chosen","floor":22,"turns":6},{"damage":9,"enemies":"Slavers","floor":24,"turns":9},{"damage":0,"enemies":"3 Cultists","floor":25,"turns":5},{"damage":0,"enemies":"Book of Stabbing","floor":27,"turns":5},{"damage":0,"enemies":"Centurion and Healer","floor":29,"turns":3},{"damage":3,"enemies":"Snake Plant","floor":31,"turns":4},{"damage":8,"enemies":"Collector","floor":33,"turns":6},{"damage":0,"enemies":"Orb Walker","floor":35,"turns":1},{"damage":0,"enemies":"Orin","floor":36,"turns":4},{"damage":27,"enemies":"2 Orb Walkers","floor":39,"turns":5},{"damage":0,"enemies":"R_Hoarder","floor":40,"turns":7},{"damage":0,"enemies":"3 Darklings","floor":44,"turns":3},{"damage":0,"enemies":"Nemesis","floor":45,"turns":7},{"damage":0,"enemies":"Writhing Mass","floor":48,"turns":4},{"damage":23,"enemies":"Awakened One","floor":50,"turns":8}],"seed_played":"-155820827681248663","potions_obtained":[{"floor":1,"key":"ColorlessPotion"},{"floor":6,"key":"Milkshake"},{"floor":10,"key":"Energy Potion"},{"floor":14,"key":"Weak Potion"},{"floor":20,"key":"BlessingOfTheForge"},{"floor":24,"key":"Adrenaline Potion"},{"floor":33,"key":"AttackPotion"},{"floor":44,"key":"Flashbang"},{"floor":48,"key":"Strength Potion"}],"is_trial":false,"path_per_floor":["M","M","M","?","?","E","R","?","T","M","$","R","E","M","R","B",null,"M","?","M","?","M","R","E","M","T","E","$","M","?","M","R","B",null,"M","?","T","$","?","E","?","R","T","M","E","AVR","?","?","T","B",null],"character_chosen":"DEFECT","items_purchased":["Replay:Dark Deal","Bag of Marbles","Guide Book","Nunchaku"],"campfire_rested":0,"item_purchase_floors":[11,28,28,38],"current_hp_per_floor":[56,53,53,46,46,34,34,34,34,34,34,34,25,25,25,25,67,67,55,55,55,55,55,46,46,46,46,46,46,28,25,25,17,72,72,72,72,72,45,45,45,45,45,45,45,45,45,45,45,22],"gold":256,"neow_bonus":"BOSS_RELIC","is_daily":false,"chose_seed":false,"campfire_upgraded":6,"win_rate":0.0,"timestamp":1609275350,"path_taken":["M","M","M","?","?","E","R","?","T","?","?","R","E","M","R","BOSS","M","?","M","?","M","R","E","M","T","E","$","M","?","M","R","BOSS","M","?","?","$","?","E","?","R","T","M","E","AVR","?","?","T","BOSS"],"items_purchased_type":["Card","Relic","Relic","Relic"],"build_version":"2020-12-22","purchased_purges":2,"victory":true,"max_hp_per_floor":[57,57,57,57,57,57,57,57,57,57,57,57,57,57,57,57,67,67,72,72,72,72,72,72,72,72,72,72,72,72,72,72,72,72,72,72,72,72,72,72,72,72,72,72,72,72,72,72,72,72],"card_choices":[{"not_picked":["Cold Snap","Ball Lightning"],"picked":"Go for the Eyes","floor":1},{"not_picked":["BasicCrystalCard","Force Field"],"picked":"Steam","floor":2},{"not_picked":["Stack","Redo"],"picked":"Steam","floor":3},{"not_picked":["Fission","Hologram"],"picked":"Crystallizer","floor":6},{"not_picked":["Fission","Double Energy"],"picked":"Coolheaded","floor":10},{"not_picked":["Turbo","Steam Power"],"picked":"Streamline","floor":13},{"not_picked":["Redo","Compile Driver"],"picked":"Turbo","floor":14},{"not_picked":["Meteor Strike","ReplayTheSpireMod:Fabricate Wheel"],"picked":"All For One","floor":16},{"not_picked":["Hologram","Coolheaded"],"picked":"Gash","floor":18},{"not_picked":["Leap","Conserve Battery","ReplayTheSpireMod:System Scan"],"picked":"SKIP","floor":20},{"not_picked":["Leap","ReplayTheSpireMod:System Scan"],"picked":"Conserve Battery","floor":20},{"not_picked":["Crystallizer","Redo"],"picked":"Beam Cell+1","floor":22},{"not_picked":["Panic Button","Genetic Algorithm"],"picked":"Streamline","floor":24},{"not_picked":["Force Field","Sweeping Beam"],"picked":"Electrodynamics","floor":25},{"not_picked":["Chill","Rebound"],"picked":"Defragment","floor":27},{"not_picked":["Force Field","Coolheaded"],"picked":"Echo Form","floor":29},{"not_picked":["infinitespire:Starlight","hubris:InfiniteBlow"],"picked":"infinitespire:Execution","floor":30},{"not_picked":["Go for the Eyes+1","Hologram+1","Redo+1"],"picked":"SKIP","floor":31},{"not_picked":["Go for the Eyes+1","Hologram+1","Redo+1"],"picked":"SKIP","floor":31},{"not_picked":["Electrodynamics","Multi-Cast"],"picked":"Echo Form","floor":33},{"not_picked":["ReplayTheSpireMod:System Scan+1","Hologram+1"],"picked":"Capacitor+1","floor":35},{"not_picked":["Compile Driver","Doom and Gloom"],"picked":"Chill","floor":39},{"not_picked":["Storm+1","Doom and Gloom","hubris:Ukulele+1"],"picked":"SKIP","floor":40},{"not_picked":["Streamline","Cold Snap"],"picked":"Reboot","floor":44},{"not_picked":["Ball Lightning+1","Skim"],"picked":"Fusion+1","floor":45},{"not_picked":["Stack+1","Electrodynamics"],"picked":"ReplayTheSpireMod:Calculation Training+1","floor":48}],"player_experience":321485,"relics_obtained":[{"floor":6,"key":"infinitespire:Freezer"},{"floor":9,"key":"Pocketwatch"},{"floor":13,"key":"infinitespire:FocusingShard"},{"floor":17,"key":"Pear"},{"floor":17,"key":"Replay:Kaleidoscope"},{"floor":17,"key":"ReplayTheSpireMod:TigerMarble"},{"floor":24,"key":"infinitespire:Midas Blood"},{"floor":26,"key":"infinitespire:PuzzleCube"},{"floor":27,"key":"Gremlin Food"},{"floor":36,"key":"CatCart"},{"floor":37,"key":"War Paint"},{"floor":39,"key":"Ice Cream"},{"floor":40,"key":"Anchor"},{"floor":43,"key":"Oddly Smooth Stone"},{"floor":45,"key":"hubris:DuctTape"},{"floor":49,"key":"ReplayTheSpireMod:Lightbulb"}],"event_choices":[{"cards_removed":["Defend_B"],"damage_healed":0,"gold_gain":0,"player_choice":"Card Removal","damage_taken":7,"max_hp_gain":0,"max_hp_loss":0,"event_name":"Golden Wing","floor":4,"gold_loss":0},{"damage_healed":0,"gold_gain":0,"player_choice":"Shed Blood","damage_taken":17,"max_hp_gain":5,"max_hp_loss":0,"event_name":"Forgotten Altar","floor":19,"gold_loss":0},{"damage_healed":0,"gold_gain":0,"player_choice":"Fight","damage_taken":0,"max_hp_gain":0,"max_hp_loss":0,"event_name":"OrinTheCat","floor":36,"gold_loss":0},{"damage_healed":0,"gold_gain":0,"player_choice":"Fight","damage_taken":0,"max_hp_gain":0,"max_hp_loss":0,"event_name":"Mysterious Sphere","floor":39,"gold_loss":0}],"is_beta":false,"boss_relics":[{"not_picked":["Empty Cage","Ectoplasm"],"picked":"Calling Bell"},{"not_picked":["Kintsugi","Ring of Chaos"],"picked":"Philosopher\u0027s Stone"}],"items_purged_floors":[38,46],"is_endless":false,"potions_floor_spawned":[1,6,10,14,20,22,24,27,33,35,44,48],"ascension_level":3}}