{"host":"6pgtslebjnyv5xmi","time":1609224700,"event":{"mods":["AchievementEnabler","BaseMod","Colored Map","Minty Spire (QoL Compilation)","Rare Cards Sparkle","StSLib","SuperFastMode","everything is the same but u backflip on backflip"],"gold_per_floor":[119,119,194,213,213,213,270,297,320,420,420,449,462,47,47,151,151,165,90,101,111,128,128,146,165,165,165,193,93,112,131,131,131,131],"floor_reached":33,"playtime":961,"items_purged":["Defend_R","Strike_R"],"score":429,"play_id":"bee06a0e-3d82-4a03-aaa6-50da3f675806","local_time":"20201229155140","is_ascension_mode":true,"campfire_choices":[{"data":"Whirlwind","floor":6,"key":"SMITH"},{"data":"Shockwave","floor":11,"key":"SMITH"},{"data":"Fire Breathing","floor":15,"key":"SMITH"},{"data":"Bloodletting","floor":23,"key":"SMITH"},{"data":"Demon Form","floor":27,"key":"SMITH"},{"floor":32,"key":"REST"}],"circlet_count":0,"master_deck":["AscendersBane","Strike_R","Strike_R+1","Strike_R","Defend_R","Defend_R","Defend_R","Bash+1","Fire Breathing+1","Whirlwind+1","Shockwave+1","Bloodletting+1","Inflame","Offering","Demon Form+1","Ghostly Armor+1","Whirlwind+1","Spot Weakness","Flex+1"],"relics":["Burning Blood","NeowsBlessing","Anchor","PreservedInsect","Torii","Whetstone","Du-Vu Doll","Mercury Hourglass","Mark of Pain","Bag of Marbles","Omamori"],"acts_visited":["Exordium","TheCity"],"potions_floor_usage":[12,21,25,33,33],"damage_taken":[{"damage":0,"enemies":"2 Louse","floor":1,"turns":1},{"damage":0,"enemies":"Jaw Worm","floor":4,"turns":1},{"damage":0,"enemies":"3 Sentries","floor":7,"turns":1},{"damage":5,"enemies":"3 Sentries","floor":8,"turns":4},{"damage":1,"enemies":"Gremlin Nob","floor":12,"turns":3},{"damage":0,"enemies":"Small Slimes","floor":13,"turns":3},{"damage":28,"enemies":"Slime Boss","floor":16,"turns":5},{"damage":12,"enemies":"2 Thieves","floor":18,"turns":2},{"damage":0,"enemies":"3 Byrds","floor":20,"turns":3},{"damage":34,"enemies":"Shelled Parasite and Fungi","floor":21,"turns":5},{"damage":0,"enemies":"Centurion and Healer","floor":22,"turns":3},{"damage":3,"enemies":"Snecko","floor":24,"turns":2},{"damage":2,"enemies":"Cultist and Chosen","floor":25,"turns":5},{"damage":31,"enemies":"Gremlin Leader","floor":28,"turns":5},{"damage":12,"enemies":"Centurion and Healer","floor":30,"turns":4},{"damage":24,"enemies":"Snake Plant","floor":31,"turns":3},{"damage":51,"enemies":"Collector","floor":33,"turns":6}],"seed_played":"-3534393614302364957","potions_obtained":[{"floor":1,"key":"DistilledChaos"},{"floor":7,"key":"Fire Potion"},{"floor":12,"key":"Weak Potion"},{"floor":13,"key":"CultistPotion"},{"floor":22,"key":"BloodPotion"},{"floor":25,"key":"Energy Potion"}],"is_trial":false,"path_per_floor":["M","?","?","M","?","R","?","E","T","?","R","E","M","$","R","B",null,"M","$","M","M","M","R","M","M","T","R","E","$","M","M","R","B"],"character_chosen":"IRONCLAD","items_purchased":["Mercury Hourglass","Offering"],"campfire_rested":1,"item_purchase_floors":[14,14],"current_hp_per_floor":[78,75,64,70,63,63,69,70,70,70,70,75,80,80,80,58,75,69,69,75,47,53,53,56,76,76,76,51,51,45,27,51,0,0],"gold":131,"neow_bonus":"THREE_ENEMY_KILL","is_daily":false,"chose_seed":false,"campfire_upgraded":5,"win_rate":0.0,"timestamp":1609224700,"path_taken":["M","?","?","M","?","R","?","E","T","?","R","E","M","$","R","BOSS","M","$","M","M","?","R","M","M","T","R","E","$","M","M","R","BOSS"],"items_purchased_type":["Relic","Card"],"build_version":"2020-12-22","purchased_purges":2,"victory":false,"max_hp_per_floor":[80,80,80,80,80,80,80,80,80,80,80,80,80,80,80,80,80,80,80,80,80,80,80,80,80,80,80,80,80,80,80,80,80,80],"card_choices":[{"not_picked":["Rupture","True Grit"],"picked":"Fire Breathing","floor":1},{"not_picked":["Fire Breathing","Clash"],"picked":"Whirlwind","floor":4},{"not_picked":["Thunderclap","Havoc"],"picked":"Shockwave","floor":8},{"not_picked":["Body Slam","Shockwave"],"picked":"Bloodletting","floor":12},{"not_picked":["Clash","Battle Trance"],"picked":"Inflame","floor":13},{"not_picked":["Impervious","Double Tap"],"picked":"Demon Form","floor":16},{"not_picked":["Intimidate","Heavy Blade","Iron Wave"],"picked":"SKIP","floor":18},{"not_picked":["Uppercut+1","Searing Blow"],"picked":"Ghostly Armor+1","floor":20},{"not_picked":["Heavy Blade","Body Slam+1"],"picked":"Whirlwind+1","floor":21},{"not_picked":["Evolve+1","Wild Strike","True Grit+1"],"picked":"SKIP","floor":22},{"not_picked":["Ghostly Armor","Uppercut","Clash+1"],"picked":"SKIP","floor":24},{"not_picked":["Power Through","Twin Strike"],"picked":"Spot Weakness","floor":25},{"not_picked":["Clothesline","Uppercut+1","Feel No Pain+1"],"picked":"SKIP","floor":28},{"not_picked":["Havoc+1","Iron Wave"],"picked":"Flex+1","floor":30},{"not_picked":["Dual Wield+1","Havoc","Armaments"],"picked":"SKIP","floor":31}],"player_experience":567964,"relics_obtained":[{"floor":7,"key":"PreservedInsect"},{"floor":8,"key":"Torii"},{"floor":9,"key":"Whetstone"},{"floor":12,"key":"Du-Vu Doll"},{"floor":26,"key":"Bag of Marbles"},{"floor":28,"key":"Omamori"}],"event_choices":[{"damage_healed":0,"gold_gain":0,"player_choice":"Success","damage_taken":3,"relics_obtained":["Anchor"],"max_hp_gain":0,"max_hp_loss":0,"event_name":"Scrap Ooze","floor":2,"gold_loss":0},{"damage_healed":0,"gold_gain":75,"player_choice":"Gather Gold","damage_taken":11,"max_hp_gain":0,"max_hp_loss":0,"event_name":"World of Goop","floor":3,"gold_loss":0},{"cards_removed":["Strike_R"],"damage_healed":0,"gold_gain":0,"player_choice":"Card Removal","damage_taken":7,"max_hp_gain":0,"max_hp_loss":0,"event_name":"Golden Wing","floor":5,"gold_loss":0},{"damage_healed":0,"gold_gain":30,"player_choice":"Searched \u00272\u0027 times","damage_taken":0,"max_hp_gain":0,"max_hp_loss":0,"event_name":"Dead Adventurer","floor":7,"gold_loss":0},{"damage_healed":0,"gold_gain":100,"player_choice":"Pray","damage_taken":0,"max_hp_gain":0,"max_hp_loss":0,"event_name":"Golden Shrine","floor":10,"gold_loss":0}],"is_beta":false,"boss_relics":[{"not_picked":["Runic Pyramid","Fusion Hammer"],"picked":"Mark of Pain"}],"items_purged_floors":[19,29],"is_endless":false,"potions_floor_spawned":[1,7,12,13,20,22,25,28,31],"killed_by":"Collector","ascension_level":11}}