{"host":"f0dbpmn0khgeoqc0","time":1609230558,"event":{"mods":["2.2 Compatiblity","AchievementEnabler","Act Like it!","Ascension Unlocker","Aspiration","BaseMod","Better Altar","Better Match","Better Sensory Stone","Better Skull","Better Third Choice","BetterRewards","Block Reminder","Colored Map","Colored Powertips","Conspire","DNKmod","Disable Question Mark Monsters","Displayed Cursed Tome","Downfall","Friendly Minions","Hermit","Highlight Path","Humility","Infinite Spire","Jorbs\u0027s Wanderer Trilogy","Koishi","Marisa????????","Minty Spire (QoL Compilation)","MostiFishMod","Permanent Neow","Random Character Button","Relic Filter","Relic Stats","Spicy Shops","StSLib","Td1madao Mod","The Gatherer","Treasure Hunter","Wandering Minibosses","??????REMEMod"],"gold_per_floor":[426,436,451,751,751,751,751,751,676,693,593,607,634,651,501,605,605,619,629,729,654,672,690,690,700,800,800,810,823,835,867,867,967,967,984,997,1017,1035,1085,1085,1085,1101,1101,1135,1146,1160,1160,1170,1170,1170,1170,1202,21,21,21],"floor_reached":56,"playtime":524,"items_purged":[],"score":1744,"play_id":"68838526-3cbb-4507-9e00-a15c11f9dc98","local_time":"20201229032918","is_ascension_mode":true,"campfire_choices":[{"floor":9,"key":"RECALL"},{"data":"Slimebound:Defend_Slimebound","floor":15,"key":"SMITH"},{"floor":27,"key":"REST"},{"floor":32,"key":"DIG"},{"floor":47,"key":"DIG"},{"floor":49,"key":"DIG"},{"floor":54,"key":"DIG"}],"circlet_count":0,"master_deck":["Slimebound:Strike_Slimebound","Slimebound:Strike_Slimebound","Slimebound:Tackle","Slimebound:Defend_Slimebound+1","Slimebound:Defend_Slimebound","Slimebound:Defend_Slimebound","Slimebound:Defend_Slimebound","Slimebound:CorrosiveSpit+1","Slimebound:SplitMire","Slimebound:LeadByExample","Koishi:ImGoingToCallYouNow","Slimebound:GoopSpray","Slimebound:DisruptingSlam+1","TH:DeckOfManyThings","Slimebound:LevelUp","Slimebound:SlimeSpikes","Ghostly","Slimebound:RollThrough+1","TH:CopperCoins","Slimebound:SlimeSpikes","Slimebound:LeadByExample","TH:TreasureMap","Slimebound:MassRepurpose+1","Slimebound:DivideAndConquer","Slimebound:SlimeSpikes","Slimebound:SamplingLick+1","Slimebound:FinishingTackle","TH:BikiniMail","Slimebound:DisruptingSlam","Slimebound:Dissolve","Slimebound:DivideAndConquer","Slimebound:AcidTongue","Slimebound:SplitMire+1","TH:CursedSword","Slimebound:PressTheAttack","TH:ElvenBoots","Slimebound:RallyTheTroops","Slimebound:GoopSpray+1","Slimebound:ItLooksTasty+1","Slimebound:Nibble+1","Slimebound:SlimeTap","Slimebound:Replication","TH:CopperCoins","Slimebound:GoopTackle","TH:DeckOfManyThings","Slimebound:LeadByExample","Slimebound:SlimeSpikes","Slimebound:HauntingLick+1","Slimebound:SplitLeeching","TH:CursedSword","Slimebound:ItLooksTasty+1","Slimebound:AcidTongue","Slimebound:DivideAndConquer","Slimebound:SplitBruiser","Slimebound:RallyTheTroops","Slimebound:ItLooksTasty"],"relics":["Slimebound:AbsorbEndCombat","DaveBox","REME_ComplimentaryCards","SynthV:TestCard","Eternal Feather","downfall:BrokenWingStatue","downfall:HeartBlessingBlue","conspire:TopHat","downfall:HeartBlessingRed","downfall:HeartBlessingGreen","Fusion Hammer","Ancient Tea Set","conspire:InfiniteJournal","Question Card","Shovel","War Paint","conspire:SpecialSausage","BionicSphere","Bronze Scales","Whetstone","Dead Branch","Oddly Smooth Stone","Ornamental Fan","Toy Ornithopter","HandDrill","Vajra","aspiration:ChemicalBlood","infinitespire:Beetle Shell","conspire:DeflatedDodgeball"],"acts_visited":["Exordium","TheCity","TheBeyond","TheEnding"],"potions_floor_usage":[],"damage_taken":[{"damage":0,"enemies":"Jaw Worm","floor":1,"turns":1},{"damage":0,"enemies":"2 Louse","floor":2,"turns":1},{"damage":0,"enemies":"Small Slimes","floor":3,"turns":1},{"damage":0,"enemies":"downfall:FleeingMerchant","floor":4,"turns":1},{"damage":0,"enemies":"Exordium Thugs","floor":10,"turns":1},{"damage":0,"enemies":"Blue Slaver","floor":12,"turns":1},{"damage":0,"enemies":"3 Sentries","floor":13,"turns":1},{"damage":0,"enemies":"Red Slaver","floor":14,"turns":1},{"damage":0,"enemies":"downfall:Ironclad","floor":16,"turns":1},{"damage":0,"enemies":"Spheric Guardian","floor":18,"turns":1},{"damage":0,"enemies":"3 Byrds","floor":19,"turns":1},{"damage":0,"enemies":"Centurion and Healer","floor":22,"turns":1},{"damage":0,"enemies":"Chosen and Byrds","floor":23,"turns":1},{"damage":0,"enemies":"Snake Plant","floor":25,"turns":1},{"damage":0,"enemies":"Colosseum Nobs","floor":26,"turns":1},{"damage":0,"enemies":"Centurion and Healer","floor":28,"turns":1},{"damage":0,"enemies":"Snecko","floor":29,"turns":1},{"damage":0,"enemies":"Snake Plant","floor":30,"turns":1},{"damage":0,"enemies":"Nightmare","floor":31,"turns":1},{"damage":0,"enemies":"downfall:Watcher","floor":33,"turns":1},{"damage":0,"enemies":"3 Darklings","floor":35,"turns":1},{"damage":0,"enemies":"3 Shapes","floor":36,"turns":1},{"damage":0,"enemies":"Sphere and 2 Shapes","floor":37,"turns":1},{"damage":0,"enemies":"Spire Growth","floor":38,"turns":1},{"damage":0,"enemies":"Mind Bloom Boss Battle","floor":39,"turns":1},{"damage":0,"enemies":"Jaw Worm Horde","floor":42,"turns":1},{"damage":0,"enemies":"Reptomancer","floor":44,"turns":1},{"damage":0,"enemies":"Writhing Mass","floor":45,"turns":1},{"damage":0,"enemies":"4 Shapes","floor":46,"turns":1},{"damage":0,"enemies":"3 Darklings","floor":48,"turns":1},{"damage":0,"enemies":"downfall:Silent","floor":50,"turns":1},{"damage":0,"enemies":"downfall:CharBossMerchant","floor":52,"turns":1},{"damage":0,"enemies":"downfall:NeowBoss","floor":55,"turns":7}],"seed_played":"3529338188202544231","potions_obtained":[{"floor":2,"key":"AttackPotion"},{"floor":10,"key":"Regen Potion"},{"floor":13,"key":"sneckomod:MuddlingPotion"}],"is_trial":false,"path_per_floor":["M","M","M","$","?","?","T","?","R","M","?","M","E","M","R","B",null,"M","M","?","?","M","M","T","M","?","R","M","M","M","NM","R","B",null,"M","M","M","M","?","AVR","T","M","?","E","M","M","R","M","R","B",null,"E","$","R","B",null],"character_chosen":"SLIMEBOUND","items_purchased":["Toy Ornithopter","HandDrill","Vajra","aspiration:ChemicalBlood","infinitespire:Beetle Shell","Slimebound:AcidTongue","Slimebound:DivideAndConquer","Slimebound:SplitBruiser","Slimebound:RallyTheTroops","Slimebound:ItLooksTasty"],"campfire_rested":1,"item_purchase_floors":[53,53,53,53,53,53,53,53,53,53],"current_hp_per_floor":[66,66,66,66,66,66,66,66,76,76,76,76,76,76,76,76,76,76,76,76,76,76,76,76,76,76,76,76,76,76,76,76,76,76,76,76,76,76,76,76,76,76,76,76,76,76,76,76,76,76,76,76,76,76,76],"gold":21,"neow_bonus":"TEN_PERCENT_HP_BONUS","is_daily":false,"chose_seed":false,"campfire_upgraded":1,"win_rate":0.0,"timestamp":1609230558,"path_taken":["M","M","M","$","?","?","T","?","R","?","?","M","E","M","R","BOSS","M","M","?","?","M","M","T","?","?","R","M","M","M","NM","R","BOSS","M","M","M","M","?","AVR","T","M","?","E","M","M","R","M","R","BOSS","E","$","R","BOSS"],"items_purchased_type":["Relic","Relic","Relic","Relic","Relic","Card","Card","Card","Card","Card"],"build_version":"2020-12-22","purchased_purges":0,"victory":true,"max_hp_per_floor":[66,66,66,66,66,66,66,66,76,76,76,76,76,76,76,76,76,76,76,76,76,76,76,76,76,76,76,76,76,76,76,76,76,76,76,76,76,76,76,76,76,76,76,76,76,76,76,76,76,76,76,76,76,76,76],"relic_stats":{"Shovel":4,"counters":[33,23],"Ornamental Fan":[0],"Bronze Scales":[0],"Dead Branch":[1],"Eternal Feather":0,"HandDrill":[0],"Whetstone":["Slimebound:RollThrough","Slimebound:DisruptingSlam"],"War Paint":["Slimebound:CorrosiveSpit","Slimebound:MassRepurpose"],"Question Card":33,"obtain_stats":[{"DaveBox":0,"Vajra":53,"downfall:HeartBlessingGreen":15,"conspire:SpecialSausage":34,"Whetstone":44,"Ancient Tea Set":24,"conspire:TopHat":13,"conspire:InfiniteJournal":26,"downfall:BrokenWingStatue":6,"Shovel":31,"downfall:HeartBlessingBlue":9,"Fusion Hammer":17,"HandDrill":53,"aspiration:ChemicalBlood":53,"downfall:HeartBlessingRed":15,"Dead Branch":47,"Oddly Smooth Stone":49,"Eternal Feather":2,"infinitespire:Beetle Shell":53,"War Paint":32,"Question Card":26,"SynthV:TestCard":1,"Ornamental Fan":52,"BionicSphere":39,"Bronze Scales":41,"Slimebound:AbsorbEndCombat":0,"conspire:DeflatedDodgeball":54,"Toy Ornithopter":53,"REME_ComplimentaryCards":0},{"DaveBox":0,"Vajra":32,"downfall:HeartBlessingGreen":8,"conspire:SpecialSausage":20,"Whetstone":27,"Ancient Tea Set":13,"conspire:TopHat":7,"conspire:InfiniteJournal":15,"downfall:BrokenWingStatue":4,"Shovel":19,"downfall:HeartBlessingBlue":4,"Fusion Hammer":9,"HandDrill":32,"aspiration:ChemicalBlood":32,"downfall:HeartBlessingRed":8,"Dead Branch":29,"Oddly Smooth Stone":30,"Eternal Feather":2,"infinitespire:Beetle Shell":32,"War Paint":19,"Question Card":15,"SynthV:TestCard":1,"Ornamental Fan":32,"BionicSphere":25,"Bronze Scales":25,"Slimebound:AbsorbEndCombat":0,"conspire:DeflatedDodgeball":32,"Toy Ornithopter":32,"REME_ComplimentaryCards":0},{"DaveBox":0,"Vajra":16,"downfall:HeartBlessingGreen":5,"conspire:SpecialSausage":12,"Whetstone":15,"Ancient Tea Set":8,"conspire:TopHat":4,"conspire:InfiniteJournal":9,"downfall:BrokenWingStatue":3,"Shovel":11,"downfall:HeartBlessingBlue":3,"Fusion Hammer":6,"HandDrill":16,"aspiration:ChemicalBlood":16,"downfall:HeartBlessingRed":5,"Dead Branch":15,"Oddly Smooth Stone":15,"Eternal Feather":2,"infinitespire:Beetle Shell":16,"War Paint":11,"Question Card":9,"SynthV:TestCard":1,"Ornamental Fan":16,"BionicSphere":15,"Bronze Scales":15,"Slimebound:AbsorbEndCombat":0,"conspire:DeflatedDodgeball":16,"Toy Ornithopter":16,"REME_ComplimentaryCards":0}],"Toy Ornithopter":0},"card_choices":[{"not_picked":["Slimebound:GoopSpray","Slimebound:HauntingLick"],"picked":"Slimebound:SplitMire","floor":1},{"not_picked":["Slimebound:ViciousTackle","Slimebound:ItLooksTasty","Slimebound:SamplingLick","Slimebound:SlimeBrawl"],"picked":"Slimebound:LeadByExample","floor":2},{"not_picked":["Slimebound:DisruptingSlam","Slimebound:SlimeBrawl","Slimebound:Equalize","Slimebound:DivideAndConquer"],"picked":"Slimebound:GoopSpray","floor":3},{"not_picked":["Slimebound:DivideAndConquer","Slimebound:SlimeBrawl","Slimebound:Recollect","Slimebound:SplitLeeching"],"picked":"Slimebound:DisruptingSlam","floor":4},{"not_picked":["TH:PixieDust","TH:BikiniMail","TH:CursedSword"],"picked":"TH:DeckOfManyThings","floor":7},{"not_picked":["Slimebound:LeechingTouch","Slimebound:GoopSpray","Slimebound:MassRepurpose","Slimebound:TongueLash"],"picked":"Slimebound:SlimeSpikes","floor":10},{"not_picked":["Slimebound:SamplingLick","Slimebound:SplitLeeching","Slimebound:GoopSpray","Slimebound:RejuvenatingLick"],"picked":"Slimebound:RollThrough","floor":12},{"not_picked":["TH:TreasureMap","TH:BikiniMail","TH:Mimic"],"picked":"TH:CopperCoins","floor":13},{"not_picked":["Slimebound:RallyTheTroops","Slimebound:FormOfPuddle","Slimebound:ViciousTackle","Slimebound:SplitMire"],"picked":"Slimebound:SlimeSpikes","floor":13},{"not_picked":["Slimebound:SamplingLick","Slimebound:Recollect","Slimebound:Schlurp","Slimebound:DivideAndConquer"],"picked":"Slimebound:LeadByExample","floor":14},{"not_picked":["TH:ElvenBoots","TH:ArmorSpikes","TH:DeckOfManyThings"],"picked":"TH:TreasureMap","floor":16},{"not_picked":["Slimebound:OozeBath","Slimebound:SlimeSlap","Slimebound:CheckThePlaybook","Slimebound:Darklings"],"picked":"Slimebound:MassRepurpose","floor":16},{"not_picked":["Slimebound:LevelUp","Slimebound:ViciousTackle","Slimebound:GoopSpray+1","Slimebound:SlimeSpikes"],"picked":"Slimebound:DivideAndConquer","floor":18},{"not_picked":["Slimebound:DivideAndConquer+1","Slimebound:ServeAndProtect+1","Slimebound:Replication","Slimebound:ComboTackle"],"picked":"Slimebound:SlimeSpikes","floor":19},{"not_picked":["Slimebound:SlimeBrawl","Slimebound:MinionMaster","Slimebound:Schlurp","Slimebound:FinishingTackle"],"picked":"Slimebound:SamplingLick+1","floor":22},{"not_picked":["Slimebound:Nibble+1","Slimebound:SplitAcid+1","Slimebound:SplitMire","Slimebound:LeadByExample"],"picked":"Slimebound:FinishingTackle","floor":23},{"not_picked":["TH:CursedSword","TH:TreasureMap","TH:CopperCoins"],"picked":"TH:BikiniMail","floor":24},{"not_picked":["Slimebound:SlimeBarrage","Slimebound:Nibble","Slimebound:SamplingLick","Slimebound:LivingWall"],"picked":"Slimebound:DisruptingSlam","floor":25},{"not_picked":["Slimebound:SplitBruiser","Slimebound:FlameTackle","Slimebound:Recollect","Slimebound:ItLooksTasty+1"],"picked":"Slimebound:Dissolve","floor":26},{"not_picked":["Slimebound:SplitMire","Slimebound:Replication","Slimebound:RollThrough","Slimebound:ServeAndProtect+1","Slimebound:LivingWall"],"picked":"Slimebound:DivideAndConquer","floor":28},{"not_picked":["Slimebound:SlimeSpikes","Slimebound:SplitLeeching+1","Slimebound:DivideAndConquer+1","Slimebound:MassRepurpose","Slimebound:Dissolve"],"picked":"Slimebound:AcidTongue","floor":29},{"not_picked":["Slimebound:ViciousTackle","Slimebound:SamplingLick","Slimebound:Prepare+1","Slimebound:TongueLash","Slimebound:AcidTongue+1"],"picked":"Slimebound:SplitMire+1","floor":30},{"not_picked":["TH:DeckOfManyThings","TH:Mimic","TH:BikiniMail","TH:PixieDust"],"picked":"TH:CursedSword","floor":31},{"not_picked":["Slimebound:LeechEnergy+1","Slimebound:Prepare","Slimebound:SplitSpecialist+1","Slimebound:MegaLick","Slimebound:LeadByExample"],"picked":"Slimebound:PressTheAttack","floor":31},{"not_picked":["TH:BikiniMail","TH:EnergyPotion","TH:DeckOfManyThings","TH:CursedSword"],"picked":"TH:ElvenBoots","floor":33},{"not_picked":["Slimebound:WasteNot","Slimebound:Teamwork","Slimebound:MassFeed","Slimebound:MassRepurpose","Slimebound:SlimeSlap"],"picked":"Slimebound:RallyTheTroops","floor":33},{"not_picked":["Slimebound:DivideAndConquer","Slimebound:SplitBruiser+1","Slimebound:GrowthPunch","Slimebound:Dissolve","Slimebound:DisruptingSlam+1"],"picked":"Slimebound:GoopSpray+1","floor":35},{"not_picked":["Slimebound:FinishingTackle+1","Slimebound:FlameTackle+1","Slimebound:PrepareCrush","Slimebound:RollThrough","Slimebound:Schlurp+1"],"picked":"Slimebound:ItLooksTasty+1","floor":36},{"not_picked":["Slimebound:PressTheAttack+1","Slimebound:LeechEnergy+1","Slimebound:FormOfPuddle+1","Slimebound:RollThrough+1","Slimebound:Gluttony+1"],"picked":"Slimebound:Nibble+1","floor":37},{"not_picked":["Slimebound:PressTheAttack","Slimebound:RollThrough","Slimebound:GrowthPunch","Slimebound:ComboTackle+1","Slimebound:FormOfPuddle"],"picked":"Slimebound:SlimeTap","floor":38},{"not_picked":["Slimebound:WasteNot","Slimebound:ServeAndProtect","Slimebound:ComboTackle+1","Slimebound:SplitLeeching","Slimebound:LeechingTouch"],"picked":"Slimebound:Replication","floor":39},{"not_picked":["TH:Mimic","TH:EnergyPotion","TH:ElvenBoots","TH:TreasureMap"],"picked":"TH:CopperCoins","floor":41},{"not_picked":["Slimebound:RainOfGoop+1","Slimebound:ViciousTackle","Slimebound:SamplingLick","Slimebound:RollThrough+1","Slimebound:GrowthPunch+1"],"picked":"Slimebound:GoopTackle","floor":42},{"not_picked":["TH:BikiniMail","TH:CursedSword","TH:ElvenBoots","TH:EnergyPotion"],"picked":"TH:DeckOfManyThings","floor":44},{"not_picked":["Slimebound:Repurpose","Slimebound:PressTheAttack","Slimebound:LeechingTouch+1","Slimebound:Teamwork","Slimebound:Gluttony+1"],"picked":"Slimebound:LeadByExample","floor":44},{"not_picked":["Slimebound:ViciousTackle","Slimebound:Equalize+1","Slimebound:SplitBruiser+1","Slimebound:SplitMire","Slimebound:Gluttony+1"],"picked":"Slimebound:SlimeSpikes","floor":45},{"not_picked":["Slimebound:ViciousTackle+1","Slimebound:LivingWall","Slimebound:LevelUp+1","Slimebound:AcidTongue+1","Slimebound:DivideAndConquer"],"picked":"Slimebound:HauntingLick+1","floor":46},{"not_picked":["Slimebound:SplitMire+1","Slimebound:ComboTackle","Slimebound:SplitBruiser+1","Slimebound:SlimeSpikes","Slimebound:LeechEnergy+1"],"picked":"Slimebound:SplitLeeching","floor":48},{"not_picked":["TH:PixieDust","TH:Mimic","TH:ElvenBoots","TH:DeckOfManyThings"],"picked":"TH:CursedSword","floor":52},{"not_picked":["Slimebound:Gluttony","Slimebound:LivingWall","Slimebound:GoopTackle+1","Slimebound:ComboTackle+1","Slimebound:SplitAcid+1"],"picked":"Slimebound:ItLooksTasty+1","floor":52}],"player_experience":533087,"relics_obtained":[{"floor":1,"key":"SynthV:TestCard"},{"floor":13,"key":"conspire:TopHat"},{"floor":24,"key":"Ancient Tea Set"},{"floor":26,"key":"conspire:InfiniteJournal"},{"floor":26,"key":"Question Card"},{"floor":31,"key":"Shovel"},{"floor":32,"key":"War Paint"},{"floor":39,"key":"BionicSphere"},{"floor":41,"key":"Bronze Scales"},{"floor":44,"key":"Whetstone"},{"floor":47,"key":"Dead Branch"},{"floor":49,"key":"Oddly Smooth Stone"},{"floor":52,"key":"Ornamental Fan"},{"floor":54,"key":"conspire:DeflatedDodgeball"}],"event_choices":[{"damage_healed":0,"gold_gain":0,"cards_transformed":["Slimebound:Split"],"player_choice":"Transformed","damage_taken":0,"max_hp_gain":0,"max_hp_loss":0,"event_name":"Transmorgrifier","floor":8,"gold_loss":0,"cards_obtained":["Slimebound:LevelUp"]},{"damage_healed":0,"gold_gain":0,"player_choice":"Argue","damage_taken":0,"max_hp_gain":0,"max_hp_loss":0,"event_name":"conspire:LoneGhost","floor":11,"gold_loss":0},{"damage_healed":0,"gold_gain":0,"player_choice":"3","damage_taken":0,"max_hp_gain":0,"max_hp_loss":0,"event_name":"betterMatch:BetterMatch","floor":21,"gold_loss":0,"cards_obtained":[]}],"is_beta":false,"boss_relics":[{"not_picked":["HereWithMe","REME_DemonsWealth"],"picked":"Fusion Hammer"},{"not_picked":["ShadowXiaoBlade","Slimebound:TarBlob"],"picked":"conspire:SpecialSausage"}],"items_purged_floors":[],"is_endless":false,"potions_floor_spawned":[2,10,13,16,23,26,28,30,31,36,38,42,45,52],"ascension_level":1}}