{"host":"fbjkyf8096sobcph","time":1609207790,"event":{"mods":["2.2 Compatiblity","AchievementEnabler","Aspiration","BaseMod","Better Altar","Better Match","Better Note","Better Sensory Stone","Better Skull","Better Third Choice","BetterRewards","CCEM","Clawfect","Colored Map","Conspire","Downfall","GifTheSpireLib","Halation","Highlight Path","Hubris","Infinite Spire","Mimic Mod","Minty Spire (QoL Compilation)","Permanent Neow","Replay The Spire","Shop Mod","Spicy Shops","StSLib","Stuff the Spire","Unceasing Turn Reminder","Waifu the Spire","everything is the same but u backflip on backflip","slay the spire mod where everything is the same but ironclad has a cowboy hat"],"gold_per_floor":[0,16,1,1,14,42,42,56,41,72,91,124,49,49,69,173,173,23,23,23,35,54,65,90,190,190,64,64,64,98,136,155,298,298,298,332,376,412,412,412,466,506,506,536,536,564,564,564,613,613,646,662,662,713,16,16,38],"floor_reached":58,"playtime":5710,"items_purged":["StuffTheSpire:CuriosityCurse"],"score":1486,"play_id":"1e6d168d-919c-41c6-bfd0-904291dd2bbd","local_time":"20201229030950","is_ascension_mode":false,"campfire_choices":[{"floor":1,"key":"RECALL"},{"data":"Guardian:EvasiveProtocol","floor":13,"key":"SMITH"},{"data":"Guardian:StasisEngine","floor":18,"key":"SMITH"},{"data":"Glass Knife","floor":26,"key":"SMITH"},{"data":"Guardian:SpikerProtocol","floor":28,"key":"SMITH"},{"data":"Guardian:TimeSifter","floor":40,"key":"SMITH"},{"data":"Concentrate","floor":43,"key":"SMITH"},{"floor":45,"key":"REST"},{"data":"Apotheosis","floor":56,"key":"SMITH"}],"circlet_count":0,"master_deck":["Guardian:Strike_Guardian","Guardian:Defend_Guardian","Guardian:CurlUp","Guardian:TwinSlam","Guardian:ShieldSpikes","Guardian:Emergency","Guardian:EvasiveProtocol+1","Guardian:Reroute","Guardian:ShieldCharger","Guardian:SentryBeam","Guardian:TimeBomb","Guardian:SpikerProtocol+1","Guardian:Gem_Cyan","Guardian:Gem_Red","Guardian:Gem_Blue","Guardian:BronzeOrb","Guardian:StasisEngine+1","Glass Knife+1","Concentrate+1","Endless Agony","Guardian:ChargeUp+1","Guardian:ShieldCharger","Guardian:FloatingOrbs+1","Guardian:DecasProtection","Guardian:Gem_Cyan","Guardian:SentryBeam+1","Guardian:DonusPower","Guardian:TimeSifter+1","Guardian:ChargeUp","Guardian:Gem_White","Pot Of Greed","Pot Of Greed","Pot Of Greed","Guardian:Repulse+1","Guardian:RevengeProtocol","Guardian:ArmoredProtocol+1","Pot Of Greed","Apotheosis+1"],"relics":["Guardian:ModeShifter","hubris:CuriousFeather","Kunai","Bottled Tornado","StuffTheSpire:HeavyRock","downfall:HeartBlessingRed","Guardian:PickAxe","Replay:Drink Me","downfall:HeartBlessingGreen","downfall:HeartBlessingBlue","Happy Flower","hubris:Spice","hubris:SphereOfDissonance","Replay:Bandana","conspire:RoyalGoblet","CCEMRelics:Barrel","Grinning Jar","aspiration:Lifesprig","Blue Doll","Pen Nib","Strange Spoon"],"acts_visited":["Exordium","TheCity","TheBeyond","TheEnding"],"potions_floor_usage":[6,16,16],"damage_taken":[{"damage":0,"enemies":"Cultist","floor":2,"turns":4},{"damage":0,"enemies":"downfall:FleeingMerchant","floor":3,"turns":4},{"damage":0,"enemies":"2 Louse","floor":5,"turns":3},{"damage":10,"enemies":"Lagavulin","floor":6,"turns":14},{"damage":0,"enemies":"Jaw Worm","floor":8,"turns":5},{"damage":3,"enemies":"downfall:FleeingMerchant","floor":9,"turns":4},{"damage":9,"enemies":"3 Sentries","floor":10,"turns":11},{"damage":4,"enemies":"Exordium Thugs","floor":11,"turns":6},{"damage":22,"enemies":"Lagavulin","floor":12,"turns":7},{"damage":0,"enemies":"3 Louse","floor":15,"turns":4},{"damage":19,"enemies":"downfall:Defect","floor":16,"turns":6},{"damage":3,"enemies":"Spheric Guardian","floor":21,"turns":4},{"damage":4,"enemies":"Shelled Parasite and Fungi","floor":22,"turns":5},{"damage":0,"enemies":"Snake Plant","floor":23,"turns":3},{"damage":0,"enemies":"downfall:Ironclad","floor":25,"turns":4},{"damage":0,"enemies":"downfall:FleeingMerchant","floor":27,"turns":4},{"damage":0,"enemies":"Centurion and Healer","floor":30,"turns":3},{"damage":0,"enemies":"Sentry and Sphere","floor":31,"turns":3},{"damage":6,"enemies":"Snake Plant","floor":32,"turns":2},{"damage":0,"enemies":"downfall:Watcher","floor":33,"turns":3},{"damage":0,"enemies":"3 Shapes","floor":36,"turns":2},{"damage":0,"enemies":"3 Darklings","floor":37,"turns":3},{"damage":0,"enemies":"Jaw Worm Horde","floor":38,"turns":3},{"damage":0,"enemies":"Writhing Mass","floor":42,"turns":4},{"damage":0,"enemies":"4 Shapes","floor":44,"turns":4},{"damage":0,"enemies":"Spire Growth","floor":46,"turns":3},{"damage":0,"enemies":"Reptomancer","floor":49,"turns":4},{"damage":1,"enemies":"Sphere and 2 Shapes","floor":51,"turns":3},{"damage":5,"enemies":"downfall:Silent","floor":52,"turns":5},{"damage":0,"enemies":"downfall:CharBossMerchant","floor":54,"turns":4},{"damage":0,"enemies":"downfall:NeowBoss","floor":57,"turns":10}],"seed_played":"-4113967383997963189","potions_obtained":[{"floor":5,"key":"Energy Potion"},{"floor":6,"key":"SteroidPotion"},{"floor":10,"key":"AttackPotion"},{"floor":12,"key":"FearPotion"},{"floor":21,"key":"LiquidMemories"},{"floor":29,"key":"CultistPotion"},{"floor":42,"key":"Guardian:StasisDiscoveryPotion"}],"is_trial":false,"path_per_floor":["R_BF","M","$","?","M","E","T","M","$","E","M","E","R","?","M","B",null,"R","?","?","M","M","M","T","?","R","$","R","?","M","M","M","B",null,"R_BF","M","M","M","?","R","T","M","R","M","R","M","PTL","PTL","E","?","M","B",null,"E","$","R","B",null],"character_chosen":"GUARDIAN","items_purchased":["hubris:Spice","Replay:Bandana","Apotheosis","hubris:Spice","Strange Spoon"],"campfire_rested":1,"item_purchase_floors":[27,27,55,55,55],"current_hp_per_floor":[80,80,80,80,80,70,70,70,67,58,54,32,32,32,32,13,60,70,70,70,67,63,63,63,71,71,79,79,79,79,79,73,73,86,86,86,86,86,28,28,28,28,28,28,51,51,51,51,51,51,50,45,70,54,46,46,46],"gold":38,"neow_bonus":"ONE_RARE_RELIC","is_daily":false,"chose_seed":false,"campfire_upgraded":7,"win_rate":0.0,"timestamp":1609207790,"path_taken":["R_BF","M","?","?","M","E","T","?","$","E","M","E","R","?","M","BOSS","R","?","?","M","M","M","T","?","R","$","R","?","?","M","M","BOSS","R_BF","M","M","M","?","R","T","M","R","M","R","?","PTL","PTL","E","?","M","BOSS","E","$","R","BOSS"],"items_purchased_type":["Relic","Relic","Card","Relic","Relic"],"build_version":"2020-12-22","purchased_purges":1,"victory":true,"max_hp_per_floor":[80,80,80,80,80,80,80,80,80,80,80,80,80,80,80,80,60,70,70,70,70,70,70,70,78,78,86,86,86,86,86,86,86,86,86,86,86,86,86,86,86,86,86,78,78,78,78,78,78,70,70,70,70,54,46,46,46],"card_choices":[{"not_picked":["Guardian:TemporalShield","Guardian:VentSteam"],"picked":"Guardian:Gem_Blue","floor":2},{"not_picked":["Guardian:Gem_Cyan","Guardian:Gem_Red"],"picked":"Guardian:ShieldSpikes","floor":3},{"not_picked":["Guardian:Gem_White","Guardian:RollAttack"],"picked":"Guardian:Emergency","floor":5},{"not_picked":["Guardian:Gem_Green","Guardian:ChargeCore"],"picked":"Guardian:EvasiveProtocol","floor":6},{"not_picked":["Guardian:Suspension","Guardian:ChargeCore"],"picked":"Guardian:Reroute","floor":8},{"not_picked":["Guardian:ChargeCore","Guardian:Gem_Cyan"],"picked":"Guardian:ShieldCharger","floor":9},{"not_picked":["Guardian:Gem_Cyan","Guardian:Reroute"],"picked":"Guardian:SentryBeam","floor":10},{"not_picked":["Guardian:Gem_Cyan","Guardian:WalkerClaw"],"picked":"Guardian:TimeBomb","floor":11},{"not_picked":["Guardian:ConstructionForm","Guardian:Gem_Cyan"],"picked":"Guardian:SpikerProtocol","floor":12},{"not_picked":["Guardian:Recover","Guardian:Incinerate"],"picked":"Guardian:BronzeOrb","floor":15},{"not_picked":["Guardian:TimeSifter","Guardian:ExploitGems"],"picked":"Guardian:StasisEngine","floor":16},{"not_picked":["Guardian:Gem_Cyan","Guardian:GuardianWhirl"],"picked":"Guardian:ChargeUp","floor":21},{"not_picked":["Guardian:PiercingHide","Guardian:PrimingBeam+1"],"picked":"Guardian:ShieldCharger","floor":22},{"not_picked":["Guardian:Reroute","Guardian:PrismaticBeam","Guardian:PrismaticBarrier"],"picked":"SKIP","floor":23},{"not_picked":["Guardian:PrimingBeam+1","Guardian:Gem_Green"],"picked":"Guardian:FloatingOrbs+1","floor":25},{"not_picked":["Guardian:ShieldCharger+1","Guardian:Incinerate"],"picked":"Guardian:DecasProtection","floor":27},{"not_picked":["Guardian:Gem_Green","Guardian:Reroute"],"picked":"Guardian:Gem_Cyan","floor":30},{"not_picked":["Guardian:Clone+1","Guardian:Gem_Cyan"],"picked":"Guardian:SentryBeam+1","floor":31},{"not_picked":["Guardian:PrimingBeam","Guardian:Planning"],"picked":"Guardian:DonusPower","floor":32},{"not_picked":["Guardian:ConstructionForm","Guardian:CompilePackage"],"picked":"Guardian:TimeSifter","floor":33},{"not_picked":["Guardian:CrystalBeam+1","Guardian:TemporalShield"],"picked":"Guardian:ChargeUp","floor":36},{"not_picked":["Guardian:Recover","Guardian:SentryBeam","Guardian:PrimingBeam"],"picked":"SKIP","floor":37},{"not_picked":["Guardian:ShieldCharger","Guardian:RollAttack+1"],"picked":"Guardian:Gem_White","floor":38},{"not_picked":["Guardian:Recover","Guardian:PrimingBeam","Guardian:CrystalBeam+1"],"picked":"SKIP","floor":42},{"not_picked":["Guardian:PrimingBeam","Guardian:Reroute"],"picked":"hubris:SpiceAddiction","floor":44},{"not_picked":["Guardian:CrystalBeam+1","Guardian:RollAttack+1"],"picked":"Guardian:Repulse+1","floor":46},{"not_picked":["Guardian:BronzeArmor","Guardian:Clone"],"picked":"Guardian:RevengeProtocol","floor":49},{"not_picked":["Guardian:TemporalShield","hubris:SpiceAddiction"],"picked":"Guardian:ArmoredProtocol+1","floor":51},{"not_picked":["Guardian:Repulse","Guardian:ShieldCharger+1"],"picked":"hubris:SpiceAddiction","floor":54}],"player_experience":250926,"relics_obtained":[{"floor":6,"key":"Kunai"},{"floor":10,"key":"Bottled Tornado"},{"floor":12,"key":"StuffTheSpire:HeavyRock"},{"floor":24,"key":"Happy Flower"},{"floor":25,"key":"hubris:Spice"},{"floor":25,"key":"hubris:SphereOfDissonance"},{"floor":41,"key":"Blue Doll"},{"floor":49,"key":"Pen Nib"},{"floor":54,"key":"hubris:Spice"}],"event_choices":[{"cards_removed":["Guardian:Strike_Guardian"],"damage_healed":0,"gold_gain":0,"player_choice":"Give","damage_taken":0,"max_hp_gain":0,"max_hp_loss":0,"event_name":"betterNote:BetterNote","floor":19,"gold_loss":0,"cards_obtained":["sneckomod:Strike"]},{"damage_healed":0,"gold_gain":0,"player_choice":"RE RE RE ","damage_taken":64,"relics_obtained":["CCEMRelics:Barrel","Grinning Jar","aspiration:Lifesprig"],"max_hp_gain":0,"max_hp_loss":0,"event_name":"betterSkull:BetterSkull","floor":39,"gold_loss":0,"cards_upgraded":[]}],"is_beta":false,"boss_relics":[{"not_picked":["aspiration:DefectSkillbook","halation:CatFaceCupcake"],"picked":"Replay:Drink Me"},{"not_picked":["Honey Jar","hubris:Spice"],"picked":"conspire:RoyalGoblet"}],"items_purged_floors":[55],"is_endless":false,"potions_floor_spawned":[5,6,8,10,12,21,30,31,42,49,51,54],"ascension_level":0}}