{"host":"t75twhtg6c476ygg","time":1609253437,"event":{"mods":["AchievementEnabler","BaseMod","Colored Powertips","Minty Spire (QoL Compilation)","Quick Restart","Relic Stats","StSLib","SuperFastMode"],"gold_per_floor":[110,110,120,138,138,164,164,195,195,230,243,243,257,275,275,275,275],"floor_reached":16,"playtime":473,"items_purged":[],"score":128,"play_id":"aef96f51-2877-4e6a-809a-b66bad49a1f2","local_time":"20201229145037","is_ascension_mode":true,"campfire_choices":[{"data":"Conclude","floor":7.0,"key":"SMITH"},{"data":"Vault","floor":15,"key":"SMITH"}],"circlet_count":0,"master_deck":["Strike_P","Strike_P","Strike_P","Strike_P","Defend_P","Defend_P","Defend_P","Defend_P","Eruption","Vigilance","JustLucky","Crescendo","FollowUp","Conclude+1","Vault+1","Tantrum","CutThroughFate","CutThroughFate"],"relics":["PureWater","NeowsBlessing","HornCleat","Eternal Feather","Bottled Lightning","Bottled Flame","Question Card"],"acts_visited":["Exordium"],"potions_floor_usage":[],"damage_taken":[{"damage":0.0,"enemies":"Jaw Worm","floor":1.0,"turns":1.0},{"damage":0.0,"enemies":"Cultist","floor":3.0,"turns":1.0},{"damage":0.0,"enemies":"2 Louse","floor":4.0,"turns":1.0},{"damage":21.0,"enemies":"3 Sentries","floor":6.0,"turns":12.0},{"damage":14.0,"enemies":"Gremlin Nob","floor":8.0,"turns":4.0},{"damage":13.0,"enemies":"3 Sentries","floor":10.0,"turns":5.0},{"damage":0.0,"enemies":"Looter","floor":11.0,"turns":1.0},{"damage":12.0,"enemies":"Exordium Thugs","floor":13.0,"turns":2.0},{"damage":0,"enemies":"Large Slime","floor":14,"turns":3},{"damage":44,"enemies":"The Guardian","floor":16,"turns":6}],"seed_played":"-494361353412104958","potions_obtained":[{"floor":2.0,"key":"GamblersBrew"},{"floor":2.0,"key":"FairyPotion"},{"floor":2.0,"key":"EssenceOfSteel"},{"floor":3.0,"key":"PowerPotion"},{"floor":6.0,"key":"LiquidBronze"}],"is_trial":false,"path_per_floor":["M","?","M","M","$","E","R","E","T","E","M","T","M","M","R","B"],"character_chosen":"WATCHER","items_purchased":[],"campfire_rested":0,"item_purchase_floors":[],"current_hp_per_floor":[72,72,72,72,72,51,51,37,37,24,24,24,12,12,21,5,5],"gold":275,"neow_bonus":"THREE_ENEMY_KILL","is_daily":false,"chose_seed":false,"campfire_upgraded":2,"win_rate":0.0,"timestamp":1609253437,"path_taken":["M","?","?","M","$","E","R","E","T","E","?","?","M","M","R","BOSS"],"items_purchased_type":[],"build_version":"2020-12-22","purchased_purges":0,"victory":false,"max_hp_per_floor":[72,72,72,72,72,72,72,72,72,72,72,72,72,72,72,72,72],"relic_stats":{"counters":[10,35],"Eternal Feather":9,"Question Card":2,"obtain_stats":[{"Bottled Flame":10,"HornCleat":6,"NeowsBlessing":0,"Eternal Feather":8,"Bottled Lightning":9,"PureWater":0,"Question Card":12},{"Bottled Flame":6,"HornCleat":4,"NeowsBlessing":0,"Eternal Feather":5,"Bottled Lightning":5,"PureWater":0,"Question Card":7},{"Bottled Flame":24,"HornCleat":15,"NeowsBlessing":0,"Eternal Feather":19,"Bottled Lightning":19,"PureWater":0,"Question Card":25}]},"card_choices":[{"not_picked":["EmptyBody","WheelKick"],"picked":"JustLucky","floor":1.0},{"not_picked":["EmptyFist","SashWhip"],"picked":"Crescendo","floor":3.0},{"not_picked":["PathToVictory","Sanctity"],"picked":"FollowUp","floor":4.0},{"not_picked":["ClearTheMind","BowlingBash"],"picked":"Conclude","floor":6.0},{"not_picked":["Halt","Collect","SignatureMove"],"picked":"SKIP","floor":8.0},{"not_picked":["Consecrate","FlyingSleeves"],"picked":"Vault","floor":10.0},{"not_picked":["SashWhip","ClearTheMind"],"picked":"Tantrum","floor":11.0},{"not_picked":["CrushJoints","Conclude","Pray"],"picked":"CutThroughFate","floor":13.0},{"not_picked":["InnerPeace","SashWhip","Worship"],"picked":"CutThroughFate","floor":14}],"player_experience":202211,"relics_obtained":[{"floor":6.0,"key":"HornCleat"},{"floor":8.0,"key":"Eternal Feather"},{"floor":9.0,"key":"Bottled Lightning"},{"floor":10.0,"key":"Bottled Flame"},{"floor":12.0,"key":"Question Card"}],"event_choices":[{"damage_healed":0.0,"max_hp_gain":0.0,"max_hp_loss":0.0,"gold_gain":0.0,"event_name":"Lab","player_choice":"Got Potions","floor":2.0,"gold_loss":0.0,"damage_taken":0.0}],"is_beta":false,"boss_relics":[],"items_purged_floors":[],"is_endless":false,"potions_floor_spawned":[3,6,8,10,13],"killed_by":"The Guardian","ascension_level":1}}