{"host":"mttmnrdvbvzz8cuy","time":1609251457,"event":{"mods":["BaseMod","Bestiary","Colored Map","Colored Powertips","Infinite Spire","Minty Spire (QoL Compilation)","StSLib"],"gold_per_floor":[114,114,127,145,159,187,262,295,295,295,307,326,426,458,458,554,554,572,592,517,517,532,532,532],"floor_reached":23,"playtime":988,"items_purged":[],"score":289,"play_id":"0f2aa36c-b2d4-4c8a-8c9f-7d7ae1091282","local_time":"20201230011737","is_ascension_mode":true,"campfire_choices":[{"floor":10,"key":"REST"},{"floor":15,"key":"REST"}],"circlet_count":0,"master_deck":["Strike_B","Strike_B","Strike_B","Defend_B","Defend_B","Defend_B","Defend_B","Zap","Dualcast","Rebound","Gash","Scrape","Streamline","Buffer","Loop","Darkness","Hello World","Stack","Rainbow","Rebound+1","Streamline","infinitespire:Punishment","Self Repair+1"],"relics":["Cracked Core","NeowsBlessing","Cables","infinitespire:BottledMercury","infinitespire:CheckeredPen","Ornamental Fan","StoneCalendar","Inserter"],"acts_visited":["Exordium","TheCity"],"potions_floor_usage":[8,14,16,19],"damage_taken":[{"damage":0,"enemies":"Small Slimes","floor":1,"turns":1},{"damage":0,"enemies":"2 Louse","floor":3,"turns":1},{"damage":0,"enemies":"Cultist","floor":4,"turns":1},{"damage":8,"enemies":"Exordium Wildlife","floor":5,"turns":3},{"damage":30,"enemies":"Gremlin Nob","floor":6,"turns":4},{"damage":18,"enemies":"Lagavulin","floor":8,"turns":5},{"damage":0,"enemies":"2 Fungi Beasts","floor":11,"turns":2},{"damage":7,"enemies":"3 Louse","floor":12,"turns":3},{"damage":14,"enemies":"3 Sentries","floor":14,"turns":4},{"damage":0,"enemies":"The Guardian","floor":16,"turns":8},{"damage":22,"enemies":"Spheric Guardian","floor":18,"turns":4},{"damage":3,"enemies":"Chosen","floor":19,"turns":3},{"damage":28,"enemies":"Centurion and Healer","floor":22,"turns":5},{"damage":24,"enemies":"Slavers","floor":23,"turns":1}],"seed_played":"-6926013991851086948","potions_obtained":[{"floor":5,"key":"Explosive Potion"},{"floor":6,"key":"GamblersBrew"},{"floor":12,"key":"AttackPotion"},{"floor":14,"key":"Energy Potion"},{"floor":16,"key":"DistilledChaos"},{"floor":22,"key":"EssenceOfSteel"}],"is_trial":false,"path_per_floor":["M","?","M","M","M","E","?","E","T","R","M","M","?","E","R","B",null,"M","M","?","AVR","M","E"],"character_chosen":"DEFECT","items_purchased":[],"campfire_rested":2,"item_purchase_floors":[],"current_hp_per_floor":[75,75,75,75,67,37,26,8,8,30,30,23,23,9,31,31,75,53,50,50,50,22,0,0],"gold":532,"neow_bonus":"THREE_ENEMY_KILL","is_daily":false,"chose_seed":false,"campfire_upgraded":0,"win_rate":0.0,"timestamp":1609251457,"path_taken":["M","?","M","M","M","E","?","E","T","R","M","M","?","E","R","BOSS","M","?","?","AVR","M","E"],"items_purchased_type":[],"build_version":"2020-12-22","purchased_purges":0,"victory":false,"max_hp_per_floor":[75,75,75,75,75,75,75,75,75,75,75,75,75,75,75,75,75,75,75,75,75,75,75,75],"card_choices":[{"not_picked":["Compile Driver","Chill"],"picked":"Rebound","floor":1},{"not_picked":["Beam Cell","Sweeping Beam"],"picked":"Gash","floor":3},{"not_picked":["Compile Driver","Auto Shields"],"picked":"Scrape","floor":4},{"not_picked":["Steam Power","Coolheaded"],"picked":"Streamline","floor":5},{"not_picked":["Glacier","Gash"],"picked":"Buffer","floor":6},{"not_picked":["Doom and Gloom","Conserve Battery"],"picked":"Loop","floor":8},{"not_picked":["Capacitor","Tempest"],"picked":"Darkness","floor":11},{"not_picked":["Sweeping Beam","Leap"],"picked":"Hello World","floor":12},{"not_picked":["Coolheaded","Buffer"],"picked":"Stack","floor":14},{"not_picked":["Reboot","Core Surge"],"picked":"Rainbow","floor":16},{"not_picked":["Stack","Turbo"],"picked":"Rebound+1","floor":18},{"not_picked":["BootSequence","Conserve Battery"],"picked":"Streamline","floor":19},{"not_picked":["Melter","Rebound"],"picked":"Self Repair+1","floor":22}],"player_experience":108646,"relics_obtained":[{"floor":2,"key":"Cables"},{"floor":6,"key":"infinitespire:BottledMercury"},{"floor":8,"key":"infinitespire:CheckeredPen"},{"floor":9,"key":"Ornamental Fan"},{"floor":14,"key":"StoneCalendar"}],"event_choices":[{"damage_healed":0,"gold_gain":75,"player_choice":"Gather Gold","damage_taken":11,"max_hp_gain":0,"max_hp_loss":0,"event_name":"World of Goop","floor":7,"gold_loss":0},{"damage_healed":0,"gold_gain":100,"player_choice":"Pray","damage_taken":0,"max_hp_gain":0,"max_hp_loss":0,"event_name":"Golden Shrine","floor":13,"gold_loss":0},{"cards_removed":["Strike_B"],"damage_healed":0,"gold_gain":0,"player_choice":"Gave Gold","damage_taken":0,"max_hp_gain":0,"max_hp_loss":0,"event_name":"Beggar","floor":20,"gold_loss":75}],"is_beta":false,"boss_relics":[{"not_picked":["Sozu","Snecko Eye"],"picked":"Inserter"}],"items_purged_floors":[],"is_endless":false,"potions_floor_spawned":[5,6,12,14,16,22],"killed_by":"Slavers","ascension_level":2}}