{"host":"mjmsgaxkb56jw5c5","time":1609263664,"event":{"mods":["Aspiration","BaseMod","Colored Powertips","Conspire","Downfall","Hubris","Minty Spire (QoL Compilation)","Replay The Spire","StSLib","The Jungle"],"gold_per_floor":[210,229,229,10,10,43,43,377,403,415,415,427,459,459,459,564,564,575,394,406,416,428,428,439,456,456,456,456,456,456],"floor_reached":29,"playtime":1239,"items_purged":["Strike_B"],"score":311,"play_id":"83c3e995-ff7b-48f6-b596-6bc5b9a4c11d","local_time":"20201229184104","is_ascension_mode":true,"campfire_choices":[{"data":"Storm","floor":7,"key":"SMITH"},{"data":"Pot Of Greed","floor":11,"key":"SMITH"},{"floor":15,"key":"REST"},{"floor":23,"key":"REST"}],"circlet_count":0,"master_deck":["Strike_B","Strike_B","Defend_B","Defend_B","Defend_B","Defend_B","Zap","Dualcast","White Noise","Reinforced Body+1","Storm+1","Ball Lightning","Pot Of Greed+1","Pot Of Greed","Ball Lightning","hubris:PowerSurge","Amplify","Static Discharge","Redo+1"],"relics":["Cracked Core","Membership Card","hubris:Towel","Tiny Chest","Old Coin","Grinning Jar","Replay:Rubber Ducky","Geode","Inserter","Torii","Mummified Hand"],"acts_visited":["Exordium","TheCity"],"potions_floor_usage":[8,13,13,16,21,29,29],"damage_taken":[{"damage":0,"enemies":"Cultist","floor":1,"turns":4},{"damage":1,"enemies":"2 Louse","floor":2,"turns":2},{"damage":13,"enemies":"Replay:BlueRogue","floor":6,"turns":6},{"damage":16,"enemies":"3 Sentries","floor":8,"turns":5},{"damage":0,"enemies":"conspire:RoseBush","floor":10,"turns":3},{"damage":13,"enemies":"Blue Slaver","floor":12,"turns":2},{"damage":12,"enemies":"Gremlin Nob","floor":13,"turns":2},{"damage":4,"enemies":"Slime Boss","floor":16,"turns":6},{"damage":9,"enemies":"Chosen","floor":18,"turns":3},{"damage":1,"enemies":"3 Byrds","floor":20,"turns":3},{"damage":15,"enemies":"Snake Plant","floor":21,"turns":2},{"damage":17,"enemies":"3 Cultists","floor":22,"turns":4},{"damage":26,"enemies":"Shelled Parasite and Fungi","floor":24,"turns":4},{"damage":24,"enemies":"Centurion and Healer","floor":25,"turns":2},{"damage":12,"enemies":"Snecko","floor":29,"turns":3}],"seed_played":"-5372048198743479825","potions_obtained":[{"floor":2,"key":"Death Potion"},{"floor":6,"key":"DistilledChaos"},{"floor":10,"key":"PowerPotion"},{"floor":12,"key":"Elixir"},{"floor":13,"key":"Slimebound:ThreeZeroPotion"},{"floor":22,"key":"Death Potion"},{"floor":24,"key":"Swift Potion"},{"floor":25,"key":"SneckoOil"}],"is_trial":false,"path_per_floor":["M","M","?","$","?","E","R","E","T","M","R","M","E","T","R","B",null,"M","$","M","M","M","R","M","M","PTL","PTL","T","M"],"character_chosen":"DEFECT","items_purchased":["Storm","Membership Card","Torii"],"campfire_rested":2,"item_purchase_floors":[4,4,19],"current_hp_per_floor":[75,74,74,74,74,61,61,45,45,45,45,32,20,20,42,38,75,66,66,65,50,33,55,29,5,5,5,5,0,0],"gold":456,"neow_bonus":"HUNDRED_GOLD","is_daily":false,"chose_seed":false,"campfire_upgraded":2,"win_rate":0.0,"timestamp":1609263664,"path_taken":["M","?","?","$","?","E","R","E","T","M","R","M","E","?","R","BOSS","M","$","M","M","?","R","M","?","PTL","PTL","T","M"],"items_purchased_type":["Card","Relic","Relic"],"build_version":"2020-12-22","purchased_purges":1,"victory":false,"max_hp_per_floor":[75,75,75,75,75,75,75,75,75,75,75,75,75,75,75,75,75,75,75,75,75,75,75,75,75,75,75,75,75,75],"card_choices":[{"not_picked":["Stack","Streamline","Lockon"],"picked":"SKIP","floor":1},{"not_picked":["Panic Button","Sweeping Beam"],"picked":"White Noise","floor":2},{"not_picked":["All For One","Chaos"],"picked":"Ball Lightning","floor":6},{"not_picked":["Steam","Barrage","ReplayTheSpireMod:Calculation Training"],"picked":"SKIP","floor":8},{"not_picked":["Steam Power","All For One"],"picked":"Ball Lightning","floor":10},{"not_picked":["Stack","ReplayTheSpireMod:System Scan","Recycle"],"picked":"SKIP","floor":12},{"not_picked":["Conserve Battery","Lockon"],"picked":"hubris:PowerSurge","floor":13},{"not_picked":["Rainbow","Hyperbeam"],"picked":"Amplify","floor":16},{"not_picked":["Barrage","Beam Cell","Panic Button"],"picked":"SKIP","floor":18},{"not_picked":["White Noise+1","Leap"],"picked":"Static Discharge","floor":20},{"not_picked":["Barrage","Sweeping Beam+1","Fission"],"picked":"SKIP","floor":21},{"not_picked":["Leap+1","ReplaySolidLightProjector+1","Stack"],"picked":"SKIP","floor":22},{"not_picked":["Rainbow","Hologram","Doom and Gloom+1"],"picked":"SKIP","floor":24},{"not_picked":["Fusion","Consume"],"picked":"Redo+1","floor":25}],"player_experience":227523,"relics_obtained":[{"floor":6,"key":"Tiny Chest"},{"floor":8,"key":"Old Coin"},{"floor":9,"key":"Grinning Jar"},{"floor":13,"key":"Replay:Rubber Ducky"},{"floor":14,"key":"Geode"},{"floor":28,"key":"Mummified Hand"}],"event_choices":[],"is_beta":false,"boss_relics":[{"not_picked":["aspiration:FutureDiary","Empty Cage"],"picked":"Inserter"}],"items_purged_floors":[19],"is_endless":false,"potions_floor_spawned":[2,6,10,12,13,22,24,25],"killed_by":"Snecko","ascension_level":3}}