{"host":"68ryiucqar8jyfi2","time":1609277133,"event":{"mods":["2.2 Compatiblity","Act Like it!","Aspiration","BaseMod","Better Match","Better Note","Better Skull","Better Third Choice","CCEM","CapriCore","Curses Come First","Defuse TimeMaze Blight","Displayed Cursed Tome","Emptier Cage","Energized Spire","Friendly Minions","GifTheSpireLib","HexUI Lib","Hubris","Hyrulean Relics","Minty Spire (QoL Compilation)","Permanent Neow","RNG Fix","Replay The Spire","Robot Space Explorer","StSLib","Stuff the Spire","The Blue Laboratory","Trackpad","Transform Curses","Uncapped","Wandering Minibosses"],"gold_per_floor":[113,132,142,157,157,157,192,211,236,18,18,18,18,42,108,108,108],"floor_reached":16,"playtime":498,"items_purged":["Strike_B"],"score":152,"play_id":"e334534d-1253-46d3-927c-d47c862adf02","local_time":"20201229212533","daily_mods":["Vintage","Heirloom","Flight"],"is_ascension_mode":false,"campfire_choices":[{"data":"Zap","floor":6,"key":"SMITH"},{"data":"Conserve Battery","floor":13,"key":"SMITH"}],"circlet_count":0,"master_deck":["Strike_B","Strike_B","Strike_B","Defend_B","Defend_B","Defend_B","Defend_B","Zap+1","Dualcast","Conserve Battery+1"],"relics":["Cracked Core","Lizard Tail","Regal Pillow","hubris:OldNail","Golden Idol","BranchBurnRelic","zeldaRelics:CourageTriforce","hubris:TenFootPole","Runic Capacitor","trackpad:WondrousWand"],"acts_visited":["Exordium"],"potions_floor_usage":[8,16,16],"damage_taken":[{"damage":0,"enemies":"2 Louse","floor":1,"turns":2},{"damage":3,"enemies":"Jaw Worm","floor":2,"turns":3},{"damage":17,"enemies":"Small Slimes","floor":3,"turns":5},{"damage":6,"enemies":"3 Louse","floor":4,"turns":3},{"damage":30,"enemies":"Lagavulin","floor":7,"turns":8},{"damage":10,"enemies":"Blue Slaver","floor":8,"turns":5},{"damage":0,"enemies":"Looter","floor":14,"turns":3},{"damage":82,"enemies":"Hexaghost","floor":16,"turns":15}],"seed_played":"666190169238002310","potions_obtained":[{"floor":3,"key":"blueLaboratory:SystemWipe"},{"floor":4,"key":"blueLaboratory:Moonshine"},{"floor":7,"key":"Block Potion"},{"floor":14,"key":"blueLaboratory:BottledHope"}],"is_trial":true,"path_per_floor":["M","M","M","M","?","R","E","M","T","$","T","?","R","M","R","B"],"character_chosen":"DEFECT","items_purchased":["Runic Capacitor"],"campfire_rested":0,"item_purchase_floors":[10],"current_hp_per_floor":[75,72,55,49,31,31,16,6,6,6,6,14,14,23,23,0,0],"gold":108,"neow_bonus":"","is_daily":false,"chose_seed":false,"campfire_upgraded":2,"win_rate":0.0,"timestamp":1609277133,"path_taken":["M","M","M","M","?","R","E","M","T","?","?","?","R","M","R","BOSS"],"items_purchased_type":["Relic"],"build_version":"2020-12-22","purchased_purges":1,"victory":false,"max_hp_per_floor":[75,75,75,75,75,75,75,75,75,75,75,75,75,75,75,75,75],"card_choices":[{"not_picked":["StuffTheSpire:GlassShard","Undo"],"picked":"Conserve Battery","floor":7}],"player_experience":182356,"relics_obtained":[{"floor":1,"key":"Regal Pillow"},{"floor":2,"key":"hubris:OldNail"},{"floor":3,"key":"Dead Branch"},{"floor":7,"key":"zeldaRelics:CouragePiece"},{"floor":8,"key":"hubris:TenFootPole"},{"floor":9,"key":"zeldaRelics:CouragePiece"},{"floor":11,"key":"zeldaRelics:CouragePiece"},{"floor":14,"key":"trackpad:WondrousWand"}],"event_choices":[{"damage_healed":0,"gold_gain":0,"player_choice":"Take Damage","damage_taken":18,"relics_obtained":["Golden Idol"],"max_hp_gain":0,"max_hp_loss":0,"event_name":"Golden Idol","floor":5,"gold_loss":0}],"is_beta":false,"boss_relics":[],"items_purged_floors":[10],"is_endless":true,"potions_floor_spawned":[3,4,7,14],"killed_by":"Hexaghost","ascension_level":0}}