{"host":"52zmxm0oht7x0uft","time":1609271390,"event":{"mods":["AchievementEnabler","BaseMod","Minty Spire (QoL Compilation)","Quick Restart"],"gold_per_floor":[12,25,25,39,58,92,104,126,138,150,197,209,239,265,277,289,289],"floor_reached":16,"playtime":657,"items_purged":[],"score":137,"play_id":"3a1f83c5-f1be-4e3d-b561-cd675bfd6c4b","local_time":"20201229204950","is_ascension_mode":true,"campfire_choices":[{"data":"Spot Weakness","floor":7,"key":"SMITH"},{"data":"Rampage","floor":10,"key":"SMITH"},{"data":"Hemokinesis","floor":15,"key":"SMITH"}],"circlet_count":0,"master_deck":["Strike_R","Strike_R","Strike_R","Defend_R","Defend_R","Defend_R","Defend_R","Rampage+1","Shockwave","Hemokinesis+1","Spot Weakness+1","Cleave","Metallicize"],"relics":["Burning Blood","MawBank","CaptainsWheel","Dead Branch"],"acts_visited":["Exordium"],"potions_floor_usage":[8,11],"damage_taken":[{"damage":6,"enemies":"Small Slimes","floor":1,"turns":3},{"damage":7,"enemies":"Jaw Worm","floor":2,"turns":4},{"damage":5,"enemies":"2 Louse","floor":4,"turns":2},{"damage":11,"enemies":"Looter","floor":5,"turns":3},{"damage":27,"enemies":"Gremlin Nob","floor":6,"turns":4},{"damage":17,"enemies":"Large Slime","floor":8,"turns":6},{"damage":14,"enemies":"Lagavulin","floor":11,"turns":4},{"damage":10,"enemies":"3 Louse","floor":13,"turns":2},{"damage":4,"enemies":"2 Fungi Beasts","floor":14,"turns":2},{"damage":43,"enemies":"Slime Boss","floor":16,"turns":8}],"seed_played":"-5291639164789346871","potions_obtained":[{"floor":1,"key":"ColorlessPotion"},{"floor":6,"key":"Regen Potion"},{"floor":11,"key":"BlessingOfTheForge"},{"floor":13,"key":"SteroidPotion"}],"is_trial":false,"path_per_floor":["M","M","$","M","M","E","R","M","T","R","E","?","M","M","R","B"],"character_chosen":"IRONCLAD","items_purchased":[],"campfire_rested":0,"item_purchase_floors":[],"current_hp_per_floor":[80,79,79,80,75,54,54,43,43,43,47,40,36,38,38,0,0],"gold":289,"neow_bonus":"TRANSFORM_TWO_CARDS","is_daily":false,"chose_seed":false,"campfire_upgraded":3,"win_rate":0.0,"timestamp":1609271390,"path_taken":["M","M","$","M","M","E","R","M","T","R","E","?","M","M","R","BOSS"],"items_purchased_type":[],"build_version":"2020-12-22","purchased_purges":0,"victory":false,"max_hp_per_floor":[80,80,80,80,80,80,80,80,80,80,80,80,80,80,80,80,80],"card_choices":[{"not_picked":["Evolve","Pummel","Reckless Charge"],"picked":"SKIP","floor":1},{"not_picked":["Cleave","Battle Trance"],"picked":"Hemokinesis","floor":2},{"not_picked":["Warcry","Dark Embrace"],"picked":"Spot Weakness","floor":4},{"not_picked":["Warcry","Shrug It Off","Headbutt"],"picked":"SKIP","floor":5},{"not_picked":["Anger","Pommel Strike","Shrug It Off"],"picked":"SKIP","floor":6},{"not_picked":["True Grit","Offering","Dark Embrace"],"picked":"SKIP","floor":8},{"not_picked":["Twin Strike","Ghostly Armor"],"picked":"Cleave","floor":11},{"not_picked":["Warcry","Rampage"],"picked":"Metallicize","floor":13},{"not_picked":["Sword Boomerang","Anger","Wild Strike"],"picked":"SKIP","floor":14}],"player_experience":333408,"relics_obtained":[{"floor":6,"key":"MawBank"},{"floor":9,"key":"CaptainsWheel"},{"floor":11,"key":"Dead Branch"}],"event_choices":[{"cards_removed":["Bash"],"damage_healed":0,"gold_gain":0,"player_choice":"Card Removal","damage_taken":7,"max_hp_gain":0,"max_hp_loss":0,"event_name":"Golden Wing","floor":12,"gold_loss":0}],"is_beta":false,"boss_relics":[],"items_purged_floors":[],"is_endless":false,"potions_floor_spawned":[1,6,11,13],"killed_by":"Slime Boss","ascension_level":4}}