{"host":"eydwxg59205c3vtl","time":1609257787,"event":{"mods":["2.2 Compatiblity","BaseMod","Colored Map","Colored Powertips","Hubris","Minty Spire (QoL Compilation)","StSLib","The Necromancer"],"gold_per_floor":[115,135,135,10,20,20,41,41,41,66,66,82,112,125,125,125,125],"floor_reached":16,"playtime":612,"items_purged":["Strike_G"],"score":176,"play_id":"f55dedad-5412-4ffc-93f6-26ffdea440a2","local_time":"20201229110307","is_ascension_mode":true,"campfire_choices":[{"data":"Deadly Poison","floor":6,"key":"SMITH"},{"data":"Footwork","floor":8,"key":"SMITH"},{"floor":11,"key":"REST"},{"floor":15,"key":"REST"}],"circlet_count":0,"master_deck":["AscendersBane","Strike_G","Strike_G","Strike_G","Strike_G","Defend_G","Defend_G","Defend_G","Defend_G","Defend_G","Survivor","Neutralize","Poisoned Stab","Catalyst","Deadly Poison+1","Footwork+1","Flying Knee","Flying Knee","Sucker Punch"],"relics":["Ring of the Snake","NeowsBlessing","Odd Mushroom","Matryoshka","Bag of Preparation","Lantern"],"acts_visited":["Exordium"],"potions_floor_usage":[13,16],"damage_taken":[{"damage":0,"enemies":"Jaw Worm","floor":1,"turns":1},{"damage":0,"enemies":"Cultist","floor":2,"turns":1},{"damage":0,"enemies":"2 Louse","floor":5,"turns":2},{"damage":22,"enemies":"The Mushroom Lair","floor":7,"turns":6},{"damage":26,"enemies":"3 Sentries","floor":10,"turns":12},{"damage":4,"enemies":"2 Fungi Beasts","floor":12,"turns":3},{"damage":5,"enemies":"Gremlin Nob","floor":13,"turns":3},{"damage":3,"enemies":"3 Louse","floor":14,"turns":4},{"damage":93,"enemies":"Slime Boss","floor":16,"turns":10}],"seed_played":"8129835650580975654","potions_obtained":[{"floor":1,"key":"FearPotion"},{"floor":7,"key":"FairyPotion"},{"floor":13,"key":"Dexterity Potion"}],"is_trial":false,"path_per_floor":["M","M","?","$","M","R","?","R","T","E","R","M","E","M","R","B"],"character_chosen":"THE_SILENT","items_purchased":["Deadly Poison"],"campfire_rested":2,"item_purchase_floors":[4],"current_hp_per_floor":[63,63,63,63,63,63,41,41,41,15,36,32,27,24,45,0,0],"gold":125,"neow_bonus":"THREE_ENEMY_KILL","is_daily":false,"chose_seed":false,"campfire_upgraded":2,"win_rate":0.0,"timestamp":1609257787,"path_taken":["M","M","?","?","M","R","?","R","T","E","R","M","E","M","R","BOSS"],"items_purchased_type":["Card"],"build_version":"2020-12-22","purchased_purges":1,"victory":false,"max_hp_per_floor":[70,70,70,70,70,70,70,70,70,70,70,70,70,70,70,70,70],"card_choices":[{"not_picked":["Sucker Punch","Dagger Throw"],"picked":"Poisoned Stab","floor":1},{"not_picked":["Dagger Spray","Endless Agony"],"picked":"Catalyst","floor":2},{"not_picked":["Setup","Endless Agony","Slice"],"picked":"SKIP","floor":5},{"not_picked":["Calculated Gamble","Dodge and Roll"],"picked":"Footwork","floor":7},{"not_picked":["Slice","Cloak And Dagger"],"picked":"Flying Knee","floor":10},{"not_picked":["Dagger Throw","Prepared","Phantasmal Killer"],"picked":"SKIP","floor":12},{"not_picked":["Grand Finale","Flechettes"],"picked":"Flying Knee","floor":13},{"not_picked":["PiercingWail","Tactician"],"picked":"Sucker Punch","floor":14}],"player_experience":562644,"relics_obtained":[{"floor":7,"key":"Odd Mushroom"},{"floor":9,"key":"Matryoshka"},{"floor":10,"key":"Bag of Preparation"},{"floor":13,"key":"Lantern"}],"event_choices":[{"damage_healed":0,"gold_gain":0,"player_choice":"Bought 0 Potions","damage_taken":0,"max_hp_gain":0,"max_hp_loss":0,"event_name":"The Woman in Blue","floor":3,"gold_loss":0},{"damage_healed":0,"gold_gain":0,"player_choice":"Fought Mushrooms","damage_taken":0,"max_hp_gain":0,"max_hp_loss":0,"event_name":"Mushrooms","floor":7,"gold_loss":0}],"is_beta":false,"boss_relics":[],"items_purged_floors":[4],"is_endless":false,"potions_floor_spawned":[1,7,13,14],"killed_by":"Slime Boss","ascension_level":12}}