{"host":"j0vzbnzm6n2ctevn","time":1609241273,"event":{"mods":["AchievementEnabler","BaseMod","Minty Spire (QoL Compilation)","Quick Restart","Shop Mod","Spicy Shops","StSLib"],"gold_per_floor":[111,36,211,228,228,228,257,22,22,33,56,68,112,124,136,243,255,285,315,327,32,46,76,76,94,94,105,121,121,147,24,24,24,24],"floor_reached":33,"playtime":1565,"items_purged":["Strike_R","Strike_R","Doubt","Strike_R","Strike_R"],"score":322,"play_id":"5f3c5c3c-6f40-423c-a912-7a7c5a425e27","local_time":"20201229192753","is_ascension_mode":true,"campfire_choices":[{"data":"Iron Wave","floor":6,"key":"SMITH"},{"data":"Combust","floor":12,"key":"SMITH"},{"floor":15,"key":"REST"},{"data":"1","floor":29,"key":"LIFT"},{"data":"2","floor":32,"key":"LIFT"}],"circlet_count":0,"master_deck":["Defend_R","Defend_R","Bash","Dual Wield","Iron Wave+1","Warcry+1","Combust+1","Spot Weakness","Bludgeon","Shrug It Off","Warcry+1","Armaments+1","Warcry+1","Infernal Blade+1","Armaments+1","Double Tap+1","Inflame","Seeing Red+1","Flame Barrier+1"],"relics":["Burning Blood","CaptainsWheel","Membership Card","TungstenRod","Meat on the Bone","MawBank","Regal Pillow","Sozu","Toxic Egg 2","Girya","Bag of Preparation","Juzu Bracelet","Sundial"],"acts_visited":["Exordium","TheCity"],"potions_floor_usage":[7,19],"damage_taken":[{"damage":8,"enemies":"2 Louse","floor":1,"turns":2},{"damage":4,"enemies":"Small Slimes","floor":4,"turns":5},{"damage":6,"enemies":"Gremlin Nob","floor":7,"turns":4},{"damage":1,"enemies":"Jaw Worm","floor":10,"turns":4},{"damage":32,"enemies":"Lagavulin","floor":13,"turns":7},{"damage":47,"enemies":"Hexaghost","floor":16,"turns":10},{"damage":18,"enemies":"Shell Parasite","floor":18,"turns":4},{"damage":18,"enemies":"2 Thieves","floor":19,"turns":4},{"damage":2,"enemies":"Snecko","floor":22,"turns":3},{"damage":35,"enemies":"Slavers","floor":23,"turns":6},{"damage":0,"enemies":"Sentry and Sphere","floor":25,"turns":4},{"damage":21,"enemies":"Snake Plant","floor":27,"turns":2},{"damage":3,"enemies":"Chosen and Byrds","floor":28,"turns":3},{"damage":15,"enemies":"Book of Stabbing","floor":30,"turns":4},{"damage":50,"enemies":"Champ","floor":33,"turns":10}],"seed_played":"3488759508150066868","potions_obtained":[{"floor":4,"key":"SneckoOil"},{"floor":16,"key":"SteroidPotion"}],"is_trial":false,"path_per_floor":["M","$","?","M","?","R","E","$","T","M","T","R","E","?","R","B",null,"M","M","?","$","M","E","?","M","T","M","M","R","E","$","R","B"],"character_chosen":"IRONCLAD","items_purchased":["Membership Card","TungstenRod","Combust","Toxic Egg 2","Warcry+1","Armaments+1","Girya","Flame Barrier+1"],"campfire_rested":1,"item_purchase_floors":[8,8,8,21,21,21,21,31],"current_hp_per_floor":[54,54,54,56,49,49,49,49,49,54,54,54,40,40,79,50,80,68,56,42,42,58,41,41,59,59,56,59,59,50,50,50,0,0],"gold":24,"neow_bonus":"REMOVE_TWO","is_daily":false,"chose_seed":false,"campfire_upgraded":2,"win_rate":0.0,"timestamp":1609241273,"path_taken":["M","$","?","M","?","R","E","$","T","M","?","R","E","?","R","BOSS","M","?","?","$","M","E","?","?","T","M","M","R","E","?","R","BOSS"],"items_purchased_type":["Relic","Relic","Card","Relic","Card","Card","Relic","Card"],"build_version":"2020-12-22","purchased_purges":5,"victory":false,"max_hp_per_floor":[80,80,80,80,80,80,80,80,80,80,80,80,80,80,80,80,80,80,80,85,85,85,85,85,85,85,85,85,85,85,85,85,85,85],"card_choices":[{"not_picked":["Warcry","Wild Strike"],"picked":"Dual Wield","floor":1},{"not_picked":["Pommel Strike","Sword Boomerang"],"picked":"Iron Wave","floor":4},{"not_picked":["Shockwave","Burning Pact"],"picked":"Warcry","floor":7},{"not_picked":["Havoc","Clothesline","Sword Boomerang"],"picked":"SKIP","floor":10},{"not_picked":["Warcry","Perfected Strike"],"picked":"Spot Weakness","floor":13},{"not_picked":["Exhume","Brutality"],"picked":"Bludgeon","floor":16},{"not_picked":["Fire Breathing","Dark Embrace"],"picked":"Shrug It Off","floor":18},{"not_picked":["Cleave","Pummel","Sword Boomerang"],"picked":"SKIP","floor":19},{"not_picked":["Clothesline","Body Slam+1"],"picked":"Warcry+1","floor":22},{"not_picked":["Rupture+1","Rampage+1"],"picked":"Infernal Blade+1","floor":23},{"not_picked":["Twin Strike","Sword Boomerang"],"picked":"Armaments+1","floor":25},{"not_picked":["Shrug It Off+1","True Grit+1"],"picked":"Double Tap+1","floor":27},{"not_picked":["Anger","Entrench+1"],"picked":"Inflame","floor":28},{"not_picked":["Havoc+1","Sentinel+1"],"picked":"Seeing Red+1","floor":30}],"player_experience":57837,"relics_obtained":[{"floor":7,"key":"CaptainsWheel"},{"floor":9,"key":"Meat on the Bone"},{"floor":11,"key":"MawBank"},{"floor":13,"key":"Regal Pillow"},{"floor":23,"key":"Bag of Preparation"},{"floor":26,"key":"Juzu Bracelet"},{"floor":30,"key":"Sundial"}],"event_choices":[{"damage_healed":0,"gold_gain":175,"player_choice":"AGREE","damage_taken":0,"max_hp_gain":0,"max_hp_loss":0,"event_name":"Liars Game","floor":3,"gold_loss":0,"cards_obtained":["Doubt"]},{"cards_removed":["Doubt"],"damage_healed":0,"gold_gain":0,"player_choice":"Card Removal","damage_taken":7,"max_hp_gain":0,"max_hp_loss":0,"event_name":"Golden Wing","floor":5,"gold_loss":0},{"damage_healed":0,"gold_gain":0,"player_choice":"Upgraded","damage_taken":0,"max_hp_gain":0,"max_hp_loss":0,"event_name":"Upgrade Shrine","floor":14,"gold_loss":0,"cards_upgraded":["Warcry"]},{"damage_healed":0,"gold_gain":0,"player_choice":"Shed Blood","damage_taken":20,"max_hp_gain":5,"max_hp_loss":0,"event_name":"Forgotten Altar","floor":20,"gold_loss":0},{"cards_removed":["Strike_R"],"damage_healed":0,"gold_gain":0,"player_choice":"Purged","damage_taken":0,"max_hp_gain":0,"max_hp_loss":0,"event_name":"Purifier","floor":24,"gold_loss":0}],"is_beta":false,"boss_relics":[{"not_picked":["Runic Cube","Calling Bell"],"picked":"Sozu"}],"items_purged_floors":[2,8,21,21,31],"is_endless":false,"potions_floor_spawned":[4,16,18,23,27],"killed_by":"Champ","ascension_level":2}}