{"host":"p9t7qd83igtcp2bh","time":1609214669,"event":{"mods":["2.2 Compatiblity","AchievementEnabler","BaseMod","Colored Map","Colored Powertips","Custom Start","DeckTracker","Keyboard Shortcuts","Minty Spire (QoL Compilation)","Permanent Neow","StSLib","SuperFastMode","everything is the same but u backflip on backflip"],"gold_per_floor":[149,200,236,304,359,359,410,410,410,462,462,504,131,176,176,248,248,261,261,277,337,144,144,144],"floor_reached":23,"playtime":651,"items_purged":["Strike_B"],"score":355,"play_id":"fe815d7e-bc47-4b39-a57c-022ab516e510","local_time":"20201229130429","is_ascension_mode":true,"campfire_choices":[{"data":"HandOfGreed","floor":6.0,"key":"SMITH"},{"floor":8.0,"key":"REST"},{"floor":15,"key":"REST"}],"circlet_count":0,"master_deck":["AscendersBane","Strike_B","Strike_B","Strike_B","Defend_B","Defend_B","Defend_B","Zap","Dualcast","HandOfGreed+1","Auto Shields","Reprogram+1","Leap","Beam Cell","Double Energy+1","Hologram+1","Reprogram+1","Hologram+1"],"relics":["Cracked Core","Toxic Egg 2","Singing Bowl","Matryoshka","MealTicket","DollysMirror","Sozu","Bronze Scales"],"acts_visited":["Exordium","TheCity"],"potions_floor_usage":[10,10,16,16],"damage_taken":[{"damage":1.0,"enemies":"2 Louse","floor":1.0,"turns":4.0},{"damage":2.0,"enemies":"Small Slimes","floor":2.0,"turns":6.0},{"damage":0.0,"enemies":"Cultist","floor":3.0,"turns":4.0},{"damage":20.0,"enemies":"3 Louse","floor":5.0,"turns":5.0},{"damage":20.0,"enemies":"Gremlin Nob","floor":7.0,"turns":5.0},{"damage":14,"enemies":"3 Sentries","floor":10,"turns":8},{"damage":6,"enemies":"Red Slaver","floor":12,"turns":7},{"damage":0,"enemies":"Looter","floor":14,"turns":3},{"damage":6,"enemies":"Hexaghost","floor":16,"turns":10},{"damage":24,"enemies":"2 Thieves","floor":18,"turns":4},{"damage":14,"enemies":"Spheric Guardian","floor":20,"turns":4},{"damage":10,"enemies":"Centurion and Healer","floor":21,"turns":6},{"damage":47,"enemies":"Gremlin Leader","floor":23,"turns":5}],"seed_played":"-8996628170906525975","potions_obtained":[{"floor":1.0,"key":"DistilledChaos"},{"floor":3.0,"key":"Strength Potion"},{"floor":7.0,"key":"LiquidBronze"},{"floor":12,"key":"ColorlessPotion"},{"floor":14,"key":"Swift Potion"}],"is_trial":false,"path_per_floor":["M","M","M","?","M","R","E","R","T","E","?","M","$","M","R","B",null,"M","?","M","M","$","E"],"character_chosen":"DEFECT","items_purchased":["MealTicket","DollysMirror","Bronze Scales","Hologram+1"],"campfire_rested":2,"item_purchase_floors":[13,13,22,22],"current_hp_per_floor":[45,43,43,43,23,23,3,24,24,10,10,4,4,6,27,23,62,40,40,28,20,35,0,0],"gold":144,"neow_bonus":"RANDOM_COLORLESS_2","is_daily":false,"chose_seed":false,"campfire_upgraded":1,"win_rate":0.0,"timestamp":1609214669,"path_taken":["M","M","M","?","M","R","E","R","T","E","?","?","$","M","R","BOSS","M","?","M","?","$","E"],"items_purchased_type":["Relic","Relic","Relic","Card"],"build_version":"2020-12-22","purchased_purges":1,"victory":false,"max_hp_per_floor":[71,71,71,71,71,71,71,71,71,71,71,71,71,73,73,75,75,77,77,79,81,81,81,81],"card_choices":[{"not_picked":["The Bomb","Magnetism"],"picked":"HandOfGreed","floor":0.0},{"not_picked":["Coolheaded","Go for the Eyes"],"picked":"Auto Shields","floor":1.0},{"not_picked":["Hello World","Storm","Sweeping Beam"],"picked":"SKIP","floor":2.0},{"not_picked":["Gash","Rainbow"],"picked":"Reprogram","floor":3.0},{"not_picked":["Ball Lightning","Lockon"],"picked":"Leap","floor":5.0},{"not_picked":["Leap+1","Turbo+1"],"picked":"Beam Cell","floor":7.0},{"not_picked":["Static Discharge","Gash"],"picked":"Double Energy+1","floor":10},{"not_picked":["Compile Driver","Hello World"],"picked":"Hologram+1","floor":12},{"not_picked":["Hologram+1","Static Discharge","Double Energy+1"],"picked":"Singing Bowl","floor":14},{"not_picked":["Core Surge","Meteor Strike","Thunder Strike"],"picked":"Singing Bowl","floor":16},{"not_picked":["Recycle+1","Redo+1","Defragment"],"picked":"Singing Bowl","floor":18},{"not_picked":["Sweeping Beam","Ball Lightning","Turbo+1"],"picked":"Singing Bowl","floor":20},{"not_picked":["Compile Driver","Static Discharge","Reinforced Body+1"],"picked":"Singing Bowl","floor":21}],"player_experience":579570,"relics_obtained":[{"floor":7.0,"key":"Toxic Egg 2"},{"floor":9.0,"key":"Singing Bowl"},{"floor":10,"key":"Matryoshka"}],"event_choices":[{"damage_healed":0.0,"max_hp_gain":0.0,"max_hp_loss":0.0,"gold_gain":68.0,"event_name":"Golden Wing","player_choice":"Gained Gold","floor":4.0,"gold_loss":0.0,"damage_taken":0.0},{"damage_healed":0,"gold_gain":0,"player_choice":"Upgraded","damage_taken":0,"max_hp_gain":0,"max_hp_loss":0,"event_name":"Upgrade Shrine","floor":11,"gold_loss":0,"cards_upgraded":["Reprogram"]},{"cards_removed":["Defend_B"],"damage_healed":0,"gold_gain":0,"player_choice":"Purged","damage_taken":0,"max_hp_gain":0,"max_hp_loss":0,"event_name":"Purifier","floor":19,"gold_loss":0}],"is_beta":false,"boss_relics":[{"not_picked":["Black Star","SlaversCollar"],"picked":"Sozu"}],"items_purged_floors":[13],"is_endless":false,"potions_floor_spawned":[1,3,7,12,14,21],"killed_by":"Gremlin Leader","ascension_level":15}}