{"host":"f5n4tidiz2n5sooh","time":1609229894,"event":{"mods":["BaseMod","Bestiary","Colored Map","Minty Spire (QoL Compilation)","Relic Stats","StSLib"],"gold_per_floor":[110,123,133,149,160,160,190,190,190,223,223,223,235,258,258,330,330,348,361,361,361,21,54,54,54,54],"floor_reached":25,"playtime":1315,"items_purged":[],"score":462,"play_id":"924d174f-7869-4a06-b977-46542a6b4abe","local_time":"20201229021814","is_ascension_mode":true,"campfire_choices":[{"data":"Bash","floor":6,"key":"SMITH"},{"data":"Thunderclap","floor":8,"key":"SMITH"},{"data":"Second Wind","floor":11,"key":"SMITH"},{"data":"True Grit","floor":15,"key":"SMITH"},{"data":"Disarm","floor":24,"key":"SMITH"}],"circlet_count":0,"master_deck":["AscendersBane","Strike_R","Strike_R","Strike_R","Strike_R","Strike_R","Defend_R","Defend_R","Defend_R","Defend_R","Bash+1","Shrug It Off","Thunderclap+1","Reaper","True Grit+1","Second Wind+1","Reaper","Juggernaut","Offering","Disarm+1"],"relics":["Burning Blood","TungstenRod","Paper Frog","Red Skull","Potion Belt","Odd Mushroom","Sozu","MutagenicStrength","Lizard Tail","Mummified Hand"],"acts_visited":["Exordium","TheCity"],"potions_floor_usage":[7,10,16,19,23],"damage_taken":[{"damage":5,"enemies":"Cultist","floor":1,"turns":3},{"damage":12,"enemies":"Small Slimes","floor":2,"turns":3},{"damage":6,"enemies":"Jaw Worm","floor":3,"turns":4},{"damage":15,"enemies":"3 Louse","floor":4,"turns":5},{"damage":27,"enemies":"Gremlin Gang","floor":5,"turns":6},{"damage":33,"enemies":"Lagavulin","floor":7,"turns":7},{"damage":27,"enemies":"Gremlin Nob","floor":10,"turns":4},{"damage":8,"enemies":"Looter","floor":13,"turns":3},{"damage":19,"enemies":"The Mushroom Lair","floor":14,"turns":5},{"damage":29,"enemies":"Slime Boss","floor":16,"turns":10},{"damage":35,"enemies":"3 Byrds","floor":18,"turns":7},{"damage":27,"enemies":"Shell Parasite","floor":19,"turns":5},{"damage":58,"enemies":"Slavers","floor":23,"turns":7},{"damage":113,"enemies":"Gremlin Leader","floor":25,"turns":7}],"seed_played":"-4735844288777149930","potions_obtained":[{"floor":2,"key":"EssenceOfSteel"},{"floor":4,"key":"DuplicationPotion"},{"floor":5,"key":"HeartOfIron"},{"floor":10,"key":"FearPotion"},{"floor":13,"key":"Ancient Potion"},{"floor":16,"key":"Energy Potion"}],"is_trial":false,"path_per_floor":["M","M","M","M","M","R","E","R","T","E","R","?","M","?","R","B",null,"M","M","?","?","$","E","R","E"],"character_chosen":"IRONCLAD","items_purchased":["Lizard Tail"],"campfire_rested":0,"item_purchase_floors":[22],"current_hp_per_floor":[68,62,62,57,46,46,19,19,19,12,12,12,12,32,32,29,58,45,34,34,68,68,38,38,0,0],"gold":54,"neow_bonus":"ONE_RARE_RELIC","is_daily":false,"chose_seed":false,"campfire_upgraded":5,"win_rate":0.0,"timestamp":1609229894,"path_taken":["M","M","?","M","M","R","E","R","T","E","R","?","M","?","R","BOSS","M","M","?","?","$","E","R","E"],"items_purchased_type":["Relic"],"build_version":"2020-12-22","purchased_purges":0,"victory":false,"max_hp_per_floor":[68,68,68,68,68,68,68,68,68,68,68,68,68,68,68,68,68,68,68,68,68,68,68,68,68,68],"relic_stats":{"Sozu":2,"Lizard Tail":34,"counters":[14,76],"Mummified Hand":[1],"obtain_stats":[{"Potion Belt":10,"Sozu":17,"Lizard Tail":22,"Mummified Hand":23,"MutagenicStrength":20,"Odd Mushroom":14,"Burning Blood":0,"TungstenRod":0,"Red Skull":9,"Paper Frog":7},{"Potion Belt":7,"Sozu":10,"Lizard Tail":12,"Mummified Hand":13,"MutagenicStrength":12,"Odd Mushroom":9,"Burning Blood":0,"TungstenRod":0,"Red Skull":6,"Paper Frog":6},{"Potion Belt":32,"Sozu":50,"Lizard Tail":62,"Mummified Hand":69,"MutagenicStrength":62,"Odd Mushroom":40,"Burning Blood":0,"TungstenRod":0,"Red Skull":28,"Paper Frog":28}],"Burning Blood":77,"TungstenRod":77},"card_choices":[{"not_picked":["Perfected Strike","Clash"],"picked":"Shrug It Off","floor":1},{"not_picked":["Ghostly Armor","Perfected Strike"],"picked":"Thunderclap","floor":2},{"not_picked":["Wild Strike","Heavy Blade"],"picked":"Reaper","floor":3},{"not_picked":["Thunderclap","Searing Blow","Warcry"],"picked":"SKIP","floor":4},{"not_picked":["Uppercut","Warcry"],"picked":"True Grit","floor":5},{"not_picked":["Seeing Red","Pommel Strike"],"picked":"Second Wind","floor":7},{"not_picked":["Shrug It Off","Twin Strike"],"picked":"Reaper","floor":10},{"not_picked":["Blood for Blood","Perfected Strike","Flex"],"picked":"SKIP","floor":13},{"not_picked":["Armaments","Reckless Charge"],"picked":"Juggernaut","floor":14},{"not_picked":["Berserk","Reaper"],"picked":"Offering","floor":16},{"not_picked":["Pummel","True Grit"],"picked":"Disarm","floor":18},{"not_picked":["Warcry","Headbutt","Iron Wave"],"picked":"SKIP","floor":19},{"not_picked":["Blood for Blood","Armaments","Combust"],"picked":"SKIP","floor":23}],"player_experience":1946375,"relics_obtained":[{"floor":7,"key":"Paper Frog"},{"floor":9,"key":"Red Skull"},{"floor":10,"key":"Potion Belt"},{"floor":14,"key":"Odd Mushroom"},{"floor":23,"key":"Mummified Hand"}],"event_choices":[{"damage_healed":0,"gold_gain":0,"player_choice":"Ignored","damage_taken":0,"max_hp_gain":0,"max_hp_loss":0,"event_name":"Liars Game","floor":12,"gold_loss":0},{"damage_healed":0,"gold_gain":0,"player_choice":"Fought Mushrooms","damage_taken":0,"max_hp_gain":0,"max_hp_loss":0,"event_name":"Mushrooms","floor":14,"gold_loss":0},{"damage_healed":0,"gold_gain":0,"player_choice":"Inject Mutagens","damage_taken":0,"relics_obtained":["MutagenicStrength"],"max_hp_gain":0,"max_hp_loss":0,"event_name":"Drug Dealer","floor":20,"gold_loss":0},{"damage_healed":34,"gold_gain":0,"player_choice":"Full Heal","damage_taken":0,"max_hp_gain":0,"max_hp_loss":0,"event_name":"Wheel of Change","floor":21,"gold_loss":0}],"is_beta":false,"boss_relics":[{"not_picked":["Runic Dome","Fusion Hammer"],"picked":"Sozu"}],"items_purged_floors":[],"is_endless":false,"potions_floor_spawned":[2,4,5,10,13,16,19,23],"killed_by":"Gremlin Leader","ascension_level":20}}