{"host":"u0f5uy314yz7olfc","time":1609245165,"event":{"mods":["AchievementEnabler","Aspiration","BaseMod","Better Altar","Better Match","Better Note","Better Sensory Stone","Better Skull","Better Third Choice","BetterRewards","Block Reminder","Colored Map","Colored Powertips","DeckTracker","Dota2Spire","Emptier Cage","Gold Saver","Highlight Path","Hubris","Infinite Spire","Marked Mod","Mimic Mod","Minty Spire (QoL Compilation)","Permanent Neow","Quick Restart","Rare Cards Sparkle","Relic Sorter","Replay The Spire","Shop Mod","StSLib","The Bladedancer","The Blue Laboratory","Watcher Patcher"],"gold_per_floor":[112,112,202,552,566,566,578,578,652,652,665,665,665,13,13,13,13],"floor_reached":16,"playtime":661,"items_purged":[],"score":88,"play_id":"cb9b7421-5fdc-480b-bdae-e93ec0d74782","local_time":"20201229193245","is_ascension_mode":false,"campfire_choices":[{"floor":8,"key":"REST"},{"data":"blademaster:Vortex","floor":10,"key":"SMITH"},{"data":"blademaster:BladeMastery","floor":12,"key":"SMITH"},{"data":"blademaster:LeechingStrike","floor":15,"key":"SMITH"}],"circlet_count":0,"master_deck":["blademaster:Strike","blademaster:Strike","blademaster:Strike","blademaster:Defend","blademaster:Defend","blademaster:Defend","blademaster:Defend","blademaster:RagingBlow","blademaster:HighVoltage","blademaster:Empower","blademaster:Cut","blademaster:LightningCrash","blademaster:ParryingStrike","blademaster:DragonStrike","Clumsy","Regret","blademaster:Vortex+1","blademaster:Sunder","blademaster:BladeMastery+1","hubris:Disease","blademaster:LeechingStrike+1","blademaster:AspectOfLightning+1"],"relics":["blademaster:DancersAmulet","Ring of Greed","Old Coin","Golden Egg","ReplayTheSpireMod:Ring of Addiction","Mercury Hourglass","MerchantsRug","Eternal Feather","infinitespire:Lychee Nut"],"acts_visited":["Exordium"],"potions_floor_usage":[5,7,11,16],"damage_taken":[{"damage":0,"enemies":"2 Louse","floor":1,"turns":3},{"damage":5,"enemies":"Small Slimes","floor":5,"turns":4},{"damage":1,"enemies":"Jaw Worm","floor":7,"turns":4},{"damage":0,"enemies":"3 Louse","floor":11,"turns":1},{"damage":59,"enemies":"Hexaghost","floor":16,"turns":8}],"seed_played":"-191932926565845839","potions_obtained":[{"floor":4,"key":"PowerPotion"},{"floor":4,"key":"Explosive Potion"},{"floor":4,"key":"blueLaboratory:BottleOfRum"},{"floor":5,"key":"ColorlessPotion"}],"is_trial":true,"path_per_floor":["M","?","?","?","M","?","M","R","T","R","M","R","?","$","R","B"],"character_chosen":"THE_BLADEMASTER","items_purchased":["MerchantsRug","Eternal Feather","blademaster:AspectOfLightning","infinitespire:Lychee Nut","ColorlessPotion"],"campfire_rested":1,"item_purchase_floors":[14,14,14,14,14],"current_hp_per_floor":[75,75,45,45,45,45,49,71,71,71,73,73,73,54,52,0,0],"gold":13,"neow_bonus":"","is_daily":false,"chose_seed":false,"campfire_upgraded":3,"win_rate":0.0,"timestamp":1609245165,"path_taken":["M","?","?","?","M","?","?","R","T","R","M","R","?","$","R","BOSS"],"items_purchased_type":["Relic","Relic","Card","Relic","Potion"],"build_version":"2020-12-22","purchased_purges":0,"victory":false,"max_hp_per_floor":[75,75,75,75,75,75,75,75,75,75,73,73,73,54,52,52,52],"card_choices":[{"not_picked":["blademaster:FuriousStrike","blademaster:Stability"],"picked":"blademaster:Empower","floor":1},{"not_picked":["blademaster:SlyStabs","blademaster:Thrust"],"picked":"blademaster:LightningCrash","floor":3},{"not_picked":["blademaster:DaggerAndCloak","blademaster:ThunderSlash"],"picked":"blademaster:ParryingStrike","floor":3},{"not_picked":["blademaster:SlyStabs","blademaster:Slice"],"picked":"blademaster:DragonStrike","floor":3},{"not_picked":["blademaster:AwakeningDefend","blademaster:Frontflip"],"picked":"blademaster:Vortex","floor":5},{"not_picked":["blademaster:CullingStrike","blademaster:AwakeningStrike"],"picked":"blademaster:BladeMastery","floor":7},{"not_picked":["blademaster:Thrust","blademaster:Slice"],"picked":"blademaster:LeechingStrike","floor":11}],"player_experience":364353,"relics_obtained":[{"floor":4,"key":"Ring of Greed"},{"floor":4,"key":"Old Coin"},{"floor":4,"key":"Golden Egg"},{"floor":4,"key":"ReplayTheSpireMod:Ring of Addiction"},{"floor":4,"key":"SacredBark"},{"floor":4,"key":"Toy Ornithopter"},{"floor":9,"key":"Mercury Hourglass"}],"event_choices":[{"damage_healed":0,"gold_gain":0,"cards_transformed":["blademaster:Strike"],"player_choice":"Change","damage_taken":0,"max_hp_gain":0,"max_hp_loss":0,"event_name":"Living Wall","floor":6,"gold_loss":0,"cards_obtained":["blademaster:Sunder"]}],"is_beta":false,"boss_relics":[],"items_purged_floors":[],"is_endless":false,"potions_floor_spawned":[5],"killed_by":"Hexaghost","ascension_level":0}}