{"host":"aaqofma31c3gm2hj","time":1609236407,"event":{"mods":["BaseMod","Minty Spire (QoL Compilation)","Replay The Spire","Spicy Shops","StSLib"],"gold_per_floor":[109,109,109,209,233,233,276,276,276,311,335,366,366,366,366,462,462,485,510,543,568,233,267,318,361,361,401,351,386,386,430,430,520,520,544,609,624,95,126,170,170,170,170,204,204,237,250,250,300,318,318,318,318,318,318,34,72,72],"floor_reached":59,"playtime":2740,"items_purged":["Defend_P","Strike_P","Blasphemy+1"],"score":3170,"play_id":"0ef3e807-0e3d-4bbd-a323-1d9a4ae044af","local_time":"20201229180647","is_ascension_mode":true,"campfire_choices":[{"data":"BowlingBash","floor":6.0,"key":"SMITH"},{"data":"Wallop","floor":8.0,"key":"SMITH"},{"data":"Pray","floor":13.0,"key":"SMITH"},{"data":"InnerPeace","floor":15.0,"key":"SMITH"},{"data":"Blasphemy","floor":30.0,"key":"SMITH"},{"floor":32.0,"key":"RECALL"},{"data":"Brilliance","floor":43.0,"key":"SMITH"},{"data":"Vigilance","floor":48,"key":"SMITH"},{"floor":51,"key":"REST"},{"floor":55,"key":"REST"}],"circlet_count":0,"master_deck":["AscendersBane","Eruption+1","Vigilance+1","Scrawl+1","Pray+1","Wallop+1","BowlingBash+1","InnerPeace+1","Prostrate+1","Tantrum+1","LikeWater+1","Brilliance+1","Scrawl+1","EmptyMind+1"],"relics":["PureWater","Golden Idol","FossilizedHelix","Kunai","Happy Flower","Blue Doll","ReplayTheSpireMod:DimensionalGlitch","Red Mask","PreservedInsect","Akabeko","Matryoshka","Eternal Feather","Replay:Accelerometer","Toxic Egg 2","Mirror","Orichalcum","Juzu Bracelet","Replay:Drink Me","GoldenEye","Pet Ghost","Bottled Lightning","Pondfish Scales","Bird Faced Urn","Replay:Wax Seal","Gremlin Food","Vajra","Torii","Iron Hammer"],"acts_visited":["Exordium","TheCity","TheBeyond","TheEnding"],"potions_floor_usage":[57],"damage_taken":[{"damage":4.0,"enemies":"2 Louse","floor":1.0,"turns":4.0},{"damage":0.0,"enemies":"Small Slimes","floor":5.0,"turns":5.0},{"damage":13.0,"enemies":"Lagavulin","floor":7.0,"turns":4.0},{"damage":0.0,"enemies":"Gremlin Nob","floor":10.0,"turns":3.0},{"damage":0.0,"enemies":"Cultist","floor":11.0,"turns":2.0},{"damage":0.0,"enemies":"Lagavulin","floor":12.0,"turns":4.0},{"damage":16.0,"enemies":"The Guardian","floor":16.0,"turns":7.0},{"damage":7.0,"enemies":"2 Thieves","floor":18.0,"turns":3.0},{"damage":0.0,"enemies":"Spheric Guardian","floor":19.0,"turns":1.0},{"damage":0.0,"enemies":"Masked Bandits","floor":20.0,"turns":2.0},{"damage":0.0,"enemies":"Centurion and Healer","floor":21.0,"turns":3.0},{"damage":0.0,"enemies":"Book of Stabbing","floor":23.0,"turns":2.0},{"damage":10.0,"enemies":"Slavers","floor":25.0,"turns":3.0},{"damage":0.0,"enemies":"Gremlin Leader","floor":27.0,"turns":1.0},{"damage":0.0,"enemies":"Replay:Snechameleon","floor":29.0,"turns":3.0},{"damage":0.0,"enemies":"Gremlin Leader","floor":31.0,"turns":2.0},{"damage":0.0,"enemies":"Champ","floor":33.0,"turns":5.0},{"damage":0.0,"enemies":"Orb Walker","floor":35.0,"turns":1.0},{"damage":0.0,"enemies":"2 Orb Walkers","floor":36.0,"turns":1.0},{"damage":0.0,"enemies":"3 Darklings","floor":37.0,"turns":2.0},{"damage":0.0,"enemies":"Mind Bloom Boss Battle","floor":39.0,"turns":4.0},{"damage":0.0,"enemies":"Nemesis","floor":40.0,"turns":1.0},{"damage":0.0,"enemies":"Giant Head","floor":44.0,"turns":3.0},{"damage":0,"enemies":"Nemesis","floor":46,"turns":1},{"damage":0,"enemies":"4 Shapes","floor":47,"turns":2},{"damage":0,"enemies":"Sphere and 2 Shapes","floor":50,"turns":1},{"damage":0,"enemies":"Donu and Deca","floor":52,"turns":4},{"damage":0,"enemies":"Replay:Hell Engine","floor":53,"turns":3},{"damage":0,"enemies":"Shield and Spear","floor":57,"turns":2},{"damage":88,"enemies":"The Heart","floor":58,"turns":7}],"seed_played":"-2354308119676406660","potions_obtained":[{"floor":5.0,"key":"FearPotion"},{"floor":10.0,"key":"AttackPotion"},{"floor":12.0,"key":"ColorlessPotion"},{"floor":16.0,"key":"Weak Potion"},{"floor":20.0,"key":"FearPotion"},{"floor":23.0,"key":"SkillPotion"},{"floor":24.0,"key":"FairyPotion"},{"floor":25.0,"key":"DistilledChaos"}],"is_trial":false,"path_per_floor":["M","?","?","?","M","R","E","R","T","E","M","E","R","?","R","B",null,"M","M","?","M","$","E","?","E","T","E","?","E","R","E","R","B",null,"M","?","M","$","?","E","PTL","PTL","R","E","T","E","M","R","?","M","R","B","B",null,"R","$","E","B",null],"character_chosen":"WATCHER","items_purchased":["PreservedInsect","LikeWater+1","Pet Ghost","Bottled Lightning","Torii"],"campfire_rested":2,"item_purchase_floors":[22,22,38,38,56],"current_hp_per_floor":[39,39,39,39,39,39,26,26,26,26,26,26,26,19,19,3,47,40,40,40,40,40,40,20,10,10,10,10,10,19,19,28,28,42,42,42,42,42,42,42,42,42,47,47,47,47,47,47,47,47,47,47,47,47,47,47,47,7],"gold":72,"neow_bonus":"TRANSFORM_TWO_CARDS","is_daily":false,"chose_seed":false,"campfire_upgraded":7,"win_rate":0.0,"timestamp":1609236407,"path_taken":["M","?","?","?","?","R","E","R","T","E","M","E","R","?","R","BOSS","M","M","?","M","$","E","?","E","T","E","?","E","R","E","R","BOSS","M","?","M","$","?","E","PTL","PTL","R","E","T","E","M","R","?","M","R","BOSS","BOSS","R","$","E","BOSS"],"items_purchased_type":["Relic","Card","Relic","Relic","Relic"],"build_version":"2020-12-22","purchased_purges":3,"victory":true,"max_hp_per_floor":[68,68,62,62,62,62,62,62,62,62,62,62,62,62,62,62,62,62,62,62,62,62,62,62,62,62,62,62,62,62,62,62,62,47,47,47,47,47,47,47,47,47,47,47,47,47,47,47,47,47,47,47,47,47,47,47,47,47],"card_choices":[{"not_picked":["CrushJoints","FlurryOfBlows"],"picked":"Wallop","floor":1.0},{"not_picked":["CrushJoints","Pray"],"picked":"BowlingBash","floor":5.0},{"not_picked":["Replay:AllIn","ThirdEye","Crescendo"],"picked":"SKIP","floor":7.0},{"not_picked":["EmptyBody","ThirdEye","Replay:AllIn"],"picked":"SKIP","floor":10.0},{"not_picked":["Evaluate","Replay:Cycle","Protect"],"picked":"SKIP","floor":11.0},{"not_picked":["BowlingBash","Replay:BluntJabs"],"picked":"InnerPeace","floor":12.0},{"not_picked":["Alpha","Judgement"],"picked":"Blasphemy","floor":16.0},{"not_picked":["Halt+1","Wallop"],"picked":"Prostrate+1","floor":18.0},{"not_picked":["Fasting2+1","BattleHymn+1"],"picked":"Tantrum","floor":19.0},{"not_picked":["Replay:Cycle","ForeignInfluence","EmptyFist"],"picked":"SKIP","floor":21.0},{"not_picked":["Perseverance","Worship","FlurryOfBlows"],"picked":"SKIP","floor":23.0},{"not_picked":["SashWhip","Replay:AtTheReady","LikeWater"],"picked":"SKIP","floor":25.0},{"not_picked":["MasterReality","Replay:Anticipation+1","WheelKick"],"picked":"SKIP","floor":27.0},{"not_picked":["EmptyFist","Evaluate+1","ForeignInfluence+1"],"picked":"SKIP","floor":29.0},{"not_picked":["EmptyFist","Evaluate+1","ForeignInfluence+1"],"picked":"SKIP","floor":29.0},{"not_picked":["EmptyBody+1","Consecrate"],"picked":"Brilliance","floor":31.0},{"not_picked":["DevaForm","Alpha+1"],"picked":"Scrawl+1","floor":33.0},{"not_picked":["MentalFortress+1","Replay:Anticipation+1","FollowUp"],"picked":"SKIP","floor":35.0},{"not_picked":["Replay:AtTheReady+1","ClearTheMind+1"],"picked":"EmptyMind+1","floor":37.0},{"not_picked":["MentalFortress+1","Replay:Hum+1","Worship+1"],"picked":"SKIP","floor":40.0},{"not_picked":["JustLucky","Wallop","ForeignInfluence+1"],"picked":"SKIP","floor":44.0},{"not_picked":["Replay:Vibes+1","Replay:Hum+1","Conclude"],"picked":"SKIP","floor":46},{"not_picked":["Replay:BluntJabs","Replay:ManipulateFuture+1","Protect+1"],"picked":"SKIP","floor":47},{"not_picked":["FlyingSleeves","FlurryOfBlows","Crescendo+1"],"picked":"SKIP","floor":50},{"not_picked":["FlurryOfBlows","JustLucky","Replay:Cycle+1"],"picked":"SKIP","floor":57}],"player_experience":546123,"relics_obtained":[{"floor":7.0,"key":"FossilizedHelix"},{"floor":9.0,"key":"Kunai"},{"floor":10.0,"key":"Happy Flower"},{"floor":12.0,"key":"Blue Doll"},{"floor":20.0,"key":"Red Mask"},{"floor":23.0,"key":"Akabeko"},{"floor":24.0,"key":"Matryoshka"},{"floor":25.0,"key":"Eternal Feather"},{"floor":26.0,"key":"Replay:Accelerometer"},{"floor":26.0,"key":"Toxic Egg 2"},{"floor":27.0,"key":"Mirror"},{"floor":29.0,"key":"Orichalcum"},{"floor":31.0,"key":"Juzu Bracelet"},{"floor":36.0,"key":"GoldenEye"},{"floor":39.0,"key":"Pondfish Scales"},{"floor":40.0,"key":"Bird Faced Urn"},{"floor":44.0,"key":"Replay:Wax Seal"},{"floor":45.0,"key":"Gremlin Food"},{"floor":46,"key":"Vajra"},{"floor":57,"key":"Iron Hammer"}],"event_choices":[{"damage_healed":0.0,"max_hp_gain":0.0,"max_hp_loss":0.0,"gold_gain":0.0,"event_name":"Living Wall","player_choice":"Grow","floor":2.0,"gold_loss":0.0,"damage_taken":0.0,"cards_upgraded":["Eruption"]},{"damage_healed":0.0,"max_hp_gain":0.0,"max_hp_loss":6.0,"gold_gain":0.0,"event_name":"Golden Idol","player_choice":"Lose Max HP","floor":3.0,"gold_loss":0.0,"damage_taken":0.0,"relics_obtained":["Golden Idol"]},{"damage_healed":0.0,"max_hp_gain":0.0,"max_hp_loss":0.0,"gold_gain":100.0,"event_name":"Wheel of Change","player_choice":"Gold","floor":4.0,"gold_loss":0.0,"damage_taken":0.0},{"cards_removed":["Strike_P"],"damage_healed":0.0,"max_hp_gain":0.0,"max_hp_loss":0.0,"gold_gain":0.0,"event_name":"Golden Wing","player_choice":"Card Removal","floor":14.0,"gold_loss":0.0,"damage_taken":7.0},{"damage_healed":0.0,"max_hp_gain":0.0,"max_hp_loss":0.0,"gold_gain":0.0,"event_name":"Masked Bandits","player_choice":"Fought Bandits","floor":20.0,"gold_loss":0.0,"damage_taken":0.0},{"damage_healed":0.0,"max_hp_gain":0.0,"max_hp_loss":0.0,"gold_gain":0.0,"event_name":"Designer","player_choice":"Upgraded Two","floor":28.0,"gold_loss":50.0,"damage_taken":0.0,"cards_upgraded":["Scrawl","Tantrum"]},{"damage_healed":0.0,"max_hp_gain":0.0,"max_hp_loss":0.0,"gold_gain":0.0,"event_name":"Mysterious Sphere","player_choice":"Fight","floor":36.0,"gold_loss":0.0,"damage_taken":0.0},{"damage_healed":0.0,"max_hp_gain":0.0,"max_hp_loss":0.0,"gold_gain":0.0,"event_name":"MindBloom","player_choice":"Fight","floor":39.0,"gold_loss":0.0,"damage_taken":0.0},{"damage_healed":0,"gold_gain":50,"player_choice":"Pray","damage_taken":0,"max_hp_gain":0,"max_hp_loss":0,"event_name":"Golden Shrine","floor":49,"gold_loss":0}],"is_beta":false,"boss_relics":[{"not_picked":["Replay:Bronze Core","Honey Jar"],"picked":"ReplayTheSpireMod:DimensionalGlitch"},{"not_picked":["Runic Dome","Sozu"],"picked":"Replay:Drink Me"}],"items_purged_floors":[22,38,56],"is_endless":false,"potions_floor_spawned":[5,10,12,16,20,23,25,27,33,36,37,40],"ascension_level":20}}