{"host":"coame8l8goqx0svj","time":1609273095,"event":{"mods":["BaseMod","Downfall","Minty Spire (QoL Compilation)","StSLib"],"gold_per_floor":[99,116,135,135,150,175,201,229,154,179,223,148,148,174,199,199,199,199],"floor_reached":16,"playtime":1344,"items_purged":[],"score":194,"play_id":"5cf6d28b-468b-4d26-a133-c12d3ec1289e","local_time":"20201229211815","is_ascension_mode":true,"campfire_choices":[{"floor":1,"key":"RECALL"},{"data":"champ:Taunt","floor":9,"key":"SMITH"},{"floor":12,"key":"REST"}],"circlet_count":0,"master_deck":["AscendersBane","champ:Strike","champ:Strike","champ:Defend","champ:Defend+1","champ:Defend+1","champ:Defend","champ:Execute","champ:Taunt+1","champ:Shatter","champ:Haymaker","champ:RageSigil","champ:Shatter","champ:AdrenalArmor","champ:Control","champ:FocusedBerserking","champ:Encircle"],"relics":["expansioncontent:StudyCardRelic","War Paint","CeramicFish","downfall:HeartBlessingRed","Matryoshka","downfall:HeartBlessingGreen"],"acts_visited":["Exordium"],"potions_floor_usage":[15,16],"damage_taken":[{"damage":12,"enemies":"Jaw Worm","floor":2,"turns":2},{"damage":10,"enemies":"Cultist","floor":3,"turns":3},{"damage":8,"enemies":"Small Slimes","floor":5,"turns":4},{"damage":18,"enemies":"Lagavulin","floor":6,"turns":5},{"damage":14,"enemies":"Exordium Wildlife","floor":8,"turns":5},{"damage":1,"enemies":"Blue Slaver","floor":10,"turns":3},{"damage":15,"enemies":"Gremlin Nob","floor":11,"turns":3},{"damage":3,"enemies":"Large Slime","floor":14,"turns":3},{"damage":26,"enemies":"Exordium Wildlife","floor":15,"turns":2},{"damage":44,"enemies":"downfall:Ironclad","floor":16,"turns":3}],"seed_played":"7647421744906012647","potions_obtained":[{"floor":5,"key":"Energy Potion"},{"floor":8,"key":"Slimebound:ThreeZeroPotion"}],"is_trial":false,"path_per_floor":["R","M","M","?","M","E","T","M","R","M","E","R","?","M","M","B"],"character_chosen":"THE_CHAMP","items_purchased":[],"campfire_rested":1,"item_purchase_floors":[],"current_hp_per_floor":[73,66,66,66,63,50,50,42,42,41,31,55,55,55,43,0,0,0],"gold":199,"neow_bonus":"BOSS_RELIC","is_daily":false,"chose_seed":false,"campfire_upgraded":1,"win_rate":0.0,"timestamp":1609273095,"path_taken":["R","M","M","?","M","E","T","M","R","?","E","R","?","M","M","BOSS"],"items_purchased_type":[],"build_version":"2020-12-22","purchased_purges":0,"victory":false,"max_hp_per_floor":[81,81,81,81,81,81,81,81,81,81,81,81,81,81,81,81,81,81],"card_choices":[{"not_picked":["champ:Circumvent","champ:TornadoPunch"],"picked":"champ:Shatter","floor":2},{"not_picked":["champ:PerfectedStrike","champ:StanceDance"],"picked":"champ:Haymaker","floor":3},{"not_picked":["champ:CrookedStrike","champ:SkillfulDodge"],"picked":"champ:RageSigil","floor":5},{"not_picked":["champ:EnGarde","champ:ShieldSigil","champ:Backstep"],"picked":"SKIP","floor":6},{"not_picked":["champ:PerfectedStrike","champ:Circumvent"],"picked":"champ:Shatter","floor":8},{"not_picked":["champ:RageSigil","champ:GutPunch"],"picked":"champ:AdrenalArmor","floor":10},{"not_picked":["champ:FocusedDefense","champ:GutPunch"],"picked":"champ:Control","floor":11},{"not_picked":["champ:FocusedGladiator","champ:CrookedStrike"],"picked":"champ:FocusedBerserking","floor":14},{"not_picked":["champ:MurderStrike","champ:RageSigil"],"picked":"champ:Encircle","floor":15}],"player_experience":1720950,"relics_obtained":[{"floor":6,"key":"War Paint"},{"floor":7,"key":"CeramicFish"},{"floor":11,"key":"Matryoshka"}],"event_choices":[{"cards_removed":["champ:Strike"],"damage_healed":0,"gold_gain":0,"player_choice":"Purged","damage_taken":0,"max_hp_gain":0,"max_hp_loss":0,"event_name":"Purifier","floor":4,"gold_loss":0}],"is_beta":false,"boss_relics":[],"items_purged_floors":[],"is_endless":false,"potions_floor_spawned":[5,8,11],"killed_by":"downfall:Ironclad","ascension_level":14}}