{"host":"6ko66ogg91i6g7xq","time":1609210063,"event":{"mods":["AchievementEnabler","Act Like it!","BaseMod","Colored Map","Colored Powertips","Downfall","Hermit","Minty Spire (QoL Compilation)","Quick Restart","Relic Stats","StSLib","The Jungle","everything is the same but u backflip on backflip"],"gold_per_floor":[110,285,285,295,295,331,331,331,331],"floor_reached":8,"playtime":450,"items_purged":[],"score":83,"play_id":"cd6829cd-cb37-4078-9aaf-950f0f1d3101","local_time":"20201228214743","is_ascension_mode":true,"campfire_choices":[{"floor":7,"key":"RECALL"}],"circlet_count":0,"master_deck":["Strike_G","Strike_G","Strike_G","Strike_G","Strike_G","Defend_G","Defend_G","Defend_G","Defend_G","Defend_G","Survivor","Neutralize","Backflip","Doubt","Dagger Spray"],"relics":["Ring of the Snake","NeowsBlessing","Question Card","Golden Idol","InkBottle"],"acts_visited":["Exordium"],"potions_floor_usage":[],"damage_taken":[{"damage":0,"enemies":"2 Louse","floor":1,"turns":1},{"damage":0,"enemies":"Small Slimes","floor":4,"turns":1},{"damage":0,"enemies":"3 Sentries","floor":6,"turns":1},{"damage":0,"enemies":"Gremlin Nob","floor":8,"turns":1}],"seed_played":"8363356731096035942","potions_obtained":[],"is_trial":false,"path_per_floor":["M","?","?","M","?","E","R","E"],"character_chosen":"THE_SILENT","items_purchased":[],"campfire_rested":0,"item_purchase_floors":[],"current_hp_per_floor":[70,70,67,67,50,50,50,50,50],"gold":331,"neow_bonus":"THREE_ENEMY_KILL","is_daily":false,"chose_seed":false,"campfire_upgraded":0,"win_rate":0.0,"timestamp":1609210063,"path_taken":["M","?","?","M","?","E","R","E"],"items_purchased_type":[],"build_version":"2020-12-22","purchased_purges":0,"victory":false,"max_hp_per_floor":[70,70,70,70,70,70,70,70,70],"relic_stats":{"counters":[4,4],"Golden Idol":7,"Question Card":2,"obtain_stats":[{"NeowsBlessing":0,"Golden Idol":5,"Question Card":3,"InkBottle":6,"Ring of the Snake":0},{"NeowsBlessing":0,"Golden Idol":2,"Question Card":1,"InkBottle":3,"Ring of the Snake":0},{"NeowsBlessing":0,"Golden Idol":2,"Question Card":1,"InkBottle":3,"Ring of the Snake":0}],"InkBottle":[0],"Ring of the Snake":[8]},"card_choices":[{"not_picked":["Cloak And Dagger","Riddle With Holes"],"picked":"Backflip","floor":1},{"not_picked":["Quick Slash","Distraction","Underhanded Strike"],"picked":"Dagger Spray","floor":4},{"not_picked":["Dagger Throw","Quick Slash","Bouncing Flask","Outmaneuver"],"picked":"SKIP","floor":6}],"player_experience":269970,"relics_obtained":[{"floor":6,"key":"InkBottle"}],"event_choices":[{"damage_healed":0,"gold_gain":175,"player_choice":"AGREE","damage_taken":0,"max_hp_gain":0,"max_hp_loss":0,"event_name":"Liars Game","floor":2,"gold_loss":0,"cards_obtained":["Doubt"]},{"damage_healed":0,"gold_gain":0,"player_choice":"Success","damage_taken":3,"relics_obtained":["Question Card"],"max_hp_gain":0,"max_hp_loss":0,"event_name":"Scrap Ooze","floor":3,"gold_loss":0},{"damage_healed":0,"gold_gain":0,"player_choice":"Take Damage","damage_taken":17,"relics_obtained":["Golden Idol"],"max_hp_gain":0,"max_hp_loss":0,"event_name":"Golden Idol","floor":5,"gold_loss":0}],"is_beta":false,"boss_relics":[],"items_purged_floors":[],"is_endless":false,"potions_floor_spawned":[],"killed_by":"Gremlin Nob","ascension_level":1}}