{"host":"Qube","time":1609270134,"event":{"mods":["AchievementEnabler","BaseMod","Colored Powertips","Minty Spire (QoL Compilation)","Quick Restart","Random Character Button"],"gold_per_floor":[117,128,143,153,153,186,186,211,211,211,14,67,34,49,49,49,49],"floor_reached":16,"playtime":563,"items_purged":[],"score":210,"play_id":"466db560-406f-4752-9af3-d98698ed0c2e","local_time":"20201229112854","is_ascension_mode":true,"campfire_choices":[{"floor":7,"key":"REST"},{"data":"Eruption","floor":10,"key":"SMITH"},{"floor":15,"key":"REST"}],"circlet_count":0,"master_deck":["AscendersBane","Strike_P","Strike_P","Strike_P","Strike_P","Defend_P","Defend_P","Defend_P","Defend_P","Eruption+1","Vigilance","FlurryOfBlows","Consecrate","Scrawl","FlurryOfBlows","DeceiveReality","Protect","Halt","HandOfGreed","CarveReality","TalkToTheHand","Swivel"],"relics":["PureWater","NeowsBlessing","Dream Catcher","Question Card","Torii","Incense Burner","Turnip"],"acts_visited":["Exordium"],"potions_floor_usage":[8,16],"damage_taken":[{"damage":0,"enemies":"Cultist","floor":1,"turns":1},{"damage":0,"enemies":"Jaw Worm","floor":2,"turns":1},{"damage":0,"enemies":"Small Slimes","floor":3,"turns":1},{"damage":4,"enemies":"2 Fungi Beasts","floor":4,"turns":4},{"damage":7,"enemies":"Gremlin Nob","floor":6,"turns":3},{"damage":16,"enemies":"Lagavulin","floor":8,"turns":13},{"damage":24,"enemies":"Gremlin Nob","floor":12,"turns":3},{"damage":0,"enemies":"Blue Slaver","floor":14,"turns":2},{"damage":2,"enemies":"Hexaghost","floor":16,"turns":9}],"seed_played":"4920712071455260053","potions_obtained":[{"floor":6,"key":"Energy Potion"},{"floor":12,"key":"Fire Potion"},{"floor":14,"key":"ColorlessPotion"}],"is_trial":false,"path_per_floor":["M","M","M","M","?","E","R","E","T","R","$","E","$","M","R","B"],"character_chosen":"WATCHER","items_purchased":["HandOfGreed","CarveReality"],"campfire_rested":2,"item_purchase_floors":[11,13],"current_hp_per_floor":[61,61,61,57,39,32,52,36,36,36,36,12,12,12,32,30,30],"gold":49,"neow_bonus":"THREE_ENEMY_KILL","is_daily":false,"chose_seed":false,"campfire_upgraded":1,"win_rate":0.0,"timestamp":1609270134,"path_taken":["M","?","M","M","?","E","R","E","T","R","?","E","$","M","R","BOSS"],"items_purchased_type":["Card","Card"],"build_version":"2020-12-18","purchased_purges":0,"victory":false,"max_hp_per_floor":[68,68,68,68,68,68,68,68,68,68,68,68,68,68,68,68,68],"card_choices":[{"not_picked":["Evaluate","Prostrate"],"picked":"FlurryOfBlows","floor":1},{"not_picked":["ClearTheMind","JustLucky"],"picked":"Consecrate","floor":2},{"not_picked":["Prostrate","InnerPeace"],"picked":"Scrawl","floor":3},{"not_picked":["Crescendo","CrushJoints"],"picked":"FlurryOfBlows","floor":4},{"not_picked":["ClearTheMind","Vengeance"],"picked":"DeceiveReality","floor":6},{"not_picked":["Prostrate","Weave","Indignation"],"picked":"Protect","floor":7},{"not_picked":["Collect","Conclude","SandsOfTime"],"picked":"Halt","floor":8},{"not_picked":["FearNoEvil","Crescendo","Wish","LikeWater"],"picked":"SKIP","floor":12},{"not_picked":["EmptyBody","FollowUp","Perseverance"],"picked":"TalkToTheHand","floor":14},{"not_picked":["CarveReality","Halt","Protect"],"picked":"Swivel","floor":15}],"player_experience":727208,"relics_obtained":[{"floor":6,"key":"Question Card"},{"floor":8,"key":"Torii"},{"floor":9,"key":"Incense Burner"},{"floor":12,"key":"Turnip"}],"event_choices":[{"damage_healed":0,"gold_gain":0,"player_choice":"Success","damage_taken":18,"relics_obtained":["Dream Catcher"],"max_hp_gain":0,"max_hp_loss":0,"event_name":"Scrap Ooze","floor":5,"gold_loss":0}],"is_beta":true,"boss_relics":[],"items_purged_floors":[],"is_endless":false,"potions_floor_spawned":[6,12,14],"killed_by":"Hexaghost","ascension_level":15}}