{"host":"0ydzwspkajt4brzd","time":1609200724,"event":{"mods":["AchievementEnabler","BaseMod","Colored Map","DeckTracker","Googly Eyes","Highlight Path","Minty Spire (QoL Compilation)","Quick Restart","Random Character Button","Rare Cards Sparkle"],"gold_per_floor":[110,129,79,94,104,104,34,34,59,90,90,100,120,152,152,253,253,271,271,288,300,320,349,130,162,189,109,124,124,24,41,41,139,139,156,171,188,188,288,288,163,163,214,225,225,225,243,257,257,257],"floor_reached":51,"playtime":3025,"items_purged":["Strike_R+1","Strike_R+1","Defend_R+1"],"score":870,"play_id":"19bd0dcb-ff07-4c77-89c1-99d940cf7987","local_time":"20201228161204","is_ascension_mode":true,"campfire_choices":[{"data":"Clothesline","floor":6.0,"key":"SMITH"},{"data":"Inflame","floor":8.0,"key":"SMITH"},{"data":"Limit Break","floor":11.0,"key":"SMITH"},{"data":"Shrug It Off","floor":15.0,"key":"SMITH"},{"data":"Limit Break","floor":29.0,"key":"SMITH"},{"data":"True Grit","floor":32.0,"key":"SMITH"},{"data":"Double Tap","floor":40,"key":"SMITH"},{"data":"Body Slam","floor":42,"key":"SMITH"},{"data":"Blind","floor":46,"key":"SMITH"},{"data":"Flame Barrier","floor":49,"key":"SMITH"}],"circlet_count":0,"master_deck":["Strike_R+1","Strike_R+1","Defend_R+1","Defend_R+1","Defend_R+1","Bash+1","Clothesline+1","Wild Strike","Inflame+1","Limit Break+1","Ghostly Armor","Shrug It Off+1","Flex","Limit Break+1","Body Slam+1","True Grit+1","Headbutt","Cleave+1","Flame Barrier+1","Heavy Blade+1","Battle Trance","Iron Wave+1","Double Tap+1","Blind+1"],"relics":["Burning Blood","Red Skull","Nunchaku","FossilizedHelix","Coffee Dripper","Molten Egg 2","Art of War","Bottled Lightning","Vajra","Busted Crown"],"acts_visited":["Exordium","TheCity","TheBeyond"],"potions_floor_usage":[33,50],"damage_taken":[{"damage":0.0,"enemies":"2 Louse","floor":1.0,"turns":3.0},{"damage":7.0,"enemies":"Jaw Worm","floor":2.0,"turns":3.0},{"damage":1.0,"enemies":"Cultist","floor":4.0,"turns":4.0},{"damage":11.0,"enemies":"3 Louse","floor":5.0,"turns":4.0},{"damage":20.0,"enemies":"Gremlin Nob","floor":10.0,"turns":4.0},{"damage":7.0,"enemies":"Looter","floor":12.0,"turns":4.0},{"damage":4.0,"enemies":"Blue Slaver","floor":13.0,"turns":3.0},{"damage":7.0,"enemies":"Lagavulin","floor":14.0,"turns":7.0},{"damage":8.0,"enemies":"The Guardian","floor":16.0,"turns":11.0},{"damage":6.0,"enemies":"Chosen","floor":18.0,"turns":4.0},{"damage":9.0,"enemies":"Shell Parasite","floor":20.0,"turns":4.0},{"damage":8.0,"enemies":"Snake Plant","floor":21.0,"turns":4.0},{"damage":0.0,"enemies":"Centurion and Healer","floor":22.0,"turns":5.0},{"damage":20.0,"enemies":"Book of Stabbing","floor":23.0,"turns":6.0},{"damage":27.0,"enemies":"Slavers","floor":25.0,"turns":4.0},{"damage":0.0,"enemies":"Chosen and Byrds","floor":28.0,"turns":4.0},{"damage":0.0,"enemies":"Snake Plant","floor":31.0,"turns":2.0},{"damage":38,"enemies":"Collector","floor":33,"turns":7},{"damage":20,"enemies":"3 Darklings","floor":35,"turns":4},{"damage":0,"enemies":"3 Shapes","floor":36,"turns":5},{"damage":5,"enemies":"Maw","floor":37,"turns":7},{"damage":0,"enemies":"Jaw Worm Horde","floor":44,"turns":3},{"damage":0,"enemies":"Transient","floor":47,"turns":5},{"damage":0,"enemies":"Sphere and 2 Shapes","floor":48,"turns":3},{"damage":50,"enemies":"Donu and Deca","floor":50,"turns":6}],"seed_played":"5287716711693600941","potions_obtained":[{"floor":4.0,"key":"BlessingOfTheForge"},{"floor":10.0,"key":"SneckoOil"},{"floor":13.0,"key":"FearPotion"},{"floor":18.0,"key":"DuplicationPotion"},{"floor":22.0,"key":"PowerPotion"},{"floor":23.0,"key":"FearPotion"},{"floor":25.0,"key":"LiquidMemories"},{"floor":36,"key":"Fruit Juice"},{"floor":37,"key":"BlessingOfTheForge"},{"floor":48,"key":"Energy Potion"}],"is_trial":false,"path_per_floor":["M","M","?","M","M","R","$","R","T","E","R","M","M","E","R","B",null,"M","?","M","M","M","E","$","E","T","$","M","R","$","M","R","B",null,"M","M","M","?","?","R","$","R","T","M","?","R","M","M","R","B",null],"character_chosen":"IRONCLAD","items_purchased":["Inflame","Art of War","Battle Trance"],"campfire_rested":0,"item_purchase_floors":[7,24,27],"current_hp_per_floor":[80,79,79,80,75,75,75,75,75,61,61,60,62,61,61,59,75,75,75,72,70,76,62,62,41,41,41,47,47,47,53,53,21,65,51,57,58,58,58,58,58,58,58,64,64,64,70,76,76,32],"gold":257,"neow_bonus":"UPGRADE_CARD","is_daily":false,"chose_seed":false,"campfire_upgraded":10,"win_rate":0.0,"timestamp":1609200724,"path_taken":["M","M","?","M","M","R","$","R","T","E","R","M","M","E","R","BOSS","M","?","M","M","M","E","$","E","T","$","M","R","$","M","R","BOSS","M","M","M","?","?","R","$","R","T","?","?","R","M","M","R","BOSS"],"items_purchased_type":["Card","Relic","Card"],"build_version":"2020-12-22","purchased_purges":3,"victory":true,"max_hp_per_floor":[80,80,80,80,80,80,80,80,80,80,80,80,80,80,80,80,80,80,80,80,80,80,80,80,80,80,80,80,80,80,80,80,80,80,80,80,80,80,80,80,80,80,80,80,80,80,80,80,80,80],"card_choices":[{"not_picked":["Clothesline","Thunderclap","Disarm"],"picked":"SKIP","floor":1.0},{"not_picked":["Perfected Strike","Sentinel","Wild Strike"],"picked":"SKIP","floor":2.0},{"not_picked":["Seeing Red","Dark Embrace"],"picked":"Clothesline","floor":4.0},{"not_picked":["Reckless Charge","Disarm"],"picked":"Wild Strike","floor":5.0},{"not_picked":["Iron Wave","Combust"],"picked":"Limit Break","floor":10.0},{"not_picked":["Flex","Warcry"],"picked":"Ghostly Armor","floor":12.0},{"not_picked":["Twin Strike","Havoc"],"picked":"Shrug It Off","floor":13.0},{"not_picked":["Corruption","Armaments"],"picked":"Flex","floor":14.0},{"not_picked":["Reaper","Brutality"],"picked":"Limit Break","floor":16.0},{"not_picked":["Twin Strike+1","Dual Wield"],"picked":"Body Slam","floor":18.0},{"not_picked":["Clothesline+1","Ghostly Armor"],"picked":"True Grit","floor":20.0},{"not_picked":["Rage","Intimidate"],"picked":"Headbutt","floor":21.0},{"not_picked":["Headbutt","Iron Wave"],"picked":"Cleave+1","floor":22.0},{"not_picked":["Fire Breathing","Demon Form"],"picked":"Flame Barrier","floor":23.0},{"not_picked":["Sentinel","Rage"],"picked":"Heavy Blade+1","floor":25.0},{"not_picked":["Headbutt+1","Cleave+1","Battle Trance"],"picked":"SKIP","floor":28.0},{"not_picked":["Clash+1","Intimidate"],"picked":"Iron Wave+1","floor":31.0},{"not_picked":["Exhume","Brutality"],"picked":"Double Tap","floor":33},{"not_picked":["Wild Strike+1"],"picked":"SKIP","floor":35},{"not_picked":["Thunderclap+1"],"picked":"SKIP","floor":36},{"not_picked":["Iron Wave+1"],"picked":"SKIP","floor":37},{"not_picked":["Second Wind+1"],"picked":"SKIP","floor":44},{"not_picked":[],"picked":"Blind","floor":45},{"not_picked":["Clothesline+1"],"picked":"SKIP","floor":47},{"not_picked":["Power Through+1"],"picked":"SKIP","floor":48}],"player_experience":332136,"relics_obtained":[{"floor":9.0,"key":"Red Skull"},{"floor":10.0,"key":"Nunchaku"},{"floor":14.0,"key":"FossilizedHelix"},{"floor":23.0,"key":"Molten Egg 2"},{"floor":25.0,"key":"Bottled Lightning"},{"floor":26.0,"key":"Vajra"}],"event_choices":[{"cards_removed":["Strike_R"],"damage_healed":0.0,"max_hp_gain":0.0,"max_hp_loss":0.0,"gold_gain":0.0,"event_name":"The Cleric","player_choice":"Card Removal","floor":3.0,"gold_loss":50.0,"damage_taken":0.0},{"damage_healed":0.0,"max_hp_gain":0.0,"max_hp_loss":0.0,"gold_gain":0.0,"event_name":"Back to Basics","player_choice":"Simplicity","floor":19.0,"gold_loss":0.0,"damage_taken":0.0,"cards_upgraded":["Strike_R","Strike_R","Strike_R","Strike_R","Defend_R","Defend_R","Defend_R","Defend_R"]},{"damage_healed":0,"gold_gain":0,"player_choice":"Ignored","damage_taken":0,"max_hp_gain":0,"max_hp_loss":0,"event_name":"Tomb of Lord Red Mask","floor":38,"gold_loss":0},{"damage_healed":0,"gold_gain":100,"player_choice":"Pray","damage_taken":0,"max_hp_gain":0,"max_hp_loss":0,"event_name":"Golden Shrine","floor":39,"gold_loss":0},{"damage_healed":0,"gold_gain":0,"player_choice":"Memory 1","damage_taken":0,"max_hp_gain":0,"max_hp_loss":0,"event_name":"SensoryStone","floor":45,"gold_loss":0}],"is_beta":false,"boss_relics":[{"not_picked":["Pandora\u0027s Box","Astrolabe"],"picked":"Coffee Dripper"},{"not_picked":["Cursed Key","Mark of Pain"],"picked":"Busted Crown"}],"items_purged_floors":[24,30,41],"is_endless":false,"potions_floor_spawned":[4,10,13,18,22,23,25,28,36,37,48],"ascension_level":5}}