{"host":"hyrsuayny3efwwum","time":1609202259,"event":{"mods":["BaseMod","Bestiary","Colored Map","Highlight Path","Minty Spire (QoL Compilation)","Relic Stats","StSLib"],"gold_per_floor":[112,131,131,150,15,15,15,47,47,64,64,90,107,142,142,245,245,255,265,265,276,276,276,276,276],"floor_reached":24,"playtime":1500,"items_purged":[],"score":313,"play_id":"1921ddc6-699c-4ce9-ae02-eae932506c23","local_time":"20201228193739","is_ascension_mode":true,"campfire_choices":[{"data":"Skewer","floor":6,"key":"SMITH"},{"data":"Footwork","floor":11,"key":"SMITH"},{"data":"Tools of the Trade","floor":15,"key":"SMITH"},{"data":"Envenom","floor":23,"key":"SMITH"}],"circlet_count":0,"master_deck":["Strike_G","Strike_G","Strike_G","Strike_G","Defend_G","Defend_G+1","Defend_G+1","Defend_G","Defend_G","Survivor","Neutralize","Skewer+1","Slice","Dagger Spray","Venomology","Footwork+1","Calculated Gamble","Tactician","Blur","Deadly Poison","Flying Knee","Tools of the Trade+1","Envenom+1","Well Laid Plans","Poisoned Stab+1","Blur","Deflect","Blade Dance"],"relics":["Ring of the Snake","MealTicket","Prayer Wheel","HornCleat","Bag of Marbles","The Courier","Coffee Dripper","Oddly Smooth Stone"],"acts_visited":["Exordium","TheCity"],"potions_floor_usage":[8,10,12,12,16,16,16,19,21,24],"damage_taken":[{"damage":0,"enemies":"2 Louse","floor":1,"turns":3},{"damage":0,"enemies":"Jaw Worm","floor":2,"turns":3},{"damage":0,"enemies":"Cultist","floor":4,"turns":3},{"damage":18,"enemies":"Lagavulin","floor":8,"turns":7},{"damage":4,"enemies":"Large Slime","floor":10,"turns":6},{"damage":6,"enemies":"3 Sentries","floor":12,"turns":6},{"damage":0,"enemies":"Red Slaver","floor":13,"turns":3},{"damage":19,"enemies":"Lagavulin","floor":14,"turns":8},{"damage":14,"enemies":"Hexaghost","floor":16,"turns":14},{"damage":0,"enemies":"Chosen","floor":18,"turns":4},{"damage":22,"enemies":"2 Thieves","floor":19,"turns":3},{"damage":27,"enemies":"Chosen and Byrds","floor":21,"turns":7},{"damage":13,"enemies":"Centurion and Healer","floor":24,"turns":3}],"seed_played":"5202209588504981111","potions_obtained":[{"floor":2,"key":"BlessingOfTheForge"},{"floor":4,"key":"SneckoOil"},{"floor":14,"key":"Weak Potion"},{"floor":16,"key":"CultistPotion"},{"floor":19,"key":"Dexterity Potion"},{"floor":21,"key":"Fire Potion"}],"is_trial":false,"path_per_floor":["M","M","?","M","$","R","?","E","T","M","R","E","M","E","R","B",null,"M","M","?","M","?","R","M"],"character_chosen":"THE_SILENT","items_purchased":["Venomology"],"campfire_rested":0,"item_purchase_floors":[5],"current_hp_per_floor":[63,63,49,49,64,64,64,46,46,42,42,36,36,17,17,18,57,57,35,35,8,8,8,0,0],"gold":276,"neow_bonus":"RANDOM_COMMON_RELIC","is_daily":false,"chose_seed":false,"campfire_upgraded":4,"win_rate":0.0,"timestamp":1609202259,"path_taken":["M","M","?","M","$","R","?","E","T","M","R","E","?","E","R","BOSS","M","M","?","?","?","R","M"],"items_purchased_type":["Card"],"build_version":"2020-12-22","purchased_purges":0,"victory":false,"max_hp_per_floor":[70,70,70,70,70,70,70,70,70,70,70,70,70,70,70,70,70,70,70,70,70,70,70,70,70],"relic_stats":{"counters":[13,70],"MealTicket":15,"Prayer Wheel":5,"obtain_stats":[{"HornCleat":9,"Oddly Smooth Stone":22,"MealTicket":0,"Prayer Wheel":8,"The Courier":14,"Bag of Marbles":12,"Coffee Dripper":17,"Ring of the Snake":0},{"HornCleat":4,"Oddly Smooth Stone":12,"MealTicket":0,"Prayer Wheel":4,"The Courier":8,"Bag of Marbles":6,"Coffee Dripper":9,"Ring of the Snake":0},{"HornCleat":16,"Oddly Smooth Stone":67,"MealTicket":0,"Prayer Wheel":16,"The Courier":39,"Bag of Marbles":28,"Coffee Dripper":53,"Ring of the Snake":0}],"Ring of the Snake":[26]},"card_choices":[{"not_picked":["Acrobatics","Noxious Fumes"],"picked":"Skewer","floor":1},{"not_picked":["Skewer","Calculated Gamble"],"picked":"Slice","floor":2},{"not_picked":["Deflect","Prepared"],"picked":"Dagger Spray","floor":4},{"not_picked":["Acrobatics","Dagger Throw"],"picked":"Footwork","floor":8},{"not_picked":["Caltrops","Bane"],"picked":"Calculated Gamble","floor":10},{"not_picked":["Slice","Expertise"],"picked":"Tactician","floor":10},{"not_picked":["Heel Hook","Cloak And Dagger"],"picked":"Blur","floor":12},{"not_picked":["Backflip","Sucker Punch"],"picked":"Deadly Poison","floor":13},{"not_picked":["Dagger Spray","Blade Dance"],"picked":"Flying Knee","floor":13},{"not_picked":["Deflect","Leg Sweep"],"picked":"Tools of the Trade","floor":14},{"not_picked":["Bullet Time","After Image"],"picked":"Envenom","floor":16},{"not_picked":["Dagger Throw","Blade Dance"],"picked":"Well Laid Plans","floor":18},{"not_picked":["Outmaneuver","Cloak And Dagger"],"picked":"Poisoned Stab+1","floor":18},{"not_picked":["Masterful Stab","Dodge and Roll"],"picked":"Blur","floor":19},{"not_picked":["Slice+1","Deadly Poison+1"],"picked":"Deflect","floor":19},{"not_picked":["Dagger Spray","Tactician+1"],"picked":"Blade Dance","floor":21},{"not_picked":["Dagger Throw","Heel Hook","Slice"],"picked":"SKIP","floor":21}],"player_experience":756493,"relics_obtained":[{"floor":8,"key":"Prayer Wheel"},{"floor":9,"key":"HornCleat"},{"floor":12,"key":"Bag of Marbles"},{"floor":14,"key":"The Courier"}],"event_choices":[{"damage_healed":0,"gold_gain":0,"player_choice":"Entered Light","damage_taken":14,"max_hp_gain":0,"max_hp_loss":0,"event_name":"Shining Light","floor":3,"gold_loss":0,"cards_upgraded":["Defend_G","Defend_G"]},{"cards_removed":["Strike_G"],"damage_healed":0,"gold_gain":0,"player_choice":"Offered Basic","damage_taken":0,"max_hp_gain":0,"max_hp_loss":0,"event_name":"Bonfire Elementals","floor":7,"gold_loss":0},{"damage_healed":0,"gold_gain":0,"player_choice":"Bought 0 Potions","damage_taken":0,"max_hp_gain":0,"max_hp_loss":0,"event_name":"The Woman in Blue","floor":20,"gold_loss":0},{"damage_healed":0,"gold_gain":0,"player_choice":"Opened","damage_taken":0,"relics_obtained":["Oddly Smooth Stone"],"max_hp_gain":0,"max_hp_loss":0,"event_name":"The Mausoleum","floor":22,"gold_loss":0}],"is_beta":false,"boss_relics":[{"not_picked":["Empty Cage","Calling Bell"],"picked":"Coffee Dripper"}],"items_purged_floors":[],"is_endless":false,"potions_floor_spawned":[2,4,14,16,19,21],"killed_by":"Centurion and Healer","ascension_level":9}}