{"host":"b4oqa93y40rb9616","time":1609285090,"event":{"mods":["BaseMod","Colored Map","Custom Start","DeckTracker","Keyboard Shortcuts","Minty Spire (QoL Compilation)","Permanent Neow","Quick Restart","StSLib","SuperFastMode","everything is the same but u backflip on backflip"],"gold_per_floor":[361,375,393,119,119,119,119,119,119,148,167,18,38,55,55,129,129,142,42,42,57,57,57,82,101,128,163,6,106,106,106],"floor_reached":30,"playtime":933,"items_purged":["Regret","Well Laid Plans"],"score":442,"play_id":"7742076b-7feb-471c-9be6-91adbcccf832","local_time":"20201230083810","is_ascension_mode":true,"campfire_choices":[{"data":"Calculated Gamble","floor":6.0,"key":"SMITH"},{"data":"Acrobatics","floor":8.0,"key":"SMITH"},{"data":"After Image","floor":15.0,"key":"SMITH"},{"data":"Accuracy","floor":23.0,"key":"SMITH"}],"circlet_count":0,"master_deck":["AscendersBane","Strike_G","Strike_G","Strike_G","Strike_G","Strike_G","Defend_G","Defend_G","Defend_G","Defend_G","Defend_G","Survivor","Neutralize","Blade Dance","Accuracy+1","Riddle With Holes","Blade Dance","Acrobatics+1","Calculated Gamble+1","Backflip","Grand Finale","Blur","Reflex","Tactician","Concentrate","After Image+1","Storm of Steel","Reflex","Cloak And Dagger"],"relics":["Ring of the Snake","Orrery","Blood Vial","Bottled Tornado","Runic Pyramid","TungstenRod","Orichalcum","Bronze Scales","Medical Kit"],"acts_visited":["Exordium","TheCity"],"potions_floor_usage":[30],"damage_taken":[{"damage":12.0,"enemies":"Cultist","floor":1.0,"turns":4.0},{"damage":2.0,"enemies":"Jaw Worm","floor":2.0,"turns":5.0},{"damage":0.0,"enemies":"Small Slimes","floor":3.0,"turns":3.0},{"damage":53.0,"enemies":"Lagavulin","floor":10.0,"turns":6.0},{"damage":0.0,"enemies":"3 Louse","floor":11.0,"turns":2.0},{"damage":0.0,"enemies":"Exordium Wildlife","floor":13.0,"turns":2.0},{"damage":1.0,"enemies":"Red Slaver","floor":14.0,"turns":4.0},{"damage":3.0,"enemies":"Hexaghost","floor":16.0,"turns":9.0},{"damage":9.0,"enemies":"3 Byrds","floor":18.0,"turns":4.0},{"damage":5.0,"enemies":"Chosen","floor":21.0,"turns":3.0},{"damage":9.0,"enemies":"Book of Stabbing","floor":24.0,"turns":4.0},{"damage":0.0,"enemies":"Sentry and Sphere","floor":25.0,"turns":3.0},{"damage":29.0,"enemies":"Slavers","floor":27.0,"turns":5.0},{"damage":13,"enemies":"Snake Plant","floor":30,"turns":2}],"seed_played":"-6342093897519856394","potions_obtained":[{"floor":10.0,"key":"Weak Potion"},{"floor":11.0,"key":"SpeedPotion"},{"floor":16.0,"key":"Strength Potion"},{"floor":18.0,"key":"Fruit Juice"},{"floor":27.0,"key":"ColorlessPotion"}],"is_trial":false,"path_per_floor":["M","M","M","$","?","R","?","R","T","E","M","$","M","M","R","B",null,"M","$","?","M","$","R","E","M","T","E","$","?","M"],"character_chosen":"THE_SILENT","items_purchased":["Blade Dance","Orrery","Tactician","Concentrate","Medical Kit"],"campfire_rested":0,"item_purchase_floors":[4,4,12,12,28],"current_hp_per_floor":[51,49,49,49,70,70,67,67,67,16,18,18,20,21,21,20,58,56,56,42,39,39,39,32,34,34,7,7,7,0,0],"gold":106,"neow_bonus":"TWO_FIFTY_GOLD","is_daily":false,"chose_seed":false,"campfire_upgraded":4,"win_rate":0.0,"timestamp":1609285090,"path_taken":["M","?","M","$","?","R","?","R","T","E","M","$","M","M","R","BOSS","M","$","?","M","$","R","E","M","T","E","$","?","?"],"items_purchased_type":["Card","Relic","Card","Card","Relic"],"build_version":"2020-12-22","purchased_purges":2,"victory":false,"max_hp_per_floor":[70,70,70,70,70,70,70,70,70,70,70,70,70,70,70,70,70,75,75,80,80,80,80,80,80,80,80,80,80,80,80],"card_choices":[{"not_picked":["Poisoned Stab","Deadly Poison"],"picked":"Blade Dance","floor":1.0},{"not_picked":["Dash","Masterful Stab"],"picked":"Accuracy","floor":2.0},{"not_picked":["Deflect","Setup"],"picked":"Riddle With Holes","floor":3.0},{"not_picked":["Prepared","Sucker Punch"],"picked":"Acrobatics","floor":4.0},{"not_picked":["Predator","Dagger Spray"],"picked":"Calculated Gamble","floor":4.0},{"not_picked":["Catalyst","Dagger Throw"],"picked":"Well Laid Plans","floor":4.0},{"not_picked":["Terror","Eviscerate"],"picked":"Backflip","floor":4.0},{"not_picked":["Deflect","Poisoned Stab"],"picked":"Grand Finale","floor":4.0},{"not_picked":["Dagger Spray","Quick Slash"],"picked":"Blur","floor":10.0},{"not_picked":["Catalyst","Dagger Spray"],"picked":"Reflex","floor":11.0},{"not_picked":["Quick Slash","Riddle With Holes","Predator"],"picked":"SKIP","floor":13.0},{"not_picked":["Reflex","Dagger Throw"],"picked":"After Image","floor":14.0},{"not_picked":["Wraith Form v2","Phantasmal Killer"],"picked":"Storm of Steel","floor":16.0},{"not_picked":["Concentrate","Bane"],"picked":"Reflex","floor":18.0},{"not_picked":["Escape Plan","Dash"],"picked":"Cloak And Dagger","floor":21.0},{"not_picked":["All Out Attack","Choke","Deadly Poison"],"picked":"SKIP","floor":24.0},{"not_picked":["Predator","Bane+1","Dagger Throw"],"picked":"SKIP","floor":25.0},{"not_picked":["Bane","Grand Finale","Infinite Blades"],"picked":"SKIP","floor":27.0}],"player_experience":402141,"relics_obtained":[{"floor":10.0,"key":"Bottled Tornado"},{"floor":24.0,"key":"TungstenRod"},{"floor":26.0,"key":"Orichalcum"},{"floor":27.0,"key":"Bronze Scales"}],"event_choices":[{"damage_healed":23.0,"max_hp_gain":0.0,"max_hp_loss":0.0,"gold_gain":0.0,"event_name":"Big Fish","player_choice":"Banana","floor":5.0,"gold_loss":0.0,"damage_taken":0.0},{"damage_healed":0.0,"max_hp_gain":0.0,"max_hp_loss":0.0,"gold_gain":0.0,"event_name":"Scrap Ooze","player_choice":"Success","floor":7.0,"gold_loss":0.0,"damage_taken":3.0,"relics_obtained":["Blood Vial"]},{"damage_healed":0.0,"max_hp_gain":5.0,"max_hp_loss":0.0,"gold_gain":0.0,"event_name":"Forgotten Altar","player_choice":"Shed Blood","floor":20.0,"gold_loss":0.0,"damage_taken":19.0},{"damage_healed":0.0,"max_hp_gain":0.0,"max_hp_loss":0.0,"gold_gain":100.0,"event_name":"Golden Shrine","player_choice":"Pray","floor":29.0,"gold_loss":0.0,"damage_taken":0.0}],"is_beta":false,"boss_relics":[{"not_picked":["Fusion Hammer","Black Star"],"picked":"Runic Pyramid"}],"items_purged_floors":[4,19],"is_endless":false,"potions_floor_spawned":[10,11,16,18,27],"killed_by":"Snake Plant","ascension_level":13}}