{"host":"s0ikvqhe10eopvjn","time":1609265630,"event":{"mods":["Act Like it!","Bard","BaseMod","Block Reminder","Colored Map","Colored Powertips","DeckTracker","Downfall","Halation","Hallownest","Hermit","Highlight Path","Hubris","Infinite Spire","Mad Scientist","Minty Spire (QoL Compilation)","Permanent Neow","Random Character Button","Replay The Spire","StSLib","The Blackbeard","The Blue Laboratory","The Bug Knight","The Cursed","The Disciple","The Mystic","The Necromancer","The Servant 0.9.4"],"gold_per_floor":[99,110,126,126,140,152,152,171,171,171,171,171],"floor_reached":10,"playtime":680,"items_purged":[],"score":60,"play_id":"eb022b6e-eff7-4ccf-89ed-c282521cd638","local_time":"20201229181350","is_ascension_mode":false,"campfire_choices":[{"data":"champ:Execute","floor":1,"key":"SMITH"}],"circlet_count":0,"master_deck":["champ:Strike","champ:Strike","champ:Strike","champ:Strike","champ:Defend","champ:Defend","champ:Defend","champ:Defend","champ:Execute+1","champ:Taunt+1","champ:BringItOn","champ:CrookedStrike","champ:TornadoPunch","champ:FocusedGladiator","champ:ShieldThrow"],"relics":["champ:ChampionCrown","downfall:BrokenWingStatue"],"acts_visited":["Exordium"],"potions_floor_usage":[],"damage_taken":[{"damage":19,"enemies":"Cultist","floor":2,"turns":4},{"damage":0,"enemies":"Small Slimes","floor":3,"turns":3},{"damage":5,"enemies":"2 Louse","floor":5,"turns":3},{"damage":65,"enemies":"Gremlin Gang","floor":6,"turns":8},{"damage":15,"enemies":"3 Louse","floor":8,"turns":4},{"damage":58,"enemies":"Gremlin Nob","floor":10,"turns":5}],"seed_played":"-7636111453648037991","potions_obtained":[{"floor":8,"key":"Ancient Potion"}],"is_trial":false,"path_per_floor":["R","M","M","?","M","M","T","M","?","E"],"character_chosen":"THE_CHAMP","items_purchased":[],"campfire_rested":0,"item_purchase_floors":[],"current_hp_per_floor":[90,81,81,81,81,21,21,11,38,0,0,0],"gold":171,"neow_bonus":"UPGRADE_CARD","is_daily":false,"chose_seed":false,"campfire_upgraded":1,"win_rate":0.0,"timestamp":1609265630,"path_taken":["R_BF","M","M","?","M","M","T","M","?","E"],"items_purchased_type":[],"build_version":"2020-12-22","purchased_purges":0,"victory":false,"max_hp_per_floor":[90,90,90,90,90,90,90,90,90,90,90,90],"card_choices":[{"not_picked":["champ:ViciousMockery","champ:EnGarde"],"picked":"champ:BringItOn","floor":2},{"not_picked":["champ:DefensiveStyle","champ:AdrenalArmor"],"picked":"champ:CrookedStrike","floor":3},{"not_picked":["champ:SkillfulDodge","champ:CrookedStrike"],"picked":"champ:TornadoPunch","floor":5},{"not_picked":["champ:EnGarde","champ:Riposte"],"picked":"champ:FocusedGladiator","floor":6},{"not_picked":["champ:GladiatorsShout","champ:EnGarde"],"picked":"champ:ShieldThrow","floor":8}],"player_experience":76751,"relics_obtained":[],"event_choices":[],"is_beta":false,"boss_relics":[],"items_purged_floors":[],"is_endless":false,"potions_floor_spawned":[5,8],"killed_by":"Gremlin Nob","ascension_level":0}}