{"host":"sav7uxregyirlf69","time":1609238171,"event":{"mods":["AchievementEnabler","BaseMod","Colored Map","DeckTracker","Keyboard Shortcuts","Minty Spire (QoL Compilation)","READ ME - Guardian Mod","StSLib","SuperFastMode"],"gold_per_floor":[116,116,116,41,51,84,98,98,98,127,141,141,141,141,141,141,141],"floor_reached":16,"playtime":223,"items_purged":["Strike_G"],"score":291,"play_id":"ec2d4ea0-532a-4bb7-a00a-f991de562210","local_time":"20201229193611","is_ascension_mode":true,"campfire_choices":[{"data":"Deadly Poison","floor":8,"key":"SMITH"},{"data":"Reflex","floor":12,"key":"SMITH"},{"data":"Neutralize","floor":15,"key":"SMITH"}],"circlet_count":0,"master_deck":["AscendersBane","Strike_G","Strike_G","Strike_G","Defend_G","Defend_G","Defend_G","Defend_G","Defend_G","Survivor","Neutralize+1","Deadly Poison+1","Predator","Masterful Stab","Reflex+1","Heel Hook"],"relics":["Ring of the Snake","NeowsBlessing","Question Card","Strawberry","Pear","PreservedInsect"],"acts_visited":["Exordium"],"potions_floor_usage":[10,16],"damage_taken":[{"damage":0,"enemies":"2 Louse","floor":1,"turns":1},{"damage":0,"enemies":"Jaw Worm","floor":5,"turns":1},{"damage":0,"enemies":"Gremlin Nob","floor":6,"turns":1},{"damage":7,"enemies":"Small Slimes","floor":7,"turns":4},{"damage":24,"enemies":"3 Sentries","floor":10,"turns":15},{"damage":1,"enemies":"2 Fungi Beasts","floor":11,"turns":3},{"damage":39,"enemies":"Hexaghost","floor":16,"turns":9}],"seed_played":"-3101606413717072149","potions_obtained":[{"floor":1,"key":"Dexterity Potion"},{"floor":7,"key":"Poison Potion"}],"is_trial":false,"path_per_floor":["M","?","?","$","M","E","M","R","T","E","M","R","?","?","R","B"],"character_chosen":"THE_SILENT","items_purchased":[],"campfire_rested":0,"item_purchase_floors":[],"current_hp_per_floor":[59,64,53,53,53,60,53,53,63,39,38,38,38,38,38,0,0],"gold":141,"neow_bonus":"THREE_ENEMY_KILL","is_daily":false,"chose_seed":false,"campfire_upgraded":3,"win_rate":0.0,"timestamp":1609238171,"path_taken":["M","?","?","$","?","E","M","R","T","E","M","R","?","?","R","BOSS"],"items_purchased_type":[],"build_version":"2020-12-22","purchased_purges":1,"victory":false,"max_hp_per_floor":[66,71,71,71,71,78,78,78,88,88,88,88,88,88,88,88,88],"card_choices":[{"not_picked":["Dash","Sucker Punch","Prepared"],"picked":"SKIP","floor":1},{"not_picked":["Dodge and Roll","Blur","Phantasmal Killer"],"picked":"Deadly Poison","floor":5},{"not_picked":["Quick Slash","Sucker Punch","Dodge and Roll"],"picked":"Predator","floor":6},{"not_picked":["Deadly Poison","Backflip","Heel Hook"],"picked":"Masterful Stab","floor":7},{"not_picked":["Poisoned Stab","Dash","Envenom","Bane"],"picked":"SKIP","floor":10},{"not_picked":["Sucker Punch","Predator","Escape Plan"],"picked":"Reflex","floor":11}],"player_experience":1049328,"relics_obtained":[{"floor":6,"key":"Strawberry"},{"floor":9,"key":"Pear"},{"floor":10,"key":"PreservedInsect"}],"event_choices":[{"damage_healed":0,"gold_gain":0,"player_choice":"Donut","damage_taken":0,"max_hp_gain":5,"max_hp_loss":0,"event_name":"Big Fish","floor":2,"gold_loss":0},{"damage_healed":0,"gold_gain":0,"player_choice":"Success","damage_taken":11,"relics_obtained":["Question Card"],"max_hp_gain":0,"max_hp_loss":0,"event_name":"Scrap Ooze","floor":3,"gold_loss":0},{"damage_healed":0,"gold_gain":0,"cards_transformed":["Strike_G"],"player_choice":"Change","damage_taken":0,"max_hp_gain":0,"max_hp_loss":0,"event_name":"Living Wall","floor":13,"gold_loss":0,"cards_obtained":["Heel Hook"]},{"damage_healed":0,"gold_gain":0,"player_choice":"Ignored","damage_taken":0,"max_hp_gain":0,"max_hp_loss":0,"event_name":"Liars Game","floor":14,"gold_loss":0}],"is_beta":false,"boss_relics":[],"items_purged_floors":[4],"is_endless":false,"potions_floor_spawned":[1,7],"killed_by":"Hexaghost","ascension_level":20}}