{"host":"m77rrhbqzv44va4v","time":1609210884,"event":{"mods":["AchievementEnabler","BaseMod","Colored Map","DeckTracker","Keyboard Shortcuts","Minty Spire (QoL Compilation)","StSLib","SuperFastMode","everything is the same but u backflip on backflip"],"gold_per_floor":[12,30,45,62,137,169,169,188,188,363,1,1,19,45,45,118,118,135,135,145,165,175,175,175,24,24,41,74,74,38,73,73,73,73],"floor_reached":33,"playtime":745,"items_purged":["Doubt","Strike_R"],"score":505,"play_id":"05fb0b82-82bf-4cac-8b7e-473e5ecddc9b","local_time":"20201229120124","is_ascension_mode":true,"campfire_choices":[{"data":"Inflame","floor":7,"key":"SMITH"},{"data":"Infernal Blade","floor":12,"key":"SMITH"},{"data":"Evolve","floor":15,"key":"SMITH"},{"floor":23,"key":"REST"},{"data":"Fire Breathing","floor":32,"key":"SMITH"}],"circlet_count":0,"master_deck":["AscendersBane","Strike_R","Strike_R","Strike_R","Defend_R","Defend_R","Defend_R","Defend_R","Bash","Fiend Fire","Inflame+1","Shrug It Off","Infernal Blade+1","Sword Boomerang","Evolve+1","Flex","Immolate","Battle Trance","Bludgeon+1","Reaper+1","Writhe","Whirlwind+1","Pain","Fire Breathing+1","Uppercut+1"],"relics":["Burning Blood","MealTicket","Mercury Hourglass","ClockworkSouvenir","Molten Egg 2","Cursed Key","Self Forming Clay","Pear","Centennial Puzzle","Blood Vial"],"acts_visited":["Exordium","TheCity"],"potions_floor_usage":[6,6,33],"damage_taken":[{"damage":9,"enemies":"Jaw Worm","floor":1,"turns":3},{"damage":3,"enemies":"Small Slimes","floor":2,"turns":4},{"damage":1,"enemies":"2 Louse","floor":3,"turns":3},{"damage":13,"enemies":"Blue Slaver","floor":4,"turns":6},{"damage":14,"enemies":"3 Sentries","floor":6,"turns":7},{"damage":6,"enemies":"Exordium Thugs","floor":8,"turns":3},{"damage":8,"enemies":"3 Louse","floor":13,"turns":2},{"damage":27,"enemies":"Lagavulin","floor":14,"turns":5},{"damage":22,"enemies":"Hexaghost","floor":16,"turns":6},{"damage":11,"enemies":"Shell Parasite","floor":18,"turns":4},{"damage":7,"enemies":"Chosen","floor":20,"turns":3},{"damage":27,"enemies":"Snake Plant","floor":21,"turns":4},{"damage":30,"enemies":"Cultist and Chosen","floor":22,"turns":5},{"damage":16,"enemies":"Shelled Parasite and Fungi","floor":27,"turns":3},{"damage":19,"enemies":"Gremlin Leader","floor":28,"turns":4},{"damage":31,"enemies":"Book of Stabbing","floor":31,"turns":3},{"damage":101,"enemies":"Champ","floor":33,"turns":9}],"seed_played":"415407467763168008","potions_obtained":[{"floor":1,"key":"EssenceOfSteel"},{"floor":4,"key":"BlessingOfTheForge"},{"floor":14,"key":"Swift Potion"},{"floor":16,"key":"GamblersBrew"},{"floor":31,"key":"BloodPotion"}],"is_trial":false,"path_per_floor":["M","M","M","M","?","E","R","M","T","?","$","R","M","E","R","B",null,"M","?","M","M","M","R","?","$","T","M","E","?","$","E","R","B"],"character_chosen":"IRONCLAD","items_purchased":["Immolate","ClockworkSouvenir","Block Potion","Uppercut+1"],"campfire_rested":1,"item_purchase_floors":[11,11,25,30],"current_hp_per_floor":[65,68,73,66,55,47,47,47,47,47,62,62,60,39,39,23,62,57,57,56,35,14,36,36,51,61,61,64,64,79,64,64,0,0],"gold":73,"neow_bonus":"THREE_RARE_CARDS","is_daily":false,"chose_seed":false,"campfire_upgraded":4,"win_rate":0.0,"timestamp":1609210884,"path_taken":["M","M","M","M","?","E","R","M","T","?","$","R","M","E","R","BOSS","M","?","M","M","M","R","?","$","T","?","E","?","$","E","R","BOSS"],"items_purchased_type":["Card","Relic","Potion","Card"],"build_version":"2020-12-22","purchased_purges":2,"victory":false,"max_hp_per_floor":[75,75,75,75,75,75,75,75,75,75,75,75,75,75,75,75,75,75,75,75,75,75,75,75,75,85,85,85,85,85,85,85,85,85],"card_choices":[{"not_picked":["Berserk","Double Tap"],"picked":"Fiend Fire","floor":0},{"not_picked":["Body Slam","Rage"],"picked":"Inflame","floor":1},{"not_picked":["Flex","Pommel Strike"],"picked":"Shrug It Off","floor":2},{"not_picked":["Havoc","Searing Blow"],"picked":"Infernal Blade","floor":3},{"not_picked":["Wild Strike","Iron Wave"],"picked":"Sword Boomerang","floor":4},{"not_picked":["Havoc","Sword Boomerang"],"picked":"Evolve","floor":6},{"not_picked":["Second Wind","Clash"],"picked":"Flex","floor":8},{"not_picked":["Clash","Cleave"],"picked":"Battle Trance","floor":13},{"not_picked":["Battle Trance","Clothesline+1"],"picked":"Bludgeon+1","floor":14},{"not_picked":["Brutality","Bludgeon+1"],"picked":"Reaper+1","floor":16},{"not_picked":["Rupture","Armaments","Shockwave"],"picked":"SKIP","floor":18},{"not_picked":["Reckless Charge+1","Clothesline+1","Armaments"],"picked":"SKIP","floor":20},{"not_picked":["Anger+1","Warcry","Burning Pact"],"picked":"SKIP","floor":21},{"not_picked":["Twin Strike+1","Wild Strike+1"],"picked":"Whirlwind+1","floor":22},{"not_picked":["Armaments","Intimidate+1"],"picked":"Fire Breathing","floor":27},{"not_picked":["True Grit","Evolve","Rage"],"picked":"SKIP","floor":28},{"not_picked":["Havoc+1","Reckless Charge+1","Entrench"],"picked":"SKIP","floor":31}],"player_experience":832463,"relics_obtained":[{"floor":6,"key":"MealTicket"},{"floor":9,"key":"Mercury Hourglass"},{"floor":14,"key":"Molten Egg 2"},{"floor":26,"key":"Pear"},{"floor":28,"key":"Centennial Puzzle"},{"floor":31,"key":"Blood Vial"}],"event_choices":[{"damage_healed":0,"gold_gain":75,"player_choice":"Gather Gold","damage_taken":11,"max_hp_gain":0,"max_hp_loss":0,"event_name":"World of Goop","floor":5,"gold_loss":0},{"damage_healed":0,"gold_gain":175,"player_choice":"AGREE","damage_taken":0,"max_hp_gain":0,"max_hp_loss":0,"event_name":"Liars Game","floor":10,"gold_loss":0,"cards_obtained":["Doubt"]},{"damage_healed":0,"gold_gain":0,"player_choice":"Opened","damage_taken":0,"relics_obtained":["Self Forming Clay"],"max_hp_gain":0,"max_hp_loss":0,"event_name":"The Mausoleum","floor":19,"gold_loss":0,"cards_obtained":["Writhe"]},{"cards_removed":["Strike_R"],"damage_healed":0,"gold_gain":0,"player_choice":"Purged","damage_taken":0,"max_hp_gain":0,"max_hp_loss":0,"event_name":"Purifier","floor":24,"gold_loss":0},{"damage_healed":0,"gold_gain":0,"player_choice":"Ignored","damage_taken":0,"max_hp_gain":0,"max_hp_loss":0,"event_name":"Ghosts","floor":29,"gold_loss":0}],"is_beta":false,"boss_relics":[{"not_picked":["Velvet Choker","SlaversCollar"],"picked":"Cursed Key"}],"items_purged_floors":[11,25],"is_endless":false,"potions_floor_spawned":[1,4,14,16,27,28,31],"killed_by":"Champ","ascension_level":14}}