{"host":"v0byp44r5syn346h","time":1609252978,"event":{"mods":["2.2 Compatiblity","AchievementEnabler","Act Like it!","AlwaysNeverKeys","Aspiration","BaseMod","Bestiary","Better Match","Better Note","Better Skull","Better Third Choice","Better Vampires","BetterRewards","Card Filter","Colored Map","Colored Powertips","Conspire","Defuse TimeMaze Blight","Displayed Cursed Tome","Downfall","Friendly Minions","Gremlin Skip","Halation","Highlight Path","Hubris","Infinite Spire","Minty Spire (QoL Compilation)","Pale of the Ancients","Quarter Circle Forward PUNCH!","Quick Restart","Random Character Button","Rare Cards Sparkle","Relic Filter","Relic Stats","Reorder Act Four","Replay The Spire","Reworked Bosses","Shop Mod","Spicy Shops","Spikes Relics","StSLib","SuperFastMode","The Blue Laboratory","The Construct","The Cursed","The Hierophant","The Jungle","Thieving Mod","Trackpad","Unknown Chances","egg","vexMod"],"gold_per_floor":[110,307,322,47,47,47,47],"floor_reached":6,"playtime":155,"items_purged":["Strike_B"],"score":68,"play_id":"79960456-6a2e-4ee4-b566-e30481634ad1","local_time":"20201229154258","is_ascension_mode":true,"campfire_choices":[],"circlet_count":0,"master_deck":["AscendersBane","Strike_B","Strike_B","Strike_B","Defend_B","Defend_B","Defend_B","Defend_B","Zap","Dualcast","FIFO Queue","Lockon","Go for the Eyes"],"relics":["Cracked Core","Ring of Chaos","halation:PenCase","Carrot"],"acts_visited":["Exordium"],"potions_floor_usage":[],"damage_taken":[{"damage":7,"enemies":"Small Slimes","floor":1,"turns":3},{"damage":13,"enemies":"2 Louse","floor":3,"turns":3},{"damage":38,"enemies":"Lagavulin","floor":6,"turns":6}],"seed_played":"8644559646837904524","potions_obtained":[],"is_trial":false,"path_per_floor":["M","?","M","$","?","E"],"character_chosen":"DEFECT","items_purchased":["FIFO Queue","Carrot"],"campfire_rested":0,"item_purchase_floors":[0,4],"current_hp_per_floor":[57,34,21,21,26,0,0],"gold":47,"neow_bonus":"","is_daily":false,"chose_seed":false,"campfire_upgraded":0,"win_rate":0.0,"timestamp":1609252978,"path_taken":["M","?","M","$","?","E"],"items_purchased_type":["Card","Relic"],"build_version":"2020-12-22","purchased_purges":1,"victory":false,"max_hp_per_floor":[71,71,71,71,76,76,76],"relic_stats":{"counters":[19,73],"obtain_stats":[{"hubris:BallOfYels":6,"conspire:TreasureMap":0,"Carrot":4,"Golden Idol":4,"Circlet":0,"Ring of Chaos":0,"halation:Komachan":0,"hubris:Towel":2,"qcfpunch:Crimson_Sash":17,"hubris:Zylophone":0,"Peace Pipe":0,"hubris:Icosahedron":5,"qcfpunch:School_Backpack":7,"Gambling Chip":0,"qcfpunch:Fighting_Gloves":0,"halation:PenCase":0,"Onion Ring":9,"CosmicIsotope":0,"Chemical X":0,"Replay:Antivirus Software":14,"Cracked Core":0,"halation:PinkSoulGem":5},{"hubris:BallOfYels":15,"conspire:TreasureMap":12,"Carrot":18,"Golden Idol":3,"Circlet":0,"Ring of Chaos":4,"halation:Komachan":4,"hubris:Towel":5,"qcfpunch:Crimson_Sash":8,"hubris:Zylophone":0,"Peace Pipe":12,"hubris:Icosahedron":3,"qcfpunch:School_Backpack":6,"Gambling Chip":4,"qcfpunch:Fighting_Gloves":4,"halation:PenCase":16,"Onion Ring":6,"CosmicIsotope":4,"Chemical X":0,"Replay:Antivirus Software":7,"Cracked Core":0,"halation:PinkSoulGem":5},{"hubris:BallOfYels":51,"conspire:TreasureMap":31,"Carrot":67,"Golden Idol":6,"Circlet":0,"Ring of Chaos":8,"halation:Komachan":8,"hubris:Towel":10,"qcfpunch:Crimson_Sash":20,"hubris:Zylophone":0,"Peace Pipe":31,"hubris:Icosahedron":6,"qcfpunch:School_Backpack":14,"Gambling Chip":8,"qcfpunch:Fighting_Gloves":8,"halation:PenCase":61,"Onion Ring":14,"CosmicIsotope":8,"Chemical X":0,"Replay:Antivirus Software":15,"Cracked Core":0,"halation:PinkSoulGem":10}]},"card_choices":[{"not_picked":["Panic Button","ReplayGash"],"picked":"Lockon","floor":1},{"not_picked":["Loop","Recycle"],"picked":"Go for the Eyes","floor":2},{"not_picked":["Sunder","Leap","Rebound"],"picked":"SKIP","floor":3}],"player_experience":847084,"relics_obtained":[],"event_choices":[{"damage_healed":0,"gold_gain":0,"player_choice":"Donut","damage_taken":0,"max_hp_gain":5,"max_hp_loss":0,"event_name":"Big Fish","floor":5,"gold_loss":0}],"is_beta":false,"boss_relics":[],"items_purged_floors":[0],"is_endless":false,"potions_floor_spawned":[],"killed_by":"Lagavulin","ascension_level":20}}