{"host":"Zion","time":1609231853,"event":{"mods":["AchievementEnabler","BaseMod","Colored Map","DeckTracker","Minty Spire (QoL Compilation)","Quick Restart","Rare Cards Sparkle"],"gold_per_floor":[126,154,229,247,44,44,44,84,84,122,122,133,133,175,175,184,184,194,134,34,48,68,68,112,136,136,156,156,183,183,108,108,213,213,227,272,272,272,291,291,317,343,352,352,369,386,99,113,113,113,113,113,85,112,112],"floor_reached":56,"playtime":2902,"items_purged":["Strike_R","Strike_R","Strike_R"],"score":1669,"play_id":"17312ceb-1497-4e92-a54c-89225c75df8b","local_time":"20201229175053","is_ascension_mode":true,"campfire_choices":[{"data":"Immolate","floor":6.0,"key":"SMITH"},{"data":"Shrug It Off","floor":11.0,"key":"SMITH"},{"data":"Offering","floor":13.0,"key":"SMITH"},{"data":"Second Wind","floor":15.0,"key":"SMITH"},{"data":"Double Tap","floor":23.0,"key":"SMITH"},{"data":"Power Through","floor":30.0,"key":"SMITH"},{"floor":32.0,"key":"RECALL"},{"data":"Bash","floor":40.0,"key":"SMITH"},{"data":"Wild Strike","floor":44.0,"key":"SMITH"},{"data":"Violence","floor":49.0,"key":"SMITH"},{"data":"Twin Strike","floor":52.0,"key":"SMITH"}],"circlet_count":0,"master_deck":["Defend_R","Defend_R","Defend_R","Defend_R","Bash+1","Wild Strike+1","Twin Strike+1","Second Wind+1","Immolate+1","Offering+1","Shrug It Off+1","Evolve+1","Double Tap+1","Power Through+1","Dark Embrace+1","Demon Form+1","Intimidate+1","Pommel Strike+1","Doubt","Violence+1","Fire Breathing+1"],"relics":["Burning Blood","CeramicFish","Sundial","Gambling Chip","Bottled Lightning","Gremlin Horn","Frozen Egg 2","Coffee Dripper","Potion Belt","StrikeDummy","Cursed Key","Prayer Wheel","Lizard Tail","Incense Burner","StoneCalendar"],"acts_visited":["Exordium","TheCity","TheBeyond","TheEnding"],"potions_floor_usage":[55,55,55,55,55,55],"damage_taken":[{"damage":8.0,"enemies":"2 Louse","floor":1.0,"turns":2.0},{"damage":13.0,"enemies":"Jaw Worm","floor":2.0,"turns":4.0},{"damage":0.0,"enemies":"Small Slimes","floor":4.0,"turns":2.0},{"damage":40.0,"enemies":"Lagavulin","floor":8.0,"turns":6.0},{"damage":8.0,"enemies":"3 Sentries","floor":10.0,"turns":3.0},{"damage":6.0,"enemies":"Exordium Thugs","floor":12.0,"turns":2.0},{"damage":6.0,"enemies":"Gremlin Nob","floor":14.0,"turns":2.0},{"damage":18.0,"enemies":"Hexaghost","floor":16.0,"turns":9.0},{"damage":2.0,"enemies":"Spheric Guardian","floor":18.0,"turns":4.0},{"damage":6.0,"enemies":"3 Byrds","floor":21.0,"turns":1.0},{"damage":0.0,"enemies":"Sentry and Sphere","floor":22.0,"turns":1.0},{"damage":9.0,"enemies":"Book of Stabbing","floor":24.0,"turns":3.0},{"damage":6.0,"enemies":"3 Cultists","floor":25.0,"turns":1.0},{"damage":11.0,"enemies":"Chosen and Byrds","floor":27.0,"turns":3.0},{"damage":6.0,"enemies":"Slavers","floor":29.0,"turns":1.0},{"damage":10.0,"enemies":"Collector","floor":33.0,"turns":5.0},{"damage":1.0,"enemies":"3 Shapes","floor":35.0,"turns":1.0},{"damage":17.0,"enemies":"2 Orb Walkers","floor":36.0,"turns":3.0},{"damage":9.0,"enemies":"Orb Walker","floor":39.0,"turns":3.0},{"damage":6.0,"enemies":"Reptomancer","floor":41.0,"turns":3.0},{"damage":6.0,"enemies":"Sphere and 2 Shapes","floor":42.0,"turns":1.0},{"damage":10.0,"enemies":"Spire Growth","floor":45.0,"turns":3.0},{"damage":23.0,"enemies":"Maw","floor":46.0,"turns":5.0},{"damage":9.0,"enemies":"4 Shapes","floor":48.0,"turns":1.0},{"damage":6.0,"enemies":"Awakened One","floor":50.0,"turns":6.0},{"damage":35.0,"enemies":"Shield and Spear","floor":54.0,"turns":4.0},{"damage":36,"enemies":"The Heart","floor":55,"turns":6}],"seed_played":"1894140873949888141","potions_obtained":[{"floor":8.0,"key":"EntropicBrew"},{"floor":10.0,"key":"FearPotion"},{"floor":12.0,"key":"Fire Potion"},{"floor":25.0,"key":"SkillPotion"},{"floor":27.0,"key":"Dexterity Potion"},{"floor":39.0,"key":"BloodPotion"},{"floor":41.0,"key":"AttackPotion"}],"is_trial":false,"path_per_floor":["M","M","?","M","$","R","T","E","T","E","R","M","R","E","R","B",null,"M","?","$","M","M","R","E","M","T","M","?","E","R","?","R","B",null,"M","?","?","?","M","R","E","M","T","R","M","M","$","M","R","B",null,"R","$","E","B",null],"character_chosen":"IRONCLAD","items_purchased":["Second Wind","Immolate","Violence","Fire Breathing+1"],"campfire_rested":0,"item_purchase_floors":[5,5,47,53],"current_hp_per_floor":[78,71,60,66,66,66,66,32,32,30,30,30,30,30,30,18,65,69,69,69,69,75,75,72,72,72,67,67,67,67,67,67,63,76,80,69,69,69,66,66,66,66,66,66,62,45,45,42,42,42,68,68,68,39,24],"gold":112,"neow_bonus":"RANDOM_COMMON_RELIC","is_daily":false,"chose_seed":false,"campfire_upgraded":10,"win_rate":0.0,"timestamp":1609231853,"path_taken":["M","M","?","M","$","R","?","E","T","E","R","M","R","E","R","BOSS","M","?","$","?","M","R","E","M","T","M","?","E","R","?","R","BOSS","M","?","?","?","M","R","E","M","T","R","M","?","$","M","R","BOSS","R","$","E","BOSS"],"items_purchased_type":["Card","Card","Card","Card"],"build_version":"2020-12-18","purchased_purges":3,"victory":true,"max_hp_per_floor":[80,80,80,80,80,80,80,80,80,80,80,80,80,80,80,80,80,80,80,80,80,80,80,80,80,80,80,80,80,80,80,80,80,80,80,80,76,76,76,76,76,76,76,76,76,76,76,76,76,76,76,76,76,76,76],"card_choices":[{"not_picked":["Clash","Pommel Strike"],"picked":"Wild Strike","floor":1.0},{"not_picked":["True Grit","Thunderclap"],"picked":"Twin Strike","floor":2.0},{"not_picked":["Pommel Strike","Searing Blow","Seeing Red"],"picked":"SKIP","floor":4.0},{"not_picked":["Perfected Strike","Wild Strike"],"picked":"Offering","floor":8.0},{"not_picked":["Cleave","Flame Barrier"],"picked":"Shrug It Off","floor":10.0},{"not_picked":["Headbutt","Perfected Strike","Metallicize"],"picked":"SKIP","floor":12.0},{"not_picked":["Anger","Wild Strike"],"picked":"Evolve+1","floor":14.0},{"not_picked":["Limit Break","Immolate"],"picked":"Double Tap","floor":16.0},{"not_picked":["Iron Wave","Headbutt","Uppercut+1"],"picked":"SKIP","floor":18.0},{"not_picked":["Body Slam","Iron Wave","Twin Strike"],"picked":"SKIP","floor":21.0},{"not_picked":["Havoc+1","Armaments","Bloodletting"],"picked":"SKIP","floor":22.0},{"not_picked":["True Grit","Perfected Strike"],"picked":"Power Through","floor":24.0},{"not_picked":["Flex","Headbutt+1"],"picked":"Dark Embrace+1","floor":25.0},{"not_picked":["Sword Boomerang","Perfected Strike+1","Iron Wave"],"picked":"SKIP","floor":27.0},{"not_picked":["Iron Wave","Double Tap","Body Slam+1"],"picked":"SKIP","floor":29.0},{"not_picked":["Feed","Berserk+1"],"picked":"Demon Form+1","floor":33.0},{"not_picked":["Body Slam+1","Flame Barrier","Warcry+1"],"picked":"SKIP","floor":35.0},{"not_picked":["Hemokinesis","Sword Boomerang+1"],"picked":"Intimidate+1","floor":39.0},{"not_picked":["True Grit+1","Blood for Blood+1","Thunderclap"],"picked":"SKIP","floor":39.0},{"not_picked":["Sentinel","Rupture+1","Iron Wave"],"picked":"SKIP","floor":41.0},{"not_picked":["Bludgeon","Rampage+1"],"picked":"Pommel Strike+1","floor":42.0},{"not_picked":["Flex","Dropkick","Body Slam+1"],"picked":"SKIP","floor":42.0},{"not_picked":["Clothesline+1","Pummel","Flex"],"picked":"SKIP","floor":45.0},{"not_picked":["Feel No Pain+1","Rupture+1","Seeing Red"],"picked":"SKIP","floor":45.0},{"not_picked":["Clothesline+1","Twin Strike+1","Limit Break"],"picked":"SKIP","floor":46.0},{"not_picked":["Thunderclap+1","Body Slam","Bloodletting+1"],"picked":"SKIP","floor":46.0},{"not_picked":["Heavy Blade","Twin Strike+1","Shrug It Off+1"],"picked":"SKIP","floor":48.0},{"not_picked":["Ghostly Armor+1","Heavy Blade+1","True Grit+1"],"picked":"SKIP","floor":48.0},{"not_picked":["Spot Weakness+1","Headbutt+1","Armaments+1"],"picked":"SKIP","floor":54.0}],"player_experience":195045,"relics_obtained":[{"floor":7.0,"key":"Sundial"},{"floor":8.0,"key":"Gambling Chip"},{"floor":9.0,"key":"Bottled Lightning"},{"floor":10.0,"key":"Gremlin Horn"},{"floor":14.0,"key":"Frozen Egg 2"},{"floor":24.0,"key":"Potion Belt"},{"floor":29.0,"key":"StrikeDummy"},{"floor":36.0,"key":"Prayer Wheel"},{"floor":41.0,"key":"Lizard Tail"},{"floor":43.0,"key":"Incense Burner"},{"floor":54.0,"key":"StoneCalendar"}],"event_choices":[{"damage_healed":0.0,"max_hp_gain":0.0,"max_hp_loss":0.0,"gold_gain":75.0,"event_name":"World of Goop","player_choice":"Gather Gold","floor":3.0,"gold_loss":0.0,"damage_taken":11.0},{"cards_removed":["Strike_R"],"damage_healed":0.0,"max_hp_gain":0.0,"max_hp_loss":0.0,"gold_gain":0.0,"event_name":"Designer","player_choice":"Single Remove","floor":19.0,"gold_loss":60.0,"damage_taken":0.0},{"damage_healed":0.0,"max_hp_gain":0.0,"max_hp_loss":0.0,"gold_gain":0.0,"event_name":"Cursed Tome","player_choice":"Ignored","floor":28.0,"gold_loss":0.0,"damage_taken":0.0},{"cards_removed":["Strike_R"],"damage_healed":0.0,"max_hp_gain":0.0,"max_hp_loss":0.0,"gold_gain":0.0,"event_name":"Beggar","player_choice":"Gave Gold","floor":31.0,"gold_loss":75.0,"damage_taken":0.0},{"damage_healed":0.0,"max_hp_gain":0.0,"max_hp_loss":0.0,"gold_gain":0.0,"event_name":"Mysterious Sphere","player_choice":"Fight","floor":36.0,"gold_loss":0.0,"damage_taken":0.0},{"damage_healed":0.0,"max_hp_gain":0.0,"max_hp_loss":4.0,"gold_gain":0.0,"event_name":"Winding Halls","player_choice":"Max HP","floor":37.0,"gold_loss":0.0,"damage_taken":0.0},{"damage_healed":0.0,"max_hp_gain":0.0,"max_hp_loss":0.0,"gold_gain":0.0,"event_name":"Match and Keep!","player_choice":"0 cards matched","floor":38.0,"gold_loss":0.0,"damage_taken":0.0,"cards_obtained":[]}],"is_beta":true,"boss_relics":[{"not_picked":["Astrolabe","Velvet Choker"],"picked":"Coffee Dripper"},{"not_picked":["Philosopher\u0027s Stone","Fusion Hammer"],"picked":"Cursed Key"}],"items_purged_floors":[5,20,47],"is_endless":false,"potions_floor_spawned":[8,10,12,14,18,25,27,39,41,48],"ascension_level":5}}