{"host":"sav7uxregyirlf69","time":1609226564,"event":{"mods":["AchievementEnabler","BaseMod","Colored Map","DeckTracker","Keyboard Shortcuts","Minty Spire (QoL Compilation)","READ ME - Guardian Mod","StSLib","SuperFastMode"],"gold_per_floor":[111,111,123,139,159,186,199,216,239,239,239,262,277,291,291,291,291],"floor_reached":16,"playtime":408,"items_purged":[],"score":216,"play_id":"9625878c-6811-487f-b1bf-2312c20a96a5","local_time":"20201229162244","is_ascension_mode":true,"campfire_choices":[{"floor":10,"key":"REST"},{"data":"Terror","floor":15,"key":"SMITH"}],"circlet_count":0,"master_deck":["AscendersBane","Strike_G","Strike_G","Strike_G","Defend_G","Defend_G","Defend_G","Defend_G","Survivor","Neutralize","Underhanded Strike","Prepared","Bouncing Flask","Dagger Throw","Acrobatics","PiercingWail","Terror+1","Backflip"],"relics":["Ring of the Snake","Unceasing Top","Ancient Tea Set","Golden Idol"],"acts_visited":["Exordium"],"potions_floor_usage":[6,7,12,13,16],"damage_taken":[{"damage":1,"enemies":"Small Slimes","floor":1,"turns":5},{"damage":3,"enemies":"Cultist","floor":3,"turns":4},{"damage":0,"enemies":"2 Louse","floor":4,"turns":3},{"damage":1,"enemies":"Looter","floor":5,"turns":4},{"damage":17,"enemies":"Lagavulin","floor":6,"turns":6},{"damage":5,"enemies":"Large Slime","floor":7,"turns":5},{"damage":8,"enemies":"3 Louse","floor":8,"turns":4},{"damage":0,"enemies":"Lots of Slimes","floor":12,"turns":1},{"damage":14,"enemies":"Gremlin Gang","floor":13,"turns":4},{"damage":0,"enemies":"3 Louse","floor":14,"turns":4},{"damage":19,"enemies":"Hexaghost","floor":16,"turns":9}],"seed_played":"256018308806213373","potions_obtained":[{"floor":4,"key":"Block Potion"},{"floor":5,"key":"Strength Potion"},{"floor":7,"key":"Explosive Potion"},{"floor":8,"key":"Fire Potion"},{"floor":12,"key":"BlessingOfTheForge"}],"is_trial":false,"path_per_floor":["M","?","M","M","M","E","M","M","T","R","?","M","M","M","R","B"],"character_chosen":"THE_SILENT","items_purchased":[],"campfire_rested":1,"item_purchase_floors":[],"current_hp_per_floor":[43,43,40,40,39,22,17,9,9,28,28,28,14,14,14,0,0],"gold":291,"neow_bonus":"REMOVE_TWO","is_daily":false,"chose_seed":false,"campfire_upgraded":1,"win_rate":0.0,"timestamp":1609226564,"path_taken":["M","?","M","?","M","E","?","M","T","R","?","M","M","M","R","BOSS"],"items_purchased_type":[],"build_version":"2020-12-22","purchased_purges":0,"victory":false,"max_hp_per_floor":[66,66,66,66,66,66,66,66,66,66,60,60,60,60,60,60,60],"card_choices":[{"not_picked":["Eviscerate","Slice"],"picked":"Underhanded Strike","floor":1},{"not_picked":["Cloak And Dagger","Dagger Spray"],"picked":"Prepared","floor":3},{"not_picked":["Masterful Stab","Blade Dance"],"picked":"Bouncing Flask","floor":4},{"not_picked":["Backflip","Acrobatics","Dodge and Roll"],"picked":"SKIP","floor":5},{"not_picked":["Venomology","Dash"],"picked":"Dagger Throw","floor":6},{"not_picked":["Slice","Deadly Poison"],"picked":"Acrobatics","floor":7},{"not_picked":["Prepared","Dodge and Roll"],"picked":"PiercingWail","floor":8},{"not_picked":["Cloak And Dagger","Bane","PiercingWail"],"picked":"SKIP","floor":12},{"not_picked":["Eviscerate","Bane"],"picked":"Terror","floor":13},{"not_picked":["Poisoned Stab","Dagger Throw"],"picked":"Backflip","floor":14}],"player_experience":1043058,"relics_obtained":[{"floor":6,"key":"Unceasing Top"},{"floor":9,"key":"Ancient Tea Set"}],"event_choices":[{"cards_removed":["Strike_G"],"damage_healed":0,"gold_gain":0,"player_choice":"Purged","damage_taken":0,"max_hp_gain":0,"max_hp_loss":0,"event_name":"Purifier","floor":2,"gold_loss":0},{"damage_healed":0,"gold_gain":0,"player_choice":"Lose Max HP","damage_taken":0,"relics_obtained":["Golden Idol"],"max_hp_gain":0,"max_hp_loss":6,"event_name":"Golden Idol","floor":11,"gold_loss":0}],"is_beta":false,"boss_relics":[],"items_purged_floors":[],"is_endless":false,"potions_floor_spawned":[4,5,7,8,12],"killed_by":"Hexaghost","ascension_level":20}}