{"host":"utqe55yv0jihe4d6","time":1609253789,"event":{"mods":["2.2 Compatiblity","AchievementEnabler","BaseMod","Block Reminder","Colored Map","Colored Powertips","Minty Spire (QoL Compilation)","Quick Restart","Rare Cards Sparkle","Relic Stats","SuperFastMode"],"gold_per_floor":[13,13,88,108,123,123,157,157,157,188,206,236,236,249,249,321,321,333,90,107,107,159,194,220,220,220,220,269,269,320,330,330,330,330],"floor_reached":33,"playtime":1593,"items_purged":["Defend_P"],"score":846,"play_id":"e2d1c9e9-637c-4f1a-a61b-caaf96aeea5f","local_time":"20201229095629","is_ascension_mode":true,"campfire_choices":[{"floor":6.0,"key":"REST"},{"data":"WheelKick","floor":8.0,"key":"SMITH"},{"floor":13.0,"key":"REST"},{"data":"WindmillStrike","floor":15.0,"key":"SMITH"},{"floor":25,"key":"REST"},{"data":"TalkToTheHand","floor":27,"key":"SMITH"},{"data":"DeusExMachina","floor":29,"key":"SMITH"},{"floor":32,"key":"REST"}],"circlet_count":0,"master_deck":["AscendersBane","Strike_P+1","Strike_P","Strike_P","Strike_P+1","Defend_P","Defend_P","Defend_P","Eruption+1","Vigilance","Panache","WindmillStrike+1","Meditate","WheelKick+1","FlurryOfBlows","ReachHeaven","TalkToTheHand","FearNoEvil","DeusExMachina+1","TalkToTheHand+1","HandOfGreed","Protect+1","WaveOfTheHand","Omniscience","Omniscience","LikeWater"],"relics":["HolyWater","Singing Bowl","HornCleat","Ornamental Fan","Smiling Mask","Red Mask","Whetstone","Toy Ornithopter","Strawberry","PreservedInsect"],"acts_visited":["Exordium","TheCity"],"potions_floor_usage":[24,24,30],"damage_taken":[{"damage":8.0,"enemies":"Cultist","floor":1.0,"turns":6.0},{"damage":13.0,"enemies":"Small Slimes","floor":4.0,"turns":4.0},{"damage":2.0,"enemies":"2 Louse","floor":5.0,"turns":3.0},{"damage":22.0,"enemies":"Lagavulin","floor":7.0,"turns":6.0},{"damage":20.0,"enemies":"3 Sentries","floor":10.0,"turns":5.0},{"damage":0.0,"enemies":"2 Fungi Beasts","floor":11.0,"turns":3.0},{"damage":0.0,"enemies":"Lagavulin","floor":12.0,"turns":5.0},{"damage":6.0,"enemies":"Gremlin Gang","floor":14.0,"turns":3.0},{"damage":0,"enemies":"Slime Boss","floor":16,"turns":4},{"damage":13,"enemies":"2 Thieves","floor":18,"turns":3},{"damage":23,"enemies":"Shell Parasite","floor":20,"turns":4},{"damage":0,"enemies":"Masked Bandits","floor":22,"turns":3},{"damage":13,"enemies":"Shelled Parasite and Fungi","floor":23,"turns":7},{"damage":0,"enemies":"Book of Stabbing","floor":24,"turns":1},{"damage":7,"enemies":"Gremlin Leader","floor":28,"turns":7},{"damage":8,"enemies":"Slavers","floor":30,"turns":6},{"damage":5,"enemies":"Snake Plant","floor":31,"turns":3},{"damage":59,"enemies":"Automaton","floor":33,"turns":6}],"seed_played":"-1540380810628315350","potions_obtained":[{"floor":4.0,"key":"Fruit Juice"},{"floor":5.0,"key":"PowerPotion"},{"floor":11.0,"key":"DuplicationPotion"},{"floor":14.0,"key":"FearPotion"},{"floor":18,"key":"AttackPotion"},{"floor":28,"key":"FearPotion"},{"floor":30,"key":"Explosive Potion"}],"is_trial":false,"path_per_floor":["M","?","?","M","M","R","E","R","T","E","M","E","R","M","R","B",null,"M","$","M","?","?","M","E","R","T","R","E","R","E","M","R","B"],"character_chosen":"WATCHER","items_purchased":["HandOfGreed"],"campfire_rested":4,"item_purchase_floors":[19],"current_hp_per_floor":[53,53,42,34,32,53,31,31,31,11,11,13,35,29,29,29,64,51,51,30,30,30,17,17,40,40,40,40,40,39,34,59,0,0],"gold":330,"neow_bonus":"RANDOM_COLORLESS_2","is_daily":false,"chose_seed":false,"campfire_upgraded":4,"win_rate":0.0,"timestamp":1609253789,"path_taken":["M","?","?","M","M","R","E","R","T","E","M","E","R","M","R","BOSS","M","$","M","?","?","M","E","R","T","R","E","R","E","M","R","BOSS"],"items_purchased_type":["Card"],"build_version":"2020-12-22","purchased_purges":1,"victory":false,"max_hp_per_floor":[68,68,68,73,73,73,73,73,73,73,73,75,75,75,75,75,75,75,75,77,77,77,77,77,77,77,77,84,84,86,86,86,86,86],"relic_stats":{"Singing Bowl":6,"counters":[18,79],"Ornamental Fan":[124],"PreservedInsect":0,"Whetstone":["Strike_P","Strike_P"],"Smiling Mask":25,"obtain_stats":[{"HornCleat":9,"Singing Bowl":7,"Ornamental Fan":10,"Strawberry":28,"HolyWater":17,"PreservedInsect":30,"Red Mask":22,"Whetstone":24,"PureWater":0,"Smiling Mask":12,"Toy Ornithopter":26},{"HornCleat":4,"Singing Bowl":4,"Ornamental Fan":5,"Strawberry":15,"HolyWater":9,"PreservedInsect":16,"Red Mask":12,"Whetstone":14,"PureWater":0,"Smiling Mask":7,"Toy Ornithopter":14},{"HornCleat":19,"Singing Bowl":19,"Ornamental Fan":24,"Strawberry":64,"HolyWater":39,"PreservedInsect":70,"Red Mask":49,"Whetstone":57,"PureWater":0,"Smiling Mask":32,"Toy Ornithopter":57}],"Toy Ornithopter":5},"card_choices":[{"not_picked":["Mayhem","The Bomb"],"picked":"Panache","floor":0.0},{"not_picked":["ForeignInfluence","ThirdEye"],"picked":"WindmillStrike","floor":1.0},{"not_picked":["WreathOfFlame","BattleHymn"],"picked":"Meditate","floor":4.0},{"not_picked":["EmptyBody","SashWhip"],"picked":"WheelKick","floor":5.0},{"not_picked":["Consecrate","Crescendo"],"picked":"FlurryOfBlows","floor":7.0},{"not_picked":["JustLucky","Study"],"picked":"ReachHeaven","floor":10.0},{"not_picked":["Devotion","ReachHeaven"],"picked":"TalkToTheHand","floor":11.0},{"not_picked":["PathToVictory","Evaluate","Brilliance"],"picked":"Singing Bowl","floor":12.0},{"not_picked":["Fasting2","DeceiveReality"],"picked":"FearNoEvil","floor":14.0},{"not_picked":["Establishment","Brilliance"],"picked":"DeusExMachina","floor":16},{"not_picked":["ThirdEye","Crescendo"],"picked":"TalkToTheHand","floor":18},{"not_picked":["Weave","JustLucky","Swivel"],"picked":"Singing Bowl","floor":20},{"not_picked":["Halt","Crescendo"],"picked":"Protect+1","floor":22},{"not_picked":["Evaluate+1","Study"],"picked":"WaveOfTheHand","floor":23},{"not_picked":["SpiritShield","ClearTheMind"],"picked":"Omniscience","floor":24},{"not_picked":["Wireheading","ClearTheMind"],"picked":"Omniscience","floor":28},{"not_picked":["CrushJoints","FlurryOfBlows","WindmillStrike"],"picked":"Singing Bowl","floor":30},{"not_picked":["Indignation","WindmillStrike"],"picked":"LikeWater","floor":31}],"player_experience":2889684,"relics_obtained":[{"floor":7.0,"key":"Singing Bowl"},{"floor":9.0,"key":"HornCleat"},{"floor":10.0,"key":"Ornamental Fan"},{"floor":12.0,"key":"Smiling Mask"},{"floor":22,"key":"Red Mask"},{"floor":24,"key":"Whetstone"},{"floor":26,"key":"Toy Ornithopter"},{"floor":28,"key":"Strawberry"},{"floor":30,"key":"PreservedInsect"}],"event_choices":[{"damage_healed":0.0,"max_hp_gain":0.0,"max_hp_loss":0.0,"gold_gain":0.0,"event_name":"Living Wall","player_choice":"Grow","floor":2.0,"gold_loss":0.0,"damage_taken":0.0,"cards_upgraded":["Eruption"]},{"damage_healed":0.0,"max_hp_gain":0.0,"max_hp_loss":0.0,"gold_gain":75.0,"event_name":"World of Goop","player_choice":"Gather Gold","floor":3.0,"gold_loss":0.0,"damage_taken":11.0},{"damage_healed":0,"gold_gain":0,"player_choice":"Ignored","damage_taken":0,"max_hp_gain":0,"max_hp_loss":0,"event_name":"The Mausoleum","floor":21,"gold_loss":0},{"damage_healed":0,"gold_gain":0,"player_choice":"Fought Bandits","damage_taken":0,"max_hp_gain":0,"max_hp_loss":0,"event_name":"Masked Bandits","floor":22,"gold_loss":0}],"is_beta":false,"boss_relics":[{"not_picked":["Velvet Choker","Ectoplasm"],"picked":"HolyWater"}],"items_purged_floors":[19],"is_endless":false,"potions_floor_spawned":[4,5,11,14,18,23,28,30],"killed_by":"Automaton","ascension_level":20}}