{"host":"5jasvlzwxjppxwo9","time":1609278285,"event":{"mods":["AchievementEnabler","BaseMod","Minty Spire (QoL Compilation)","StSLib"],"gold_per_floor":[119,119,138,59,79,120,141,141,141,41,66,80,80,93,93,224,224,240,255,255,271,271,271],"floor_reached":22,"playtime":1712,"items_purged":["Defend_B"],"score":190,"play_id":"bd1c1f38-dbb3-43e4-a310-1fa6f5e20f96","local_time":"20201229214445","is_ascension_mode":false,"campfire_choices":[{"data":"Self Repair","floor":8,"key":"SMITH"},{"data":"Bandage Up","floor":13,"key":"SMITH"},{"data":"Streamline","floor":15,"key":"SMITH"}],"circlet_count":0,"master_deck":["Strike_B","Strike_B","Strike_B","Strike_B","Defend_B","Defend_B","Defend_B","Zap","Dualcast","Bandage Up+1","Darkness","Injury","Conserve Battery","Doom and Gloom","Self Repair+1","Leap","Recycle","Leap","Go for the Eyes","Chill","Streamline+1","Glacier","Leap+1","Sweeping Beam"],"relics":["Cracked Core","Golden Idol","Ancient Tea Set","Pear"],"acts_visited":["Exordium","TheCity"],"potions_floor_usage":[16,16,16,21],"damage_taken":[{"damage":0,"enemies":"Small Slimes","floor":1,"turns":3},{"damage":7,"enemies":"Jaw Worm","floor":3,"turns":5},{"damage":1,"enemies":"Cultist","floor":5,"turns":3},{"damage":26,"enemies":"3 Sentries","floor":6,"turns":5},{"damage":8,"enemies":"Red Slaver","floor":7,"turns":4},{"damage":2,"enemies":"Blue Slaver","floor":11,"turns":5},{"damage":7,"enemies":"Exordium Thugs","floor":12,"turns":5},{"damage":12,"enemies":"Looter","floor":14,"turns":3},{"damage":15,"enemies":"Slime Boss","floor":16,"turns":7},{"damage":43,"enemies":"Spheric Guardian","floor":18,"turns":6},{"damage":34,"enemies":"3 Byrds","floor":19,"turns":8},{"damage":39,"enemies":"Snake Plant","floor":21,"turns":7},{"damage":19,"enemies":"Snecko","floor":22,"turns":5}],"seed_played":"2759717408529711895","potions_obtained":[{"floor":1,"key":"SpeedPotion"},{"floor":6,"key":"ColorlessPotion"},{"floor":11,"key":"SteroidPotion"},{"floor":19,"key":"Energy Potion"}],"is_trial":false,"path_per_floor":["M","?","M","$","M","E","M","R","T","$","M","M","R","M","R","B",null,"M","M","?","M","M"],"character_chosen":"DEFECT","items_purchased":["Doom and Gloom","Leap"],"campfire_rested":0,"item_purchase_floors":[4,10],"current_hp_per_floor":[75,75,72,72,74,55,58,58,68,68,80,85,85,83,83,74,85,58,40,40,17,0,0],"gold":271,"neow_bonus":"RANDOM_COLORLESS","is_daily":false,"chose_seed":false,"campfire_upgraded":3,"win_rate":0.0,"timestamp":1609278285,"path_taken":["M","?","M","$","M","E","M","R","T","?","?","M","R","M","R","BOSS","M","M","?","?","M"],"items_purchased_type":["Card","Card"],"build_version":"2020-12-22","purchased_purges":1,"victory":false,"max_hp_per_floor":[75,75,75,75,75,75,75,75,85,85,85,85,85,85,85,85,85,85,85,85,85,85,85],"card_choices":[{"not_picked":["Blind","PanicButton"],"picked":"Bandage Up","floor":0},{"not_picked":["Sweeping Beam","Steam"],"picked":"Darkness","floor":1},{"not_picked":["Go for the Eyes","Hologram"],"picked":"Conserve Battery","floor":3},{"not_picked":["FTL","Compile Driver"],"picked":"Self Repair","floor":5},{"not_picked":["Ball Lightning","Tempest"],"picked":"Leap","floor":6},{"not_picked":["Core Surge","Lockon"],"picked":"Recycle","floor":7},{"not_picked":["Coolheaded","Consume"],"picked":"Go for the Eyes","floor":11},{"not_picked":["Hologram","Meteor Strike"],"picked":"Chill","floor":12},{"not_picked":["Compile Driver","Stack"],"picked":"Streamline","floor":14},{"not_picked":["White Noise","Storm"],"picked":"Glacier","floor":18},{"not_picked":["Ball Lightning","Consume"],"picked":"Leap","floor":19},{"not_picked":["Redo+1","Leap"],"picked":"Sweeping Beam","floor":21}],"player_experience":249448,"relics_obtained":[{"floor":6,"key":"Ancient Tea Set"},{"floor":9,"key":"Pear"}],"event_choices":[{"damage_healed":0,"gold_gain":0,"player_choice":"Take Wound","damage_taken":0,"relics_obtained":["Golden Idol"],"max_hp_gain":0,"max_hp_loss":0,"event_name":"Golden Idol","floor":2,"gold_loss":0,"cards_obtained":["Injury"]},{"damage_healed":0,"gold_gain":0,"player_choice":"Forge","damage_taken":0,"max_hp_gain":0,"max_hp_loss":0,"event_name":"Accursed Blacksmith","floor":20,"gold_loss":0,"cards_upgraded":["Leap"]}],"is_beta":false,"boss_relics":[{"not_picked":["Cursed Key","Snecko Eye","Busted Crown"]}],"items_purged_floors":[10],"is_endless":false,"potions_floor_spawned":[1,6,11,14,19],"killed_by":"Snecko","ascension_level":0}}