{"host":"0cgp910o8339lr91","time":1609283375,"event":{"mods":["BaseMod","Colored Map","Filter the Spire","Minty Spire (QoL Compilation)","Relic Stats","Slay-I","ojb\u0027s Better Paths Mod","ojb\u0027s Info Mod"],"gold_per_floor":[119,138,213,227,197,232,232,242,242,260,271,299,310,329,329,424,424,434,97,196,196,211,244,244,275,275,295,306,319,363,382,382,488,488,501,518,536,293,343,383,402,430,508,536,536,184,184,213,213,213,213,213,77,103,103],"floor_reached":56,"playtime":6011,"items_purged":["Weave","Conclude","MentalFortress"],"score":2387,"play_id":"08a0d017-99d8-4837-8560-098f54d5ece8","local_time":"20201230000935","is_ascension_mode":true,"campfire_choices":[{"data":"PathToVictory","floor":7.0,"key":"SMITH"},{"data":"PathToVictory","floor":15.0,"key":"SMITH"},{"data":"Omniscience","floor":24.0,"key":"SMITH"},{"data":"Study","floor":32.0,"key":"SMITH"},{"data":"LikeWater","floor":45,"key":"SMITH"},{"floor":47,"key":"RECALL"},{"data":"SpiritShield","floor":49,"key":"SMITH"},{"data":"Finesse","floor":52,"key":"SMITH"}],"circlet_count":0,"master_deck":["AscendersBane","Vigilance","SpiritShield+1","LikeWater+1","PathToVictory+1","Study+1","PathToVictory+1","Protect","Omniscience+1","Omniscience+1","PathToVictory","Omniscience","Finesse","Sadistic Nature","Sanctity+1","Finesse+1","Finesse+1"],"relics":["Pandora\u0027s Box","Bottled Lightning","Singing Bowl","Mercury Hourglass","Empty Cage","HornCleat","TungstenRod","Gremlin Horn","CeramicFish","Philosopher\u0027s Stone","Medical Kit","Ginger","Bronze Scales","Shuriken","Eternal Feather","Pen Nib","Anchor","MealTicket","DollysMirror","Bird Faced Urn"],"acts_visited":["Exordium","TheCity","TheBeyond","TheEnding"],"potions_floor_usage":[39,39,55],"damage_taken":[{"damage":0.0,"enemies":"2 Louse","floor":1.0,"turns":2.0},{"damage":0.0,"enemies":"Jaw Worm","floor":2.0,"turns":4.0},{"damage":0.0,"enemies":"Cultist","floor":4.0,"turns":3.0},{"damage":10.0,"enemies":"3 Sentries","floor":6.0,"turns":8.0},{"damage":0.0,"enemies":"Blue Slaver","floor":8.0,"turns":3.0},{"damage":0.0,"enemies":"2 Fungi Beasts","floor":10.0,"turns":4.0},{"damage":0.0,"enemies":"Gremlin Gang","floor":11.0,"turns":3.0},{"damage":3.0,"enemies":"Gremlin Nob","floor":12.0,"turns":4.0},{"damage":9.0,"enemies":"Blue Slaver","floor":13.0,"turns":2.0},{"damage":4.0,"enemies":"Large Slime","floor":14.0,"turns":5.0},{"damage":15.0,"enemies":"Hexaghost","floor":16.0,"turns":7.0},{"damage":8.0,"enemies":"3 Byrds","floor":18.0,"turns":4.0},{"damage":0.0,"enemies":"2 Thieves","floor":22.0,"turns":3.0},{"damage":9.0,"enemies":"Book of Stabbing","floor":23.0,"turns":3.0},{"damage":16.0,"enemies":"Gremlin Leader","floor":25.0,"turns":4.0},{"damage":0.0,"enemies":"Snake Plant","floor":27.0,"turns":3.0},{"damage":5.0,"enemies":"Sentry and Sphere","floor":28.0,"turns":7.0},{"damage":0.0,"enemies":"Snecko","floor":29.0,"turns":4.0},{"damage":18.0,"enemies":"Book of Stabbing","floor":30.0,"turns":6.0},{"damage":0.0,"enemies":"Cultist and Chosen","floor":31.0,"turns":3.0},{"damage":0.0,"enemies":"Champ","floor":33.0,"turns":5.0},{"damage":0,"enemies":"Orb Walker","floor":35,"turns":3},{"damage":7,"enemies":"3 Shapes","floor":36,"turns":5},{"damage":7,"enemies":"2 Orb Walkers","floor":39,"turns":5},{"damage":0,"enemies":"Nemesis","floor":40,"turns":3},{"damage":0,"enemies":"Writhing Mass","floor":41,"turns":3},{"damage":0,"enemies":"Giant Head","floor":42,"turns":4},{"damage":0,"enemies":"Nemesis","floor":44,"turns":5},{"damage":0,"enemies":"Giant Head","floor":48,"turns":4},{"damage":0,"enemies":"Awakened One","floor":50,"turns":6},{"damage":0,"enemies":"Shield and Spear","floor":54,"turns":4},{"damage":37,"enemies":"The Heart","floor":55,"turns":7}],"seed_played":"2197589673090626084","potions_obtained":[{"floor":4.0,"key":"FearPotion"},{"floor":5.0,"key":"DuplicationPotion"},{"floor":8.0,"key":"Swift Potion"},{"floor":10.0,"key":"Explosive Potion"},{"floor":13.0,"key":"DistilledChaos"},{"floor":16.0,"key":"PowerPotion"},{"floor":25.0,"key":"Block Potion"},{"floor":28.0,"key":"PowerPotion"},{"floor":30.0,"key":"ColorlessPotion"},{"floor":33.0,"key":"Block Potion"},{"floor":36,"key":"BlessingOfTheForge"},{"floor":40,"key":"BottledMiracle"},{"floor":44,"key":"CultistPotion"},{"floor":48,"key":"Weak Potion"}],"is_trial":false,"path_per_floor":["M","M","?","M","?","E","R","M","T","M","M","E","M","M","R","B",null,"M","$","?","?","M","E","R","E","T","M","M","M","E","M","R","B",null,"M","M","?","$","?","E","M","E","T","E","R","$","R","E","R","B",null,"R","$","E","B",null],"character_chosen":"WATCHER","items_purchased":["HornCleat","Medical Kit","Anchor","Finesse","DollysMirror"],"campfire_rested":0,"item_purchase_floors":[19,38,46,46,53],"current_hp_per_floor":[65,65,54,54,54,44,44,44,44,46,48,45,38,36,36,21,65,59,59,59,59,61,54,54,40,40,42,39,41,23,25,25,25,78,80,75,68,68,63,63,65,67,67,69,78,78,87,89,98,98,109,112,112,114,77],"gold":103,"neow_bonus":"BOSS_RELIC","is_daily":false,"chose_seed":false,"campfire_upgraded":7,"win_rate":0.0,"timestamp":1609283375,"path_taken":["M","M","?","M","?","E","R","M","T","M","?","E","M","M","R","BOSS","M","$","?","?","M","E","R","E","T","?","M","M","E","M","R","BOSS","M","M","?","$","?","E","M","E","T","E","R","$","R","E","R","BOSS","R","$","E","BOSS"],"items_purchased_type":["Relic","Relic","Relic","Card","Relic"],"build_version":"2020-12-22","purchased_purges":3,"victory":true,"max_hp_per_floor":[72,72,72,72,72,72,72,72,72,74,76,76,78,80,80,80,80,82,82,82,82,84,86,86,88,88,90,92,94,94,96,96,96,96,98,100,102,102,104,104,106,108,108,110,110,110,110,112,112,112,112,112,112,114,114],"relic_stats":{"Singing Bowl":42,"Gremlin Horn":[9,9],"counters":[32,136],"CeramicFish":63,"Eternal Feather":30,"Pen Nib":[0],"Ginger":[7],"Medical Kit":[15],"Mercury Hourglass":[395],"Shuriken":[0],"Bronze Scales":[148],"Bird Faced Urn":[0],"Pandora\u0027s Box":["Conclude","SpiritShield","Weave","LikeWater","MentalFortress","PathToVictory","SashWhip","Study"],"MealTicket":0,"obtain_stats":[{"Singing Bowl":9,"Gremlin Horn":25,"CeramicFish":30,"Eternal Feather":43,"Pen Nib":44,"Ginger":39,"Empty Cage":17,"Medical Kit":38,"Mercury Hourglass":12,"Anchor":46,"HornCleat":19,"Shuriken":42,"DollysMirror":53,"Bronze Scales":40,"Bird Faced Urn":54,"Pandora\u0027s Box":0,"Philosopher\u0027s Stone":34,"MealTicket":48,"Bottled Lightning":6,"PureWater":0,"TungstenRod":23},{"Singing Bowl":5,"Gremlin Horn":15,"CeramicFish":19,"Eternal Feather":27,"Pen Nib":28,"Ginger":24,"Empty Cage":11,"Medical Kit":23,"Mercury Hourglass":8,"Anchor":28,"HornCleat":12,"Shuriken":27,"DollysMirror":30,"Bronze Scales":25,"Bird Faced Urn":31,"Pandora\u0027s Box":0,"Philosopher\u0027s Stone":21,"MealTicket":29,"Bottled Lightning":4,"PureWater":0,"TungstenRod":14},{"Singing Bowl":20,"Gremlin Horn":59,"CeramicFish":79,"Eternal Feather":110,"Pen Nib":115,"Ginger":100,"Empty Cage":45,"Medical Kit":95,"Mercury Hourglass":31,"Anchor":115,"HornCleat":49,"Shuriken":110,"DollysMirror":125,"Bronze Scales":103,"Bird Faced Urn":129,"Pandora\u0027s Box":0,"Philosopher\u0027s Stone":87,"MealTicket":119,"Bottled Lightning":17,"PureWater":0,"TungstenRod":55}],"TungstenRod":20},"card_choices":[{"not_picked":["ClearTheMind","Tantrum","Nirvana"],"picked":"SKIP","floor":1.0},{"not_picked":["Fasting2","CrushJoints","Study"],"picked":"SKIP","floor":2.0},{"not_picked":["ReachHeaven","Tantrum"],"picked":"PathToVictory","floor":4.0},{"not_picked":["ReachHeaven","Study","ForeignInfluence"],"picked":"SKIP","floor":6.0},{"not_picked":["JustLucky","BowlingBash"],"picked":"Protect","floor":8.0},{"not_picked":["ForeignInfluence","Evaluate","Weave"],"picked":"Singing Bowl","floor":10.0},{"not_picked":["Brilliance","Wireheading","ClearTheMind"],"picked":"Singing Bowl","floor":11.0},{"not_picked":["SpiritShield","Protect"],"picked":"Omniscience","floor":12.0},{"not_picked":["FollowUp","Crescendo","EmptyBody"],"picked":"Singing Bowl","floor":13.0},{"not_picked":["CrushJoints","FlyingSleeves","Collect"],"picked":"Singing Bowl","floor":14.0},{"not_picked":["Vault","LessonLearned"],"picked":"Omniscience","floor":16.0},{"not_picked":["Protect","EmptyBody","FollowUp"],"picked":"Singing Bowl","floor":18.0},{"not_picked":["Vengeance","EmptyMind","JustLucky"],"picked":"Singing Bowl","floor":22.0},{"not_picked":["Collect","Ragnarok","ReachHeaven"],"picked":"Singing Bowl","floor":23.0},{"not_picked":["FlurryOfBlows","Vengeance","Nirvana"],"picked":"Singing Bowl","floor":25.0},{"not_picked":["JustLucky","EmptyBody+1","Evaluate"],"picked":"Singing Bowl","floor":27.0},{"not_picked":["Worship","Evaluate","CutThroughFate"],"picked":"Singing Bowl","floor":28.0},{"not_picked":["SandsOfTime","Crescendo","JustLucky"],"picked":"Singing Bowl","floor":29.0},{"not_picked":["WindmillStrike","Nirvana"],"picked":"PathToVictory","floor":30.0},{"not_picked":["ThirdEye","ConjureBlade","Consecrate"],"picked":"Singing Bowl","floor":31.0},{"not_picked":["Judgement","Vault"],"picked":"Omniscience","floor":33.0},{"not_picked":["CutThroughFate","FollowUp","EmptyBody+1"],"picked":"Singing Bowl","floor":35},{"not_picked":["Wireheading+1","Tantrum+1","Consecrate+1"],"picked":"Singing Bowl","floor":36},{"not_picked":["Thinking Ahead","The Bomb"],"picked":"Finesse","floor":37},{"not_picked":["Purity","Master of Strategy"],"picked":"Sadistic Nature","floor":37},{"not_picked":["Thinking Ahead","Forethought","Metamorphosis"],"picked":"Singing Bowl","floor":37},{"not_picked":["JustLucky+1","Swivel","EmptyFist+1"],"picked":"Singing Bowl","floor":39},{"not_picked":["MentalFortress","Adaptation"],"picked":"Sanctity+1","floor":40},{"not_picked":["Adaptation+1","SashWhip","FollowUp"],"picked":"Singing Bowl","floor":41},{"not_picked":["Adaptation","CrushJoints+1","Evaluate"],"picked":"Singing Bowl","floor":42},{"not_picked":["EmptyBody","Prostrate","CrushJoints"],"picked":"Singing Bowl","floor":44},{"not_picked":["Prostrate+1","FlyingSleeves+1","WaveOfTheHand"],"picked":"Singing Bowl","floor":48},{"not_picked":["WaveOfTheHand","Halt","MentalFortress"],"picked":"Singing Bowl","floor":54}],"player_experience":1179048,"relics_obtained":[{"floor":6.0,"key":"Bottled Lightning"},{"floor":9.0,"key":"Singing Bowl"},{"floor":12.0,"key":"Mercury Hourglass"},{"floor":23.0,"key":"TungstenRod"},{"floor":25.0,"key":"Gremlin Horn"},{"floor":30.0,"key":"CeramicFish"},{"floor":39,"key":"Ginger"},{"floor":40,"key":"Bronze Scales"},{"floor":42,"key":"Shuriken"},{"floor":43,"key":"Eternal Feather"},{"floor":44,"key":"Pen Nib"},{"floor":48,"key":"MealTicket"},{"floor":54,"key":"Bird Faced Urn"}],"event_choices":[{"damage_healed":0.0,"max_hp_gain":0.0,"max_hp_loss":0.0,"gold_gain":75.0,"event_name":"World of Goop","player_choice":"Gather Gold","floor":3.0,"gold_loss":0.0,"damage_taken":11.0},{"damage_healed":0.0,"max_hp_gain":0.0,"max_hp_loss":0.0,"gold_gain":0.0,"event_name":"The Woman in Blue","player_choice":"Bought 2 Potions","floor":5.0,"gold_loss":0.0,"damage_taken":0.0},{"damage_healed":0.0,"max_hp_gain":0.0,"max_hp_loss":0.0,"gold_gain":99.0,"event_name":"Nest","player_choice":"Stole From Cult","floor":20.0,"gold_loss":0.0,"damage_taken":0.0},{"damage_healed":0.0,"max_hp_gain":0.0,"max_hp_loss":0.0,"gold_gain":0.0,"event_name":"Upgrade Shrine","player_choice":"Upgraded","floor":21.0,"gold_loss":0.0,"damage_taken":0.0,"cards_upgraded":["Omniscience"]},{"damage_healed":0,"gold_gain":0,"player_choice":"Memory 3","damage_taken":10,"max_hp_gain":0,"max_hp_loss":0,"event_name":"SensoryStone","floor":37,"gold_loss":0},{"damage_healed":0,"gold_gain":0,"player_choice":"Fight","damage_taken":0,"max_hp_gain":0,"max_hp_loss":0,"event_name":"Mysterious Sphere","floor":39,"gold_loss":0}],"is_beta":false,"boss_relics":[{"not_picked":["Calling Bell","Tiny House"],"picked":"Empty Cage"},{"not_picked":["SlaversCollar","Runic Pyramid"],"picked":"Philosopher\u0027s Stone"}],"items_purged_floors":[19,38,46],"is_endless":false,"potions_floor_spawned":[4,8,10,13,16,25,28,29,30,33,36,40,44,48],"ascension_level":12}}