{"host":"dvpvhz1t6etneyb3","time":1609266374,"event":{"mods":["AchievementEnabler","BaseMod","Colored Map","Highlight Path","Minty Spire (QoL Compilation)","Permanent Neow","Quick Restart"],"gold_per_floor":[114,84,99,115,130,164,182,182,258,287,287,297,316,336,336,410,410,423,33,36,36,47,47,79,79,79,112,12,12,31,42,42,119,119,137,137,137,151,45,45,45],"floor_reached":40,"playtime":2147,"items_purged":["Strike_R","Strike_R"],"score":836,"play_id":"cd34ca83-15e1-4c4e-9328-40d8a240b7a6","local_time":"20201229132614","is_ascension_mode":true,"campfire_choices":[{"data":"Bash","floor":8.0,"key":"SMITH"},{"data":"True Grit","floor":11.0,"key":"SMITH"},{"data":"Feel No Pain","floor":15.0,"key":"SMITH"},{"floor":23.0,"key":"REST"},{"floor":25.0,"key":"REST"},{"floor":29,"key":"REST"},{"floor":32,"key":"REST"}],"circlet_count":0,"master_deck":["AscendersBane","Strike_R","Strike_R","Defend_R","Defend_R","Defend_R","Defend_R","Bash+1","Pommel Strike","Clothesline","Metallicize","True Grit+1","Feel No Pain+1","Thunderclap","Inflame","Demon Form","Feel No Pain","Burning Pact","Burning Pact","True Grit+1","Impervious","Madness","Madness","Disarm"],"relics":["Burning Blood","Champion Belt","Lantern","StrikeDummy","Bird Faced Urn","Odd Mushroom","Philosopher\u0027s Stone","HandDrill","Nunchaku","Art of War","Red Mask","Velvet Choker"],"acts_visited":["Exordium","TheCity","TheBeyond"],"potions_floor_usage":[27,33,33,40,40,40,40],"damage_taken":[{"damage":7.0,"enemies":"Small Slimes","floor":1.0,"turns":4.0},{"damage":4.0,"enemies":"Cultist","floor":3.0,"turns":4.0},{"damage":3.0,"enemies":"2 Louse","floor":4.0,"turns":3.0},{"damage":6.0,"enemies":"Looter","floor":5.0,"turns":3.0},{"damage":21.0,"enemies":"Gremlin Nob","floor":6.0,"turns":5.0},{"damage":6.0,"enemies":"Red Slaver","floor":7.0,"turns":4.0},{"damage":17.0,"enemies":"Lagavulin","floor":10.0,"turns":6.0},{"damage":7.0,"enemies":"Exordium Wildlife","floor":12.0,"turns":5.0},{"damage":8.0,"enemies":"Looter","floor":13.0,"turns":4.0},{"damage":0.0,"enemies":"The Mushroom Lair","floor":14.0,"turns":3.0},{"damage":18.0,"enemies":"The Guardian","floor":16.0,"turns":16.0},{"damage":54.0,"enemies":"Spheric Guardian","floor":18.0,"turns":6.0},{"damage":13.0,"enemies":"2 Thieves","floor":20.0,"turns":4.0},{"damage":18.0,"enemies":"Centurion and Healer","floor":22.0,"turns":7.0},{"damage":62.0,"enemies":"Slavers","floor":24.0,"turns":10.0},{"damage":34,"enemies":"Masked Bandits","floor":27,"turns":5},{"damage":15,"enemies":"Snecko","floor":30,"turns":5},{"damage":9,"enemies":"Snake Plant","floor":31,"turns":4},{"damage":78,"enemies":"Automaton","floor":33,"turns":9},{"damage":25,"enemies":"3 Shapes","floor":35,"turns":12},{"damage":22,"enemies":"Orb Walker","floor":38,"turns":6},{"damage":55,"enemies":"Reptomancer","floor":40,"turns":3}],"seed_played":"-7040586491647999943","potions_obtained":[{"floor":1.0,"key":"HeartOfIron"},{"floor":2.0,"key":"Regen Potion"},{"floor":10.0,"key":"Dexterity Potion"},{"floor":16.0,"key":"BloodPotion"},{"floor":24.0,"key":"BlessingOfTheForge"},{"floor":30,"key":"SkillPotion"},{"floor":31,"key":"BlessingOfTheForge"},{"floor":38,"key":"SteroidPotion"}],"is_trial":false,"path_per_floor":["M","?","M","M","M","E","M","R","T","E","R","M","M","?","R","B",null,"M","$","M","?","M","R","E","R","T","?","$","R","M","M","R","B",null,"M","?","?","M","$","E"],"character_chosen":"IRONCLAD","items_purchased":["HandDrill","Burning Pact","SteroidPotion","EntropicBrew"],"campfire_rested":4,"item_purchase_floors":[19,19,19,39],"current_hp_per_floor":[49,49,51,54,54,39,39,39,39,28,28,29,29,37,37,31,64,36,36,37,37,35,57,9,31,31,11,11,33,32,37,59,12,59,50,36,36,30,30,0,0],"gold":45,"neow_bonus":"ONE_RARE_RELIC","is_daily":false,"chose_seed":false,"campfire_upgraded":3,"win_rate":0.0,"timestamp":1609266374,"path_taken":["M","?","M","?","M","E","M","R","T","E","R","?","M","?","R","BOSS","M","$","M","?","?","R","E","R","T","?","?","R","M","M","R","BOSS","M","?","?","M","$","E"],"items_purchased_type":["Relic","Card","Potion","Potion"],"build_version":"2020-12-22","purchased_purges":2,"victory":false,"max_hp_per_floor":[75,75,75,75,75,75,75,75,75,75,75,75,75,75,75,75,75,75,75,75,75,75,75,75,75,75,75,75,75,75,75,75,75,75,75,75,75,75,75,75,75],"card_choices":[{"not_picked":["Spot Weakness","Rage"],"picked":"Pommel Strike","floor":1.0},{"not_picked":["Armaments","Flex"],"picked":"Clothesline","floor":3.0},{"not_picked":["Dropkick","Pommel Strike","Flex"],"picked":"SKIP","floor":4.0},{"not_picked":["Sever Soul","Juggernaut"],"picked":"Metallicize","floor":5.0},{"not_picked":["Sentinel","Juggernaut"],"picked":"True Grit","floor":6.0},{"not_picked":["Armaments","Headbutt","Clothesline"],"picked":"SKIP","floor":7.0},{"not_picked":["Rupture","Headbutt","Warcry"],"picked":"SKIP","floor":10.0},{"not_picked":["Sword Boomerang","Rupture"],"picked":"Feel No Pain","floor":12.0},{"not_picked":["Perfected Strike","Sentinel"],"picked":"Thunderclap","floor":13.0},{"not_picked":["Clash","Evolve"],"picked":"Inflame","floor":14.0},{"not_picked":["Double Tap","Berserk"],"picked":"Demon Form","floor":16.0},{"not_picked":["Cleave","Pommel Strike"],"picked":"Feel No Pain","floor":18.0},{"not_picked":["Cleave","Havoc"],"picked":"Burning Pact","floor":20.0},{"not_picked":["Ghostly Armor","Uppercut"],"picked":"True Grit+1","floor":22.0},{"not_picked":["Body Slam","Clash","Entrench"],"picked":"SKIP","floor":24.0},{"not_picked":["Havoc","Wild Strike","Armaments"],"picked":"SKIP","floor":30},{"not_picked":["Cleave","Clash","Dropkick"],"picked":"SKIP","floor":31},{"not_picked":["Brutality","Berserk"],"picked":"Impervious","floor":33},{"not_picked":["True Grit","Rupture","Armaments"],"picked":"SKIP","floor":35},{"not_picked":["Anger+1","Pummel"],"picked":"Disarm","floor":38}],"player_experience":2012540,"relics_obtained":[{"floor":6.0,"key":"Lantern"},{"floor":9.0,"key":"StrikeDummy"},{"floor":10.0,"key":"Bird Faced Urn"},{"floor":14.0,"key":"Odd Mushroom"},{"floor":24.0,"key":"Nunchaku"},{"floor":26.0,"key":"Art of War"},{"floor":27,"key":"Red Mask"}],"event_choices":[{"damage_healed":0.0,"max_hp_gain":0.0,"max_hp_loss":0.0,"gold_gain":0.0,"event_name":"The Woman in Blue","player_choice":"Bought 2 Potions","floor":2.0,"gold_loss":0.0,"damage_taken":0.0},{"damage_healed":0.0,"max_hp_gain":0.0,"max_hp_loss":0.0,"gold_gain":0.0,"event_name":"Mushrooms","player_choice":"Fought Mushrooms","floor":14.0,"gold_loss":0.0,"damage_taken":0.0},{"damage_healed":0.0,"max_hp_gain":0.0,"max_hp_loss":0.0,"gold_gain":0.0,"event_name":"N\u0027loth","player_choice":"Ignored","floor":21.0,"gold_loss":0.0,"damage_taken":0.0},{"damage_healed":0,"gold_gain":0,"player_choice":"Fought Bandits","damage_taken":0,"max_hp_gain":0,"max_hp_loss":0,"event_name":"Masked Bandits","floor":27,"gold_loss":0},{"damage_healed":0,"gold_gain":0,"player_choice":"Embrace Madness","damage_taken":14,"max_hp_gain":0,"max_hp_loss":0,"event_name":"Winding Halls","floor":36,"gold_loss":0,"cards_obtained":["Madness","Madness"]},{"cards_removed":["Strike_R"],"damage_healed":0,"gold_gain":0,"player_choice":"Removed Attack","damage_taken":0,"max_hp_gain":0,"max_hp_loss":0,"event_name":"Falling","floor":37,"gold_loss":0}],"is_beta":false,"boss_relics":[{"not_picked":["Pandora\u0027s Box","SlaversCollar"],"picked":"Philosopher\u0027s Stone"},{"not_picked":["Runic Dome","Fusion Hammer"],"picked":"Velvet Choker"}],"items_purged_floors":[19,28],"is_endless":false,"potions_floor_spawned":[1,4,10,13,14,16,22,24,30,31,38],"killed_by":"Reptomancer","ascension_level":20}}