{"host":"8vqjvqze17j4iyaj","time":1609201816,"event":{"mods":["Act Like it!","BaseMod","Chen","Colored Powertips","Duelist Mod","Elementarium","Gensokyo","GifTheSpireLib","Infinite Spire","Jorbs\u0027s Wanderer Trilogy","Koishi","Marisa????????","Minty Spire (QoL Compilation)","Rare Cards Sparkle","Reimu??????","Remilia??????","Replay The Spire","StSLib","The Animator","The Cursed","The Forsaken","The Servant 0.9.4","Wandering Minibosses"],"gold_per_floor":[116,116,148,167,180,205,205,237,292,292,303,303,205,130,130,228,228,245,197,197,56,56,56,296,296],"floor_reached":24,"playtime":2311,"items_purged":["animator:Strike"],"score":239,"play_id":"cd275c1d-ac89-47c8-a0b7-15cd91e0a8b1","local_time":"20201228173016","is_ascension_mode":true,"campfire_choices":[{"floor":7,"key":"REST"},{"data":"animator:EmiyaShirou","floor":15,"key":"SMITH"},{"floor":23,"key":"REST"}],"circlet_count":0,"master_deck":["animator:Strike_OnePunchMan","animator:Defend_OnePunchMan","animator:Strike","animator:Strike","animator:Defend","animator:Defend","animator:Defend","animator:MumenRider","animator:SakuraMatou","animator:EmiyaShirou+1","animator:RinTohsaka","animator:Caster","animator:Illya","animator:Lancer","animator:Ainz","Gensokyo:BlemishedSteel"],"relics":["animator:LivingPicture","animator:TheMissingPiece","animator:PurgingStone","Pondfish Scales","Omamori","Replay:Wax Seal","Happy Flower","Gensokyo:Mercy","Replay:Bronze Core","Frozen Eye"],"acts_visited":["Gensokyo:Gensokyo","Gensokyo:Gensokyoer"],"potions_floor_usage":[16,24,24,24],"damage_taken":[{"damage":3,"enemies":"Gensokyo:2_Kodama","floor":1,"turns":3},{"damage":4,"enemies":"Gensokyo:3_Fairies","floor":4,"turns":3},{"damage":0,"enemies":"Gensokyo:Python","floor":5,"turns":3},{"damage":41,"enemies":"Gensokyo:Cirno","floor":6,"turns":9},{"damage":0,"enemies":"Gensokyo:Mamizou","floor":8,"turns":8},{"damage":4,"enemies":"Gensokyo:VengefulSpirit","floor":11,"turns":5},{"damage":20,"enemies":"Gensokyo:Kokoro","floor":16,"turns":9},{"damage":5,"enemies":"Gensokyo:CosmicMonolith","floor":18,"turns":4},{"damage":12,"enemies":"Gensokyo:2_Gloops","floor":19,"turns":7},{"damage":26,"enemies":"Gensokyo:Slime_Group","floor":22,"turns":10},{"damage":58,"enemies":"Gensokyo:Koishi","floor":24,"turns":8}],"seed_played":"967173957615081440","potions_obtained":[{"floor":6,"key":"SpeedPotion"},{"floor":8,"key":"AttackPotion"},{"floor":11,"key":"SkillPotion"},{"floor":19,"key":"DuplicationPotion"}],"is_trial":false,"path_per_floor":["M","?","?","M","M","E","R","E","T","?","M","?","?","$","R","B",null,"M","M","?","COS","M","R","E"],"character_chosen":"THE_ANIMATOR","items_purchased":[],"campfire_rested":2,"item_purchase_floors":[],"current_hp_per_floor":[69,69,51,47,47,6,27,27,27,27,23,23,72,72,72,52,72,67,55,55,55,29,50,0,0],"gold":296,"neow_bonus":"TEN_PERCENT_HP_BONUS","is_daily":false,"chose_seed":false,"campfire_upgraded":1,"win_rate":0.0,"timestamp":1609201816,"path_taken":["M","?","?","?","M","E","R","E","T","?","M","?","?","$","R","BOSS","M","M","?","COS","M","R","E"],"items_purchased_type":[],"build_version":"2020-12-22","purchased_purges":1,"victory":false,"max_hp_per_floor":[72,72,72,72,72,72,72,72,72,72,72,72,72,72,72,72,72,72,72,72,72,72,72,72,72],"card_choices":[{"not_picked":["animator:Rider","animator:Entoma"],"picked":"animator:SakuraMatou","floor":1},{"not_picked":["animator:Benimaru","animator:Illya"],"picked":"animator:EmiyaShirou","floor":4},{"not_picked":["animator:Souei","animator:Vesta"],"picked":"animator:RinTohsaka","floor":5},{"not_picked":["animator:Illya","animator:Alexander"],"picked":"animator:Caster","floor":6},{"not_picked":["animator:ElricEdward","animator:Archer"],"picked":"animator:Illya","floor":8},{"not_picked":["animator:MumenRider","animator:Megumin"],"picked":"animator:Lancer","floor":11},{"not_picked":["animator:Shizu","animator:Eris"],"picked":"animator:Ainz","floor":16},{"not_picked":["animator:Assassin","animator:Sloth","animator:Rena"],"picked":"SKIP","floor":18},{"not_picked":["animator:SakuraMatou","animator:Shuna","animator:Sebas"],"picked":"SKIP","floor":22}],"player_experience":275795,"relics_obtained":[{"floor":3,"key":"Pondfish Scales"},{"floor":6,"key":"Omamori"},{"floor":8,"key":"Replay:Wax Seal"},{"floor":9,"key":"Happy Flower"}],"event_choices":[],"is_beta":false,"boss_relics":[{"not_picked":["Kintsugi","Coffee Dripper"],"picked":"Replay:Bronze Core"}],"items_purged_floors":[14],"is_endless":false,"potions_floor_spawned":[6,8,11,19],"killed_by":"Gensokyo:Koishi","ascension_level":1}}