{"host":"s0rknoztts25kghu","time":1609270776,"event":{"mods":["BaseMod","Colored Powertips","DeckTracker","Highlight Path","Minty Spire (QoL Compilation)"],"gold_per_floor":[144,189,234,234,409,454,499,98,98,143,233,233,233,323,323,623,623,668,668,668,713,758,848,248,248,248,548,548,548,16,16,16,336,336,381,341,386,431,476,566,566,566,566,611,656,656,182,227,227,227],"floor_reached":51,"playtime":151831,"items_purged":["Doubt","True Grit"],"score":882,"play_id":"9d590ee3-596d-4389-b020-267de809514b","local_time":"20201229203936","daily_mods":["SealedDeck","Time Dilation","Midas"],"is_ascension_mode":false,"campfire_choices":[{"floor":12.0,"key":"REST"},{"floor":15.0,"key":"REST"},{"floor":25.0,"key":"REST"},{"floor":28.0,"key":"REST"},{"floor":32.0,"key":"REST"},{"floor":41,"key":"REST"},{"floor":49,"key":"REST"}],"circlet_count":0,"master_deck":["Iron Wave","Burning Pact","Iron Wave","Shrug It Off","Headbutt","Warcry","Anger","Anger","Headbutt","Shockwave","Rage+1","Anger","Flex","Spot Weakness","Armaments","Offering+1","Thunderclap","Rage+1","Flex+1","Metallicize+1","Ghostly+1","Ghostly","Ghostly","Ghostly","Ghostly","Violence+1","Shrug It Off","Reaper+1","Bloodletting+1","Thunderclap+1","Heavy Blade+1","Juggernaut","Infernal Blade+1","Dropkick+1","Apotheosis"],"relics":["Black Blood","PreservedInsect","Strawberry","Blood Vial","Anchor","Question Card","SlaversCollar","Mummified Hand","Bag of Preparation","Bag of Marbles","Molten Egg 2","Lizard Tail","Paper Frog","Lantern","Toolbox","Nloth\u0027s Gift","Potion Belt","Bottled Lightning","InkBottle","War Paint","Lee\u0027s Waffle"],"acts_visited":["TheBeyond"],"potions_floor_usage":[50],"damage_taken":[{"damage":0.0,"enemies":"Cultist","floor":1.0,"turns":2.0},{"damage":0.0,"enemies":"2 Louse","floor":2.0,"turns":1.0},{"damage":0.0,"enemies":"Small Slimes","floor":3.0,"turns":2.0},{"damage":0.0,"enemies":"2 Fungi Beasts","floor":6.0,"turns":3.0},{"damage":11.0,"enemies":"Exordium Thugs","floor":7.0,"turns":4.0},{"damage":5.0,"enemies":"Blue Slaver","floor":10.0,"turns":2.0},{"damage":9.0,"enemies":"Lagavulin","floor":11.0,"turns":4.0},{"damage":1.0,"enemies":"3 Sentries","floor":14.0,"turns":4.0},{"damage":39.0,"enemies":"The Guardian","floor":16.0,"turns":8.0},{"damage":6.0,"enemies":"Chosen","floor":18.0,"turns":2.0},{"damage":3.0,"enemies":"Shell Parasite","floor":21.0,"turns":3.0},{"damage":8.0,"enemies":"Shelled Parasite and Fungi","floor":22.0,"turns":2.0},{"damage":9.0,"enemies":"Slavers","floor":23.0,"turns":4.0},{"damage":12.0,"enemies":"Colosseum Slavers","floor":27.0,"turns":3.0},{"damage":0.0,"enemies":"Colosseum Nobs","floor":27.0,"turns":1.0},{"damage":10,"enemies":"Collector","floor":33,"turns":6},{"damage":1,"enemies":"3 Shapes","floor":35,"turns":3},{"damage":6,"enemies":"3 Darklings","floor":37,"turns":4},{"damage":2,"enemies":"Spire Growth","floor":38,"turns":4},{"damage":0,"enemies":"Jaw Worm Horde","floor":39,"turns":2},{"damage":2,"enemies":"Giant Head","floor":40,"turns":3},{"damage":1,"enemies":"3 Darklings","floor":44,"turns":1},{"damage":8,"enemies":"Sphere and 2 Shapes","floor":45,"turns":6},{"damage":2,"enemies":"4 Shapes","floor":48,"turns":1},{"damage":1,"enemies":"Time Eater","floor":50,"turns":5}],"seed_played":"-514078801240393468","potions_obtained":[{"floor":1.0,"key":"SpeedPotion"},{"floor":6.0,"key":"Regen Potion"},{"floor":7.0,"key":"Energy Potion"},{"floor":10.0,"key":"Block Potion"},{"floor":35,"key":"DuplicationPotion"},{"floor":40,"key":"Weak Potion"},{"floor":45,"key":"SpeedPotion"}],"is_trial":false,"path_per_floor":["M","M","M","?","?","M","M","$","T","M","E","R","?","E","R","B",null,"M","?","?","M","M","E","$","R","T","?","R","?","$","?","R","B",null,"M","?","M","M","M","E","R","T","T","M","M","?","$","M","R","B",null],"character_chosen":"IRONCLAD","items_purchased":["PreservedInsect","Flex","Strawberry","Bag of Preparation","Bag of Marbles","Strange Spoon","BloodPotion","Lantern","Violence","Shrug It Off","Toolbox","Apotheosis","War Paint","Lee\u0027s Waffle"],"campfire_rested":7,"item_purchase_floors":[8,8,8,24,24,24,24,30,30,30,30,47,47,47],"current_hp_per_floor":[80,80,80,80,80,80,75,82,82,85,84,87,87,87,87,54,87,87,87,87,87,85,84,84,87,87,87,87,43,43,43,43,39,43,43,43,43,43,43,43,43,43,43,43,43,43,50,50,50,50],"gold":227,"neow_bonus":"","is_daily":true,"chose_seed":false,"campfire_upgraded":0,"win_rate":0.0,"timestamp":1609270776,"path_taken":["M","M","?","?","?","M","M","$","T","M","E","R","?","E","R","BOSS","M","?","?","M","?","E","$","R","T","?","R","?","$","?","R","BOSS","M","?","?","M","?","E","R","?","T","?","M","?","$","M","R","BOSS"],"items_purchased_type":["Relic","Card","Relic","Relic","Relic","Relic","Potion","Relic","Card","Card","Relic","Card","Relic","Relic"],"build_version":"2020-12-22","purchased_purges":2,"victory":true,"max_hp_per_floor":[80,80,80,80,80,80,80,87,87,87,87,87,87,87,87,87,87,87,87,87,87,87,87,87,87,87,87,87,43,43,43,43,43,43,43,43,43,43,43,43,43,43,43,43,43,43,50,50,50,50],"card_choices":[{"not_picked":["Shrug It Off","Pummel"],"picked":"Headbutt","floor":1.0},{"not_picked":["Armaments","Pommel Strike"],"picked":"Shockwave","floor":2.0},{"not_picked":["Flex","Reckless Charge"],"picked":"Rage","floor":3.0},{"not_picked":["Dual Wield","True Grit"],"picked":"Anger","floor":6.0},{"not_picked":["Fire Breathing","Perfected Strike","Barricade"],"picked":"SKIP","floor":7.0},{"not_picked":["Ghostly Armor","Anger"],"picked":"Spot Weakness","floor":10.0},{"not_picked":["Disarm","Twin Strike"],"picked":"Armaments","floor":11.0},{"not_picked":["Thunderclap","Iron Wave","Metallicize"],"picked":"SKIP","floor":14.0},{"not_picked":["Juggernaut","Fiend Fire","Corruption"],"picked":"Offering","floor":16.0},{"not_picked":["Thunderclap","Havoc","Flex","Wild Strike+1"],"picked":"SKIP","floor":18.0},{"not_picked":["Pummel","Sentinel","Twin Strike"],"picked":"Rage+1","floor":21.0},{"not_picked":["Headbutt","Shrug It Off+1","Cleave"],"picked":"Flex+1","floor":22.0},{"not_picked":["Rupture+1","Havoc","Seeing Red"],"picked":"Metallicize+1","floor":23.0},{"not_picked":["Exhume","Impervious","Corruption"],"picked":"Reaper+1","floor":33},{"not_picked":["Perfected Strike+1","Pummel+1","Sword Boomerang+1"],"picked":"Bloodletting+1","floor":35},{"not_picked":["Exhume","Clothesline+1","Sentinel+1"],"picked":"Thunderclap+1","floor":37},{"not_picked":["Havoc+1","Anger+1","Body Slam+1"],"picked":"Heavy Blade+1","floor":38},{"not_picked":["Flex","Shockwave+1","Metallicize+1"],"picked":"Juggernaut","floor":39},{"not_picked":["Pommel Strike+1","Twin Strike+1","Ghostly Armor"],"picked":"Infernal Blade+1","floor":40},{"not_picked":["Clothesline+1","Clash+1","Disarm"],"picked":"Dropkick+1","floor":44},{"not_picked":["Fiend Fire+1","Iron Wave+1","Second Wind","Heavy Blade+1"],"picked":"SKIP","floor":45},{"not_picked":["Twin Strike+1","Body Slam+1","Double Tap","True Grit"],"picked":"SKIP","floor":48}],"player_experience":163017,"relics_obtained":[{"floor":9.0,"key":"Blood Vial"},{"floor":11.0,"key":"Anchor"},{"floor":14.0,"key":"Question Card"},{"floor":23.0,"key":"Mummified Hand"},{"floor":26.0,"key":"Molten Egg 2"},{"floor":27.0,"key":"Lizard Tail"},{"floor":27.0,"key":"Paper Frog"},{"floor":40,"key":"Potion Belt"},{"floor":42,"key":"Bottled Lightning"},{"floor":43,"key":"InkBottle"}],"event_choices":[{"damage_healed":0.0,"max_hp_gain":0.0,"max_hp_loss":0.0,"gold_gain":0.0,"event_name":"Living Wall","player_choice":"Grow","floor":4.0,"gold_loss":0.0,"damage_taken":0.0,"cards_upgraded":["Rage"]},{"damage_healed":0.0,"max_hp_gain":0.0,"max_hp_loss":0.0,"gold_gain":175.0,"event_name":"Liars Game","player_choice":"AGREE","floor":5.0,"gold_loss":0.0,"damage_taken":0.0,"cards_obtained":["Doubt"]},{"damage_healed":0.0,"max_hp_gain":0.0,"max_hp_loss":0.0,"gold_gain":0.0,"event_name":"The Cleric","player_choice":"Leave","floor":13.0,"gold_loss":0.0,"damage_taken":0.0},{"cards_removed":["True Grit"],"damage_healed":0.0,"max_hp_gain":0.0,"max_hp_loss":0.0,"gold_gain":0.0,"event_name":"Back to Basics","player_choice":"Elegance","floor":19.0,"gold_loss":0.0,"damage_taken":0.0},{"damage_healed":0.0,"max_hp_gain":0.0,"max_hp_loss":0.0,"gold_gain":0.0,"event_name":"Match and Keep!","player_choice":"1 cards matched","floor":20.0,"gold_loss":0.0,"damage_taken":0.0,"cards_obtained":["Thunderclap"]},{"damage_healed":0.0,"max_hp_gain":0.0,"max_hp_loss":0.0,"gold_gain":0.0,"event_name":"Colosseum","player_choice":"Fight","floor":27.0,"gold_loss":0.0,"damage_taken":0.0},{"damage_healed":0.0,"max_hp_gain":0.0,"max_hp_loss":0.0,"gold_gain":0.0,"event_name":"Colosseum","player_choice":"Fought Nobs","floor":27.0,"gold_loss":0.0,"damage_taken":0.0},{"damage_healed":0.0,"max_hp_gain":0.0,"max_hp_loss":44.0,"gold_gain":0.0,"event_name":"Ghosts","player_choice":"Became a Ghost","floor":29.0,"gold_loss":0.0,"damage_taken":0.0,"cards_obtained":["Ghostly","Ghostly","Ghostly","Ghostly","Ghostly"]},{"damage_healed":0.0,"max_hp_gain":0.0,"max_hp_loss":0.0,"gold_gain":0.0,"event_name":"N\u0027loth","player_choice":"Traded Relic","floor":31.0,"relics_lost":["Strange Spoon"],"gold_loss":0.0,"damage_taken":0.0,"relics_obtained":["Nloth\u0027s Gift"]},{"damage_healed":0,"gold_gain":0,"player_choice":"Upgrade","damage_taken":0,"max_hp_gain":0,"max_hp_loss":0,"event_name":"Designer","floor":36,"gold_loss":40,"cards_upgraded":["Offering"]},{"damage_healed":0,"gold_gain":0,"player_choice":"Bought 0 Potions","damage_taken":0,"max_hp_gain":0,"max_hp_loss":0,"event_name":"The Woman in Blue","floor":46,"gold_loss":0}],"is_beta":false,"boss_relics":[{"not_picked":["Tiny House","Snecko Eye"],"picked":"SlaversCollar"},{"not_picked":["Sozu","Runic Cube"],"picked":"Black Blood"}],"items_purged_floors":[8,24],"is_endless":false,"potions_floor_spawned":[1,6,7,10,21,22,23,35,40,45,48],"ascension_level":0}}