{"host":"jyuuog6ydc2s7nd8","time":1609268527,"event":{"mods":["BaseMod","Better Vampires","Minty Spire (QoL Compilation)","Shop Mod","StSLib","The Hierophant","The Servant 0.9.4","TheBandit","[IsaacMod]ÒÔÈö¼âËþ"],"gold_per_floor":[112,125,125,50,50,50,66,66,66,66,100,114,134,162,162,235,235,254,154,204,222,234,234,234,251,251,13,46,62,82,131,131,203,203,229,256,256,35,35,35,103,33,107,107,107,136,16,47,59,71,83,95,107,22,22,22],"floor_reached":55,"playtime":1393,"items_purged":["Defend_G","Strike_G","Strike_G","Strike_G","Defend_G","Madness+1"],"score":2654,"play_id":"cad2f46a-be87-44a4-98e8-438567f7e82a","local_time":"20201230030207","is_ascension_mode":true,"campfire_choices":[{"data":"BloodyBrimstone","floor":6.0,"key":"SMITH"},{"data":"Choke","floor":8.0,"key":"SMITH"},{"data":"Underhanded Strike","floor":10.0,"key":"SMITH"},{"data":"Neutralize","floor":15.0,"key":"SMITH"},{"data":"Acrobatics","floor":24.0,"key":"SMITH"},{"data":"Tactician","floor":32.0,"key":"SMITH"},{"data":"Madness","floor":40.0,"key":"SMITH"},{"data":"Madness","floor":44.0,"key":"SMITH"},{"floor":49.0,"key":"RECALL"},{"data":"Blur","floor":53,"key":"SMITH"}],"circlet_count":0,"master_deck":["AscendersBane","Defend_G+1","Defend_G+1","Survivor+1","Neutralize+1","BloodyBrimstone+1","Choke+1","Underhanded Strike+1","Acrobatics+1","Backflip+1","Tactician+1","Reflex+1","Underhanded Strike+1","Corpse Explosion+1","Madness+1","Blur+1","Riddle With Holes+1","Dash+1","Choke+1"],"relics":["HushsDoor","Snecko Eye","BookOfRevelations","Regal Pillow","Shuriken","HoveringKite","BelialBook","The Courier","Vajra","Torii","Tiny Chest","ChampionBelt","Eternal Feather","GuppysTail","Mark of the Bloom","AnarchistCookbook","Molten Egg 2","TuHaoJin","MawBank","ChampionBelt"],"acts_visited":["Exordium","TheCity","TheBeyond","TheEnding"],"potions_floor_usage":[],"damage_taken":[{"damage":0.0,"enemies":"2 Louse","floor":1.0,"turns":4.0},{"damage":6.0,"enemies":"Cultist","floor":2.0,"turns":4.0},{"damage":8.0,"enemies":"Small Slimes","floor":7.0,"turns":4.0},{"damage":20.0,"enemies":"Lagavulin","floor":11.0,"turns":3.0},{"damage":7.0,"enemies":"Exordium Wildlife","floor":12.0,"turns":2.0},{"damage":0.0,"enemies":"2 Fungi Beasts","floor":13.0,"turns":2.0},{"damage":0.0,"enemies":"3 Sentries","floor":14.0,"turns":2.0},{"damage":0.0,"enemies":"Hexaghost","floor":16.0,"turns":3.0},{"damage":0.0,"enemies":"Chosen","floor":18.0,"turns":3.0},{"damage":0.0,"enemies":"2 Thieves","floor":21.0,"turns":2.0},{"damage":1.0,"enemies":"Cultist and Chosen","floor":22.0,"turns":3.0},{"damage":20.0,"enemies":"Snake Plant","floor":25.0,"turns":3.0},{"damage":9.0,"enemies":"Book of Stabbing","floor":28.0,"turns":4.0},{"damage":0.0,"enemies":"3 Cultists","floor":29.0,"turns":2.0},{"damage":0.0,"enemies":"Cultist and Chosen","floor":30.0,"turns":4.0},{"damage":0.0,"enemies":"Gremlin Leader","floor":31.0,"turns":3.0},{"damage":0.0,"enemies":"Collector","floor":33.0,"turns":5.0},{"damage":0.0,"enemies":"Nemesis","floor":35.0,"turns":3.0},{"damage":0.0,"enemies":"Giant Head","floor":36.0,"turns":3.0},{"damage":1.0,"enemies":"Nemesis","floor":46.0,"turns":3.0},{"damage":0.0,"enemies":"Reptomancer","floor":48.0,"turns":2.0},{"damage":0.0,"enemies":"Time Eater","floor":50.0,"turns":2.0},{"damage":0,"enemies":"Donu and Deca","floor":51,"turns":2},{"damage":1,"enemies":"Shield and Spear","floor":55,"turns":1}],"seed_played":"-1630921661690761589","potions_obtained":[{"floor":12.0,"key":"SpeedPotion"},{"floor":13.0,"key":"SkillPotion"},{"floor":14.0,"key":"AttackPotion"},{"floor":16.0,"key":"Explosive Potion"},{"floor":21.0,"key":"Dexterity Potion"},{"floor":30.0,"key":"ColorlessPotion"},{"floor":33.0,"key":"SteroidPotion"},{"floor":35.0,"key":"BlessingOfTheForge"},{"floor":48.0,"key":"FearPotion"}],"is_trial":false,"path_per_floor":["M","M","?","$","?","R","M","R","T","R","E","M","M","E","R","B",null,"M","$","?","M","M","?","R","M","T","$","E","M","M","E","R","B",null,"M","M","?","$","?","R","T","$","T","R","?","M","$","E","R","B","B",null,"R","$","E"],"character_chosen":"THE_SILENT","items_purchased":["BelialBook","Vajra","AnarchistCookbook","Blur","Choke+1","GamblersBrew"],"campfire_rested":0,"item_purchase_floors":[17,27,38,42,54,54],"current_hp_per_floor":[59,53,53,53,46,46,38,38,38,38,18,11,11,11,11,11,32,32,32,32,32,31,31,31,11,11,11,2,2,2,2,2,2,11,11,8,8,8,7,7,7,7,7,7,7,6,6,2,2,1,1,1,1,1,0,0],"gold":22,"neow_bonus":"BOSS_RELIC","is_daily":false,"chose_seed":false,"campfire_upgraded":9,"win_rate":0.0,"timestamp":1609268527,"path_taken":["M","M","?","$","?","R","M","R","T","R","E","M","?","E","R","BOSS","M","$","?","M","M","?","R","M","T","$","E","M","M","E","R","BOSS","M","M","?","?","?","R","?","$","T","R","?","?","$","E","R","BOSS","BOSS","R","$","E"],"items_purchased_type":["Relic","Relic","Relic","Card","Card","Potion"],"build_version":"2020-12-22","purchased_purges":6,"victory":false,"max_hp_per_floor":[66,66,66,66,66,66,66,66,66,66,63,60,60,57,57,54,39,39,39,39,39,36,36,36,36,36,36,33,30,27,24,24,21,14,11,8,8,8,8,8,8,8,8,8,8,8,8,2,2,1,1,1,1,1,1,1],"card_choices":[{"not_picked":[],"picked":"BloodyBrimstone","floor":0.0},{"not_picked":["Heel Hook","Dagger Throw"],"picked":"Choke","floor":1.0},{"not_picked":["Storm of Steel","Sucker Punch"],"picked":"Underhanded Strike","floor":2.0},{"not_picked":["Well Laid Plans","Bane","Noxious Fumes"],"picked":"SKIP","floor":7.0},{"not_picked":["Backstab","Well Laid Plans","PiercingWail"],"picked":"SKIP","floor":11.0},{"not_picked":["Backstab","Storm of Steel"],"picked":"Acrobatics","floor":12.0},{"not_picked":["Flechettes","Sucker Punch"],"picked":"Backflip","floor":13.0},{"not_picked":["Dodge and Roll","Footwork","Acrobatics"],"picked":"SKIP","floor":14.0},{"not_picked":["Flying Knee","Flechettes","Poisoned Stab"],"picked":"SKIP","floor":18.0},{"not_picked":["PiercingWail+1","Caltrops"],"picked":"Tactician","floor":21.0},{"not_picked":["Dagger Spray+1","Prepared","Escape Plan"],"picked":"SKIP","floor":22.0},{"not_picked":["Dodge and Roll","Poisoned Stab","Expertise"],"picked":"SKIP","floor":25.0},{"not_picked":["Dagger Spray","Blur"],"picked":"Reflex","floor":28.0},{"not_picked":["Bullet Time","Blade Dance","Backflip+1"],"picked":"SKIP","floor":29.0},{"not_picked":["Dagger Throw","Masterful Stab"],"picked":"Underhanded Strike+1","floor":30.0},{"not_picked":["Acrobatics","Finisher","Setup"],"picked":"SKIP","floor":31.0},{"not_picked":["Doppelganger","Grand Finale"],"picked":"Corpse Explosion","floor":33.0},{"not_picked":["Dagger Throw","Dodge and Roll","Escape Plan"],"picked":"SKIP","floor":35.0},{"not_picked":["Tactician","Dagger Throw+1","Sucker Punch"],"picked":"SKIP","floor":36.0},{"not_picked":["Blade Dance","Dash+1","Bane+1"],"picked":"SKIP","floor":46.0},{"not_picked":["Blade Dance","Bane+1"],"picked":"Dash+1","floor":46.0},{"not_picked":["Skewer+1","Expertise","Outmaneuver"],"picked":"SKIP","floor":48.0}],"player_experience":1781756,"relics_obtained":[{"floor":9.0,"key":"Diplopia"},{"floor":11.0,"key":"Regal Pillow"},{"floor":14.0,"key":"Shuriken"},{"floor":26.0,"key":"The Courier"},{"floor":28.0,"key":"Torii"},{"floor":31.0,"key":"Tiny Chest"},{"floor":35.0,"key":"Eternal Feather"},{"floor":36.0,"key":"GuppysTail"},{"floor":43.0,"key":"Molten Egg 2"},{"floor":46.0,"key":"TuHaoJin"},{"floor":48.0,"key":"MawBank"}],"event_choices":[{"cards_removed":["Strike_G"],"damage_healed":0.0,"max_hp_gain":0.0,"max_hp_loss":0.0,"gold_gain":0.0,"event_name":"Purifier","player_choice":"Purged","floor":3.0,"gold_loss":0.0,"damage_taken":0.0},{"cards_removed":["Strike_G"],"damage_healed":0.0,"max_hp_gain":0.0,"max_hp_loss":0.0,"gold_gain":0.0,"event_name":"Golden Wing","player_choice":"Card Removal","floor":5.0,"gold_loss":0.0,"damage_taken":7.0},{"damage_healed":0.0,"max_hp_gain":0.0,"max_hp_loss":0.0,"gold_gain":50.0,"event_name":"Nest","player_choice":"Stole From Cult","floor":20.0,"gold_loss":0.0,"damage_taken":0.0},{"damage_healed":0.0,"max_hp_gain":0.0,"max_hp_loss":0.0,"gold_gain":0.0,"event_name":"The Mausoleum","player_choice":"Ignored","floor":23.0,"gold_loss":0.0,"damage_taken":0.0},{"damage_healed":0.0,"max_hp_gain":0.0,"max_hp_loss":0.0,"gold_gain":0.0,"event_name":"MindBloom","player_choice":"Upgrade","floor":37.0,"gold_loss":0.0,"damage_taken":0.0,"cards_upgraded":["Defend_G","Defend_G","Defend_G","Survivor","Backflip","Reflex","Corpse Explosion"],"relics_obtained":["Mark of the Bloom"]},{"damage_healed":0.0,"max_hp_gain":0.0,"max_hp_loss":0.0,"gold_gain":0.0,"event_name":"Winding Halls","player_choice":"Embrace Madness","floor":39.0,"gold_loss":0.0,"damage_taken":1.0,"cards_obtained":["Madness","Madness"]},{"damage_healed":0.0,"max_hp_gain":0.0,"max_hp_loss":0.0,"gold_gain":0.0,"cards_transformed":["Defend_G"],"event_name":"Transmorgrifier","player_choice":"Transformed","floor":45.0,"gold_loss":0.0,"damage_taken":0.0,"cards_obtained":["Riddle With Holes"]}],"is_beta":false,"boss_relics":[{"not_picked":["Sozu","Runic Dome"],"picked":"HoveringKite"},{"not_picked":[]},{"not_picked":["Empty Cage","Fusion Hammer"],"picked":"ChampionBelt"},{"not_picked":[]}],"items_purged_floors":[4,17,19,27,34,47],"is_endless":false,"potions_floor_spawned":[12,13,14,16,21,30,33,35,36,48],"killed_by":"Shield and Spear","ascension_level":20}}