{"host":"pgiw9wkmtk74e1ic","time":1609272448,"event":{"mods":["BaseMod","Colored Map","Colored Powertips","Marisa????????","Minty Spire (QoL Compilation)","StSLib","The Marked"],"gold_per_floor":[117,132,132,51,51,86,86,105,105,105,115,128,34,68,68,68,68],"floor_reached":16,"playtime":1187,"items_purged":[],"score":135,"play_id":"42983710-f32c-4924-aa4c-3c5b6b1b316f","local_time":"20201229130728","is_ascension_mode":false,"campfire_choices":[{"data":"theMarked:Convert","floor":7.0,"key":"SMITH"},{"floor":15,"key":"REST"}],"circlet_count":0,"master_deck":["theMarked:Strike","theMarked:Strike","theMarked:Strike","theMarked:Strike","theMarked:Strike","theMarked:Defend","theMarked:Defend","theMarked:Defend","theMarked:Defend","theMarked:SoldierOfQuellstein","theMarked:Convert+1","theMarked:Parkour","theMarked:Opportunist","Regret","theMarked:ComboAttacks","theMarked:PowerFlow+1","theMarked:Static","theMarked:EnhanceMovement","theMarked:HeritageOfTheMarked","theMarked:Electrocute","theMarked:Polarize"],"relics":["theMarked:ArtifactOfAir","NeowsBlessing","Sundial","Omamori","Oddly Smooth Stone","Shuriken"],"acts_visited":["Exordium"],"potions_floor_usage":[14,16,16],"damage_taken":[{"damage":0.0,"enemies":"Cultist","floor":1.0,"turns":1.0},{"damage":0.0,"enemies":"2 Louse","floor":2.0,"turns":1.0},{"damage":0.0,"enemies":"Lagavulin","floor":6.0,"turns":1.0},{"damage":8,"enemies":"Jaw Worm","floor":8,"turns":3},{"damage":9,"enemies":"Blue Slaver","floor":11,"turns":3},{"damage":13,"enemies":"2 Fungi Beasts","floor":12,"turns":4},{"damage":38,"enemies":"3 Sentries","floor":14,"turns":7},{"damage":25,"enemies":"The Guardian","floor":16,"turns":8}],"seed_played":"-5637847169539248876","potions_obtained":[{"floor":1.0,"key":"Strength Potion"},{"floor":11,"key":"ColorlessPotion"},{"floor":14,"key":"Weak Potion"}],"is_trial":false,"path_per_floor":["M","M","T","$","?","E","R","M","T","?","M","M","$","E","R","B"],"character_chosen":"THE_DEFAULT","items_purchased":["theMarked:Opportunist","theMarked:HeritageOfTheMarked","theMarked:Electrocute"],"campfire_rested":1,"item_purchase_floors":[4,13,13],"current_hp_per_floor":[70,70,70,70,70,70,70,62,62,62,53,40,40,2,23,0,0],"gold":68,"neow_bonus":"THREE_ENEMY_KILL","is_daily":false,"chose_seed":false,"campfire_upgraded":1,"win_rate":0.0,"timestamp":1609272448,"path_taken":["M","M","?","$","?","E","R","M","T","?","M","M","?","E","R","BOSS"],"items_purchased_type":["Card","Card","Card"],"build_version":"2020-12-22","purchased_purges":0,"victory":false,"max_hp_per_floor":[70,70,70,70,70,70,70,70,70,70,70,70,70,70,70,70,70],"card_choices":[{"not_picked":["theMarked:Aftermath","theMarked:Reabsorb"],"picked":"theMarked:Convert","floor":1.0},{"not_picked":["theMarked:Panic","theMarked:HeightenedSenses"],"picked":"theMarked:Parkour","floor":2.0},{"not_picked":["theMarked:ElectricStrings","theMarked:Reabsorb"],"picked":"theMarked:ComboAttacks","floor":6.0},{"not_picked":["theMarked:TakeCover","theMarked:HeightenedSenses"],"picked":"theMarked:PowerFlow","floor":8},{"not_picked":["theMarked:BanishingStrike","theMarked:Parkour"],"picked":"theMarked:Static","floor":11},{"not_picked":["theMarked:BanishingWave","theMarked:TakeCover"],"picked":"theMarked:EnhanceMovement","floor":12},{"not_picked":["theMarked:Overcharge","theMarked:Parkour"],"picked":"theMarked:Polarize","floor":14}],"player_experience":264771,"relics_obtained":[{"floor":3.0,"key":"Sundial"},{"floor":6.0,"key":"Oddly Smooth Stone"},{"floor":14,"key":"Shuriken"}],"event_choices":[{"damage_healed":0.0,"max_hp_gain":0.0,"max_hp_loss":0.0,"gold_gain":0.0,"event_name":"Big Fish","player_choice":"Box","floor":5.0,"gold_loss":0.0,"damage_taken":0.0,"relics_obtained":["Omamori"],"cards_obtained":["Regret"]},{"damage_healed":0,"gold_gain":0,"player_choice":"Grow","damage_taken":0,"max_hp_gain":0,"max_hp_loss":0,"event_name":"Living Wall","floor":10,"gold_loss":0,"cards_upgraded":["theMarked:PowerFlow"]}],"is_beta":false,"boss_relics":[],"items_purged_floors":[],"is_endless":false,"potions_floor_spawned":[1,11,14],"killed_by":"The Guardian","ascension_level":0}}