{"host":"8vqjvqze17j4iyaj","time":1609277096,"event":{"mods":["Act Like it!","BaseMod","Chen","Colored Powertips","Duelist Mod","Elementarium","Gensokyo","GifTheSpireLib","Infinite Spire","Jorbs\u0027s Wanderer Trilogy","Koishi","Marisa????????","Minty Spire (QoL Compilation)","Rare Cards Sparkle","Reimu??????","Remilia??????","Replay The Spire","StSLib","The Animator","The Cursed","The Forsaken","The Servant 0.9.4","Wandering Minibosses"],"gold_per_floor":[112,112,129,69,42,42,61,61,61,74,74,86,106,134,134,235,235,247,66,81,81,98,123,123,3,26,58,48,65,93,93,93,189,189,204,204,204,217,26,26,76,76,76,76,88,105,125,125,125],"floor_reached":48,"playtime":3614,"items_purged":["theForsaken:TheForsaken_Defend","theForsaken:TheForsaken_Defend"],"score":561,"play_id":"43dac88e-1698-4fe0-a001-3240496ef615","local_time":"20201229142456","is_ascension_mode":true,"campfire_choices":[{"data":"theForsaken:WrathOfGod","floor":6,"key":"SMITH"},{"data":"theForsaken:WrathOfGod+1","floor":8,"key":"SMITH"},{"data":"theForsaken:WrathOfGod+2","floor":15,"key":"SMITH"},{"floor":32,"key":"REST"},{"data":"theForsaken:WrathOfGod+3","floor":40,"key":"SMITH"},{"floor":42,"key":"REST"},{"floor":44,"key":"RECALL"}],"circlet_count":0,"master_deck":["theForsaken:TheForsaken_Strike","theForsaken:TheForsaken_Strike","theForsaken:TheForsaken_Defend","theForsaken:TheForsaken_Defend","theForsaken:Smite","theForsaken:Penitence","theForsaken:DefensiveStance+1","theForsaken:WrathOfGod+4","theForsaken:WrathOfGod","theForsaken:NobleSacrifice","theForsaken:Devotion","ReplayTheSpireMod:Brewmster","theForsaken:Bolster","theForsaken:StoreUp","theForsaken:Temperance","Elementarium:GildedEssence","theForsaken:StoreUp","theForsaken:FatRoll","theForsaken:Prudence","theForsaken:HymnOfPatience","Purity","theForsaken:StoreUp+1"],"relics":["theForsaken:JudgementScales","theForsaken:ScaryMask","ReplayTheSpireMod:TigerMarble","Ring of Chaos","Centennial Puzzle","Bag of Marbles","Pet Ghost","Regal Pillow","Elementarium:ElementariumTrophy","ReplayTheSpireMod:DimensionalGlitch","Counterbalance"],"acts_visited":["Exordium","Elementarium:Elementarium","TheBeyond"],"potions_floor_usage":[16,20,22,23,23,27,27,27,27,27,27,27,29,33,33,33,33,33,33,33,33,33,33,33,33,41,46,46,46,46,46,46,46,47,47,48],"damage_taken":[{"damage":0,"enemies":"2 Louse","floor":1,"turns":3},{"damage":3,"enemies":"Cultist","floor":3,"turns":4},{"damage":0,"enemies":"Jaw Worm","floor":7,"turns":5},{"damage":4,"enemies":"Exordium Thugs","floor":10,"turns":7},{"damage":12,"enemies":"Lots of Slimes","floor":12,"turns":8},{"damage":0,"enemies":"Looter","floor":13,"turns":3},{"damage":0,"enemies":"Replay:BlueRogue","floor":14,"turns":7},{"damage":10,"enemies":"Slime Boss","floor":16,"turns":18},{"damage":12,"enemies":"Elementarium:MUD_AND_TAR_GOLEMS","floor":18,"turns":7},{"damage":0,"enemies":"Elementarium:2_ELEMENTALS","floor":20,"turns":4},{"damage":15,"enemies":"Elementarium:RubyGolem","floor":22,"turns":7},{"damage":24,"enemies":"Elementarium:WarGolem","floor":23,"turns":7},{"damage":1,"enemies":"Nightmare","floor":27,"turns":10},{"damage":14,"enemies":"Elementarium:STONE_GOLEMS","floor":29,"turns":6},{"damage":15,"enemies":"Elementarium:WarGolem","floor":30,"turns":9},{"damage":51,"enemies":"Elementarium:GolemEmperor","floor":33,"turns":18},{"damage":9,"enemies":"Orb Walker","floor":35,"turns":5},{"damage":39,"enemies":"3 Shapes","floor":38,"turns":8},{"damage":0,"enemies":"Mind Bloom Boss Battle","floor":41,"turns":10},{"damage":66,"enemies":"Sphere and 2 Shapes","floor":45,"turns":7},{"damage":3,"enemies":"3 Darklings","floor":46,"turns":7},{"damage":8,"enemies":"Writhing Mass","floor":47,"turns":8},{"damage":13,"enemies":"Spire Growth","floor":48,"turns":6}],"seed_played":"3491379728287613761","potions_obtained":[{"floor":12,"key":"Explosive Potion"},{"floor":13,"key":"SteroidPotion"},{"floor":16,"key":"SkillPotion"},{"floor":18,"key":"Strength Potion"},{"floor":22,"key":"Fire Potion"},{"floor":30,"key":"Fire Potion"},{"floor":33,"key":"Swift Potion"},{"floor":35,"key":"DuplicationPotion"}],"is_trial":false,"path_per_floor":["M","?","M","$","$","R","M","R","T","M","?","M","M","E","R","B",null,"M","$","M","?","M","E","?","$","T","NM","?","M","E","?","R","B",null,"M","?","?","M","$","R","?","R","T","R","M","M","M","M"],"character_chosen":"THE_FORSAKEN","items_purchased":["theForsaken:WrathOfGod","theForsaken:NobleSacrifice","ReplayTheSpireMod:Brewmster","theForsaken:StoreUp","Purity"],"campfire_rested":2,"item_purchase_floors":[4,5,19,25,39],"current_hp_per_floor":[70,70,67,67,67,67,67,67,67,66,66,57,57,67,67,63,70,67,67,67,67,62,42,42,42,42,59,59,55,47,35,72,34,75,66,66,66,29,29,29,29,66,66,66,11,8,11,0,0],"gold":125,"neow_bonus":"RANDOM_EVENT","is_daily":false,"chose_seed":false,"campfire_upgraded":4,"win_rate":0.0,"timestamp":1609277096,"path_taken":["M","?","M","?","$","R","M","R","T","M","?","?","?","E","R","BOSS","M","$","M","?","M","E","?","$","T","NM","?","?","E","?","R","BOSS","M","?","?","?","$","R","?","R","T","R","M","M","M","M"],"items_purchased_type":["Card","Card","Card","Card","Card"],"build_version":"2020-12-22","purchased_purges":2,"victory":false,"max_hp_per_floor":[70,70,70,70,70,70,70,70,70,70,70,70,70,70,70,70,70,70,70,70,70,70,70,70,70,70,70,70,70,70,75,75,75,75,75,75,75,75,75,75,75,75,75,75,75,75,75,75,75],"card_choices":[{"not_picked":["theForsaken:BountifulSunlight","theForsaken:BlindFaith"],"picked":"theForsaken:DefensiveStance","floor":1},{"not_picked":["theForsaken:WordOfPower","theForsaken:CowardsBrand","theForsaken:PanicDive"],"picked":"SKIP","floor":3},{"not_picked":["theForsaken:Preservation","theForsaken:ShieldCharge","theForsaken:Devotion"],"picked":"SKIP","floor":7},{"not_picked":["theForsaken:Preservation","theForsaken:ShieldCharge"],"picked":"theForsaken:Devotion","floor":7},{"not_picked":["theForsaken:Backlash","theForsaken:CorruptedWord","theForsaken:RainingSunlight"],"picked":"SKIP","floor":10},{"not_picked":["theForsaken:Enfeeble","theForsaken:PanicDive","theForsaken:QuickAttack"],"picked":"SKIP","floor":12},{"not_picked":["theForsaken:DefensiveStance","theForsaken:WardingHymn","theForsaken:ScorchingSunlight"],"picked":"SKIP","floor":13},{"not_picked":["theForsaken:Retribution","theForsaken:SpinAttack","theForsaken:WordsOfPestilence"],"picked":"SKIP","floor":14},{"not_picked":["theForsaken:Backlash","theForsaken:AncientWords","theForsaken:QuickAttack"],"picked":"SKIP","floor":18},{"not_picked":["theForsaken:RainingSunlight+1","theForsaken:InspiringBlow","theForsaken:Thunderbolt"],"picked":"SKIP","floor":20},{"not_picked":["theForsaken:BindingThorns","theForsaken:CreepingInfection+1","theForsaken:Backlash"],"picked":"SKIP","floor":22},{"not_picked":["theForsaken:BlindFaith","theForsaken:HorrifyingStrike","theForsaken:SpinAttack"],"picked":"SKIP","floor":23},{"not_picked":["theForsaken:ScorchingSunlight","theForsaken:CorruptedWord+1"],"picked":"theForsaken:Temperance","floor":27},{"not_picked":["theForsaken:SolarFlare+1","theForsaken:NobleSacrifice+1"],"picked":"theForsaken:StoreUp","floor":29},{"not_picked":["theForsaken:Confusion","theForsaken:Riposte"],"picked":"theForsaken:FatRoll","floor":30},{"not_picked":["theForsaken:TearsOfSunlight","theForsaken:CorruptDeck"],"picked":"theForsaken:Prudence","floor":33},{"not_picked":["theForsaken:DarkBarrier+1","theForsaken:PreciseStrike","theForsaken:HorrifyingStrike+1"],"picked":"SKIP","floor":35},{"not_picked":["theForsaken:ChargeAttack","theForsaken:BindingThorns"],"picked":"theForsaken:HymnOfPatience","floor":38},{"not_picked":["theForsaken:PreciseStrike+1","theForsaken:WardingHymn","theForsaken:CorruptedWord"],"picked":"SKIP","floor":45},{"not_picked":["theForsaken:MagicWeapon+1","theForsaken:SpinAttack"],"picked":"theForsaken:StoreUp+1","floor":46},{"not_picked":["theForsaken:Temperance","theForsaken:BlindFaith","theForsaken:BattleHymn"],"picked":"SKIP","floor":47}],"player_experience":278765,"relics_obtained":[{"floor":9,"key":"theForsaken:ScaryMask"},{"floor":14,"key":"ReplayTheSpireMod:TigerMarble"},{"floor":23,"key":"Centennial Puzzle"},{"floor":26,"key":"Bag of Marbles"},{"floor":27,"key":"Pet Ghost"},{"floor":30,"key":"Regal Pillow"},{"floor":41,"key":"Counterbalance"}],"event_choices":[{"damage_healed":0,"gold_gain":0,"player_choice":"Donut","damage_taken":0,"max_hp_gain":5,"max_hp_loss":0,"event_name":"Big Fish","floor":0,"gold_loss":0},{"damage_healed":0,"gold_gain":0,"player_choice":"Upgraded","damage_taken":0,"max_hp_gain":0,"max_hp_loss":0,"event_name":"Upgrade Shrine","floor":2,"gold_loss":0,"cards_upgraded":["theForsaken:DefensiveStance"]},{"damage_healed":0,"gold_gain":0,"cards_transformed":["theForsaken:TheForsaken_Strike"],"player_choice":"Transformed","damage_taken":0,"max_hp_gain":0,"max_hp_loss":0,"event_name":"Transmorgrifier","floor":11,"gold_loss":0,"cards_obtained":["theForsaken:BountifulSunlight"]},{"damage_healed":0,"gold_gain":0,"cards_transformed":["theForsaken:TheForsaken_Strike"],"player_choice":"Scrolls","damage_taken":0,"max_hp_gain":0,"max_hp_loss":0,"event_name":"Elementarium:AbandonedFactory","floor":24,"gold_loss":0,"cards_obtained":["theForsaken:Bolster"]},{"damage_healed":0,"gold_gain":0,"player_choice":"Toss","damage_taken":0,"max_hp_gain":0,"max_hp_loss":0,"event_name":"Elementarium:OnrushingOffering","floor":28,"gold_loss":10,"cards_obtained":["Elementarium:GildedEssence"]},{"damage_healed":0,"gold_gain":0,"player_choice":"Sacrifice","damage_taken":17,"max_hp_gain":5,"max_hp_loss":0,"event_name":"Elementarium:RadiantAltar","floor":31,"gold_loss":0},{"cards_removed":["theForsaken:BountifulSunlight"],"damage_healed":0,"gold_gain":0,"player_choice":"Removed Skill","damage_taken":0,"max_hp_gain":0,"max_hp_loss":0,"event_name":"Falling","floor":36,"gold_loss":0},{"damage_healed":0,"gold_gain":0,"player_choice":"Fight","damage_taken":0,"max_hp_gain":0,"max_hp_loss":0,"event_name":"MindBloom","floor":41,"gold_loss":0}],"is_beta":false,"boss_relics":[{"not_picked":["Runic Dome","Replay:Ancient Bell"],"picked":"Ring of Chaos"},{"not_picked":["Tiny House","RedLine:ReiMu"],"picked":"ReplayTheSpireMod:DimensionalGlitch"}],"items_purged_floors":[25,39],"is_endless":false,"potions_floor_spawned":[12,13,16,18,22,23,30,33,35,38],"killed_by":"Spire Growth","ascension_level":2}}