{"host":"627up2rvtmm0cf0r","time":1609238919,"event":{"mods":["ATMod(°¢èªMod)","Act Like it!","BaseMod","Better Vampires","CapriCore","Card Filter","Card Forge","Colored Powertips","DeckTracker","Dota2Spire","Friendly Minions","Highlight Path","Infinite Spire","Jedi Mod","Marked Mod","Mimic Mod","Minty Spire (QoL Compilation)","MostiFishMod","Permanent Neow","Practice Mode","Quick Restart","Relic Stats","Shop Mod","Spicy Shops","StSLib","SuperFastMode","TestMod","¡¾ÒÅÎï¿¨ÅÆ¡¿REMEMod","²ÐÁôÖ®Îï","óô»ðÖ¸ÄÏ"],"gold_per_floor":[115,129,304,304,91,125,139,139,178,209,227,253,270,304,304,382,432,452,468,743,394,414,440,95,165,228,228,228,294,360,410,21,125,125,216,361,454,572,69,127,3,103,103,163,304,131,176,293,293,423,423,243,43,122,177],"floor_reached":56,"playtime":2324,"items_purged":["Regret","Regret","Defend_P","Strike_P","Vigilance","Strike_P","Strike_P+1","Eruption+1"],"score":2799,"play_id":"00649bea-e726-484b-acf6-278a14b2b1f0","local_time":"20201229184839","is_ascension_mode":true,"campfire_choices":[{"data":"AT_RealColorLess","floor":8.0,"key":"SMITH"},{"data":"REME_CRH","floor":15.0,"key":"SMITH"},{"data":"Eruption","floor":28.0,"key":"SMITH"},{"floor":49,"key":"RECALL"}],"circlet_count":0,"master_deck":["AscendersBane","Defend_P","Defend_P","Defend_P","AT_RealColorLess+1","REME_CRH+1","jedi:forcepull+1","DeusExMachina+1","PathToVictory+1","MostiFishMod:DustFall","PathToVictory+1","Wish+1"],"relics":["PureWater","Hammer of Thor","Seething Fire","Anvil of the Gods","DaveBox","testmod-TestBox","REME_ComplimentaryCards","AT_ATBox","testmod-TurbochargingSystem","The Courier","AT_SunfireAegis","SynthV:TestCard","Toxic Egg 2","Lantern","jedi:Pinwheel","Ancient Tea Set","Dota2Spire:PhaseBoots","Tiny House","Regal Pillow","Dota2Spire:AghanimScepter","infinitespire:EmpoweringShard","AT_MibuBalloonWealth","AT_ForceNature","testmod-BouquetWithThorns","testmod-Nyarlathotep","testmod-NegativeEmotionEnhancer","Matryoshka","TungstenRod","AT_ArchangelStaff","BrkXgEgg","Dota2Spire:OctarineCore","jedi:shrinkray","Gremlin Horn","Dota2Spire:OrchidMalevolence","Old Coin","Medical Kit","AT_EbonyIvory","Dota2Spire:ArmletOfMordiggian"],"acts_visited":["Exordium","TheCity","TheBeyond","TheEnding"],"potions_floor_usage":[42,42],"damage_taken":[{"damage":1.0,"enemies":"Cultist","floor":1.0,"turns":3.0},{"damage":7.0,"enemies":"Jaw Worm","floor":2.0,"turns":3.0},{"damage":25.0,"enemies":"Gremlin Nob","floor":6.0,"turns":4.0},{"damage":0.0,"enemies":"Small Slimes","floor":7.0,"turns":1.0},{"damage":0.0,"enemies":"Exordium Thugs","floor":9.0,"turns":3.0},{"damage":0.0,"enemies":"Lagavulin","floor":10.0,"turns":1.0},{"damage":0.0,"enemies":"Exordium Thugs","floor":11.0,"turns":1.0},{"damage":0.0,"enemies":"Gremlin Nob","floor":12.0,"turns":1.0},{"damage":0.0,"enemies":"Large Slime","floor":13.0,"turns":1.0},{"damage":0.0,"enemies":"Lagavulin","floor":14.0,"turns":1.0},{"damage":1.0,"enemies":"The Guardian","floor":16.0,"turns":2.0},{"damage":0.0,"enemies":"3 Byrds","floor":18.0,"turns":2.0},{"damage":0.0,"enemies":"Chosen","floor":19.0,"turns":1.0},{"damage":10.0,"enemies":"Centurion and Healer","floor":22.0,"turns":3.0},{"damage":18.0,"enemies":"Book of Stabbing","floor":23.0,"turns":3.0},{"damage":0.0,"enemies":"Chosen and Byrds","floor":25.0,"turns":1.0},{"damage":0.0,"enemies":"Cultist and Chosen","floor":26.0,"turns":2.0},{"damage":0.0,"enemies":"Cultist and Chosen","floor":29.0,"turns":1.0},{"damage":0.0,"enemies":"Centurion and Healer","floor":30.0,"turns":1.0},{"damage":0.0,"enemies":"Gremlin Leader","floor":31.0,"turns":1.0},{"damage":0.0,"enemies":"Collector","floor":33.0,"turns":1.0},{"damage":0.0,"enemies":"3 Shapes","floor":35.0,"turns":1.0},{"damage":0.0,"enemies":"3 Darklings","floor":36.0,"turns":1.0},{"damage":0.0,"enemies":"Jaw Worm Horde","floor":37.0,"turns":1.0},{"damage":0.0,"enemies":"4 Shapes","floor":38.0,"turns":1.0},{"damage":0,"enemies":"Giant Head","floor":40,"turns":1},{"damage":0,"enemies":"Reptomancer","floor":42,"turns":1},{"damage":8,"enemies":"Nemesis","floor":44,"turns":2},{"damage":0,"enemies":"3 Darklings","floor":45,"turns":1},{"damage":0,"enemies":"Maw","floor":47,"turns":1},{"damage":0,"enemies":"4 Shapes","floor":48,"turns":1},{"damage":0,"enemies":"infinitespire:MassOfShapes","floor":50,"turns":1},{"damage":0,"enemies":"Shield and Spear","floor":54,"turns":1},{"damage":0,"enemies":"The Heart","floor":55,"turns":1}],"seed_played":"3761161902127798933","potions_obtained":[{"floor":1.0,"key":"Energy Potion"},{"floor":10.0,"key":"Dota2Spire:Clarity"},{"floor":23.0,"key":"Ambrosia"},{"floor":29.0,"key":"testmod-TestPotion"},{"floor":48,"key":"Block Potion"},{"floor":54,"key":"Energy Potion"}],"is_trial":false,"path_per_floor":["M","M","?","?","$","E","M","R","MIM","E","M","E","M","E","R","B",null,"M","M","?","$","M","E","R","M","MIM","?","R","M","M","E","R","B",null,"M","M","M","M","$","E","R","E","T","E","M","R","M","M","R","B",null,"R","$","E","B",null],"character_chosen":"WATCHER","items_purchased":["Toxic Egg 2","jedi:forcepull+1","Regal Pillow","Dota2Spire:AghanimScepter","AT_MibuBalloonWealth","testmod-Nyarlathotep","Matryoshka","TungstenRod","BrkXgEgg","Old Coin","Medical Kit","AT_EbonyIvory"],"campfire_rested":0,"item_purchase_floors":[5,5,21,21,24,32,39,39,41,46,46,46],"current_hp_per_floor":[60,53,53,46,46,21,21,21,21,21,21,35,35,35,35,34,65,65,65,65,65,55,37,37,37,37,37,37,37,49,53,53,53,68,74,75,76,77,77,78,78,79,79,73,80,80,82,83,83,84,84,84,84,85,86],"gold":177,"neow_bonus":"RANDOM_COMMON_RELIC","is_daily":false,"chose_seed":false,"campfire_upgraded":3,"win_rate":0.0,"timestamp":1609238919,"path_taken":["M","M","?","?","$","E","M","R","MIM","E","M","E","M","E","R","BOSS","M","M","?","$","M","E","R","?","MIM","?","R","M","M","E","R","BOSS","M","M","M","M","?","E","R","E","T","E","M","R","M","M","R","BOSS","R","$","E","BOSS"],"items_purchased_type":["Relic","Card","Relic","Relic","Relic","Relic","Relic","Relic","Relic","Relic","Relic","Relic"],"build_version":"2020-12-22","purchased_purges":8,"victory":true,"max_hp_per_floor":[68,68,68,68,68,68,68,68,68,68,68,68,68,68,68,68,73,73,73,73,73,73,73,73,73,73,73,73,73,73,73,73,73,73,74,75,76,77,77,78,78,79,79,80,81,81,82,83,83,84,84,84,84,85,86],"relic_stats":{"Regal Pillow":0,"Gremlin Horn":[4,9],"counters":[34,51],"Medical Kit":[0],"obtain_stats":[{"Lantern":6,"Regal Pillow":21,"AT_ATBox":0,"Tiny House":17,"DaveBox":0,"Gremlin Horn":43,"AT_MibuBalloonWealth":24,"Dota2Spire:OrchidMalevolence":44,"Dota2Spire:ArmletOfMordiggian":54,"Hammer of Thor":0,"testmod-NegativeEmotionEnhancer":34,"testmod-Nyarlathotep":32,"jedi:Pinwheel":10,"Ancient Tea Set":12,"testmod-BouquetWithThorns":31,"AT_ArchangelStaff":40,"jedi:shrinkray":43,"Old Coin":46,"Matryoshka":39,"Toxic Egg 2":5,"AT_ForceNature":26,"testmod-TestBox":0,"The Courier":0,"BrkXgEgg":41,"AT_EbonyIvory":46,"Seething Fire":0,"testmod-TurbochargingSystem":0,"Medical Kit":46,"Dota2Spire:AghanimScepter":21,"SynthV:TestCard":1,"Anvil of the Gods":0,"infinitespire:EmpoweringShard":23,"Dota2Spire:OctarineCore":42,"PureWater":0,"AT_SunfireAegis":0,"TungstenRod":39,"REME_ComplimentaryCards":0,"Dota2Spire:PhaseBoots":14},{"Lantern":3,"Regal Pillow":13,"AT_ATBox":0,"Tiny House":11,"DaveBox":0,"Gremlin Horn":27,"AT_MibuBalloonWealth":15,"Dota2Spire:OrchidMalevolence":28,"Dota2Spire:ArmletOfMordiggian":33,"Hammer of Thor":0,"testmod-NegativeEmotionEnhancer":21,"testmod-Nyarlathotep":20,"jedi:Pinwheel":6,"Ancient Tea Set":8,"testmod-BouquetWithThorns":20,"AT_ArchangelStaff":26,"jedi:shrinkray":27,"Old Coin":29,"Matryoshka":25,"Toxic Egg 2":2,"AT_ForceNature":17,"testmod-TestBox":0,"The Courier":0,"BrkXgEgg":26,"AT_EbonyIvory":29,"Seething Fire":0,"testmod-TurbochargingSystem":0,"Medical Kit":29,"Dota2Spire:AghanimScepter":13,"SynthV:TestCard":1,"Anvil of the Gods":0,"infinitespire:EmpoweringShard":15,"Dota2Spire:OctarineCore":27,"PureWater":0,"AT_SunfireAegis":0,"TungstenRod":25,"REME_ComplimentaryCards":0,"Dota2Spire:PhaseBoots":10},{"Lantern":10,"Regal Pillow":24,"AT_ATBox":0,"Tiny House":21,"DaveBox":0,"Gremlin Horn":43,"AT_MibuBalloonWealth":30,"Dota2Spire:OrchidMalevolence":45,"Dota2Spire:ArmletOfMordiggian":50,"Hammer of Thor":0,"testmod-NegativeEmotionEnhancer":37,"testmod-Nyarlathotep":36,"jedi:Pinwheel":15,"Ancient Tea Set":17,"testmod-BouquetWithThorns":36,"AT_ArchangelStaff":42,"jedi:shrinkray":43,"Old Coin":46,"Matryoshka":41,"Toxic Egg 2":6,"AT_ForceNature":33,"testmod-TestBox":0,"The Courier":0,"BrkXgEgg":42,"AT_EbonyIvory":46,"Seething Fire":0,"testmod-TurbochargingSystem":0,"Medical Kit":46,"Dota2Spire:AghanimScepter":24,"SynthV:TestCard":3,"Anvil of the Gods":0,"infinitespire:EmpoweringShard":30,"Dota2Spire:OctarineCore":43,"PureWater":0,"AT_SunfireAegis":0,"TungstenRod":41,"REME_ComplimentaryCards":0,"Dota2Spire:PhaseBoots":19}],"TungstenRod":9},"card_choices":[{"not_picked":["SashWhip","FollowUp","Protect"],"picked":"SKIP","floor":1.0},{"not_picked":["Nirvana","EmptyBody","AT_OneInchPunch","ThirdEye","EmptyFist"],"picked":"SKIP","floor":2.0},{"not_picked":["Alpha+1","MarkedMod:OneThousandNeedles+1","SandsOfTime","WindmillStrike"],"picked":"DeusExMachina+1","floor":6.0},{"not_picked":["MostiFishMod:Nomercy","ClearTheMind+1","ReachHeaven","Perseverance+1"],"picked":"PathToVictory+1","floor":7.0},{"not_picked":["MostiFishMod:FlowState+1","Worship+1","MostiFishMod:LegendTransform","SashWhip","AT_OneInchPunch"],"picked":"SKIP","floor":10.0},{"not_picked":["Swivel+1","MentalFortress","Consecrate","CrushJoints","JustLucky"],"picked":"SKIP","floor":11.0},{"not_picked":["Crescendo+1","ThirdEye+1","Prostrate+1","WaveOfTheHand+1","InnerPeace+1"],"picked":"SKIP","floor":12.0},{"not_picked":["SashWhip","BattleHymn","FollowUp","MostiFishMod:Unraveling+1","EmptyBody+1"],"picked":"SKIP","floor":13.0},{"not_picked":["MarkedMod:GentlePulse+1","Swivel+1","MostiFishMod:Nomercy","DeusExMachina+1","BowlingBash"],"picked":"SKIP","floor":14.0},{"not_picked":["LessonLearned","DeusExMachina+1","MostiFishMod:Minus+1","REME_WorshipGod+1"],"picked":"MostiFishMod:DustFall","floor":16.0},{"not_picked":["MostiFishMod:LegendTransform","Crescendo+1","Evaluate+1","MarkedMod:PinPointDefense","MostiFishMod:FlowState+1"],"picked":"SKIP","floor":18.0},{"not_picked":["MarkedMod:Acupuncture","Evaluate+1","MentalFortress","MarkedMod:FirstStrike+1","FlurryOfBlows"],"picked":"SKIP","floor":19.0},{"not_picked":["MarkedMod:FirstStrike+1","PathToVictory+1","Omniscience+1","JustLucky","SignatureMove"],"picked":"SKIP","floor":22.0},{"not_picked":["Crescendo+1","BowlingBash","DeceiveReality+1","CrushJoints","EmptyMind+1"],"picked":"SKIP","floor":23.0},{"not_picked":["MarkedMod:GentlePulse+1","BowlingBash","Protect+1","SandsOfTime","Consecrate"],"picked":"SKIP","floor":25.0},{"not_picked":["Ragnarok","Prostrate+1","MostiFishMod:FlowState+1","AT_OneInchPunch","BowlingBash"],"picked":"SKIP","floor":29.0},{"not_picked":["SandsOfTime","FollowUp","EmptyBody+1","InnerPeace+1","CrushJoints"],"picked":"SKIP","floor":30.0},{"not_picked":["FollowUp","REME_Repentance+1","EmptyFist","Tantrum","Conclude"],"picked":"SKIP","floor":31.0},{"not_picked":["WheelKick","EmptyBody+1","REME_Repentance+1","BowlingBash","JustLucky"],"picked":"SKIP","floor":35.0},{"not_picked":["JustLucky","REME_MusicOfDeath","LessonLearned","MarkedMod:FirstStrike+1","BowlingBash"],"picked":"SKIP","floor":36.0},{"not_picked":["FollowUp","CarveReality","BowlingBash","Crescendo+1","DeceiveReality+1"],"picked":"SKIP","floor":37.0},{"not_picked":["FlyingSleeves","ForeignInfluence+1","JustLucky+1","Evaluate+1","Judgement+1"],"picked":"SKIP","floor":38.0},{"not_picked":["Halt+1","FlyingSleeves","Evaluate+1","ForeignInfluence+1"],"picked":"PathToVictory+1","floor":40},{"not_picked":["BowlingBash","MarkedMod:OneThousandNeedles+1","BattleHymn","FlurryOfBlows","Meditate+1"],"picked":"SKIP","floor":42},{"not_picked":["JustLucky","LikeWater","MarkedMod:PinPointDefense","MarkedMod:FirstStrike+1","SashWhip+1"],"picked":"SKIP","floor":44},{"not_picked":["Crescendo+1","ForeignInfluence+1","BowlingBash+1","FollowUp","REME_Repentance+1"],"picked":"SKIP","floor":45},{"not_picked":["MarkedMod:Acupuncture","REME_MusicOfDeath","Evaluate+1","SandsOfTime+1","MarkedMod:FirstStrike+1"],"picked":"SKIP","floor":47},{"not_picked":["EmptyFist","Wireheading","Protect+1","Collect+1","Fasting2"],"picked":"SKIP","floor":48},{"not_picked":["Wallop+1","MarkedMod:FirstStrike+1","MarkedMod:GentlePulse+1","Consecrate","FollowUp"],"picked":"SKIP","floor":54}],"player_experience":55792,"relics_obtained":[{"floor":1.0,"key":"SynthV:TestCard"},{"floor":6.0,"key":"Lantern"},{"floor":10.0,"key":"jedi:Pinwheel"},{"floor":12.0,"key":"Ancient Tea Set"},{"floor":14.0,"key":"Dota2Spire:PhaseBoots"},{"floor":23.0,"key":"infinitespire:EmpoweringShard"},{"floor":26.0,"key":"AT_ForceNature"},{"floor":31.0,"key":"testmod-BouquetWithThorns"},{"floor":40,"key":"AT_ArchangelStaff"},{"floor":42,"key":"Dota2Spire:OctarineCore"},{"floor":43,"key":"jedi:shrinkray"},{"floor":43,"key":"Gremlin Horn"},{"floor":44,"key":"Dota2Spire:OrchidMalevolence"},{"floor":54,"key":"Dota2Spire:ArmletOfMordiggian"}],"event_choices":[{"damage_healed":0.0,"max_hp_gain":0.0,"max_hp_loss":0.0,"gold_gain":175.0,"event_name":"Liars Game","player_choice":"AGREE","floor":3.0,"gold_loss":0.0,"damage_taken":0.0,"cards_obtained":["Doubt"]},{"cards_removed":["Doubt"],"damage_healed":0.0,"max_hp_gain":0.0,"max_hp_loss":0.0,"gold_gain":0.0,"event_name":"Golden Wing","player_choice":"Card Removal","floor":4.0,"gold_loss":0.0,"damage_taken":7.0},{"damage_healed":0.0,"max_hp_gain":0.0,"max_hp_loss":0.0,"gold_gain":275.0,"event_name":"Golden Shrine","player_choice":"Desecrate","floor":20.0,"gold_loss":0.0,"damage_taken":0.0,"cards_obtained":["Regret"]},{"cards_removed":["Strike_P"],"damage_healed":0.0,"max_hp_gain":0.0,"max_hp_loss":0.0,"gold_gain":0.0,"event_name":"Bonfire Elementals","player_choice":"Offered Basic","floor":27.0,"gold_loss":0.0,"damage_taken":0.0}],"is_beta":false,"boss_relics":[{"not_picked":["Cursed Key","jedi:battlestandard"],"picked":"Tiny House"},{"not_picked":["Coffee Dripper","EE1DDrone"],"picked":"testmod-NegativeEmotionEnhancer"}],"items_purged_floors":[5,21,24,24,32,39,52,53],"is_endless":false,"potions_floor_spawned":[1,10,11,12,19,22,23,29,30,36,38,40,48,54],"ascension_level":14}}