{"host":"6gwm7y0tp7acoxay","time":1609240246,"event":{"mods":["BaseMod","Colored Map","Keyboard Shortcuts","Minty Spire (QoL Compilation)","Quick Restart","StSLib","SuperFastMode","everything is the same but u backflip on backflip"],"gold_per_floor":[116,116,135,135,153,187,187,216,216,244,272,306,331,399,399,470,470,482,482,482,112,127,158,193,193,193,227,227,227,227,261,261,337,337,356,356,356,356,194,227,227,227],"floor_reached":41,"playtime":1269,"items_purged":[],"score":1259,"play_id":"f3b3db33-46c3-440c-be1a-357342977dab","local_time":"20201229201046","daily_mods":["SealedDeck","Heirloom","Flight"],"is_ascension_mode":true,"campfire_choices":[{"data":"Coolheaded","floor":7.0,"key":"SMITH"},{"data":"Double Energy","floor":15.0,"key":"SMITH"},{"floor":28.0,"key":"REST"},{"floor":30.0,"key":"REST"},{"data":"Defragment","floor":32.0,"key":"SMITH"}],"circlet_count":0,"master_deck":["AscendersBane","Reinforced Body","Doom and Gloom+1","Hologram","Go for the Eyes+1","Compile Driver","Double Energy+1","Cold Snap","Rip and Tear+1","Consume","Genetic Algorithm","Beam Cell+1","Coolheaded+1","Self Repair","Hello World","Creative AI","Recycle","Defragment+1","Madness","Madness","Self Repair","Echo Form"],"relics":["Cracked Core","Dead Branch","Shuriken","Calipers","CaptainsWheel","Odd Mushroom","Potion Belt","Toy Ornithopter","Whetstone","Busted Crown","Medical Kit","Art of War","Nunchaku","Orichalcum","Question Card","Letter Opener","Lantern","Inserter","ClockworkSouvenir","Bottled Tornado"],"acts_visited":["Exordium","TheCity","TheBeyond"],"potions_floor_usage":[41],"damage_taken":[{"damage":2.0,"enemies":"Jaw Worm","floor":1.0,"turns":3.0},{"damage":0.0,"enemies":"Cultist","floor":3.0,"turns":3.0},{"damage":0.0,"enemies":"Small Slimes","floor":5.0,"turns":2.0},{"damage":6.0,"enemies":"Gremlin Nob","floor":6.0,"turns":3.0},{"damage":7.0,"enemies":"Lagavulin","floor":8.0,"turns":5.0},{"damage":7.0,"enemies":"The Mushroom Lair","floor":10.0,"turns":2.0},{"damage":0.0,"enemies":"3 Sentries","floor":11.0,"turns":3.0},{"damage":0.0,"enemies":"Gremlin Nob","floor":12.0,"turns":4.0},{"damage":0.0,"enemies":"Hexaghost","floor":16.0,"turns":6.0},{"damage":3.0,"enemies":"2 Thieves","floor":18.0,"turns":3.0},{"damage":8.0,"enemies":"Shell Parasite","floor":22.0,"turns":4.0},{"damage":34.0,"enemies":"Slavers","floor":23.0,"turns":4.0},{"damage":6.0,"enemies":"Book of Stabbing","floor":24.0,"turns":6.0},{"damage":32.0,"enemies":"Gremlin Leader","floor":27.0,"turns":6.0},{"damage":11.0,"enemies":"Book of Stabbing","floor":31.0,"turns":4.0},{"damage":10.0,"enemies":"Collector","floor":33.0,"turns":7.0},{"damage":0.0,"enemies":"Orb Walker","floor":35.0,"turns":3.0},{"damage":18.0,"enemies":"Nemesis","floor":40.0,"turns":9.0},{"damage":63,"enemies":"Reptomancer","floor":41,"turns":2}],"seed_played":"-7908686533103989174","potions_obtained":[{"floor":1.0,"key":"Strength Potion"},{"floor":5.0,"key":"SkillPotion"},{"floor":22.0,"key":"PotionOfCapacity"},{"floor":24.0,"key":"EssenceOfSteel"}],"is_trial":true,"path_per_floor":["M","?","M","?","M","E","R","E","T","?","E","E","T","?","R","B",null,"M","?","?","$","M","E","E","?","T","E","R","?","R","E","R","B",null,"M","?","?","?","$","E","E"],"character_chosen":"DEFECT","items_purchased":["Defragment","Medical Kit","Art of War","ClockworkSouvenir"],"campfire_rested":2,"item_purchase_floors":[21,21,21,39],"current_hp_per_floor":[62,62,62,62,62,56,56,49,49,42,49,56,56,56,56,63,69,71,71,71,71,70,44,45,45,45,20,41,21,43,44,44,41,67,74,60,60,60,60,56,0,0],"gold":227,"neow_bonus":"","is_daily":false,"chose_seed":false,"campfire_upgraded":3,"win_rate":0.0,"timestamp":1609240246,"path_taken":["M","?","?","?","?","E","R","E","T","?","E","E","?","?","R","BOSS","M","?","?","$","?","E","E","?","T","E","R","?","R","E","R","BOSS","M","?","?","?","$","E","E"],"items_purchased_type":["Card","Relic","Relic","Relic"],"build_version":"2020-12-22","purchased_purges":0,"victory":false,"max_hp_per_floor":[71,71,71,71,71,71,71,71,71,71,71,71,71,71,71,71,71,71,71,71,71,71,71,71,71,71,71,71,76,76,76,76,76,76,76,76,76,76,76,76,76,76],"card_choices":[{"not_picked":["Doom and Gloom","Gash"],"picked":"Genetic Algorithm","floor":1.0},{"not_picked":["Reinforced Body","Blizzard"],"picked":"Beam Cell","floor":3.0},{"not_picked":["Ball Lightning","Beam Cell","Rebound"],"picked":"SKIP","floor":5.0},{"not_picked":["Thunder Strike","Tempest"],"picked":"Coolheaded","floor":6.0},{"not_picked":["All For One","Stack"],"picked":"Self Repair","floor":8.0},{"not_picked":["Self Repair","Redo"],"picked":"Hello World","floor":11.0},{"not_picked":["Leap","Sweeping Beam","Genetic Algorithm"],"picked":"SKIP","floor":12.0},{"not_picked":["Leap","Sweeping Beam","Genetic Algorithm"],"picked":"SKIP","floor":12.0},{"not_picked":["Rainbow","Multi-Cast"],"picked":"Creative AI","floor":16.0},{"not_picked":["Gash"],"picked":"SKIP","floor":18.0},{"not_picked":["Cold Snap"],"picked":"SKIP","floor":22.0},{"not_picked":["Loop"],"picked":"SKIP","floor":23.0},{"not_picked":["Turbo"],"picked":"SKIP","floor":24.0},{"not_picked":["Compile Driver","Ball Lightning"],"picked":"SKIP","floor":27.0},{"not_picked":["Ball Lightning","Gash"],"picked":"SKIP","floor":31.0},{"not_picked":["Coolheaded","Melter"],"picked":"SKIP","floor":35.0},{"not_picked":["Force Field"],"picked":"Echo Form","floor":40.0}],"player_experience":4334251,"relics_obtained":[{"floor":6.0,"key":"Shuriken"},{"floor":8.0,"key":"Calipers"},{"floor":9.0,"key":"CaptainsWheel"},{"floor":10.0,"key":"Odd Mushroom"},{"floor":11.0,"key":"Potion Belt"},{"floor":12.0,"key":"Toy Ornithopter"},{"floor":13.0,"key":"Whetstone"},{"floor":23.0,"key":"Nunchaku"},{"floor":24.0,"key":"Orichalcum"},{"floor":26.0,"key":"Question Card"},{"floor":27.0,"key":"Letter Opener"},{"floor":31.0,"key":"Lantern"},{"floor":40.0,"key":"Bottled Tornado"}],"event_choices":[{"damage_healed":0.0,"max_hp_gain":0.0,"max_hp_loss":0.0,"gold_gain":0.0,"event_name":"Accursed Blacksmith","player_choice":"Forge","floor":2.0,"gold_loss":0.0,"damage_taken":0.0,"cards_upgraded":["Doom and Gloom"]},{"damage_healed":0.0,"max_hp_gain":0.0,"max_hp_loss":0.0,"gold_gain":0.0,"event_name":"Upgrade Shrine","player_choice":"Upgraded","floor":4.0,"gold_loss":0.0,"damage_taken":0.0,"cards_upgraded":["Go for the Eyes"]},{"damage_healed":0.0,"max_hp_gain":0.0,"max_hp_loss":0.0,"gold_gain":0.0,"event_name":"Mushrooms","player_choice":"Fought Mushrooms","floor":10.0,"gold_loss":0.0,"damage_taken":0.0},{"damage_healed":0.0,"max_hp_gain":0.0,"max_hp_loss":0.0,"gold_gain":68.0,"event_name":"Golden Wing","player_choice":"Gained Gold","floor":14.0,"gold_loss":0.0,"damage_taken":0.0},{"damage_healed":0.0,"max_hp_gain":0.0,"max_hp_loss":0.0,"gold_gain":0.0,"event_name":"The Mausoleum","player_choice":"Ignored","floor":19.0,"gold_loss":0.0,"damage_taken":0.0},{"damage_healed":0.0,"max_hp_gain":0.0,"max_hp_loss":0.0,"gold_gain":0.0,"event_name":"Match and Keep!","player_choice":"1 cards matched","floor":20.0,"gold_loss":0.0,"damage_taken":0.0,"cards_obtained":["Recycle"]},{"damage_healed":0.0,"max_hp_gain":0.0,"max_hp_loss":0.0,"gold_gain":0.0,"event_name":"Beggar","player_choice":"Ignored","floor":25.0,"gold_loss":0.0,"damage_taken":0.0},{"damage_healed":0.0,"max_hp_gain":5.0,"max_hp_loss":0.0,"gold_gain":0.0,"event_name":"Forgotten Altar","player_choice":"Shed Blood","floor":29.0,"gold_loss":0.0,"damage_taken":25.0},{"damage_healed":0.0,"max_hp_gain":0.0,"max_hp_loss":0.0,"gold_gain":0.0,"event_name":"Winding Halls","player_choice":"Embrace Madness","floor":36.0,"gold_loss":0.0,"damage_taken":14.0,"cards_obtained":["Madness","Madness"]},{"damage_healed":0.0,"max_hp_gain":0.0,"max_hp_loss":0.0,"gold_gain":0.0,"event_name":"Tomb of Lord Red Mask","player_choice":"Ignored","floor":37.0,"gold_loss":0.0,"damage_taken":0.0},{"damage_healed":0.0,"max_hp_gain":0.0,"max_hp_loss":0.0,"gold_gain":0.0,"cards_transformed":["Leap"],"event_name":"Transmorgrifier","player_choice":"Transformed","floor":38.0,"gold_loss":0.0,"damage_taken":0.0,"cards_obtained":["Self Repair"]}],"is_beta":false,"boss_relics":[{"not_picked":["Sozu","Snecko Eye"],"picked":"Busted Crown"},{"not_picked":["SlaversCollar","Tiny House"],"picked":"Inserter"}],"items_purged_floors":[],"is_endless":false,"potions_floor_spawned":[1,5,8,22,24],"killed_by":"Reptomancer","ascension_level":20}}