{"host":"njruw0b0uprlitpx","time":1609223047,"event":{"mods":["2.2 Compatiblity","Astrologer","Bartender","BaseMod","Better Altar","Better Match","Better Note","Better Sensory Stone","Better Skull","Better Third Choice","BetterRewards","Block Reminder","Colored Map","Colored Powertips","Energized Spire","Jedi Mod","Keyboard Shortcuts","Magitek Elite","Minty Spire (QoL Compilation)","Quick Restart","Relic Stats","Replay The Spire","SacredBarkPlus","Spicy Shops","StSLib","SuperFastMode","The Dragon Tamer","The Forsaken","The Gatherer","The Marked","The Mystic","The Necromancer","The Spell Scribe","Wandering Minibosses"],"gold_per_floor":[112,112,112,42,60,100,100,50,50,68,93,116,116,141,141,272,272,295,570,620,55,74,105,105,129,155,155,189,209,209,225,225,344,344,364,364,423,348,368,368,387,405,405,438,17,40,40,0,0,0],"floor_reached":51,"playtime":1540,"items_purged":["Writhe","Strike_Bartender","Regret"],"score":1167,"play_id":"b8c56ee5-bef5-44c8-9b95-040ef0240361","local_time":"20201229002407","is_ascension_mode":false,"campfire_choices":[{"data":"1","floor":7,"key":"LIFT"},{"data":"2","floor":13,"key":"LIFT"},{"floor":15,"key":"REST"},{"data":"3","floor":24,"key":"LIFT"},{"data":"Dolphin_Blow","floor":30,"key":"SMITH"},{"data":"Momentum","floor":32,"key":"SMITH"},{"data":"OpoOpo_Form","floor":40,"key":"SMITH"},{"data":"Cold_Blooded","floor":49,"key":"SMITH"}],"circlet_count":0,"master_deck":["Strike_Bartender","Strike_Bartender","Strike_Bartender","Defend_Bartender","Defend_Bartender","Defend_Bartender","Defend_Bartender","Somersault","Raptor_Form+1","Ball_Of_Ice","Beat_Rush+1","Hook","OpoOpo_Form+1","Insight_B","ThreeSidedStar","Feint","Ripple","Scowl","Vortex","Cold_Blooded+1","Dolphin_Blow+1","Dancing_Jab","Snap_Punch+1","Meteodrive+1","Cold_Blooded+1","RockBreaker","Momentum+1","Moonsault_Kick+1","High_Tide+1","Stick_and_Move+1","Perfect_Balance+1","Cross+1","Dart","Ball_Of_Ice+1","Pot Of Greed","Pot Of Greed","Pot Of Greed","Greased_Lightning+1","Dolphin_Blow+1","Pot Of Greed+1","Ball_Of_Ice+1","Rope_A_Dope+1","Power_Up_Punch+1"],"relics":["Sneakers","Lizard Tail","ReplayTheSpireMod:Ninjato","jedi:heavyjacket","PreservedInsect","BargainBundle","Genji_Glove","Sundial","Golden Idol","Girya","Tintinnabulum","betterThird:SlimedRelic","jedi:HeartOfTheCards","Sozu","Power_Wrist","theForsaken:HumbleEgg","Dream Catcher","Golden Egg","Replay:Ringing Soul","Honey Jar","jedi:firstaidkit","Grinning Jar","jedi:arcanewood","jedi:kaleidoscope"],"acts_visited":["Exordium","TheCity","TheBeyond"],"potions_floor_usage":[6,11,16,50],"damage_taken":[{"damage":0,"enemies":"2 Louse","floor":1,"turns":1},{"damage":0,"enemies":"Small Slimes","floor":5,"turns":2},{"damage":0,"enemies":"Lagavulin","floor":6,"turns":2},{"damage":3,"enemies":"Jaw Worm","floor":10,"turns":3},{"damage":5,"enemies":"Exordium Wildlife","floor":11,"turns":2},{"damage":3,"enemies":"Large Slime","floor":12,"turns":4},{"damage":6,"enemies":"Blue Slaver","floor":14,"turns":3},{"damage":18,"enemies":"The Guardian","floor":16,"turns":4},{"damage":0,"enemies":"Spheric Guardian","floor":18,"turns":2},{"damage":2,"enemies":"Shell Parasite","floor":22,"turns":2},{"damage":0,"enemies":"Gremlin Leader","floor":23,"turns":2},{"damage":0,"enemies":"Cultist and Chosen","floor":25,"turns":2},{"damage":0,"enemies":"Replay:Snechameleon","floor":28,"turns":2},{"damage":0,"enemies":"Centurion and Healer","floor":29,"turns":2},{"damage":6,"enemies":"Shelled Parasite and Fungi","floor":31,"turns":2},{"damage":5,"enemies":"Champ","floor":33,"turns":3},{"damage":0,"enemies":"3 Darklings","floor":35,"turns":3},{"damage":11,"enemies":"2 Orb Walkers","floor":37,"turns":3},{"damage":7,"enemies":"3 Shapes","floor":39,"turns":3},{"damage":0,"enemies":"Writhing Mass","floor":41,"turns":2},{"damage":0,"enemies":"3 Darklings","floor":42,"turns":3},{"damage":0,"enemies":"R_Hoarder","floor":44,"turns":2},{"damage":0,"enemies":"Jaw Worm Horde","floor":46,"turns":2},{"damage":22,"enemies":"Awakened One","floor":50,"turns":4}],"seed_played":"-5878086612445343639","potions_obtained":[{"floor":6,"key":"PowerPotion"},{"floor":12,"key":"jedi:wingpotion"},{"floor":14,"key":"DuplicationPotion"}],"is_trial":false,"path_per_floor":["M","?","?","$","M","E","R","?","T","M","M","M","R","M","R","B",null,"M","?","?","$","M","E","R","M","T","T","E","M","R","M","R","B",null,"M","?","?","?","M","R","M","M","T","E","$","M","$","$","R_BF","B",null],"character_chosen":"BARTENDER","items_purchased":["Raptor_Form","Ball_Of_Ice","ReplayTheSpireMod:Ninjato","jedi:heavyjacket","PreservedInsect","BargainBundle","Genji_Glove","Beat_Rush+1","Hook","Sundial","jedi:StrikingPotion","SpeedPotion","Languid Potion","Girya","OpoOpo_Form","Power_Wrist","Dolphin_Blow","Dolphin_Blow","jedi:kaleidoscope","Ball_Of_Ice+1","Power_Up_Punch+1"],"campfire_rested":1,"item_purchase_floors":[0,0,0,0,0,0,0,0,0,0,0,0,0,4,4,21,21,45,45,45,48],"current_hp_per_floor":[70,70,53,53,53,53,54,44,45,43,39,37,38,33,55,38,70,70,70,70,70,68,69,70,70,70,70,73,76,76,73,74,73,82,85,85,77,81,78,79,83,87,91,95,99,103,104,108,109,93],"gold":0,"neow_bonus":"","is_daily":false,"chose_seed":false,"campfire_upgraded":4,"win_rate":0.0,"timestamp":1609223047,"path_taken":["M","?","?","$","M","E","R","?","T","M","M","M","R","?","R","BOSS","M","?","?","$","?","E","R","M","T","?","E","?","R","M","R","BOSS","M","?","?","?","M","R","M","M","T","E","$","M","?","$","R_BF","BOSS"],"items_purchased_type":["Card","Card","Relic","Relic","Relic","Relic","Relic","Card","Card","Relic","Potion","Potion","Potion","Relic","Card","Relic","Card","Card","Relic","Card","Card"],"build_version":"2020-12-22","purchased_purges":3,"victory":true,"max_hp_per_floor":[70,70,70,70,70,70,70,70,70,70,70,70,70,70,70,70,70,70,70,70,70,70,70,70,70,70,70,73,76,76,79,79,82,82,85,85,88,91,94,94,97,100,103,106,109,112,112,115,115,115],"relic_stats":{"Sozu":7,"Lizard Tail":0,"Dream Catcher":0,"counters":[71,229],"Sundial":[12],"Golden Idol":179,"PreservedInsect":274,"obtain_stats":[{"Ice Cream":7,"Replay:Accelerometer":44,"Golden Egg":27,"Mark of the Bloom":48,"jedi:command_rare":48,"Sozu":17,"theForsaken:HumbleEgg":23,"Replay:Ringing Soul":28,"Lizard Tail":13,"Sundial":0,"jedi:firstaidkit":37,"Honey Jar":34,"Philosopher\u0027s Stone":34,"Girya":26,"Sneakers":0,"Happy Flower":43,"ReplayTheSpireMod:CursedCoin":0,"Counterbalance":48,"Pen Nib":0,"jedi:HeartOfTheCards":9,"jedi:heavyjacket":0,"Water_Ring":41,"Bronze Scales":14,"Tintinnabulum":6,"Molten Egg 2":24,"Pandora\u0027s Box":34,"ReplayTheSpireMod:TigerMarble":39,"Grinning Jar":43,"Abe\u0027s Treasure":17,"Replay:PocketPolymizer":6,"Piano_Music":9,"Incense Burner":0,"jedi:Pinwheel":13,"Power_Wrist":28,"Cowboy_Hat":10,"Replay:Bandana":44,"Dream Catcher":26,"Matryoshka":26,"Gambling Chip":0,"Genji_Glove":44,"WingedGreaves":9,"jedi:command_uncommon":41,"BargainBundle":0,"ReplayTheSpireMod:Ninjato":0,"Golden Idol":3,"PreservedInsect":43,"Strange Spoon":0,"Pondfish Scales":3,"jedi:kaleidoscope":45,"jedi:ominousloannote":44,"betterThird:SlimedRelic":8,"Orrery":4,"ChewingGum":17,"Garlic":41,"Bottled Lightning":29,"jedi:arcanewood":44},{"Ice Cream":5,"Replay:Accelerometer":21,"Golden Egg":59,"Mark of the Bloom":46,"jedi:command_rare":23,"Sozu":55,"theForsaken:HumbleEgg":58,"Replay:Ringing Soul":60,"Lizard Tail":31,"Sundial":47,"jedi:firstaidkit":65,"Honey Jar":63,"Philosopher\u0027s Stone":41,"Girya":13,"Sneakers":0,"Happy Flower":21,"ReplayTheSpireMod:CursedCoin":24,"Counterbalance":23,"Pen Nib":24,"jedi:HeartOfTheCards":50,"jedi:heavyjacket":47,"Water_Ring":43,"Bronze Scales":9,"Tintinnabulum":50,"Molten Egg 2":13,"Pandora\u0027s Box":17,"ReplayTheSpireMod:TigerMarble":43,"Grinning Jar":43,"Abe\u0027s Treasure":10,"Replay:PocketPolymizer":28,"Piano_Music":28,"Incense Burner":24,"jedi:Pinwheel":8,"Power_Wrist":14,"Cowboy_Hat":29,"Replay:Bandana":44,"Dream Catcher":59,"Matryoshka":36,"Gambling Chip":24,"Genji_Glove":21,"WingedGreaves":6,"jedi:command_uncommon":43,"BargainBundle":47,"ReplayTheSpireMod:Ninjato":47,"Golden Idol":48,"PreservedInsect":43,"Strange Spoon":24,"Pondfish Scales":1,"jedi:kaleidoscope":69,"jedi:ominousloannote":21,"betterThird:SlimedRelic":50,"Orrery":27,"ChewingGum":32,"Garlic":21,"Bottled Lightning":38,"jedi:arcanewood":69},{"Ice Cream":17,"Replay:Accelerometer":82,"Golden Egg":198,"Mark of the Bloom":166,"jedi:command_rare":88,"Sozu":190,"theForsaken:HumbleEgg":196,"Replay:Ringing Soul":200,"Lizard Tail":116,"Sundial":169,"jedi:firstaidkit":213,"Honey Jar":207,"Philosopher\u0027s Stone":150,"Girya":52,"Sneakers":0,"Happy Flower":82,"ReplayTheSpireMod:CursedCoin":92,"Counterbalance":88,"Pen Nib":92,"jedi:HeartOfTheCards":174,"jedi:heavyjacket":169,"Water_Ring":155,"Bronze Scales":34,"Tintinnabulum":174,"Molten Egg 2":52,"Pandora\u0027s Box":70,"ReplayTheSpireMod:TigerMarble":155,"Grinning Jar":155,"Abe\u0027s Treasure":42,"Replay:PocketPolymizer":105,"Piano_Music":105,"Incense Burner":92,"jedi:Pinwheel":28,"Power_Wrist":55,"Cowboy_Hat":109,"Replay:Bandana":158,"Dream Catcher":198,"Matryoshka":132,"Gambling Chip":92,"Genji_Glove":82,"WingedGreaves":21,"jedi:command_uncommon":155,"BargainBundle":169,"ReplayTheSpireMod:Ninjato":169,"Golden Idol":170,"PreservedInsect":155,"Strange Spoon":92,"Pondfish Scales":2,"jedi:kaleidoscope":223,"jedi:ominousloannote":82,"betterThird:SlimedRelic":174,"Orrery":100,"ChewingGum":123,"Garlic":82,"Bottled Lightning":139,"jedi:arcanewood":223}]},"card_choices":[{"not_picked":["Training_Dummy","Pony_Shot","Foot_Thrust"],"picked":"SKIP","floor":1},{"not_picked":["Foot_Thrust","Free_Pour"],"picked":"Insight_B","floor":5},{"not_picked":["Free_Pour","Sucker_Punch"],"picked":"ThreeSidedStar","floor":6},{"not_picked":["Center_Self","Pony_Shot"],"picked":"Feint","floor":10},{"not_picked":["Press_Forward","Snap_Punch"],"picked":"Ripple","floor":11},{"not_picked":["Dragonkick","Greased_Lightning"],"picked":"Scowl","floor":12},{"not_picked":["Mirage","Press_Forward"],"picked":"Vortex","floor":14},{"not_picked":["Combo_Master","Liquid_Armor"],"picked":"Cold_Blooded","floor":16},{"not_picked":["Feint","Center_Self","Pony_Shot"],"picked":"SKIP","floor":18},{"not_picked":["Blizzard_Spikes+1","Tornado_Kick"],"picked":"Dancing_Jab","floor":22},{"not_picked":["Bitters+1","Scoop+1"],"picked":"Snap_Punch+1","floor":23},{"not_picked":["Center_Self+1","Alacrity"],"picked":"Meteodrive+1","floor":25},{"not_picked":["Sucker_Punch+1","OpoOpo_Form"],"picked":"Cold_Blooded","floor":28},{"not_picked":["Surge","Fading_Blow+1"],"picked":"RockBreaker","floor":29},{"not_picked":["Step_Of_The_Wind+1","Ball_Of_Ice+1"],"picked":"Momentum","floor":31},{"not_picked":["Storage","Spirits_Within"],"picked":"Moonsault_Kick","floor":33},{"not_picked":["Dragonkick+1","Scoop+1","Dancing_Jab+1"],"picked":"High_Tide","floor":35},{"not_picked":["Center_Self+1","Ripple+1","Free_Pour+1"],"picked":"Stick_and_Move+1","floor":37},{"not_picked":["Momentum+1","Blizzard_Spikes+1","Bicycle_Kick+1"],"picked":"Perfect_Balance+1","floor":38},{"not_picked":["OpoOpo_Form+1","With_A_Twist+1","Meteodrive+1"],"picked":"Cross+1","floor":39},{"not_picked":["Foot_Thrust+1","Vortex+","Blizzard_Spikes+1"],"picked":"Dart","floor":41},{"not_picked":["Hook+1","Insight_B","Step_Of_The_Wind+1"],"picked":"Ball_Of_Ice+1","floor":42},{"not_picked":["Mirage","Bicycle_Kick+1","Raptor_Form"],"picked":"Greased_Lightning+1","floor":44},{"not_picked":["Sucker_Punch+1","Ripple+1","Bouncer+1"],"picked":"Rope_A_Dope+1","floor":46}],"player_experience":1645589,"relics_obtained":[{"floor":6,"key":"Tintinnabulum"},{"floor":9,"key":"jedi:HeartOfTheCards"},{"floor":23,"key":"theForsaken:HumbleEgg"},{"floor":26,"key":"Dream Catcher"},{"floor":27,"key":"Golden Egg"},{"floor":28,"key":"Replay:Ringing Soul"},{"floor":37,"key":"jedi:firstaidkit"},{"floor":43,"key":"Grinning Jar"},{"floor":44,"key":"jedi:arcanewood"}],"event_choices":[{"damage_healed":0,"gold_gain":0,"player_choice":"Grow","damage_taken":0,"max_hp_gain":0,"max_hp_loss":0,"event_name":"Living Wall","floor":2,"gold_loss":0,"cards_upgraded":["Raptor_Form"]},{"damage_healed":0,"gold_gain":0,"player_choice":"Take Damage","damage_taken":17,"relics_obtained":["Golden Idol"],"max_hp_gain":0,"max_hp_loss":0,"event_name":"Golden Idol","floor":3,"gold_loss":0},{"damage_healed":0,"gold_gain":0,"player_choice":"Slimed","damage_taken":11,"max_hp_gain":0,"max_hp_loss":0,"event_name":"betterThird:BetterGoop","floor":8,"gold_loss":50},{"damage_healed":0,"gold_gain":275,"player_choice":"Desecrate","damage_taken":0,"max_hp_gain":0,"max_hp_loss":0,"event_name":"Golden Shrine","floor":19,"gold_loss":0,"cards_obtained":["Regret"]},{"damage_healed":0,"gold_gain":100,"player_choice":"Bet on Murderer","damage_taken":0,"max_hp_gain":0,"max_hp_loss":0,"event_name":"The Joust","floor":20,"gold_loss":50},{"damage_healed":0,"gold_gain":0,"player_choice":"Ignored","damage_taken":0,"max_hp_gain":0,"max_hp_loss":0,"event_name":"Tomb of Lord Red Mask","floor":36,"gold_loss":0},{"damage_healed":0,"gold_gain":0,"player_choice":"Fight","damage_taken":0,"max_hp_gain":0,"max_hp_loss":0,"event_name":"Mysterious Sphere","floor":37,"gold_loss":0},{"damage_healed":0,"gold_gain":0,"player_choice":"2","damage_taken":0,"max_hp_gain":0,"max_hp_loss":0,"event_name":"betterMatch:BetterMatch","floor":38,"gold_loss":0,"cards_obtained":["betterMatch:UncommonCard"]}],"is_beta":false,"boss_relics":[{"not_picked":["ChewingGum","Astrolabe"],"picked":"Sozu"},{"not_picked":["Coffee Dripper","Golden_Hairpin"],"picked":"Honey Jar"}],"items_purged_floors":[0,0,21],"is_endless":false,"potions_floor_spawned":[6,12,14,22,25,31,35,39,41,42],"ascension_level":0}}