{"host":"j29osl8nelwi4hyu","time":1609214753,"event":{"mods":["BaseMod","Colored Powertips","Hubris","Infinite Spire","Minty Spire (QoL Compilation)","Replay The Spire","StSLib"],"gold_per_floor":[111,131,131,148,165,191,191,220,220,235,235,245,258,287,287,287,287],"floor_reached":16,"playtime":640,"items_purged":[],"score":143,"play_id":"31e53205-4784-47cf-bd1a-eea6c42a331d","local_time":"20201228200553","is_ascension_mode":true,"campfire_choices":[{"floor":7,"key":"REST"},{"floor":15,"key":"REST"}],"circlet_count":0,"master_deck":["Strike_B","Strike_B","Strike_B","Defend_B+1","Defend_B","Defend_B","Defend_B+1","Zap","Dualcast","Ball Lightning","Coolheaded","Genetic Algorithm","Compile Driver","hubris:DuctTapeCard","Hologram","Beam Cell","Beam Cell","Loop"],"relics":["Cracked Core","hubris:TinFlute","HornCleat","hubris:DuctTape","Simple Rune","Odd Mushroom"],"acts_visited":["Exordium"],"potions_floor_usage":[6,6,8,12,16],"damage_taken":[{"damage":4,"enemies":"2 Louse","floor":1,"turns":2},{"damage":2,"enemies":"Jaw Worm","floor":2,"turns":3},{"damage":4,"enemies":"Cultist","floor":4,"turns":3},{"damage":27,"enemies":"Large Slime","floor":5,"turns":7},{"damage":20,"enemies":"Gremlin Nob","floor":6,"turns":3},{"damage":9,"enemies":"Replay:BlueRogue","floor":8,"turns":5},{"damage":10,"enemies":"3 Louse","floor":10,"turns":4},{"damage":0,"enemies":"2 Fungi Beasts","floor":12,"turns":2},{"damage":0,"enemies":"Exordium Wildlife","floor":13,"turns":2},{"damage":6,"enemies":"The Mushroom Lair","floor":14,"turns":5},{"damage":38,"enemies":"Slime Boss","floor":16,"turns":10}],"seed_played":"2383398318291277183","potions_obtained":[{"floor":0.0,"key":"Ancient Potion"},{"floor":0.0,"key":"PowerPotion"},{"floor":0.0,"key":"EssenceOfDarkness"},{"floor":5,"key":"DuplicationPotion"},{"floor":8,"key":"SteroidPotion"},{"floor":10,"key":"Fire Potion"},{"floor":12,"key":"Weak Potion"}],"is_trial":false,"path_per_floor":["M","M","?","M","M","E","R","E","T","M","?","M","M","?","R","B"],"character_chosen":"DEFECT","items_purchased":[],"campfire_rested":2,"item_purchase_floors":[],"current_hp_per_floor":[71,69,62,58,31,11,33,24,24,14,14,14,14,8,30,0,0],"gold":287,"neow_bonus":"THREE_SMALL_POTIONS","is_daily":false,"chose_seed":false,"campfire_upgraded":0,"win_rate":0.0,"timestamp":1609214753,"path_taken":["M","M","?","M","M","E","R","E","T","M","?","M","?","?","R","BOSS"],"items_purchased_type":[],"build_version":"2020-12-22","purchased_purges":0,"victory":false,"max_hp_per_floor":[75,75,75,75,75,75,75,75,75,75,75,75,75,75,75,75,75],"card_choices":[{"not_picked":["Turbo","hubris:DoWhile"],"picked":"Ball Lightning","floor":1},{"not_picked":["Hologram","Steam"],"picked":"Coolheaded","floor":2},{"not_picked":["Sweeping Beam","BootSequence"],"picked":"Genetic Algorithm","floor":4},{"not_picked":["Meteor Strike","BasicCrystalCard"],"picked":"Compile Driver","floor":5},{"not_picked":["Redo","hubris:PowerSurge"],"picked":"Cold Snap","floor":6},{"not_picked":["Coolheaded","hubris:PowerSurge"],"picked":"Cold Snap","floor":8},{"not_picked":["Double Energy","Rainbow"],"picked":"Hologram","floor":10},{"not_picked":["Steam Power","Compile Driver"],"picked":"Beam Cell","floor":12},{"not_picked":["Barrage","Go for the Eyes"],"picked":"Beam Cell","floor":13},{"not_picked":["Barrage","Auto Shields"],"picked":"Loop","floor":14}],"player_experience":266778,"relics_obtained":[{"floor":6,"key":"hubris:TinFlute"},{"floor":8,"key":"HornCleat"},{"floor":9,"key":"hubris:DuctTape"},{"floor":14,"key":"Odd Mushroom"}],"event_choices":[{"cards_removed":["Strike_B"],"damage_healed":0,"gold_gain":0,"player_choice":"Card Removal","damage_taken":7,"max_hp_gain":0,"max_hp_loss":0,"event_name":"Golden Wing","floor":3,"gold_loss":0},{"damage_healed":0,"gold_gain":0,"player_choice":"Gave Potion","damage_taken":0,"relics_obtained":["Simple Rune"],"max_hp_gain":0,"max_hp_loss":0,"event_name":"WeMeetAgain","floor":11,"gold_loss":0},{"damage_healed":0,"gold_gain":0,"player_choice":"Fought Mushrooms","damage_taken":0,"max_hp_gain":0,"max_hp_loss":0,"event_name":"Mushrooms","floor":14,"gold_loss":0}],"is_beta":false,"boss_relics":[],"items_purged_floors":[],"is_endless":false,"potions_floor_spawned":[5,8,10,12],"killed_by":"Slime Boss","ascension_level":5}}