{"host":"hpt6dcq85ksi3d55","time":1609276420,"event":{"mods":["AchievementEnabler","BaseMod","Colored Map","Colored Powertips","Downfall","Highlight Path","Marisa????????","Minty Spire (QoL Compilation)","Remilia??????","Shop Mod","StSLib","The Animator","The Cursed","The Necromancer","The Servant 0.9.4"],"gold_per_floor":[127,302,302,321,341,371,395,420,475,490,559,572,572,605,605,710,710,728,728,728,728,756,756,756],"floor_reached":23,"playtime":3354,"items_purged":[],"score":222,"play_id":"b6f9595b-6ccc-4f10-8bdc-08ffcd454130","local_time":"20201229161340","is_ascension_mode":true,"campfire_choices":[{"floor":13,"key":"REST"},{"floor":15,"key":"REST"}],"circlet_count":0,"master_deck":["animator:Strike_NoGameNoLife","animator:Defend_NoGameNoLife","animator:Strike","animator:Strike","animator:Strike","animator:Defend","animator:Defend","animator:Defend","animator:DolaSchwi","animator:DolaCouronne","animator:DolaRiku","Doubt","Pain","animator:Darkness","animator:Rena","animator:Jibril","animator:HighElfArcher","animator:YunYun","animator:DolaSchwi","animator:Aisha","animator:Aisha","Pride","animator:ChlammyZell"],"relics":["animator:LivingPicture","animator:TheMissingPiece","animator:PurgingStone","WarpedTongs","Regal Pillow","HornCleat","MealTicket","Matryoshka","Juzu Bracelet","animator:CursedBlade","GreatHeart"],"acts_visited":["Exordium","TheCity"],"potions_floor_usage":[8,8,8,12],"damage_taken":[{"damage":1,"enemies":"Cultist","floor":1,"turns":4},{"damage":2,"enemies":"Jaw Worm","floor":4,"turns":6},{"damage":7,"enemies":"Small Slimes","floor":5,"turns":5},{"damage":23,"enemies":"Lagavulin","floor":6,"turns":8},{"damage":12,"enemies":"Exordium Wildlife","floor":7,"turns":4},{"damage":22,"enemies":"Gremlin Nob","floor":8,"turns":4},{"damage":6,"enemies":"2 Fungi Beasts","floor":10,"turns":4},{"damage":3,"enemies":"Large Slime","floor":12,"turns":5},{"damage":16,"enemies":"3 Sentries","floor":14,"turns":6},{"damage":19,"enemies":"Hexaghost","floor":16,"turns":9},{"damage":5,"enemies":"Spheric Guardian","floor":18,"turns":4},{"damage":24,"enemies":"2 Thieves","floor":22,"turns":5},{"damage":31,"enemies":"Gremlin Leader","floor":23,"turns":1}],"seed_played":"2338560461904135056","potions_obtained":[{"floor":5,"key":"Fire Potion"},{"floor":6,"key":"Swift Potion"},{"floor":7,"key":"ColorlessPotion"},{"floor":10,"key":"LiquidMemories"}],"is_trial":false,"path_per_floor":["M","?","?","M","M","E","M","E","T","M","T","M","R","E","R","B",null,"M","?","?","?","M","E"],"character_chosen":"THE_ANIMATOR","items_purchased":[],"campfire_rested":2,"item_purchase_floors":[],"current_hp_per_floor":[71,71,71,69,62,40,28,6,6,6,6,3,39,23,59,40,73,68,68,68,55,31,0,0],"gold":756,"neow_bonus":"TEN_PERCENT_HP_BONUS","is_daily":false,"chose_seed":false,"campfire_upgraded":0,"win_rate":0.0,"timestamp":1609276420,"path_taken":["M","?","?","M","M","E","?","E","T","M","?","M","R","E","R","BOSS","M","?","?","?","M","E"],"items_purchased_type":[],"build_version":"2020-12-22","purchased_purges":0,"victory":false,"max_hp_per_floor":[72,72,72,72,72,73,73,73,73,73,73,73,73,73,73,73,73,73,73,73,78,78,78,78],"card_choices":[{"not_picked":["animator:Shalltear","animator:Vanir"],"picked":"animator:DolaRiku","floor":1},{"not_picked":["animator:Ain","animator:YachiyoNanami"],"picked":"animator:Darkness","floor":4},{"not_picked":["animator:Shuna","animator:Sloth"],"picked":"animator:Rena","floor":5},{"not_picked":["animator:DolaStephanie","animator:DolaCouronne"],"picked":"animator:Jibril","floor":6},{"not_picked":["animator:Gluttony","animator:Ara"],"picked":"animator:HighElfArcher","floor":7},{"not_picked":["animator:Raven","animator:GazelDwargon"],"picked":"animator:Eris","floor":8},{"not_picked":["animator:ElricEdward","animator:DolaCouronne"],"picked":"animator:YunYun","floor":10},{"not_picked":["animator:DolaCouronne","animator:DolaRiku"],"picked":"animator:DolaSchwi","floor":12},{"not_picked":["animator:Wiz","animator:DolaStephanie"],"picked":"animator:Aisha","floor":14},{"not_picked":["animator:AcuraTooru","animator:Priestess"],"picked":"animator:Aisha","floor":18},{"not_picked":["animator:Tet","animator:CowGirl"],"picked":"animator:ChlammyZell","floor":22}],"player_experience":172178,"relics_obtained":[{"floor":6,"key":"Regal Pillow"},{"floor":8,"key":"HornCleat"},{"floor":9,"key":"MealTicket"},{"floor":11,"key":"Matryoshka"},{"floor":14,"key":"Juzu Bracelet"}],"event_choices":[{"damage_healed":0,"gold_gain":175,"player_choice":"AGREE","damage_taken":0,"max_hp_gain":0,"max_hp_loss":0,"event_name":"Liars Game","floor":2,"gold_loss":0,"cards_obtained":["Doubt"]},{"damage_healed":0,"gold_gain":0,"player_choice":"Rummage","damage_taken":0,"relics_obtained":["WarpedTongs"],"max_hp_gain":0,"max_hp_loss":0,"event_name":"Accursed Blacksmith","floor":3,"gold_loss":0,"cards_obtained":["Pain"]},{"damage_healed":0,"gold_gain":0,"player_choice":"Shed Blood","damage_taken":18,"max_hp_gain":5,"max_hp_loss":0,"event_name":"Forgotten Altar","floor":21,"gold_loss":0}],"is_beta":false,"boss_relics":[{"not_picked":["Cursed Key","SacredBark"],"picked":"animator:CursedBlade"}],"items_purged_floors":[],"is_endless":false,"potions_floor_spawned":[5,6,7,10],"killed_by":"Gremlin Leader","ascension_level":1}}