{"host":"p9t7qd83igtcp2bh","time":1609213937,"event":{"mods":["2.2 Compatiblity","AchievementEnabler","BaseMod","Colored Map","Colored Powertips","Custom Start","DeckTracker","Keyboard Shortcuts","Minty Spire (QoL Compilation)","Permanent Neow","StSLib","SuperFastMode","everything is the same but u backflip on backflip"],"gold_per_floor":[368,182,199,217,69,104,104,104,104],"floor_reached":8,"playtime":190,"items_purged":[],"score":98,"play_id":"839987e3-aed8-4563-a6fa-9f64aa0e2e3f","local_time":"20201229125217","is_ascension_mode":true,"campfire_choices":[{"data":"Apotheosis","floor":7.0,"key":"SMITH"}],"circlet_count":0,"master_deck":["AscendersBane","Strike_B","Strike_B","Strike_B","Strike_B","Defend_B","Defend_B","Defend_B","Defend_B","Zap","Dualcast","Genetic Algorithm","Apotheosis+1","Coolheaded","Self Repair"],"relics":["Cracked Core","DataDisk","Oddly Smooth Stone"],"acts_visited":["Exordium"],"potions_floor_usage":[8],"damage_taken":[{"damage":7.0,"enemies":"Small Slimes","floor":1.0,"turns":4.0},{"damage":0.0,"enemies":"2 Louse","floor":3.0,"turns":3.0},{"damage":0.0,"enemies":"Cultist","floor":4.0,"turns":4.0},{"damage":29.0,"enemies":"3 Sentries","floor":6.0,"turns":6.0},{"damage":49,"enemies":"Gremlin Nob","floor":8,"turns":5}],"seed_played":"-7529320574501162953","potions_obtained":[{"floor":1.0,"key":"Regen Potion"},{"floor":6.0,"key":"AttackPotion"}],"is_trial":false,"path_per_floor":["M","$","M","M","$","E","R","E"],"character_chosen":"DEFECT","items_purchased":["Apotheosis","DataDisk"],"campfire_rested":0,"item_purchase_floors":[2,5],"current_hp_per_floor":[39,39,39,39,39,25,25,0,0],"gold":104,"neow_bonus":"TWO_FIFTY_GOLD","is_daily":false,"chose_seed":false,"campfire_upgraded":1,"win_rate":0.0,"timestamp":1609213937,"path_taken":["M","$","M","M","$","E","R","E"],"items_purchased_type":["Card","Relic"],"build_version":"2020-12-22","purchased_purges":0,"victory":false,"max_hp_per_floor":[71,71,71,71,71,71,71,71,71],"card_choices":[{"not_picked":["Recycle","Steam"],"picked":"Genetic Algorithm","floor":1.0},{"not_picked":["Lockon","Rip and Tear"],"picked":"Coolheaded","floor":3.0},{"not_picked":["Chaos","Go for the Eyes","Undo"],"picked":"SKIP","floor":4.0},{"not_picked":["Scrape","Sweeping Beam"],"picked":"Self Repair","floor":6.0}],"player_experience":579380,"relics_obtained":[{"floor":6.0,"key":"Oddly Smooth Stone"}],"event_choices":[],"is_beta":false,"boss_relics":[],"items_purged_floors":[],"is_endless":false,"potions_floor_spawned":[1,6],"killed_by":"Gremlin Nob","ascension_level":15}}