{"host":"hszimsrtxxc2k25w","time":1609202661,"event":{"mods":["AchievementEnabler","BaseMod","Colored Map","DeckTracker","Minty Spire (QoL Compilation)","Rare Cards Sparkle","SuperFastMode"],"gold_per_floor":[110,35,0,11,11,42,42,68,68,100,119,119,133,152,152,229,229,245,279,289,289,339,339,339,368,368,368,378,160,174,111,111,183,183,203,218,230,155,172,197,197,197,197,227,227,237,68,15,15,15,15,15,15,15,47,47],"floor_reached":57,"playtime":2166,"items_purged":["Strike_R","Clash+1","Strike_R","Defend_R","Defend_R"],"score":3196,"play_id":"cbc85678-ce32-4cab-8102-5df6a252a27e","local_time":"20201229094421","is_ascension_mode":true,"campfire_choices":[{"data":"Fiend Fire","floor":7.0,"key":"SMITH"},{"floor":12.0,"key":"REST"},{"data":"Seeing Red","floor":15.0,"key":"SMITH"},{"data":"Ghostly","floor":23.0,"key":"SMITH"},{"data":"Ghostly","floor":32.0,"key":"SMITH"},{"data":"Barricade","floor":41.0,"key":"SMITH"},{"data":"Ghostly","floor":45.0,"key":"SMITH"},{"floor":49.0,"key":"RECALL"},{"data":"Offering","floor":53.0,"key":"SMITH"}],"circlet_count":0,"master_deck":["AscendersBane","Defend_R","Defend_R","Bash","Twin Strike","Pommel Strike","Flame Barrier","Seeing Red+1","Offering+1","Exhume+1","Corruption+1","Ghostly+1","Ghostly+1","Ghostly+1","Shrug It Off","Barricade+1","Sentinel+1","Corruption+1","Shockwave+1"],"relics":["Burning Blood","NeowsBlessing","Blue Candle","Question Card","Singing Bowl","Dead Branch","StoneCalendar","Astrolabe","Red Mask","White Beast Statue","Nilry\u0027s Codex","Membership Card","Philosopher\u0027s Stone","Pear","Toxic Egg 2","PreservedInsect","DollysMirror","Toy Ornithopter","Oddly Smooth Stone"],"acts_visited":["Exordium","TheCity","TheBeyond","TheEnding"],"potions_floor_usage":[56,56,56,56],"damage_taken":[{"damage":0.0,"enemies":"Small Slimes","floor":1.0,"turns":1.0},{"damage":0.0,"enemies":"Jaw Worm","floor":4.0,"turns":1.0},{"damage":0.0,"enemies":"Gremlin Nob","floor":6.0,"turns":1.0},{"damage":40.0,"enemies":"3 Sentries","floor":8.0,"turns":11.0},{"damage":29.0,"enemies":"Lagavulin","floor":10.0,"turns":6.0},{"damage":0.0,"enemies":"Cultist","floor":11.0,"turns":2.0},{"damage":4.0,"enemies":"Large Slime","floor":13.0,"turns":2.0},{"damage":9.0,"enemies":"2 Fungi Beasts","floor":14.0,"turns":2.0},{"damage":33.0,"enemies":"Hexaghost","floor":16.0,"turns":7.0},{"damage":11.0,"enemies":"3 Byrds","floor":18.0,"turns":2.0},{"damage":6.0,"enemies":"Masked Bandits","floor":19.0,"turns":1.0},{"damage":1.0,"enemies":"Chosen","floor":20.0,"turns":2.0},{"damage":7.0,"enemies":"Slavers","floor":25.0,"turns":3.0},{"damage":2.0,"enemies":"Snecko","floor":28.0,"turns":3.0},{"damage":5.0,"enemies":"Cultist and Chosen","floor":30.0,"turns":3.0},{"damage":4.0,"enemies":"Collector","floor":33.0,"turns":4.0},{"damage":7.0,"enemies":"3 Darklings","floor":35.0,"turns":3.0},{"damage":1.0,"enemies":"3 Shapes","floor":36.0,"turns":3.0},{"damage":3.0,"enemies":"Writhing Mass","floor":37.0,"turns":2.0},{"damage":3.0,"enemies":"3 Darklings","floor":39.0,"turns":2.0},{"damage":4.0,"enemies":"Reptomancer","floor":40.0,"turns":2.0},{"damage":8.0,"enemies":"Nemesis","floor":44.0,"turns":7.0},{"damage":1.0,"enemies":"4 Shapes","floor":46.0,"turns":3.0},{"damage":17.0,"enemies":"Donu and Deca","floor":50.0,"turns":9.0},{"damage":3.0,"enemies":"Awakened One","floor":51.0,"turns":6.0},{"damage":9.0,"enemies":"Shield and Spear","floor":55.0,"turns":4.0},{"damage":54,"enemies":"The Heart","floor":56,"turns":6}],"seed_played":"-2611037345538532003","potions_obtained":[{"floor":4.0,"key":"FearPotion"},{"floor":10.0,"key":"Dexterity Potion"},{"floor":14.0,"key":"DuplicationPotion"},{"floor":18.0,"key":"SteroidPotion"},{"floor":19.0,"key":"SkillPotion"},{"floor":37.0,"key":"EntropicBrew"}],"is_trial":false,"path_per_floor":["M","$","?","M","T","E","R","E","T","E","M","R","M","M","R","B",null,"M","?","M","?","?","R","?","E","T","?","M","$","M","$","R","B",null,"M","M","M","$","M","E","R","?","T","E","R","M","$","?","R","B","B",null,"R","$","E","B",null],"character_chosen":"IRONCLAD","items_purchased":["Membership Card","DollysMirror"],"campfire_rested":1,"item_purchase_floors":[29,47],"current_hp_per_floor":[74,74,75,75,75,75,75,41,41,18,26,49,53,52,52,25,67,64,66,73,43,43,43,43,44,44,23,29,29,30,30,30,34,45,46,53,53,53,55,67,67,67,67,65,65,69,69,69,69,58,61,67,67,67,64,26],"gold":47,"neow_bonus":"THREE_ENEMY_KILL","is_daily":false,"chose_seed":false,"campfire_upgraded":7,"win_rate":0.0,"timestamp":1609202661,"path_taken":["M","$","?","M","?","E","R","E","T","E","?","R","M","M","R","BOSS","M","?","M","?","?","R","?","E","T","?","M","?","M","$","R","BOSS","M","M","M","$","?","E","R","?","T","E","R","M","$","?","R","BOSS","BOSS","R","$","E","BOSS"],"items_purchased_type":["Relic","Relic"],"build_version":"2020-12-22","purchased_purges":5,"victory":true,"max_hp_per_floor":[75,75,75,75,75,75,75,75,75,75,77,77,79,81,81,81,81,83,85,87,43,43,43,43,45,45,45,47,47,47,47,47,49,49,51,53,53,53,55,67,67,67,67,67,67,69,69,69,69,69,69,69,69,69,69,69],"card_choices":[{"not_picked":["Body Slam","True Grit"],"picked":"Twin Strike","floor":1.0},{"not_picked":["Havoc","Burning Pact"],"picked":"Pommel Strike","floor":4.0},{"not_picked":["Sentinel","Pommel Strike"],"picked":"Fiend Fire","floor":6.0},{"not_picked":["Pummel","Uppercut","True Grit"],"picked":"Flame Barrier","floor":8.0},{"not_picked":["Feed","Pommel Strike","Rampage"],"picked":"Seeing Red","floor":10.0},{"not_picked":["Thunderclap","Sword Boomerang","Twin Strike","Cleave"],"picked":"Singing Bowl","floor":11.0},{"not_picked":["True Grit","Inflame","Perfected Strike","Sword Boomerang"],"picked":"Singing Bowl","floor":13.0},{"not_picked":["Blood for Blood","Rage","Inflame","Heavy Blade"],"picked":"Singing Bowl","floor":14.0},{"not_picked":["Juggernaut","Berserk","Limit Break"],"picked":"Offering","floor":16.0},{"not_picked":["Cleave","Iron Wave","True Grit","Headbutt+1"],"picked":"Singing Bowl","floor":18.0},{"not_picked":["Warcry","Wild Strike","Dual Wield+1","Rage"],"picked":"Singing Bowl","floor":19.0},{"not_picked":["Rampage","Anger","Iron Wave","Metallicize"],"picked":"Singing Bowl","floor":20.0},{"not_picked":["Warcry","Pommel Strike","Disarm","Immolate"],"picked":"Singing Bowl","floor":25.0},{"not_picked":["Havoc","Headbutt","Cleave","Anger"],"picked":"Singing Bowl","floor":28.0},{"not_picked":["Cleave","Headbutt","Iron Wave"],"picked":"Shrug It Off","floor":30.0},{"not_picked":["Fiend Fire","Bludgeon","Limit Break","Demon Form"],"picked":"Singing Bowl","floor":33.0},{"not_picked":["Thunderclap","Body Slam","Perfected Strike","Rampage"],"picked":"Singing Bowl","floor":35.0},{"not_picked":["Burning Pact","Evolve+1","Wild Strike","Twin Strike+1"],"picked":"Singing Bowl","floor":36.0},{"not_picked":["Flex","Uppercut","Sword Boomerang"],"picked":"Barricade","floor":37.0},{"not_picked":["Perfected Strike","Combust","Shockwave+1","Heavy Blade"],"picked":"Singing Bowl","floor":39.0},{"not_picked":["Clothesline","Flex","Body Slam","Iron Wave+1"],"picked":"Singing Bowl","floor":40.0},{"not_picked":["Sword Boomerang","Barricade","Iron Wave"],"picked":"Sentinel+1","floor":44.0},{"not_picked":["Inflame","Anger","Pommel Strike","Body Slam"],"picked":"Singing Bowl","floor":46.0},{"not_picked":["Dropkick","Anger","Thunderclap"],"picked":"Shockwave+1","floor":55.0}],"player_experience":597382,"relics_obtained":[{"floor":5.0,"key":"Blue Candle"},{"floor":6.0,"key":"Question Card"},{"floor":8.0,"key":"Singing Bowl"},{"floor":9.0,"key":"Dead Branch"},{"floor":10.0,"key":"StoneCalendar"},{"floor":19.0,"key":"Red Mask"},{"floor":25.0,"key":"White Beast Statue"},{"floor":27.0,"key":"Nilry\u0027s Codex"},{"floor":40.0,"key":"Pear"},{"floor":43.0,"key":"Toxic Egg 2"},{"floor":44.0,"key":"PreservedInsect"},{"floor":55.0,"key":"Oddly Smooth Stone"}],"event_choices":[{"damage_healed":18.0,"max_hp_gain":0.0,"max_hp_loss":0.0,"gold_gain":0.0,"event_name":"The Cleric","player_choice":"Healed","floor":3.0,"gold_loss":35.0,"damage_taken":0.0},{"damage_healed":0.0,"max_hp_gain":0.0,"max_hp_loss":0.0,"gold_gain":0.0,"event_name":"Masked Bandits","player_choice":"Fought Bandits","floor":19.0,"gold_loss":0.0,"damage_taken":0.0},{"damage_healed":0.0,"max_hp_gain":0.0,"max_hp_loss":44.0,"gold_gain":0.0,"event_name":"Ghosts","player_choice":"Became a Ghost","floor":21.0,"gold_loss":0.0,"damage_taken":0.0,"cards_obtained":["Ghostly","Ghostly","Ghostly"]},{"damage_healed":0.0,"max_hp_gain":0.0,"max_hp_loss":0.0,"gold_gain":50.0,"event_name":"Nest","player_choice":"Stole From Cult","floor":22.0,"gold_loss":0.0,"damage_taken":0.0},{"damage_healed":0.0,"max_hp_gain":0.0,"max_hp_loss":0.0,"gold_gain":0.0,"event_name":"Vampires","player_choice":"Ignored","floor":24.0,"gold_loss":0.0,"damage_taken":0.0},{"damage_healed":0.0,"max_hp_gain":0.0,"max_hp_loss":0.0,"gold_gain":0.0,"event_name":"Cursed Tome","player_choice":"Obtained Book","floor":27.0,"gold_loss":0.0,"damage_taken":21.0},{"cards_removed":["Fiend Fire"],"damage_healed":0.0,"max_hp_gain":0.0,"max_hp_loss":0.0,"gold_gain":0.0,"event_name":"Falling","player_choice":"Removed Attack","floor":42.0,"gold_loss":0.0,"damage_taken":0.0},{"damage_healed":0.0,"max_hp_gain":0.0,"max_hp_loss":0.0,"gold_gain":0.0,"event_name":"WeMeetAgain","player_choice":"Paid Gold","floor":48.0,"gold_loss":53.0,"damage_taken":0.0,"relics_obtained":["Toy Ornithopter"]}],"is_beta":false,"boss_relics":[{"not_picked":["Snecko Eye","SlaversCollar"],"picked":"Astrolabe"},{"not_picked":["Black Blood","Tiny House"],"picked":"Philosopher\u0027s Stone"}],"items_purged_floors":[2,29,31,38,47],"is_endless":false,"potions_floor_spawned":[4,10,13,14,18,19,28,30,33,35,36,37,39,40,44,46,55],"ascension_level":20}}