{"host":"ek3xvuouaw6vk9if","time":1609202347,"event":{"mods":["BaseMod","BetterRewards","Downfall","Minty Spire (QoL Compilation)","Permanent Neow","Quick Restart","Replay The Spire","StSLib"],"gold_per_floor":[362,362,95,115,115,115,142,142,168,168,191,201,3,3,3,3,3],"floor_reached":16,"playtime":535,"items_purged":["Overencumbered"],"score":101,"play_id":"7c28fd10-788e-46b7-9d39-35cdcaf4a71b","local_time":"20201228193907","is_ascension_mode":true,"campfire_choices":[{"data":"Armaments","floor":6,"key":"SMITH"},{"data":"Armaments","floor":8,"key":"SMITH"},{"data":"Immolate","floor":10,"key":"SMITH"},{"data":"WeaponsOverheat","floor":15,"key":"SMITH"}],"circlet_count":0,"master_deck":["Strike_R","Strike_R+1","Strike_R","Strike_R","Strike_R","Defend_R","Defend_R","Defend_R","Defend_R","Bash+1","Twin Strike","Self Repair+1","Armaments+1","Armaments+1","Immolate+1","Life Link","Offering","Life Link","Carnage","WeaponsOverheat+1"],"relics":["Iron Core","Replay:Accelerometer","Strawberry","Odd Mushroom","ClockworkSouvenir"],"acts_visited":["Exordium"],"potions_floor_usage":[],"damage_taken":[{"damage":6.0,"enemies":"Cultist","floor":1.0,"turns":3.0},{"damage":2,"enemies":"2 Louse","floor":4,"turns":2},{"damage":33,"enemies":"Lagavulin","floor":7,"turns":6},{"damage":5,"enemies":"The Mushroom Lair","floor":11,"turns":3},{"damage":8,"enemies":"Jaw Worm","floor":12,"turns":4},{"damage":38,"enemies":"Fading Forest","floor":16,"turns":11}],"seed_played":"-5462380951027247464","potions_obtained":[],"is_trial":false,"path_per_floor":["M","?","$","M","?","R","E","R","T","R","?","M","$","?","R","B"],"character_chosen":"IRONCLAD","items_purchased":["Armaments","Immolate","ClockworkSouvenir","WeaponsOverheat"],"campfire_rested":0,"item_purchase_floors":[3,3,13,13],"current_hp_per_floor":[80,80,80,78,78,78,45,45,52,52,47,49,49,32,32,4,4],"gold":3,"neow_bonus":"TWO_FIFTY_GOLD","is_daily":false,"chose_seed":false,"campfire_upgraded":4,"win_rate":0.0,"timestamp":1609202347,"path_taken":["M","?","$","M","?","R","E","R","T","R","?","M","$","?","R","BOSS"],"items_purchased_type":["Card","Card","Relic","Card"],"build_version":"2020-12-22","purchased_purges":1,"victory":false,"max_hp_per_floor":[80,80,80,80,80,80,80,80,87,87,87,87,87,87,87,87,87],"card_choices":[{"not_picked":["Warcry","Body Slam"],"picked":"Twin Strike","floor":1.0},{"not_picked":["Sword Boomerang","Beam Cell"],"picked":"Life Link","floor":4},{"not_picked":["Replay:Undeath\u0027s Touch","Uppercut"],"picked":"Offering","floor":7},{"not_picked":["Clash","Pommel Strike"],"picked":"Life Link","floor":11},{"not_picked":["Defragment","Perfected Strike"],"picked":"Carnage","floor":12}],"player_experience":714892,"relics_obtained":[{"floor":7,"key":"Replay:Accelerometer"},{"floor":9,"key":"Strawberry"},{"floor":11,"key":"Odd Mushroom"}],"event_choices":[{"damage_healed":0,"gold_gain":0,"player_choice":"Fought Mushrooms","damage_taken":0,"max_hp_gain":0,"max_hp_loss":0,"event_name":"Mushrooms","floor":11,"gold_loss":0},{"damage_healed":0,"gold_gain":0,"player_choice":"Entered Light","damage_taken":17,"max_hp_gain":0,"max_hp_loss":0,"event_name":"Shining Light","floor":14,"gold_loss":0,"cards_upgraded":["Bash","Strike_R"]}],"is_beta":false,"boss_relics":[],"items_purged_floors":[3],"is_endless":false,"potions_floor_spawned":[],"killed_by":"Fading Forest","ascension_level":1}}