{"host":"a1u4jo6xlg3w0wsm","time":1609279633,"event":{"mods":["BaseMod","Better Third Choice","DeckTracker","Downfall","Hermit","Hubris","Minty Spire (QoL Compilation)","Rare Cards Sparkle","Replay The Spire","StSLib"],"gold_per_floor":[110,5,180,215,229,257,257,287,310,310,325,325,339,339,339,339],"floor_reached":16,"playtime":873,"items_purged":[],"score":140,"play_id":"084c41bf-b3f8-4201-b141-9d96cddd3692","local_time":"20201230110713","is_ascension_mode":true,"campfire_choices":[{"floor":7,"key":"REST"},{"floor":15,"key":"REST"}],"circlet_count":0,"master_deck":["hermit:Strike_Hermit","hermit:Strike_Hermit","hermit:Strike_Hermit","hermit:Strike_Hermit","hermit:Defend_Hermit","hermit:Defend_Hermit","hermit:Defend_Hermit","hermit:Defend_Hermit","hermit:Snapshot","hermit:Covet","hermit:Roulette","hermit:BigShot","hermit:Manifest","Doubt","hermit:Headshot","hermit:TakeAim","hermit:SprayPray","hermit:GoldenBullet","hermit:Vantage","hermit:TrackingShot"],"relics":["hermit:Momento","NeowsBlessing","Golden Egg","hubris:Teleporter","Strawberry","hubris:DisguiseKit"],"acts_visited":["Exordium"],"potions_floor_usage":[8,8,16,16],"damage_taken":[{"damage":0,"enemies":"Cultist","floor":1,"turns":1},{"damage":0,"enemies":"Small Slimes","floor":5,"turns":1},{"damage":0,"enemies":"3 Sentries","floor":6,"turns":2},{"damage":31,"enemies":"Gremlin Nob","floor":8,"turns":5},{"damage":10,"enemies":"Jaw Worm","floor":12,"turns":4},{"damage":10,"enemies":"Large Slime","floor":14,"turns":5},{"damage":31,"enemies":"Slime Boss","floor":16,"turns":6}],"seed_played":"-8188312450867132544","potions_obtained":[{"floor":1,"key":"Languid Potion"},{"floor":4,"key":"FearPotion"},{"floor":4,"key":"ColorlessPotion"},{"floor":12,"key":"EssenceOfSteel"},{"floor":14,"key":"BlessingOfTheForge"}],"is_trial":false,"path_per_floor":["M","$","?","?","M","E","R","E","T","?","M","?","M","R","B"],"character_chosen":"HERMIT","items_purchased":["hermit:BigShot","hermit:Manifest"],"campfire_rested":2,"item_purchase_floors":[2,2],"current_hp_per_floor":[75,75,75,45,45,45,67,36,43,43,33,33,23,47,16,16],"gold":339,"neow_bonus":"THREE_ENEMY_KILL","is_daily":false,"chose_seed":false,"campfire_upgraded":0,"win_rate":0.0,"timestamp":1609279633,"path_taken":["M","$","?","?","M","E","R","E","T","?","M","?","M","R","BOSS"],"items_purchased_type":["Card","Card"],"build_version":"2020-12-13","purchased_purges":0,"victory":false,"max_hp_per_floor":[75,75,75,75,75,75,75,75,82,82,82,82,82,82,82,82],"card_choices":[{"not_picked":["hermit:LuckOfTheDraw","hermit:FlashPowder"],"picked":"hermit:Roulette","floor":1},{"not_picked":["hermit:Ricochet","hermit:ItchyTrigger"],"picked":"hermit:Headshot","floor":4},{"not_picked":["hermit:Vantage","hermit:Ricochet"],"picked":"hermit:TakeAim","floor":5},{"not_picked":["hermit:TrackingShot","hermit:DeadMansHand"],"picked":"hermit:SprayPray","floor":6},{"not_picked":["hermit:Spite","hermit:RoundhouseKick"],"picked":"hermit:GoldenBullet","floor":8},{"not_picked":["hermit:Manifest","hermit:LowProfile","Guardian:Gem_Green"],"picked":"hermit:Vantage","floor":12},{"not_picked":["hermit:Roulette","hermit:LuckOfTheDraw","Guardian:BronzeArmor"],"picked":"hermit:TrackingShot","floor":14}],"player_experience":230940,"relics_obtained":[{"floor":6,"key":"Golden Egg"},{"floor":8,"key":"hubris:Teleporter"},{"floor":9,"key":"Strawberry"}],"event_choices":[{"damage_healed":0,"gold_gain":175,"player_choice":"AGREE","damage_taken":5,"max_hp_gain":0,"max_hp_loss":0,"event_name":"betterThird:BetterSerpent","floor":3,"gold_loss":0},{"cards_removed":["Replay:Hysterical Blindness"],"damage_healed":0,"gold_gain":0,"player_choice":"Card Removal","damage_taken":0,"max_hp_gain":0,"max_hp_loss":0,"event_name":"Wheel of Change","floor":13,"gold_loss":0}],"is_beta":false,"boss_relics":[],"items_purged_floors":[],"is_endless":false,"potions_floor_spawned":[1,12,14],"killed_by":"Slime Boss","ascension_level":1}}