{"host":"9sqwgc7o3s0c6ttp","time":1609252425,"event":{"mods":["AchievementEnabler","Act Like it!","Arknights The Spire","Aspiration","BaseMod","CapriCore","Colored Powertips","Dota2Spire","Friendly Minions","Gensokyo","HololiveMod","Infinite Spire","Minty Spire (QoL Compilation)","Pale of the Ancients","Replay The Spire","StSLib","Waifu the Spire","WarShipGirlsR/??á´Ò³R mod"],"gold_per_floor":[118,118,131,9,9,38,51,62,62,107,132,173,173,203,203,203,203],"floor_reached":16,"playtime":1021,"items_purged":["Injury"],"score":147,"play_id":"a02620be-6c76-4d76-873b-64ed17c6d5cb","local_time":"20201229233345","is_ascension_mode":false,"campfire_choices":[{"data":"ats:Flexible Camouflage","floor":13,"key":"SMITH"},{"data":"ats:Emotion Absorption","floor":15,"key":"SMITH"}],"circlet_count":0,"master_deck":["ats:Strike C","ats:Strike G","ats:Strike S","ats:Strike V","ats:Armor Crushing Shot","ats:Defend","ats:Defend","ats:Defend","ats:Defend","ats:Emotion Absorption+1","ats:Flexible Camouflage+1","ats:Red Shift","ats:Consecutive Shot Auto","ats:Consecutive Shot Auto","ats:Shell Defense","ats:Apocalypse","ats:Song Of Battle","ats:Wolf Pack","ats:Curse Doll","ats:Overload","ats:True Silver Slash"],"relics":["ats:Sanity","NeowsBlessing","ReplayTheSpireMod:Ninjato","ats:Originium","Dota2Spire:MagicBottle","ats:Gyao","Vajra","Happy Flower"],"acts_visited":["Gensokyo:Gensokyo"],"potions_floor_usage":[8,16,16],"damage_taken":[{"damage":0,"enemies":"Gensokyo:2_Kodama","floor":1,"turns":1},{"damage":0,"enemies":"Gensokyo:Gryphon","floor":3,"turns":2},{"damage":0,"enemies":"Gensokyo:Cirno","floor":6,"turns":2},{"damage":0,"enemies":"Gensokyo:Python","floor":7,"turns":2},{"damage":19,"enemies":"Gensokyo:5_Fairies","floor":8,"turns":7},{"damage":23,"enemies":"Gensokyo:Aya","floor":10,"turns":6},{"damage":6,"enemies":"Gensokyo:Python_and_Kodama","floor":11,"turns":4},{"damage":23,"enemies":"Gensokyo:Mamizou","floor":12,"turns":9},{"damage":16,"enemies":"Gensokyo:3_Kodama","floor":14,"turns":6},{"damage":65,"enemies":"Gensokyo:Yukari","floor":16,"turns":9}],"seed_played":"-7592431896454714169","potions_obtained":[{"floor":7,"key":"Dota2Spire:HealingSalve"},{"floor":8,"key":"ats:Top Emergency Sanity Potion"},{"floor":11,"key":"GamblersBrew"},{"floor":12,"key":"Energy Potion"}],"is_trial":false,"path_per_floor":["M","?","M","$","?","E","M","M","T","E","M","E","R","M","R","B"],"character_chosen":"DOCTOR_CLASS","items_purchased":["ats:Consecutive Shot Auto"],"campfire_rested":0,"item_purchase_floors":[4],"current_hp_per_floor":[72,72,72,72,72,72,72,68,68,61,59,44,44,44,44,0,0],"gold":203,"neow_bonus":"THREE_ENEMY_KILL","is_daily":false,"chose_seed":false,"campfire_upgraded":2,"win_rate":0.0,"timestamp":1609252425,"path_taken":["M","?","M","?","?","E","M","M","T","E","M","E","R","M","R","BOSS"],"items_purchased_type":["Card"],"build_version":"2020-12-22","purchased_purges":1,"victory":false,"max_hp_per_floor":[72,72,72,72,72,72,72,72,72,72,72,72,72,72,72,72,72],"card_choices":[{"not_picked":["ats:Shell Defense","ats:Childhood Dance"],"picked":"ats:Flexible Camouflage","floor":1},{"not_picked":["ats:Burning Ground","ats:Closed Bolt Burst Fire"],"picked":"ats:Red Shift","floor":3},{"not_picked":["ats:Childhood Dance","ats:Shadow Raid"],"picked":"ats:Consecutive Shot Auto","floor":5},{"not_picked":["ats:Spore Proliferation","ats:Powerful Strike"],"picked":"ats:Shell Defense","floor":5},{"not_picked":["ats:Soul Rend","ats:Curse Doll"],"picked":"ats:Apocalypse","floor":6},{"not_picked":["ats:Guardian Obelisk","ats:Poison Spread","ats:Apocalypse"],"picked":"SKIP","floor":7},{"not_picked":["ats:Automatic Cover","ats:Composite Medical Shells"],"picked":"ats:Song Of Battle","floor":8},{"not_picked":["ats:Explosion Area Strengthen","ats:Apocalypse"],"picked":"ats:Wolf Pack","floor":10},{"not_picked":["ats:Poison Spread","ats:Sunburst"],"picked":"ats:Curse Doll","floor":11},{"not_picked":["ats:Revitalization","ats:Leaping Hammer"],"picked":"ats:Overload","floor":12},{"not_picked":["ats:Apocalypse","ats:Shell Defense"],"picked":"ats:True Silver Slash","floor":14}],"player_experience":302450,"relics_obtained":[{"floor":6,"key":"ats:Originium"},{"floor":6,"key":"Dota2Spire:MagicBottle"},{"floor":9,"key":"ats:Gyao"},{"floor":10,"key":"ats:Originium"},{"floor":10,"key":"Vajra"},{"floor":12,"key":"ats:Originium"},{"floor":12,"key":"Happy Flower"}],"event_choices":[],"is_beta":false,"boss_relics":[],"items_purged_floors":[4],"is_endless":false,"potions_floor_spawned":[7,8,11,12,14],"killed_by":"Gensokyo:Yukari","ascension_level":0}}