{"host":"yplokfwlx8kpnt0a","time":1609284599,"event":{"mods":["2.2 Compatiblity","AchievementEnabler","Act Like it!","Aspiration","Astrologer","BaseMod","Beaked The Cultist","Better Altar","Better Match","Better Note","Better Sensory Stone","Better Skull","Better Synergies","Better Third Choice","BetterRewards","CCEM","ChefMod","Colored Powertips","Curses Come First","Downfall","Elementarium","Emptier Cage","Evolution","Friendly Minions","Gensokyo","Googly Eyes","Hallownest","Hermit","Highlight Path","Hubris","Infinite Spire","JesterMod","Menagerie","Mimic Mod","Minty Spire (QoL Compilation)","RNG Fix","Random Character Button","Rare Cards Sparkle","Relic Sorter","Replay The Spire","Retaliation","Robot Space Explorer","Shop Mod","Spicy Shops","Spikes Relics","StSLib","The Blue Laboratory","The Bug Knight","The Construct","The Cursed","The Disciple","The Forsaken","The Marked","The Mystic","The Runesmith","TheVacant","Transform Curses","Treasure Hunter","Wandering Minibosses"],"gold_per_floor":[99,111,111,98,98,98,122,21,21,129,145,429,429,458,477,582,582,507,476,476,401,401,401,401,52,72,90,116,201,201,201,219,320,320,320,335,335,288,288,288,315,332,100,100,100,100],"floor_reached":44,"playtime":16440,"items_purged":["theForsaken:PlagueCurse"],"score":606,"play_id":"f65a02ac-e00a-49fc-ba40-994064f7a9e3","local_time":"20201229162959","is_ascension_mode":true,"campfire_choices":[{"floor":1.0,"key":"RECALL"},{"data":"infinitespire:TheBestDefense","floor":9.0,"key":"SMITH"},{"floor":13.0,"key":"REST"},{"data":"TH:DeckOfManyThings","floor":18.0,"key":"SMITH"},{"data":"champ:HoldFirm","floor":30,"key":"SMITH"},{"data":"champ:HoldFirm","floor":35,"key":"SMITH"}],"circlet_count":0,"master_deck":["champ:Defend","champ:Defend","champ:Defend","champ:Defend","champ:Execute","champ:Taunt","champ:Lariat","infinitespire:TheBestDefense+1","champ:StanceDance","TH:Mimic","champ:HoldFirm+1","Replay:SS_hec_2+1","Specialist+1","TH:DeckOfManyThings+1","champ:IronFortress","Thinking Ahead+1","TH:EnergyPotion","champ:RageSigil","champ:ShieldSlam","champ:HoldFirm+1","champ:Encircle","champ:Circumvent+1","expansioncontent:TimeRipple+1","astrologer:StarOfRegret+1","Fluid Movement","astrologer:Conjunction","ReplayGash","Bite","Bite","Bite","Bite","Bite","construct:Antimatter+1","HollowMod:DreamGate+1","Stack+1","AscendersBane","champ:StrikeOfGenius","champ:Riposte+1","hexamod:NightmareStrike+1","Replay:BasicMightCard"],"relics":["champ:ChampionCrown","Replay:M_SmolderingBlood","hubris:Towel","SnailShell","Tiny Chest","CCEMRelics:TinyMinotavrHorn","SacredBark","PrismaticShard","Bloody Idol","Mercury Hourglass","aspiration:FetidBarrel","MerchantsRug","theForsaken:Lifeblossom","aspiration:KMNothing","aspiration:KMNothing","aspiration:KMNothing","aspiration:KMNothing","aspiration:KMNothing","aspiration:KMNothing"],"acts_visited":["Gensokyo:Gensokyo","TheCity","Gensokyo:Gensokyoest"],"potions_floor_usage":[27,33,44,44],"damage_taken":[{"damage":6.0,"enemies":"Gensokyo:2_Kodama","floor":2.0,"turns":4.0},{"damage":23.0,"enemies":"Gensokyo:Gryphon","floor":4.0,"turns":7.0},{"damage":10.0,"enemies":"Gensokyo:Python","floor":11.0,"turns":5.0},{"damage":7.0,"enemies":"Gensokyo:Aya","floor":12.0,"turns":9.0},{"damage":31.0,"enemies":"Gensokyo:Cirno","floor":14.0,"turns":13.0},{"damage":11.0,"enemies":"Gensokyo:LivingMonolith","floor":15.0,"turns":5.0},{"damage":19.0,"enemies":"downfall:Ironclad","floor":16.0,"turns":10.0},{"damage":16.0,"enemies":"Spheric Guardian","floor":19.0,"turns":6.0},{"damage":11,"enemies":"downfall:FleeingMerchant","floor":25,"turns":4},{"damage":12,"enemies":"Snecko","floor":26,"turns":5},{"damage":2,"enemies":"Snake Plant","floor":27,"turns":4},{"damage":15,"enemies":"Gremlin Leader","floor":28,"turns":8},{"damage":9,"enemies":"3 Cultists","floor":32,"turns":4},{"damage":48,"enemies":"downfall:Watcher","floor":33,"turns":10},{"damage":18,"enemies":"Gensokyo:AncientGuardian","floor":36,"turns":10},{"damage":16,"enemies":"Gensokyo:3_Bats","floor":38,"turns":6},{"damage":4,"enemies":"Gensokyo:SeedOfUnknown","floor":42,"turns":7},{"damage":15,"enemies":"downfall:FleeingMerchant","floor":43,"turns":4},{"damage":41,"enemies":"Nightmare","floor":44,"turns":5}],"seed_played":"1394316672746486421","potions_obtained":[{"floor":2.0,"key":"LifebloodPotion"},{"floor":11.0,"key":"BlessingOfTheForge"},{"floor":15.0,"key":"Milkshake"},{"floor":16.0,"key":"SkillPotion"},{"floor":26,"key":"LifebloodPotion"},{"floor":32,"key":"infinitespire:BlackPotion"},{"floor":38,"key":"blueLaboratory:FruitPreserves"}],"is_trial":false,"path_per_floor":["R","M","?","M","?","?","T","COS","R","?","M","E","R","E","M","B",null,"R","M","?","?","?","T","T","$","M","M","E","?","R","?","M","B",null,"R","M","T","M","?","?","T","M","$","NM"],"character_chosen":"THE_CHAMP","items_purchased":["MerchantsRug","theForsaken:Lifeblossom","aspiration:KaomsHeart","aspiration:KMNothing","aspiration:KMNothing","aspiration:KMNothing","aspiration:KMNothing","aspiration:KMNothing","aspiration:KMNothing","Replay:BasicMightCard","Reflective Coating","champ:CounterPotion"],"campfire_rested":1,"item_purchase_floors":[25,25,25,43,43,43,43,43,43,43,43,43],"current_hp_per_floor":[90,89,66,61,61,61,61,61,61,31,26,19,46,32,21,7,90,90,79,71,71,26,26,26,132,140,149,155,142,142,135,132,109,135,135,131,131,135,135,135,135,135,35,0,0,0],"gold":100,"neow_bonus":"NOSTALGIA","is_daily":false,"chose_seed":false,"campfire_upgraded":4,"win_rate":0.0,"timestamp":1609284599,"path_taken":["R","M","?","M","?","?","T","COS","R","?","M","E","R","E","M","BOSS","R","M","?","?","?","?","T","$","?","M","E","?","R","?","M","BOSS","R","M","?","M","?","?","T","M","$","NM"],"items_purchased_type":["Relic","Relic","Relic","Relic","Relic","Relic","Relic","Relic","Relic","Card","Potion","Potion"],"build_version":"2020-12-22","purchased_purges":1,"victory":false,"max_hp_per_floor":[90,90,90,90,90,90,90,90,90,90,90,90,90,90,90,90,90,90,90,90,90,90,90,90,190,194,194,194,194,194,135,135,135,135,135,135,135,135,135,135,135,135,35,35,35,35],"card_choices":[{"not_picked":["champ:BerserkerStyle","champ:PerfectedStrike"],"picked":"champ:Lariat","floor":2.0},{"not_picked":["infinitespire:Fortify","infinitespire:Gouge"],"picked":"infinitespire:TheBestDefense","floor":3.0},{"not_picked":["Clash","champ:PreciseThrust"],"picked":"champ:StanceDance","floor":4.0},{"not_picked":["TH:CopperCoins"],"picked":"TH:Mimic","floor":7.0},{"not_picked":["CrushJoints","champ:ShieldWall"],"picked":"champ:HoldFirm","floor":11.0},{"not_picked":["Assess+1","HandOfGreed+1"],"picked":"Replay:SS_hec_2+1","floor":11.0},{"not_picked":["PanicButton+1","Assess+1"],"picked":"Specialist+1","floor":12.0},{"not_picked":["TH:CopperCoins"],"picked":"TH:DeckOfManyThings","floor":12.0},{"not_picked":["champ:ShieldSigil","champ:FanOfKnives"],"picked":"champ:IronFortress","floor":12.0},{"not_picked":["expansioncontent:CaCaw+1","Panacea+1"],"picked":"Thinking Ahead+1","floor":14.0},{"not_picked":["TH:DeckOfManyThings"],"picked":"TH:EnergyPotion","floor":14.0},{"not_picked":["champ:Backstep","CrushJoints"],"picked":"champ:RageSigil","floor":14.0},{"not_picked":["champ:CrookedStrike","champ:AdrenalArmor"],"picked":"champ:ShieldSlam","floor":15.0},{"not_picked":["champ:SteelEdge","champ:HeavySlash"],"picked":"champ:HoldFirm","floor":16.0},{"not_picked":["champ:ShieldSigil+1","champ:BringItOn+1"],"picked":"champ:Encircle","floor":19.0},{"not_picked":["champ:ShieldSigil","champ:CrookedStrike"],"picked":"champ:Circumvent+1","floor":20.0},{"not_picked":["expansioncontent:SlimeTackle+1","Assess+1"],"picked":"expansioncontent:TimeRipple+1","floor":21.0},{"not_picked":["TH:BikiniMail","TH:PixieDust"],"picked":"SKIP","floor":23.0},{"not_picked":["TH:BikiniMail","TH:TreasureMap"],"picked":"SKIP","floor":24.0},{"not_picked":["TH:BikiniMail","TH:TreasureMap"],"picked":"SKIP","floor":24.0},{"not_picked":["construct:LaserCore","construct:UnbalancingBlast"],"picked":"astrologer:StarOfRegret+1","floor":25},{"not_picked":["jesterMod:ButterKnife+1","theVacant:OnSecondThought"],"picked":"Fluid Movement","floor":26},{"not_picked":["Guardian:Preprogram","beaked:Recite+1"],"picked":"astrologer:Conjunction","floor":27},{"not_picked":["Slimebound:SpikyOuterGoop+1","Slimebound:SplitBruiser"],"picked":"ReplayGash","floor":28},{"not_picked":["TH:ElvenBoots","TH:BikiniMail"],"picked":"SKIP","floor":28},{"not_picked":["sneckomod:SoulRoll","theForsaken:PowerUp"],"picked":"construct:Antimatter+1","floor":32},{"not_picked":["champ:Lariat","theMarked:TunnelVision+1"],"picked":"HollowMod:DreamGate+1","floor":36},{"not_picked":["TH:ElvenBoots","TH:DeckOfManyThings"],"picked":"SKIP","floor":37},{"not_picked":["Runesmith:HeatExchange+1","Runesmith:RuneHurl"],"picked":"Stack+1","floor":38},{"not_picked":["TH:TreasureMap","TH:CursedSword"],"picked":"SKIP","floor":41},{"not_picked":["Flechettes","champ:EnragedBash+1"],"picked":"champ:Riposte+1","floor":42},{"not_picked":["Deadly Poison+1","Swift Strike"],"picked":"hexamod:NightmareStrike+1","floor":43}],"player_experience":582535,"relics_obtained":[{"floor":7.0,"key":"CCEMRelics:FestiveHat"},{"floor":12.0,"key":"Tiny Chest"},{"floor":14.0,"key":"CCEMRelics:TinyMinotavrHorn"},{"floor":20.0,"key":"PrismaticShard"},{"floor":23.0,"key":"Mercury Hourglass"},{"floor":24.0,"key":"aspiration:FetidBarrel"},{"floor":28,"key":"aspiration:KMNothing"},{"floor":37,"key":"aspiration:KMNothing"},{"floor":41,"key":"aspiration:KMNothing"}],"event_choices":[{"damage_healed":0.0,"max_hp_gain":0.0,"max_hp_loss":0.0,"gold_gain":0.0,"event_name":"Plague Doctor","player_choice":"Obtain Plague Curse","floor":5.0,"gold_loss":0.0,"damage_taken":0.0,"cards_obtained":["theForsaken:PlagueCurse"]},{"damage_healed":0.0,"max_hp_gain":0.0,"max_hp_loss":0.0,"gold_gain":108.0,"event_name":"betterSkull:BetterSkull","player_choice":"GO RE ","floor":10.0,"gold_loss":0.0,"damage_taken":33.0,"cards_upgraded":[],"relics_obtained":["SnailShell"]},{"damage_healed":0.0,"max_hp_gain":0.0,"max_hp_loss":0.0,"gold_gain":0.0,"event_name":"betterMatch:BetterMatch","player_choice":"2","floor":21.0,"gold_loss":0.0,"damage_taken":0.0,"cards_obtained":["betterMatch:ColorlessUncommonCard"]},{"damage_healed":0.0,"max_hp_gain":71.0,"max_hp_loss":26.0,"gold_gain":0.0,"event_name":"betterAltar:BetterAltar","player_choice":" Idol ","floor":22.0,"potions_obtained":[],"relics_lost":[],"gold_loss":0.0,"damage_taken":45.0,"relics_obtained":["Bloody Idol"]},{"damage_healed":0,"gold_gain":0,"player_choice":"Became a vampire","damage_taken":0,"max_hp_gain":0,"max_hp_loss":59,"event_name":"Vampires","floor":31,"gold_loss":0,"cards_obtained":["Bite","Bite","Bite","Bite","Bite"]},{"damage_healed":0,"gold_gain":3,"player_choice":"3","damage_taken":0,"max_hp_gain":0,"max_hp_loss":0,"event_name":"betterStone:BetterStone","floor":39,"gold_loss":0,"cards_obtained":["champ:StrikeOfGenius"]}],"is_beta":false,"boss_relics":[{"not_picked":["Runic Dome","Replay:Bronze Core"],"picked":"SacredBark"},{"not_picked":["aspiration:KMNothing","aspiration:KMNothing"],"picked":"aspiration:KMNothing"}],"items_purged_floors":[43],"is_endless":false,"potions_floor_spawned":[2,11,15,16,26,32,38],"killed_by":"Nightmare","ascension_level":1}}