{"host":"oy4pyvr762z5n0bb","time":1609278453,"event":{"mods":["AchievementEnabler","BaseMod","Colored Map","Colored Powertips","Googly Eyes","Key Reminder","Minty Spire (QoL Compilation)","Quick Restart","Relic Sorter","StSLib","SuperFastMode","Unceasing Turn Reminder","slay the spire mod where everything is the same but ironclad has a cowboy hat"],"gold_per_floor":[118,293,71,81,356,390,133,133,184,199,215,225,53,70,70,175,175,185,37,37,136,136,136,155,171,171,86,86,104,114,130,130,234,234,245,262,20,0,0,0,0,26,52,52,52],"floor_reached":44,"playtime":890,"items_purged":["Strike_P","Regret","Doubt","Strike_P+1"],"score":640,"play_id":"8b8bc08d-849b-4b15-82f4-8f3dbc975930","local_time":"20201229134733","is_ascension_mode":true,"campfire_choices":[{"data":"Crescendo","floor":8,"key":"SMITH"},{"data":"Eruption","floor":15,"key":"SMITH"},{"data":"Wish","floor":23,"key":"SMITH"},{"floor":32,"key":"REST"},{"floor":40,"key":"REST"}],"circlet_count":0,"master_deck":["Defend_P","Defend_P","Defend_P","Defend_P","Eruption+1","Vigilance","Tantrum+1","Ragnarok","Crescendo+1","Scrawl","JustLucky","EmptyBody","Evaluate","Evaluate","Wish+1","Regret","ReachHeaven","Swivel","Evaluate","SpiritShield","CurseOfTheBell","DevaForm","FollowUp","Injury"],"relics":["PureWater","NeowsBlessing","Pen Nib","Whetstone","Toy Ornithopter","Cursed Key","Bag of Marbles","StoneCalendar","Mercury Hourglass","Calling Bell","Damaru","The Courier","Bird Faced Urn","Orrery","Red Mask","Anchor","Happy Flower"],"acts_visited":["Exordium","TheCity","TheBeyond"],"potions_floor_usage":[11,16,30,33,33,36],"damage_taken":[{"damage":0,"enemies":"Jaw Worm","floor":1,"turns":1},{"damage":0,"enemies":"Small Slimes","floor":4,"turns":2},{"damage":0,"enemies":"3 Sentries","floor":6,"turns":1},{"damage":0,"enemies":"Cultist","floor":10,"turns":2},{"damage":0,"enemies":"Red Slaver","floor":11,"turns":1},{"damage":5,"enemies":"Looter","floor":12,"turns":3},{"damage":0,"enemies":"Large Slime","floor":14,"turns":4},{"damage":0,"enemies":"Slime Boss","floor":16,"turns":4},{"damage":0,"enemies":"Chosen","floor":18,"turns":3},{"damage":14,"enemies":"2 Thieves","floor":24,"turns":3},{"damage":22,"enemies":"Sentry and Sphere","floor":25,"turns":3},{"damage":13,"enemies":"Snake Plant","floor":29,"turns":3},{"damage":5,"enemies":"3 Cultists","floor":30,"turns":2},{"damage":0,"enemies":"Centurion and Healer","floor":31,"turns":2},{"damage":46,"enemies":"Automaton","floor":33,"turns":5},{"damage":30,"enemies":"3 Darklings","floor":35,"turns":5},{"damage":4,"enemies":"Orb Walker","floor":36,"turns":5},{"damage":46,"enemies":"Nemesis","floor":42,"turns":7},{"damage":26,"enemies":"Reptomancer","floor":44,"turns":3}],"seed_played":"7392157013678261789","potions_obtained":[{"floor":4,"key":"SpeedPotion"},{"floor":10,"key":"Fire Potion"},{"floor":11,"key":"BottledMiracle"},{"floor":14,"key":"PowerPotion"},{"floor":25,"key":"DuplicationPotion"},{"floor":30,"key":"Dexterity Potion"},{"floor":35,"key":"StancePotion"},{"floor":42,"key":"Strength Potion"}],"is_trial":false,"path_per_floor":["M","?","$","M","?","E","$","R","T","M","M","M","$","M","R","B",null,"M","$","?","?","?","R","M","M","T","?","?","M","M","M","R","B",null,"M","M","$","?","?","R","?","E","T","E"],"character_chosen":"WATCHER","items_purchased":["Ragnarok","Whetstone","Evaluate","Bag of Marbles","Orrery"],"campfire_rested":2,"item_purchase_floors":[3,7,13,19,37],"current_hp_per_floor":[72,72,72,72,72,72,72,72,72,72,72,67,67,67,67,72,72,72,72,72,72,72,72,58,36,36,36,36,23,23,23,44,8,72,42,43,43,43,43,64,64,18,18,0,0],"gold":52,"neow_bonus":"THREE_ENEMY_KILL","is_daily":false,"chose_seed":false,"campfire_upgraded":3,"win_rate":0.0,"timestamp":1609278453,"path_taken":["M","?","$","M","?","E","$","R","T","M","M","?","?","M","R","BOSS","M","$","?","?","?","R","M","?","T","?","?","?","?","M","R","BOSS","M","M","$","?","?","R","?","E","T","E"],"items_purchased_type":["Card","Relic","Card","Relic","Relic"],"build_version":"2020-12-22","purchased_purges":4,"victory":false,"max_hp_per_floor":[72,72,72,72,72,72,72,72,72,72,72,72,72,72,72,72,72,72,72,72,72,72,72,72,72,72,72,72,72,72,72,72,72,72,72,72,72,72,72,72,72,72,72,72,72],"card_choices":[{"not_picked":["Halt","Protect"],"picked":"Tantrum","floor":1},{"not_picked":["FearNoEvil","Weave"],"picked":"Crescendo","floor":4},{"not_picked":["FlyingSleeves","InnerPeace"],"picked":"Scrawl","floor":6},{"not_picked":["PathToVictory","Consecrate"],"picked":"JustLucky","floor":10},{"not_picked":["PathToVictory","LikeWater"],"picked":"EmptyBody","floor":11},{"not_picked":["Prostrate","SignatureMove","EmptyMind"],"picked":"SKIP","floor":12},{"not_picked":["WaveOfTheHand","CutThroughFate"],"picked":"Evaluate","floor":14},{"not_picked":["Devotion","Ragnarok"],"picked":"Wish","floor":16},{"not_picked":["JustLucky","Crescendo+1","Protect+1"],"picked":"SKIP","floor":18},{"not_picked":["Indignation+1","SignatureMove","BowlingBash"],"picked":"SKIP","floor":24},{"not_picked":["Weave+1","FlurryOfBlows","SashWhip"],"picked":"SKIP","floor":25},{"not_picked":["Indignation","Adaptation"],"picked":"Swivel","floor":29},{"not_picked":["FlurryOfBlows","Alpha"],"picked":"Evaluate","floor":30},{"not_picked":["JustLucky+1","Halt","Evaluate"],"picked":"SKIP","floor":31},{"not_picked":["ConjureBlade","Establishment"],"picked":"SpiritShield","floor":33},{"not_picked":["Perseverance+1","FlyingSleeves+1","Protect"],"picked":"SKIP","floor":35},{"not_picked":["Vengeance+1","EmptyBody","Meditate+1"],"picked":"SKIP","floor":36},{"not_picked":["LessonLearned","Fasting2"],"picked":"DevaForm","floor":37},{"not_picked":["EmptyMind","Protect+1"],"picked":"FollowUp","floor":42}],"player_experience":595728,"relics_obtained":[{"floor":6,"key":"Pen Nib"},{"floor":9,"key":"Toy Ornithopter"},{"floor":26,"key":"StoneCalendar"},{"floor":34,"key":"Damaru"},{"floor":34,"key":"The Courier"},{"floor":34,"key":"Bird Faced Urn"},{"floor":42,"key":"Anchor"},{"floor":43,"key":"Happy Flower"}],"event_choices":[{"damage_healed":0,"gold_gain":175,"player_choice":"AGREE","damage_taken":0,"max_hp_gain":0,"max_hp_loss":0,"event_name":"Liars Game","floor":2,"gold_loss":0,"cards_obtained":["Doubt"]},{"damage_healed":0,"gold_gain":275,"player_choice":"Desecrate","damage_taken":0,"max_hp_gain":0,"max_hp_loss":0,"event_name":"Golden Shrine","floor":5,"gold_loss":0,"cards_obtained":["Regret"]},{"damage_healed":0,"gold_gain":0,"player_choice":"Ignored","damage_taken":0,"max_hp_gain":0,"max_hp_loss":0,"event_name":"Ghosts","floor":20,"gold_loss":0},{"damage_healed":0,"gold_gain":99,"player_choice":"Stole From Cult","damage_taken":0,"max_hp_gain":0,"max_hp_loss":0,"event_name":"Nest","floor":21,"gold_loss":0},{"cards_removed":["Strike_P"],"damage_healed":0,"gold_gain":0,"player_choice":"Offered Basic","damage_taken":0,"max_hp_gain":0,"max_hp_loss":0,"event_name":"Bonfire Elementals","floor":22,"gold_loss":0},{"damage_healed":0,"gold_gain":0,"player_choice":"Obtained Relic","damage_taken":0,"relics_obtained":["Mercury Hourglass"],"max_hp_gain":0,"max_hp_loss":0,"event_name":"Addict","floor":27,"gold_loss":85},{"damage_healed":0,"gold_gain":0,"cards_transformed":["Strike_P"],"player_choice":"Transformed","damage_taken":0,"max_hp_gain":0,"max_hp_loss":0,"event_name":"Transmorgrifier","floor":28,"gold_loss":0,"cards_obtained":["ReachHeaven"]},{"damage_healed":0,"gold_gain":0,"player_choice":"Paid","damage_taken":0,"relics_obtained":["Red Mask"],"max_hp_gain":0,"max_hp_loss":0,"event_name":"Tomb of Lord Red Mask","floor":38,"gold_loss":20},{"damage_healed":0,"gold_gain":0,"player_choice":"Ignored","damage_taken":0,"max_hp_gain":0,"max_hp_loss":0,"event_name":"Mysterious Sphere","floor":39,"gold_loss":0},{"damage_healed":0,"gold_gain":0,"player_choice":"0 cards matched","damage_taken":0,"max_hp_gain":0,"max_hp_loss":0,"event_name":"Match and Keep!","floor":41,"gold_loss":0,"cards_obtained":[]}],"is_beta":false,"boss_relics":[{"not_picked":["Coffee Dripper","SlaversCollar"],"picked":"Cursed Key"},{"not_picked":["Runic Pyramid","Fusion Hammer"],"picked":"Calling Bell"}],"items_purged_floors":[3,7,13,37],"is_endless":false,"potions_floor_spawned":[4,10,11,14,25,30,31,35,42],"killed_by":"Reptomancer","ascension_level":3}}