{"host":"eydwxg59205c3vtl","time":1609259920,"event":{"mods":["2.2 Compatiblity","BaseMod","Colored Map","Colored Powertips","Hubris","Minty Spire (QoL Compilation)","StSLib","The Necromancer"],"gold_per_floor":[116,116,116,41,116,152,172,172,251,275,275,275,275,316,316,442,442,466,466,485,205,218,256,256,556,556,556,587,605,645,686,686,805,805,824,888,951,738,738,782,782,817,843,843,870,901,901,506,506,456],"floor_reached":51,"playtime":1945,"items_purged":["Injury","Strike_B","Defend_B","Defend_B"],"score":1023,"play_id":"261e5cdc-6642-43c2-9aea-6281f792c470","local_time":"20201229113840","is_ascension_mode":true,"campfire_choices":[{"floor":8.0,"key":"REST"},{"data":"Dualcast","floor":12.0,"key":"SMITH"},{"data":"hubris:Ukulele","floor":15.0,"key":"SMITH"},{"data":"Reinforced Body","floor":24.0,"key":"SMITH"},{"floor":32.0,"key":"REST"},{"data":"hubris:DoWhile","floor":41.0,"key":"SMITH"},{"data":"Fusion","floor":44,"key":"SMITH"},{"data":"Ball Lightning","floor":47,"key":"SMITH"},{"floor":49,"key":"REST"}],"circlet_count":0,"master_deck":["Defend_B","Zap+1","Dualcast+1","Capacitor","hubris:Ukulele+1","Reinforced Body+1","Self Repair","Electrodynamics+1","Ball Lightning+1","Redo+1","Turbo","Barrage","Conserve Battery","Meteor Strike","hubris:DoWhile+1","Fusion+1","Barrage+1","Defragment+1","Panacea","Leap"],"relics":["Cracked Core","Golden Idol","Du-Vu Doll","InkBottle","Meat on the Bone","hubris:Towel","hubris:PeanutButter","Nuclear Battery","Membership Card","hubris:BallOfYels","StoneCalendar","Runic Capacitor","Chemical X","Old Coin","Frozen Egg 2","hubris:SoftwareUpdate","Bottled Lightning","Red Mask","Empty Cage","Torii","WingedGreaves","hubris:Zylophone","hubris:Icosahedron","Ice Cream","Ancient Tea Set","Art of War","Blood Vial","hubris:DeckOfHolding","hubris:SlimyHat","Bag of Marbles","Toolbox"],"acts_visited":["Exordium","TheCity","TheBeyond"],"potions_floor_usage":[42,50,50,50],"damage_taken":[{"damage":2.0,"enemies":"Jaw Worm","floor":1.0,"turns":3.0},{"damage":46.0,"enemies":"Gremlin Nob","floor":6.0,"turns":5.0},{"damage":4.0,"enemies":"Small Slimes","floor":7.0,"turns":2.0},{"damage":0.0,"enemies":"2 Louse","floor":10.0,"turns":2.0},{"damage":16.0,"enemies":"Lagavulin","floor":14.0,"turns":7.0},{"damage":17.0,"enemies":"Slime Boss","floor":16.0,"turns":9.0},{"damage":21.0,"enemies":"2 Thieves","floor":18.0,"turns":3.0},{"damage":3.0,"enemies":"Spheric Guardian","floor":20.0,"turns":3.0},{"damage":6.0,"enemies":"Snake Plant","floor":22.0,"turns":3.0},{"damage":5.0,"enemies":"Gremlin Leader","floor":23.0,"turns":4.0},{"damage":18.0,"enemies":"Slavers","floor":28.0,"turns":3.0},{"damage":0.0,"enemies":"3 Cultists","floor":29.0,"turns":3.0},{"damage":0.0,"enemies":"Gremlin Leader","floor":30.0,"turns":4.0},{"damage":0.0,"enemies":"Masked Bandits","floor":31.0,"turns":2.0},{"damage":0.0,"enemies":"Champ","floor":33.0,"turns":6.0},{"damage":2.0,"enemies":"Orb Walker","floor":35.0,"turns":3.0},{"damage":1.0,"enemies":"2 Orb Walkers","floor":36.0,"turns":3.0},{"damage":0.0,"enemies":"Mind Bloom Boss Battle","floor":37.0,"turns":3.0},{"damage":3.0,"enemies":"Nemesis","floor":40.0,"turns":5.0},{"damage":13,"enemies":"Reptomancer","floor":42,"turns":4},{"damage":14,"enemies":"Nemesis","floor":46,"turns":5},{"damage":29,"enemies":"hubris:GrandSnecko","floor":50,"turns":5}],"seed_played":"1299079442121582447","potions_obtained":[{"floor":6.0,"key":"SteroidPotion"},{"floor":10.0,"key":"SteroidPotion"},{"floor":18.0,"key":"Swift Potion"},{"floor":20.0,"key":"FearPotion"},{"floor":23.0,"key":"Ancient Potion"},{"floor":29.0,"key":"FocusPotion"},{"floor":31.0,"key":"Regen Potion"},{"floor":37.0,"key":"Fire Potion"},{"floor":42,"key":"CultistPotion"}],"is_trial":false,"path_per_floor":["M","?","?","$","?","E","M","R","T","M","T","R","?","E","R","B",null,"M","?","M","$","M","E","R","$","T","?","E","M","E","?","R","B",null,"M","?","?","$","?","E","R","E","T","R","T","E","R","$","R","B",null],"character_chosen":"DEFECT","items_purchased":["Membership Card","hubris:BallOfYels","Runic Capacitor","Chemical X","Old Coin","hubris:Zylophone","FocusPotion","hubris:SlimyHat","Bag of Marbles","Toolbox","Panacea","Leap"],"campfire_rested":3,"item_purchase_floors":[21,21,25,25,25,38,48,48,48,48,48,48],"current_hp_per_floor":[73,73,73,73,62,16,12,34,34,34,34,34,34,30,30,32,75,61,61,58,58,59,61,61,21,21,21,22,41,48,48,70,75,75,75,75,75,75,75,75,75,62,62,62,62,57,57,57,75,51],"gold":456,"neow_bonus":"REMOVE_CARD","is_daily":false,"chose_seed":false,"campfire_upgraded":6,"win_rate":0.0,"timestamp":1609259920,"path_taken":["M","?","?","$","?","E","M","R","T","?","?","R","?","E","R","BOSS","M","?","M","$","M","E","R","?","T","?","E","M","E","?","R","BOSS","M","?","?","$","?","E","R","E","T","R","?","E","R","$","R","BOSS"],"items_purchased_type":["Relic","Relic","Relic","Relic","Relic","Relic","Potion","Relic","Relic","Relic","Card","Card"],"build_version":"2020-12-22","purchased_purges":4,"victory":true,"max_hp_per_floor":[75,75,75,75,75,75,75,75,75,75,75,75,75,75,75,75,75,75,75,75,75,75,75,75,75,75,75,75,75,75,75,75,75,75,75,75,75,75,75,75,75,75,75,75,75,75,75,75,75,75],"card_choices":[{"not_picked":["Beam Cell","Auto Shields"],"picked":"Capacitor","floor":1.0},{"not_picked":["Steam","Seek"],"picked":"hubris:Ukulele","floor":6.0},{"not_picked":["Hologram","Redo"],"picked":"Reinforced Body","floor":7.0},{"not_picked":["Aggregate","Beam Cell","Rebound"],"picked":"SKIP","floor":10.0},{"not_picked":["Steam","Gash"],"picked":"Self Repair","floor":14.0},{"not_picked":["Multi-Cast","hubris:Prefetch"],"picked":"Electrodynamics","floor":16.0},{"not_picked":["Redo","Sweeping Beam"],"picked":"Ball Lightning","floor":18.0},{"not_picked":["Skim","Hello World"],"picked":"Redo+1","floor":20.0},{"not_picked":["Redo","Darkness"],"picked":"Turbo","floor":22.0},{"not_picked":["Beam Cell","Storm","Coolheaded"],"picked":"SKIP","floor":23.0},{"not_picked":["Turbo","Sweeping Beam"],"picked":"Barrage","floor":28.0},{"not_picked":["Blizzard","Static Discharge+1"],"picked":"Conserve Battery","floor":29.0},{"not_picked":["Beam Cell","Steam","Compile Driver"],"picked":"SKIP","floor":30.0},{"not_picked":["Scrape","Self Repair+1"],"picked":"Meteor Strike","floor":31.0},{"not_picked":["Amplify","Fission"],"picked":"hubris:DoWhile","floor":33.0},{"not_picked":["Stack+1","Hologram","Rebound"],"picked":"SKIP","floor":35.0},{"not_picked":["Scrape+1","Turbo+1"],"picked":"Fusion","floor":36.0},{"not_picked":["Chill","Self Repair+1","Steam"],"picked":"SKIP","floor":40.0},{"not_picked":["Cold Snap+1","Stack"],"picked":"Barrage+1","floor":42},{"not_picked":["Turbo+1","Stack+1"],"picked":"Defragment+1","floor":46}],"player_experience":563256,"relics_obtained":[{"floor":6.0,"key":"Du-Vu Doll"},{"floor":9.0,"key":"InkBottle"},{"floor":11.0,"key":"Meat on the Bone"},{"floor":14.0,"key":"hubris:PeanutButter"},{"floor":23.0,"key":"StoneCalendar"},{"floor":26.0,"key":"Frozen Egg 2"},{"floor":28.0,"key":"hubris:SoftwareUpdate"},{"floor":30.0,"key":"Bottled Lightning"},{"floor":31.0,"key":"Red Mask"},{"floor":36.0,"key":"Torii"},{"floor":37.0,"key":"WingedGreaves"},{"floor":40.0,"key":"Ice Cream"},{"floor":42,"key":"Ancient Tea Set"},{"floor":43,"key":"Art of War"},{"floor":45,"key":"Blood Vial"},{"floor":46,"key":"hubris:DeckOfHolding"}],"event_choices":[{"damage_healed":0.0,"max_hp_gain":0.0,"max_hp_loss":0.0,"gold_gain":0.0,"event_name":"Golden Idol","player_choice":"Take Wound","floor":2.0,"gold_loss":0.0,"damage_taken":0.0,"relics_obtained":["Golden Idol"],"cards_obtained":["Injury"]},{"damage_healed":0.0,"max_hp_gain":0.0,"max_hp_loss":0.0,"gold_gain":75.0,"event_name":"World of Goop","player_choice":"Gather Gold","floor":5.0,"gold_loss":0.0,"damage_taken":11.0},{"damage_healed":0.0,"max_hp_gain":0.0,"max_hp_loss":0.0,"gold_gain":0.0,"event_name":"Accursed Blacksmith","player_choice":"Forge","floor":19.0,"gold_loss":0.0,"damage_taken":0.0,"cards_upgraded":["Electrodynamics"]},{"cards_removed":["Strike_B"],"damage_healed":0.0,"max_hp_gain":0.0,"max_hp_loss":0.0,"gold_gain":0.0,"event_name":"Back to Basics","player_choice":"Elegance","floor":27.0,"gold_loss":0.0,"damage_taken":0.0},{"damage_healed":0.0,"max_hp_gain":0.0,"max_hp_loss":0.0,"gold_gain":0.0,"event_name":"Masked Bandits","player_choice":"Fought Bandits","floor":31.0,"gold_loss":0.0,"damage_taken":0.0},{"damage_healed":0.0,"max_hp_gain":0.0,"max_hp_loss":0.0,"gold_gain":0.0,"event_name":"Mysterious Sphere","player_choice":"Fight","floor":36.0,"gold_loss":0.0,"damage_taken":0.0},{"damage_healed":0.0,"max_hp_gain":0.0,"max_hp_loss":0.0,"gold_gain":0.0,"event_name":"MindBloom","player_choice":"Fight","floor":37.0,"gold_loss":0.0,"damage_taken":0.0}],"is_beta":false,"boss_relics":[{"not_picked":["hubris:HollowSoul","FrozenCore"],"picked":"Nuclear Battery"},{"not_picked":["Runic Pyramid","hubris:RunicObelisk"],"picked":"Empty Cage"}],"items_purged_floors":[4,21,38,48],"is_endless":false,"potions_floor_spawned":[6,10,18,20,23,29,31,37,40,42],"ascension_level":2}}