{"host":"no7tmdlkog7hsozz","time":1609275948,"event":{"mods":["Arknights The Spire","BaseMod","Better Sensory Stone","Challenge The Spire","Colored Map","Conspire","Downfall","Duelist Mod","Halation","Hermit","Hero for Fun","Hubris","Infinite Spire","Jorbs\u0027s Wanderer Trilogy","Minty Spire (QoL Compilation)","Replay The Spire","Robot Space Explorer","Shop Mod","StSLib","The Blackbeard","The Disciple","The Exalted","The Hayseed","The Mystic","The Poker Player","The Runesmith","The Servant 0.9.4","vexMod"],"gold_per_floor":[117,136,153,171,264,264,264,264],"floor_reached":6,"playtime":321,"items_purged":[],"score":38,"play_id":"8bd21f4f-e335-4b7b-8766-fadc96151d41","local_time":"20201229160548","is_ascension_mode":false,"campfire_choices":[],"circlet_count":0,"master_deck":["blackbeard:BlackbeardStrike","blackbeard:BlackbeardStrike","blackbeard:BlackbeardStrike","blackbeard:BlackbeardStrike","blackbeard:IntimidatingStrike","blackbeard:BlackbeardDefend","blackbeard:BlackbeardDefend","blackbeard:BlackbeardDefend","blackbeard:BlackbeardDefend","blackbeard:Cutlass","blackbeard:Shrapnel","blackbeard:SmithingHammer","blackbeard:Sword","blackbeard:Spear","blackbeard:Sharpening","blackbeard:GoldenCannonball"],"relics":["blackbeard:LoadTheCannons","halation:AfternoonTea"],"acts_visited":["Exordium"],"potions_floor_usage":[],"damage_taken":[{"damage":1,"enemies":"Cultist","floor":1,"turns":3},{"damage":3,"enemies":"2 Louse","floor":2,"turns":2},{"damage":11,"enemies":"Jaw Worm","floor":3,"turns":2},{"damage":9,"enemies":"Exordium Wildlife","floor":4,"turns":3},{"damage":28,"enemies":"Lagavulin","floor":6,"turns":5}],"seed_played":"6868976145129542667","potions_obtained":[{"floor":2,"key":"Block Potion"}],"is_trial":false,"path_per_floor":["M","M","M","M","?","E"],"character_chosen":"BLACKBEARD_CLASS","items_purchased":[],"campfire_rested":0,"item_purchase_floors":[],"current_hp_per_floor":[81,78,67,58,26,0,0,0],"gold":264,"neow_bonus":"TEN_PERCENT_HP_BONUS","is_daily":false,"chose_seed":false,"campfire_upgraded":0,"win_rate":0.0,"timestamp":1609275948,"path_taken":["M","?","M","M","?","E"],"items_purchased_type":[],"build_version":"2020-12-22","purchased_purges":0,"victory":false,"max_hp_per_floor":[82,82,82,82,82,82,82,82],"card_choices":[{"not_picked":["blackbeard:BlindAttacks","blackbeard:DangerousBlow"],"picked":"blackbeard:Shrapnel","floor":1},{"not_picked":["blackbeard:PirateHook","blackbeard:TacticalRetreat"],"picked":"blackbeard:SmithingHammer","floor":2},{"not_picked":["blackbeard:FieryDefense","blackbeard:GhostInTheRum"],"picked":"blackbeard:Sword","floor":3},{"not_picked":["blackbeard:TerrorOfTheSeas","blackbeard:Fencing"],"picked":"blackbeard:Spear","floor":4},{"not_picked":["blackbeard:TacticalRetreat","blackbeard:Shrapnel"],"picked":"blackbeard:Sharpening","floor":5},{"not_picked":["blackbeard:Intoxication","blackbeard:CloakAndCannonball"],"picked":"blackbeard:GoldenCannonball","floor":5}],"player_experience":571679,"relics_obtained":[{"floor":5,"key":"halation:AfternoonTea"}],"event_choices":[],"is_beta":false,"boss_relics":[],"items_purged_floors":[],"is_endless":false,"potions_floor_spawned":[2],"killed_by":"Lagavulin","ascension_level":0}}