{"host":"w5ovz9boloi14a0g","time":1609278190,"event":{"mods":["BaseMod","Googly Eyes","Minty Spire (QoL Compilation)","StSLib","SuperFastMode"],"gold_per_floor":[116,116,130,147,158,158,184,149,199,210,285,319,319,644,644,744,744,760,791,791,810,414,414,431,448,448,482,582,601,601,613,613,708,708,724,743,760,435,485,485,182,182,206,220,231,231,250,266,266,266],"floor_reached":51,"playtime":2519,"items_purged":["Armaments+1"],"score":766,"play_id":"9eaf77de-72ca-43ff-9916-164795453bd7","local_time":"20201229154310","is_ascension_mode":false,"campfire_choices":[{"data":"Armaments","floor":6,"key":"SMITH"},{"data":"Clothesline","floor":13,"key":"SMITH"},{"data":"Bash","floor":15,"key":"SMITH"},{"floor":23,"key":"REST"},{"floor":30,"key":"REST"},{"data":"Pommel Strike","floor":32,"key":"SMITH"},{"data":"Inflame","floor":40,"key":"SMITH"},{"floor":49,"key":"REST"}],"circlet_count":0,"master_deck":["Strike_R","Strike_R","Strike_R","Strike_R","Strike_R","Defend_R","Defend_R","Defend_R","Bash+1","Clothesline+1","Pommel Strike","Battle Trance","Cleave+1","Pommel Strike+1","Evolve","Uppercut+1","Inflame+1","Fire Breathing","Apotheosis+1","Madness+1","Madness+1"],"relics":["Burning Blood","Blue Candle","Vajra","Bag of Marbles","Old Coin","Mark of Pain","Red Mask","Pear","Happy Flower","Bag of Preparation","Eternal Feather","Mango","Toxic Egg 2","Busted Crown","Champion Belt","StoneCalendar","Lantern"],"acts_visited":["Exordium","TheCity","TheBeyond"],"potions_floor_usage":[16],"damage_taken":[{"damage":5,"enemies":"Small Slimes","floor":1,"turns":4},{"damage":4,"enemies":"Cultist","floor":3,"turns":4},{"damage":5,"enemies":"Jaw Worm","floor":4,"turns":4},{"damage":2,"enemies":"3 Louse","floor":5,"turns":5},{"damage":15,"enemies":"3 Sentries","floor":7,"turns":12},{"damage":5,"enemies":"2 Fungi Beasts","floor":10,"turns":4},{"damage":24,"enemies":"Gremlin Nob","floor":12,"turns":4},{"damage":19,"enemies":"3 Sentries","floor":14,"turns":10},{"damage":17,"enemies":"The Guardian","floor":16,"turns":15},{"damage":9,"enemies":"3 Byrds","floor":18,"turns":7},{"damage":34,"enemies":"Masked Bandits","floor":19,"turns":5},{"damage":12,"enemies":"2 Thieves","floor":21,"turns":3},{"damage":15,"enemies":"3 Cultists","floor":24,"turns":5},{"damage":15,"enemies":"Snake Plant","floor":25,"turns":4},{"damage":19,"enemies":"Gremlin Leader","floor":27,"turns":9},{"damage":29,"enemies":"Colosseum Slavers","floor":28,"turns":5},{"damage":24,"enemies":"Colosseum Nobs","floor":28,"turns":4},{"damage":0,"enemies":"Centurion and Healer","floor":29,"turns":5},{"damage":1,"enemies":"Chosen and Byrds","floor":31,"turns":5},{"damage":73,"enemies":"Collector","floor":33,"turns":12},{"damage":6,"enemies":"3 Darklings","floor":35,"turns":5},{"damage":6,"enemies":"Orb Walker","floor":36,"turns":3},{"damage":25,"enemies":"Maw","floor":37,"turns":7},{"damage":20,"enemies":"Mind Bloom Boss Battle","floor":39,"turns":5},{"damage":23,"enemies":"Sphere and 2 Shapes","floor":44,"turns":7},{"damage":0,"enemies":"Transient","floor":45,"turns":5},{"damage":9,"enemies":"Jaw Worm Horde","floor":47,"turns":3},{"damage":18,"enemies":"Writhing Mass","floor":48,"turns":4},{"damage":62,"enemies":"Donu and Deca","floor":50,"turns":7}],"seed_played":"-3301153487266371470","potions_obtained":[{"floor":2,"key":"ColorlessPotion"},{"floor":2,"key":"SneckoOil"},{"floor":2,"key":"AttackPotion"},{"floor":16,"key":"LiquidMemories"}],"is_trial":false,"path_per_floor":["M","?","M","M","M","R","E","?","T","M","?","E","R","E","R","B",null,"M","?","?","M","$","R","M","M","T","E","?","M","R","M","R","B",null,"M","M","M","$","?","R","$","?","T","M","M","?","M","M","R","B",null],"character_chosen":"IRONCLAD","items_purchased":["Pear","Happy Flower","Fire Breathing","Apotheosis+1","StoneCalendar"],"campfire_rested":3,"item_purchase_floors":[22,22,38,38,41],"current_hp_per_floor":[73,73,75,76,80,80,71,95,95,96,85,67,67,54,54,43,96,93,65,65,59,69,100,91,82,82,69,42,48,93,98,107,40,120,120,120,101,101,87,99,99,84,84,67,73,73,70,58,106,50],"gold":266,"neow_bonus":"TWENTY_PERCENT_HP_BONUS","is_daily":false,"chose_seed":false,"campfire_upgraded":5,"win_rate":0.0,"timestamp":1609278190,"path_taken":["M","?","M","M","?","R","E","?","T","M","?","E","R","E","R","BOSS","M","?","?","M","$","R","M","?","T","E","?","M","R","M","R","BOSS","M","M","M","$","?","R","?","?","T","M","M","?","M","M","R","BOSS"],"items_purchased_type":["Relic","Relic","Card","Card","Relic"],"build_version":"2020-12-22","purchased_purges":1,"victory":true,"max_hp_per_floor":[96,96,96,96,96,96,96,96,96,96,96,96,96,96,96,96,96,96,96,96,96,106,106,106,106,106,106,120,120,120,120,120,120,120,120,120,120,120,120,120,120,120,120,120,120,120,120,120,120,120],"card_choices":[{"not_picked":["Iron Wave","Pummel"],"picked":"Clothesline","floor":1},{"not_picked":["Sword Boomerang","Perfected Strike"],"picked":"Armaments","floor":3},{"not_picked":["Thunderclap","Headbutt","Clash"],"picked":"SKIP","floor":4},{"not_picked":["Body Slam","Warcry","Rupture"],"picked":"SKIP","floor":5},{"not_picked":["Carnage","Infernal Blade"],"picked":"Pommel Strike","floor":7},{"not_picked":["Shrug It Off","Pommel Strike","Thunderclap"],"picked":"SKIP","floor":10},{"not_picked":["Combust","Anger"],"picked":"Battle Trance","floor":12},{"not_picked":["Clothesline","Heavy Blade","Infernal Blade"],"picked":"SKIP","floor":14},{"not_picked":["Havoc","Clothesline","Iron Wave+1"],"picked":"SKIP","floor":18},{"not_picked":["True Grit","Rupture"],"picked":"Cleave+1","floor":19},{"not_picked":["Pummel+1","Havoc+1","Second Wind+1"],"picked":"SKIP","floor":21},{"not_picked":["Body Slam","Thunderclap+1","Armaments"],"picked":"SKIP","floor":24},{"not_picked":["Armaments","Shrug It Off","Limit Break"],"picked":"SKIP","floor":25},{"not_picked":["Twin Strike","Rupture+1"],"picked":"Evolve","floor":27},{"not_picked":["Body Slam","Thunderclap"],"picked":"Uppercut+1","floor":28},{"not_picked":["Cleave+1","Second Wind+1","Pommel Strike"],"picked":"SKIP","floor":29},{"not_picked":["Sever Soul","Clash","Feel No Pain+1"],"picked":"SKIP","floor":31},{"not_picked":["Havoc+1"],"picked":"SKIP","floor":35},{"not_picked":[],"picked":"Inflame","floor":36},{"not_picked":["Infernal Blade+1"],"picked":"SKIP","floor":37},{"not_picked":["Armaments+1"],"picked":"SKIP","floor":44},{"not_picked":["True Grit+1"],"picked":"SKIP","floor":45},{"not_picked":["Thunderclap+1"],"picked":"SKIP","floor":47},{"not_picked":["Thunderclap"],"picked":"SKIP","floor":48}],"player_experience":32266,"relics_obtained":[{"floor":7,"key":"Blue Candle"},{"floor":9,"key":"Vajra"},{"floor":12,"key":"Bag of Marbles"},{"floor":14,"key":"Old Coin"},{"floor":19,"key":"Red Mask"},{"floor":26,"key":"Bag of Preparation"},{"floor":27,"key":"Eternal Feather"},{"floor":28,"key":"Mango"},{"floor":28,"key":"Toxic Egg 2"},{"floor":39,"key":"Champion Belt"},{"floor":43,"key":"Lantern"}],"event_choices":[{"damage_healed":0,"gold_gain":0,"player_choice":"Got Potions","damage_taken":0,"max_hp_gain":0,"max_hp_loss":0,"event_name":"Lab","floor":2,"gold_loss":0},{"damage_healed":24,"gold_gain":0,"player_choice":"Healed","damage_taken":0,"max_hp_gain":0,"max_hp_loss":0,"event_name":"The Cleric","floor":8,"gold_loss":35},{"damage_healed":0,"gold_gain":75,"player_choice":"Gather Gold","damage_taken":11,"max_hp_gain":0,"max_hp_loss":0,"event_name":"World of Goop","floor":11,"gold_loss":0},{"damage_healed":0,"gold_gain":0,"player_choice":"Fought Bandits","damage_taken":0,"max_hp_gain":0,"max_hp_loss":0,"event_name":"Masked Bandits","floor":19,"gold_loss":0},{"damage_healed":0,"gold_gain":0,"player_choice":"Copied","damage_taken":0,"max_hp_gain":0,"max_hp_loss":0,"event_name":"Duplicator","floor":20,"gold_loss":0,"cards_obtained":["Pommel Strike"]},{"damage_healed":0,"gold_gain":0,"player_choice":"Fight","damage_taken":0,"max_hp_gain":0,"max_hp_loss":0,"event_name":"Colosseum","floor":28,"gold_loss":0},{"damage_healed":0,"gold_gain":0,"player_choice":"Fought Nobs","damage_taken":0,"max_hp_gain":0,"max_hp_loss":0,"event_name":"Colosseum","floor":28,"gold_loss":0},{"damage_healed":0,"gold_gain":0,"player_choice":"Fight","damage_taken":0,"max_hp_gain":0,"max_hp_loss":0,"event_name":"MindBloom","floor":39,"gold_loss":0},{"damage_healed":0,"gold_gain":0,"player_choice":"Embrace Madness","damage_taken":15,"max_hp_gain":0,"max_hp_loss":0,"event_name":"Winding Halls","floor":42,"gold_loss":0,"cards_obtained":["Madness","Madness"]},{"cards_removed":["Defend_R"],"damage_healed":0,"gold_gain":0,"player_choice":"Removed Skill","damage_taken":0,"max_hp_gain":0,"max_hp_loss":0,"event_name":"Falling","floor":46,"gold_loss":0}],"is_beta":false,"boss_relics":[{"not_picked":["Astrolabe","Philosopher\u0027s Stone"],"picked":"Mark of Pain"},{"not_picked":["Pandora\u0027s Box","Calling Bell"],"picked":"Busted Crown"}],"items_purged_floors":[38],"is_endless":false,"potions_floor_spawned":[3,5,10,12,16,18,25,28,33,35,36,45,48],"ascension_level":0}}