{"host":"2m78pqva0leqn903","time":1609259820,"event":{"mods":["BaseMod","Minty Spire (QoL Compilation)","StSLib","TestMod"],"gold_per_floor":[119,139,159,159,84,114,114,152,152,152,192,192,117,130,130,212,212,235,235,135,156,156,206,222,97,122,159,159,194,218,218,218,308,308,329,8,41,41,61,95,111,148,226,242,277,301,320,343,343,372,387],"floor_reached":52,"playtime":2254,"items_purged":["Defend_R","Strike_R","Defend_R"],"score":2269,"play_id":"a59135ab-4469-46a5-ab9d-2c5a32746cdb","local_time":"20201230003700","is_ascension_mode":true,"campfire_choices":[{"data":"Flex","floor":7.0,"key":"SMITH"},{"data":"Sword Boomerang","floor":15.0,"key":"SMITH"},{"data":"Shockwave","floor":28.0,"key":"SMITH"},{"data":"Offering","floor":32.0,"key":"SMITH"},{"data":"Flex","floor":49.0,"key":"SMITH"}],"circlet_count":0,"master_deck":["AscendersBane","Flex+1","Sword Boomerang+1","Flex+1"],"relics":["Burning Blood","testmod-GiftOfSatan","NeowsBlessing","testmod-TestBox","testmod-TheFather","Bottled Flame","testmod-HeartOfStrike","Paper Frog","Coffee Dripper","Bag of Preparation","Happy Flower","testmod-Acrobat","PreservedInsect","testmod-KeyOfTheVoid","Ice Cream","Bag of Marbles","Bronze Scales","Question Card","Anchor"],"acts_visited":["Exordium","TheCity","TheBeyond"],"potions_floor_usage":[51,51],"damage_taken":[{"damage":0.0,"enemies":"2 Louse","floor":1.0,"turns":1.0},{"damage":0.0,"enemies":"Jaw Worm","floor":2.0,"turns":1.0},{"damage":4.0,"enemies":"Small Slimes","floor":3.0,"turns":2.0},{"damage":29.0,"enemies":"Gremlin Nob","floor":6.0,"turns":4.0},{"damage":15.0,"enemies":"Lagavulin","floor":8.0,"turns":4.0},{"damage":10.0,"enemies":"3 Sentries","floor":11.0,"turns":2.0},{"damage":6.0,"enemies":"2 Fungi Beasts","floor":14.0,"turns":2.0},{"damage":5.0,"enemies":"The Guardian","floor":16.0,"turns":5.0},{"damage":28.0,"enemies":"2 Thieves","floor":18.0,"turns":3.0},{"damage":6.0,"enemies":"3 Byrds","floor":21.0,"turns":2.0},{"damage":25.0,"enemies":"Gremlin Leader","floor":23.0,"turns":4.0},{"damage":0.0,"enemies":"Snecko","floor":24.0,"turns":2.0},{"damage":16.0,"enemies":"Book of Stabbing","floor":27.0,"turns":2.0},{"damage":7.0,"enemies":"Slavers","floor":29.0,"turns":2.0},{"damage":6.0,"enemies":"Sentry and Sphere","floor":30.0,"turns":1.0},{"damage":18.0,"enemies":"Champ","floor":33.0,"turns":4.0},{"damage":0.0,"enemies":"3 Shapes","floor":35.0,"turns":1.0},{"damage":0.0,"enemies":"3 Darklings","floor":37.0,"turns":1.0},{"damage":6.0,"enemies":"Maw","floor":39.0,"turns":1.0},{"damage":6.0,"enemies":"Giant Head","floor":40.0,"turns":2.0},{"damage":28.0,"enemies":"4 Shapes","floor":41.0,"turns":1.0},{"damage":6.0,"enemies":"Nemesis","floor":42.0,"turns":1.0},{"damage":0.0,"enemies":"Sphere and 2 Shapes","floor":44.0,"turns":1.0},{"damage":0.0,"enemies":"Reptomancer","floor":45.0,"turns":1.0},{"damage":0.0,"enemies":"Jaw Worm Horde","floor":46.0,"turns":2.0},{"damage":3.0,"enemies":"Maw","floor":47.0,"turns":3.0},{"damage":22.0,"enemies":"4 Shapes","floor":48.0,"turns":2.0},{"damage":82.0,"enemies":"Awakened One","floor":50.0,"turns":5.0},{"damage":68,"enemies":"Time Eater","floor":51,"turns":5}],"seed_played":"-2379840529336776294","potions_obtained":[{"floor":11.0,"key":"ElixirPotion"},{"floor":18.0,"key":"ElixirPotion"},{"floor":23.0,"key":"BloodPotion"},{"floor":24.0,"key":"PowerPotion"},{"floor":30.0,"key":"FearPotion"},{"floor":40.0,"key":"Energy Potion"},{"floor":46.0,"key":"CultistPotion"}],"is_trial":false,"path_per_floor":["M","M","M","?","?","E","R","E","T","?","E","?","$","M","R","B",null,"M","?","$","M","?","E","M","$","T","E","R","E","M","?","R","B",null,"M","$","M","?","M","E","M","E","T","M","E","M","M","M","R","B","B",null],"character_chosen":"IRONCLAD","items_purchased":["Ice Cream"],"campfire_rested":0,"item_purchase_floors":[36],"current_hp_per_floor":[74,75,75,75,75,66,66,57,57,33,29,22,22,22,22,23,66,44,44,44,44,44,44,50,50,50,85,85,84,90,63,63,95,95,95,95,95,95,95,95,73,73,73,86,92,110,110,106,106,30,10],"gold":387,"neow_bonus":"THREE_ENEMY_KILL","is_daily":false,"chose_seed":false,"campfire_upgraded":5,"win_rate":0.0,"timestamp":1609259820,"path_taken":["M","M","M","?","?","E","R","E","T","?","E","?","$","M","R","BOSS","M","?","$","M","?","E","M","?","T","E","R","E","?","?","R","BOSS","M","$","M","?","M","E","M","E","T","M","E","M","?","M","R","BOSS","BOSS"],"items_purchased_type":["Relic"],"build_version":"2020-12-22","purchased_purges":3,"victory":true,"max_hp_per_floor":[75,75,75,75,75,80,80,80,80,80,80,80,80,80,80,80,80,80,80,80,80,80,80,80,80,80,85,85,85,90,95,95,95,95,95,95,95,95,95,95,95,95,95,100,100,110,110,118,118,118,118],"card_choices":[{"not_picked":["Twin Strike","Sword Boomerang"],"picked":"Flex","floor":1.0},{"not_picked":["Second Wind","Rupture"],"picked":"Shockwave","floor":2.0},{"not_picked":["Metallicize","Pommel Strike"],"picked":"Sword Boomerang","floor":3.0},{"not_picked":["Thunderclap","Warcry","Reaper"],"picked":"SKIP","floor":6.0},{"not_picked":["Iron Wave","Reckless Charge","Anger"],"picked":"SKIP","floor":8.0},{"not_picked":["Clothesline","Intimidate","Disarm"],"picked":"SKIP","floor":11.0},{"not_picked":["Cleave","Flame Barrier","Shrug It Off"],"picked":"SKIP","floor":14.0},{"not_picked":["Rupture","Clash","Body Slam"],"picked":"SKIP","floor":18.0},{"not_picked":["Flex","Spot Weakness","Perfected Strike+1"],"picked":"SKIP","floor":21.0},{"not_picked":["Thunderclap","Clothesline","Havoc"],"picked":"SKIP","floor":23.0},{"not_picked":["Clothesline","Twin Strike+1"],"picked":"Offering","floor":24.0},{"not_picked":["Heavy Blade","Dual Wield"],"picked":"Flex+1","floor":27.0},{"not_picked":["Rupture+1","Shrug It Off"],"picked":"Impervious","floor":29.0},{"not_picked":["Perfected Strike","Hemokinesis","Havoc"],"picked":"SKIP","floor":30.0},{"not_picked":["Bludgeon","Fiend Fire"],"picked":"Exhume","floor":33.0},{"not_picked":["Armaments","Body Slam"],"picked":"Sword Boomerang","floor":35.0},{"not_picked":["Body Slam","Clash"],"picked":"Impervious","floor":37.0},{"not_picked":["Clothesline","Power Through"],"picked":"Sword Boomerang","floor":39.0},{"not_picked":["Reaper","Wild Strike"],"picked":"Sword Boomerang","floor":40.0},{"not_picked":["Heavy Blade","Reckless Charge"],"picked":"Shockwave","floor":41.0},{"not_picked":["Armaments","Body Slam"],"picked":"Thunderclap+1","floor":42.0},{"not_picked":["Thunderclap","Perfected Strike","Body Slam"],"picked":"Cleave","floor":44.0},{"not_picked":["Twin Strike","Dual Wield","Warcry+1"],"picked":"Shockwave+1","floor":45.0},{"not_picked":["Body Slam","Warcry+1","Rampage+1"],"picked":"Sword Boomerang","floor":46.0},{"not_picked":["Anger","Warcry","Pommel Strike"],"picked":"Feed","floor":47.0},{"not_picked":["Searing Blow","Body Slam","Battle Trance+1"],"picked":"Flex","floor":48.0}],"player_experience":868803,"relics_obtained":[{"floor":6.0,"key":"testmod-TheFather"},{"floor":8.0,"key":"Bottled Flame"},{"floor":9.0,"key":"testmod-HeartOfStrike"},{"floor":11.0,"key":"Paper Frog"},{"floor":23.0,"key":"Bag of Preparation"},{"floor":26.0,"key":"Happy Flower"},{"floor":27.0,"key":"testmod-Acrobat"},{"floor":29.0,"key":"PreservedInsect"},{"floor":40.0,"key":"Bag of Marbles"},{"floor":42.0,"key":"Bronze Scales"},{"floor":43.0,"key":"Question Card"},{"floor":45.0,"key":"Anchor"}],"event_choices":[{"damage_healed":0.0,"max_hp_gain":0.0,"max_hp_loss":0.0,"gold_gain":0.0,"event_name":"给自己的盒子","player_choice":"Swap Relic","floor":4.0,"relics_lost":["testmod-TestBox"],"gold_loss":0.0,"damage_taken":0.0,"relics_obtained":["testmod-TestBox"]},{"cards_removed":["Strike_R"],"damage_healed":0.0,"max_hp_gain":0.0,"max_hp_loss":0.0,"gold_gain":0.0,"event_name":"The Cleric","player_choice":"Card Removal","floor":5.0,"gold_loss":75.0,"damage_taken":0.0},{"damage_healed":0.0,"max_hp_gain":0.0,"max_hp_loss":0.0,"gold_gain":0.0,"event_name":"Shining Light","player_choice":"Entered Light","floor":10.0,"gold_loss":0.0,"damage_taken":24.0,"cards_upgraded":["Defend_R","Strike_R"]},{"cards_removed":["Strike_R"],"damage_healed":0.0,"max_hp_gain":0.0,"max_hp_loss":0.0,"gold_gain":0.0,"event_name":"Golden Wing","player_choice":"Card Removal","floor":12.0,"gold_loss":0.0,"damage_taken":7.0},{"damage_healed":0.0,"max_hp_gain":0.0,"max_hp_loss":0.0,"gold_gain":0.0,"event_name":"Vampires","player_choice":"Ignored","floor":19.0,"gold_loss":0.0,"damage_taken":0.0},{"damage_healed":0.0,"max_hp_gain":0.0,"max_hp_loss":0.0,"gold_gain":0.0,"event_name":"The Library","player_choice":"Read","floor":22.0,"gold_loss":0.0,"damage_taken":0.0,"cards_obtained":["Shrug It Off"]},{"damage_healed":0.0,"max_hp_gain":5.0,"max_hp_loss":0.0,"gold_gain":0.0,"event_name":"Forgotten Altar","player_choice":"Shed Blood","floor":31.0,"gold_loss":0.0,"damage_taken":32.0},{"damage_healed":0.0,"max_hp_gain":0.0,"max_hp_loss":0.0,"gold_gain":0.0,"event_name":"Duplicator","player_choice":"Copied","floor":38.0,"gold_loss":0.0,"damage_taken":0.0,"cards_obtained":["Flex"]}],"is_beta":false,"boss_relics":[{"not_picked":["testmod-Nine","Black Blood"],"picked":"Coffee Dripper"},{"not_picked":["Velvet Choker","Pandora\u0027s Box"],"picked":"testmod-KeyOfTheVoid"}],"items_purged_floors":[13,20,25],"is_endless":false,"potions_floor_spawned":[11,18,23,24,30,40,41,42,46,47,48],"ascension_level":20}}