{"host":"se62q65hiqxz7cab","time":1609204100,"event":{"mods":["Act Like it!","BaseMod","Colored Map","KinomotoSakuraMod(Ä¾Ö®±¾Ó£)","Minty Spire (QoL Compilation)","Replay The Spire","StSLib","The Cursed"],"gold_per_floor":[109,109,109,121,296,296,324,324,324,324,345,370,370,388,388,507,507,522,543,468,468,468],"floor_reached":21,"playtime":1453,"items_purged":[],"score":181,"play_id":"e3ca634d-c8eb-45f0-90b6-0e21a610bc00","local_time":"20201229090820","is_ascension_mode":false,"campfire_choices":[{"data":"TheCursedMod:CursedWand","floor":6,"key":"SMITH"},{"floor":8,"key":"REST"},{"data":"TheCursedMod:CleanUpWorkshop","floor":13,"key":"SMITH"},{"data":"TheCursedMod:ManaCirculation","floor":15,"key":"SMITH"}],"circlet_count":0,"master_deck":["TheCursedMod:Strike_TheCursed","TheCursedMod:Strike_TheCursed","TheCursedMod:Strike_TheCursed","TheCursedMod:Strike_TheCursed","TheCursedMod:Defend_TheCursed+1","TheCursedMod:Defend_TheCursed","TheCursedMod:Defend_TheCursed","TheCursedMod:Defend_TheCursed","TheCursedMod:CursedWand+1","TheCursedMod:CleanUpWorkshop+1","TheCursedMod:Dregs","TheCursedMod:CircleOfFlame","TheCursedMod:CursedShiv","Doubt","TheCursedMod:HellsGateOpen","Injury","TheCursedMod:CircleOfCorruption","TheCursedMod:ManaCirculation+1","TheCursedMod:ForbiddenAlchemy","TheCursedMod:Obscuration","TheCursedMod:WearCloak","TheCursedMod:ReleasedKnowledge"],"relics":["TheCursedMod:BlackMagic101","Strawberry","Eternal Feather","Golden Idol","Black Star"],"acts_visited":["Exordium","TheCity"],"potions_floor_usage":[16,16],"damage_taken":[{"damage":0,"enemies":"Small Slimes","floor":1,"turns":4},{"damage":0,"enemies":"Jaw Worm","floor":4,"turns":5},{"damage":39,"enemies":"Lagavulin","floor":7,"turns":9},{"damage":4,"enemies":"Cultist","floor":11,"turns":4},{"damage":3,"enemies":"Looter","floor":12,"turns":2},{"damage":5,"enemies":"Large Slime","floor":14,"turns":5},{"damage":40,"enemies":"The Guardian","floor":16,"turns":11},{"damage":2,"enemies":"Chosen","floor":18,"turns":8},{"damage":23,"enemies":"Shell Parasite","floor":19,"turns":9},{"damage":55,"enemies":"3 Cultists","floor":20,"turns":9},{"damage":8,"enemies":"Cultist and Chosen","floor":21,"turns":3}],"seed_played":"-7934241092521819849","potions_obtained":[{"floor":0,"key":"CultistPotion"},{"floor":0,"key":"TheCursedMod:DregsPotion"},{"floor":0,"key":"Fire Potion"},{"floor":1,"key":"LifebloodPotion"},{"floor":18,"key":"LiquidBronze"}],"is_trial":false,"path_per_floor":["M","?","?","M","?","R","E","R","T","?","M","M","R","M","R","B",null,"M","M","M","M"],"character_chosen":"THE_CURSED","items_purchased":[],"campfire_rested":1,"item_purchase_floors":[],"current_hp_per_floor":[75,75,75,75,75,75,43,67,67,67,63,60,69,64,73,33,82,80,57,2,0,0],"gold":468,"neow_bonus":"THREE_SMALL_POTIONS","is_daily":false,"chose_seed":false,"campfire_upgraded":3,"win_rate":0.0,"timestamp":1609204100,"path_taken":["M","?","?","M","?","R","E","R","T","?","M","M","R","M","R","BOSS","M","M","M","M"],"items_purchased_type":[],"build_version":"2020-12-22","purchased_purges":0,"victory":false,"max_hp_per_floor":[75,75,75,75,75,75,82,82,82,82,82,82,82,82,82,82,82,82,82,82,82,82],"card_choices":[{"not_picked":["TheCursedMod:CursedMace","TheCursedMod:CursedShiv"],"picked":"TheCursedMod:CircleOfFlame","floor":1},{"not_picked":["TheCursedMod:Torture","TheCursedMod:SpitefulStrike"],"picked":"TheCursedMod:CursedShiv","floor":4},{"not_picked":["TheCursedMod:VitalStrike","TheCursedMod:Wield"],"picked":"TheCursedMod:HellsGateOpen","floor":7},{"not_picked":["TheCursedMod:ReleasedStrength","TheCursedMod:SurpriseAttack"],"picked":"TheCursedMod:CircleOfCorruption","floor":11},{"not_picked":["TheCursedMod:FuryStrike","TheCursedMod:CircleOfFocus","TheCursedMod:TacticalStrike"],"picked":"SKIP","floor":12},{"not_picked":["TheCursedMod:Obscuration","TheCursedMod:SaltUponWound"],"picked":"TheCursedMod:ManaCirculation","floor":14},{"not_picked":["TheCursedMod:OutForBlood","TheCursedMod:UltimatePain"],"picked":"TheCursedMod:ForbiddenAlchemy","floor":16},{"not_picked":["TheCursedMod:CursedAmulet","TheCursedMod:AshesToAshes"],"picked":"TheCursedMod:Obscuration","floor":18},{"not_picked":["TheCursedMod:TacticalStrike","TheCursedMod:RapidMovement"],"picked":"TheCursedMod:WearCloak","floor":19},{"not_picked":["TheCursedMod:SaltUponWound","TheCursedMod:CursedArmor+1"],"picked":"TheCursedMod:ReleasedKnowledge","floor":20}],"player_experience":127252,"relics_obtained":[{"floor":7,"key":"Strawberry"},{"floor":9,"key":"Eternal Feather"}],"event_choices":[{"damage_healed":0,"gold_gain":0,"player_choice":"Ignored","damage_taken":0,"max_hp_gain":0,"max_hp_loss":0,"event_name":"Golden Wing","floor":2,"gold_loss":0},{"damage_healed":0,"gold_gain":175,"player_choice":"AGREE","damage_taken":0,"max_hp_gain":0,"max_hp_loss":0,"event_name":"Liars Game","floor":5,"gold_loss":0,"cards_obtained":["Doubt"]},{"damage_healed":0,"gold_gain":0,"player_choice":"Take Wound","damage_taken":0,"relics_obtained":["Golden Idol"],"max_hp_gain":0,"max_hp_loss":0,"event_name":"Golden Idol","floor":10,"gold_loss":0,"cards_obtained":["Injury"]}],"is_beta":false,"boss_relics":[{"not_picked":["Coffee Dripper","Astrolabe"],"picked":"Black Star"}],"items_purged_floors":[],"is_endless":false,"potions_floor_spawned":[1,11,18],"killed_by":"Cultist and Chosen","ascension_level":0}}