{"host":"8u40nq559zpgb6zp","time":1609211290,"event":{"mods":["Aspiration","Bard","BaseMod","Beaked The Cultist","Better Altar","Better Match","Better Note","Better Sensory Stone","Better Skull","Better Third Choice","BetterRewards","CCEM","Clawfect","Conspire","Duelist Mod","Googly Eyes","Halation","Hermit","Highlight Path","Infinite Spire","Jedi Mod","Jorbs\u0027s Wanderer Trilogy","Mad Scientist","Marisa（霧雨　魔理沙）","Minty Spire (QoL Compilation)","Permanent Neow","Replay The Spire","Shade Mod","Shop Mod","Spicy Shops","StSLib","The Bladedancer","The Construct","The Cursed","The Disciple","The Druid","The Gatherer","The Hierophant","The IronCluck","The Jungle","The Mystic","The Necromancer","The Runesmith","The Senshi","The Servant 0.9.4","The Spell Scribe","The Witch","slay the spire mod where everything is the same but ironclad has a cowboy hat"],"gold_per_floor":[117,117,136,44,56,83,83,35,61,61,74,86,86,104,104,199,199,211,222,234,234,246,275,293,293,293],"floor_reached":25,"playtime":1501,"items_purged":[],"score":302,"play_id":"c78ccda6-c9d2-4d83-8c81-95f6eedda1ab","local_time":"20201228220810","is_ascension_mode":false,"campfire_choices":[{"data":"Rainbow","floor":7,"key":"SMITH"},{"data":"Tempest","floor":10,"key":"SMITH"},{"data":"Static Discharge","floor":13,"key":"SMITH"},{"data":"Clawfect:ClawAndTear","floor":15,"key":"SMITH"}],"circlet_count":0,"master_deck":["Gash","Gash","Gash","Gash","Gash","Defend_B","Defend_B","Defend_B","Defend_B","Defend_B","Clawfect:ClawCell","Tempest+1","Clawfect:ClawAndTear+1","Clawfect:ClawForTheEyes","Rainbow+1","Static Discharge+1","FIFO Queue","BasicCrystalCard","jedi:locknload","Storm","Coolheaded","Stack+1","Loop+1"],"relics":["aspiration:MobileForge","conspire:TopHat","ReplayTheSpireMod:TigerMarble","aspiration:PoetsPen_weak","Turnip"],"acts_visited":["Exordium","TheCity"],"potions_floor_usage":[6,11,23,25,25,25],"damage_taken":[{"damage":1,"enemies":"Jaw Worm","floor":1,"turns":4},{"damage":10,"enemies":"infinitespire:Voidling","floor":3,"turns":4},{"damage":0,"enemies":"Cultist","floor":5,"turns":3},{"damage":6,"enemies":"Lagavulin","floor":6,"turns":5},{"damage":5,"enemies":"Lots of Slimes","floor":11,"turns":3},{"damage":5,"enemies":"Looter","floor":12,"turns":3},{"damage":3,"enemies":"2 Fungi Beasts","floor":14,"turns":3},{"damage":0,"enemies":"Slime Boss","floor":16,"turns":7},{"damage":0,"enemies":"Chosen","floor":18,"turns":3},{"damage":6,"enemies":"2 Thieves","floor":19,"turns":4},{"damage":5,"enemies":"Chosen and Byrds","floor":20,"turns":4},{"damage":11,"enemies":"conspire:HollyBat","floor":22,"turns":5},{"damage":18,"enemies":"Book of Stabbing","floor":23,"turns":3},{"damage":25,"enemies":"Centurion and Healer","floor":24,"turns":3},{"damage":13,"enemies":"Nightmare","floor":25,"turns":4}],"seed_played":"-456222149630728544","potions_obtained":[{"floor":3,"key":"Block Potion"},{"floor":5,"key":"Block Potion"},{"floor":11,"key":"CultistPotion"},{"floor":12,"key":"BlessingOfTheForge"},{"floor":18,"key":"Swift Potion"},{"floor":23,"key":"Dexterity Potion"}],"is_trial":false,"path_per_floor":["M","?","M","$","M","E","R","$","T","R","M","M","R","M","R","B",null,"M","M","M","?","M","E","M","NM"],"character_chosen":"DEFECT","items_purchased":["Clawfect:ClawAndTear","Static Discharge"],"campfire_rested":0,"item_purchase_floors":[4,8],"current_hp_per_floor":[74,74,68,68,68,62,62,62,62,62,57,52,52,49,49,49,75,75,69,64,64,53,35,10,0,0],"gold":293,"neow_bonus":"BOSS_RELIC","is_daily":false,"chose_seed":false,"campfire_upgraded":4,"win_rate":0.0,"timestamp":1609211290,"path_taken":["M","?","M","$","M","E","R","$","T","R","?","?","R","M","R","BOSS","M","?","M","?","M","E","M","NM"],"items_purchased_type":["Card","Card"],"build_version":"2020-12-22","purchased_purges":0,"victory":false,"max_hp_per_floor":[75,75,75,75,75,75,75,75,75,75,75,75,75,75,75,75,75,75,75,75,75,75,75,75,75,75],"card_choices":[{"not_picked":["Panic Button","Stack"],"picked":"Clawfect:ClawCell","floor":1},{"not_picked":["jedi:BurstFrost","BasicCrystalCard"],"picked":"Tempest","floor":3},{"not_picked":["Panic Button","ReplayTheSpireMod:Repulse"],"picked":"Clawfect:ClawForTheEyes","floor":5},{"not_picked":["Clawfect:ClawpileDriver","jedi:readyaimfire"],"picked":"Rainbow","floor":6},{"not_picked":["FTL","jedi:BurstLightning"],"picked":"FIFO Queue","floor":11},{"not_picked":["Sunder","ReplayTheSpireMod:GoodbyeWorld","Steam Power"],"picked":"SKIP","floor":12},{"not_picked":["jedi:markofdeath","Steam","Clawfect:ClawpileDriver"],"picked":"SKIP","floor":14},{"not_picked":["Clawfect:Clawter","jedi:blockon"],"picked":"BasicCrystalCard","floor":18},{"not_picked":["Static Discharge","Clawfect:ClawingBeam"],"picked":"jedi:locknload","floor":19},{"not_picked":["Hologram","jedi:gatheringstorm"],"picked":"Storm","floor":20},{"not_picked":["Clawfect:ClawForTheEyes","Clawfect:ClawpileDriver"],"picked":"Coolheaded","floor":22},{"not_picked":["jedi:markofdeath","Steam+1"],"picked":"Stack+1","floor":23},{"not_picked":["FTL","jedi:blockon"],"picked":"Loop+1","floor":24}],"player_experience":1002932,"relics_obtained":[{"floor":6,"key":"conspire:TopHat"},{"floor":9,"key":"ReplayTheSpireMod:TigerMarble"},{"floor":23,"key":"Turnip"}],"event_choices":[{"damage_healed":0,"gold_gain":0,"player_choice":"Ignored","damage_taken":0,"max_hp_gain":0,"max_hp_loss":0,"event_name":"betterNote:BetterNote","floor":2,"gold_loss":0,"cards_obtained":["Strike_G"]}],"is_beta":false,"boss_relics":[{"not_picked":["Replay:Ancient Bell","CCEMRelics:TransientCore"],"picked":"aspiration:PoetsPen_weak"}],"items_purged_floors":[],"is_endless":false,"potions_floor_spawned":[3,5,11,12,18,23],"killed_by":"Nightmare","ascension_level":0}}