{"host":"e5u7qs1emxzejr12","time":1609257417,"event":{"mods":["2.2 Compatiblity","ATMod(∞¢Ë™Mod)","Act Like it!","BaseMod","Card Forge","Custom Start","Highlight Path","Luminous","Minty Spire (QoL Compilation)","Prisma Mod","Quick Restart","Reimu£®≤©¿ˆ¡È√Œ£©","Replay The Spire","Shop Mod","StSLib","SuperFastMode","Uncapped","UnlockEverythingMod","Yakumo Yukari mod","vexMod","°æ“≈ŒÔø®≈∆°øREMEMod"],"gold_per_floor":[147,204,204,110,110,191,275,275,275],"floor_reached":8,"playtime":341,"items_purged":[],"score":128,"play_id":"d1fd8d70-bdf2-4bc6-929c-ba63e68b3b64","local_time":"20201229235657","daily_mods":["Heirloom","Flight","DeadlyEvents","Elite Swarm","Midas"],"is_ascension_mode":true,"campfire_choices":[],"circlet_count":0,"master_deck":["AscendersBane","Luminous:Light_Flash_Shower+1","Luminous:Light_Flash_Shower+1","Luminous:Light_Flash_Shower+1","Luminous:Defend_Luminous+1","Luminous:Defend_Luminous+1","Luminous:Defend_Luminous+1","AT_RealColorLess+1","AT_ShrugMaster+1","Luminous:Light_Glare+1","Impatience"],"relics":["Luminous:MirrorRelic","Hammer of Thor","Seething Fire","Anvil of the Gods","AT_ATBox","REME_ComplimentaryCards","Replay:PocketPolymizer","Strawberry","InkBottle","Replay:Bottled Steam"],"acts_visited":["Exordium"],"potions_floor_usage":[],"damage_taken":[{"damage":0,"enemies":"Cultist","floor":1,"turns":5},{"damage":8,"enemies":"2 Louse","floor":2,"turns":3},{"damage":2,"enemies":"Lagavulin","floor":6,"turns":5},{"damage":24,"enemies":"Gremlin Nob","floor":7,"turns":4},{"damage":4,"enemies":"Lagavulin","floor":8,"turns":3}],"seed_played":"-7470072039445467950","potions_obtained":[{"floor":6,"key":"Explosive Potion"},{"floor":7,"key":"Death Potion"}],"is_trial":true,"path_per_floor":["M","M","?","$","?","E","E","E"],"character_chosen":"LuminousClass","items_purchased":["Impatience"],"campfire_rested":0,"item_purchase_floors":[4],"current_hp_per_floor":[68,60,60,60,62,64,40,36,36],"gold":275,"neow_bonus":"","is_daily":false,"chose_seed":false,"campfire_upgraded":0,"win_rate":0.0,"timestamp":1609257417,"path_taken":["M","?","?","?","?","E","E","E"],"items_purchased_type":["Card"],"build_version":"2020-12-22","purchased_purges":0,"victory":false,"max_hp_per_floor":[75,75,75,75,82,82,82,82,82],"card_choices":[{"not_picked":["Luminous:Light_Disperse","Luminous:Concentrate_Luminous","Luminous:Light_Gather"],"picked":"SKIP","floor":1},{"not_picked":["Luminous:Light_Wash_Luminous","Luminous:Accumulation_Luminous"],"picked":"Luminous:Light_Glare","floor":2},{"not_picked":["Luminous:Dark_Crescendo_Luminous","Luminous:Equalize_Luminous","Luminous:Ethereal_Form_Luminous"],"picked":"SKIP","floor":6},{"not_picked":["Luminous:Date_of_Light_Luminous","Luminous:Lania_Blessing_Luminous","Luminous:Mirror_Force_Luminous"],"picked":"SKIP","floor":7}],"player_experience":46495,"relics_obtained":[{"floor":6,"key":"InkBottle"},{"floor":7,"key":"Replay:Bottled Steam"}],"event_choices":[{"cards_removed":["Luminous:Defend_Luminous"],"damage_healed":0,"gold_gain":0,"player_choice":"Purged","damage_taken":0,"max_hp_gain":0,"max_hp_loss":0,"event_name":"Purifier","floor":3,"gold_loss":0},{"damage_healed":0,"gold_gain":0,"player_choice":"Success","damage_taken":5,"relics_obtained":["Strawberry"],"max_hp_gain":0,"max_hp_loss":0,"event_name":"Scrap Ooze","floor":5,"gold_loss":0}],"is_beta":false,"boss_relics":[],"items_purged_floors":[],"is_endless":false,"potions_floor_spawned":[6,7],"killed_by":"Lagavulin","ascension_level":20}}