{"host":"opgesw7sb5n0ordz","time":1609224563,"event":{"mods":["BaseMod","Better Note","Colored Powertips","Downfall","Minty Spire (QoL Compilation)","Relic Stats","StSLib","Unceasing Turn Reminder"],"gold_per_floor":[0,20,32,52,69,102,127,156,81,81,43,143,176,194,212,212,212,212],"floor_reached":16,"playtime":890,"items_purged":[],"score":112,"play_id":"462f6f44-4ddc-4a71-8be9-1d2add3a9623","local_time":"20201229014923","is_ascension_mode":false,"campfire_choices":[{"floor":1,"key":"RECALL"},{"data":"champ:IgnorePain","floor":9,"key":"SMITH"}],"circlet_count":0,"master_deck":["champ:Strike","champ:Strike","champ:Strike","champ:Strike","champ:Defend","champ:Defend","champ:Defend+1","champ:Defend","champ:Execute","champ:Taunt","champ:IgnorePain+1","champ:BringItOn","champ:ArenaPreparation","champ:SkillfulDodge+1","champ:DefensiveStyle","champ:FlashCut","champ:GutPunch+1","Regret","champ:Control","champ:Haymaker","champ:Lariat","champ:TornadoPunch","champ:FanOfKnives"],"relics":["champ:ChampionCrown","Orichalcum","Akabeko","Odd Mushroom","downfall:HeartBlessingRed","Oddly Smooth Stone"],"acts_visited":["Exordium"],"potions_floor_usage":[8,16,16],"damage_taken":[{"damage":12,"enemies":"Cultist","floor":2,"turns":5},{"damage":0,"enemies":"2 Louse","floor":3,"turns":2},{"damage":13,"enemies":"Jaw Worm","floor":4,"turns":5},{"damage":15,"enemies":"Blue Slaver","floor":5,"turns":5},{"damage":24,"enemies":"Gremlin Nob","floor":6,"turns":5},{"damage":29,"enemies":"The Mushroom Lair","floor":8,"turns":5},{"damage":28,"enemies":"downfall:FleeingMerchant","floor":11,"turns":4},{"damage":42,"enemies":"Lagavulin","floor":13,"turns":7},{"damage":16,"enemies":"3 Louse","floor":14,"turns":3},{"damage":18,"enemies":"Lots of Slimes","floor":15,"turns":5},{"damage":20,"enemies":"downfall:Silent","floor":16,"turns":6}],"seed_played":"7791167532717062088","potions_obtained":[{"floor":4,"key":"BlessingOfTheForge"},{"floor":5,"key":"champ:CounterPotion"},{"floor":6,"key":"LiquidMemories"},{"floor":8,"key":"LiquidBronze"}],"is_trial":false,"path_per_floor":["R","M","M","M","M","E","T","?","R","?","$","?","E","M","M","B"],"character_chosen":"THE_CHAMP","items_purchased":["champ:Haymaker"],"campfire_rested":0,"item_purchase_floors":[11],"current_hp_per_floor":[90,83,83,83,81,67,67,49,49,49,44,44,29,25,17,0,0,0],"gold":212,"neow_bonus":"THREE_RARE_CARDS","is_daily":false,"chose_seed":false,"campfire_upgraded":1,"win_rate":0.0,"timestamp":1609224563,"path_taken":["R","M","M","M","M","E","T","?","R","?","$","?","E","M","M","BOSS"],"items_purchased_type":["Card"],"build_version":"2020-12-22","purchased_purges":0,"victory":false,"max_hp_per_floor":[90,90,90,90,90,90,90,90,90,90,90,90,90,90,90,90,90,90],"relic_stats":{"counters":[11,52],"Orichalcum":[36],"obtain_stats":[{"downfall:HeartBlessingRed":9,"Oddly Smooth Stone":13,"champ:ChampionCrown":0,"Orichalcum":6,"Odd Mushroom":8,"Akabeko":7},{"downfall:HeartBlessingRed":6,"Oddly Smooth Stone":8,"champ:ChampionCrown":0,"Orichalcum":5,"Odd Mushroom":6,"Akabeko":5},{"downfall:HeartBlessingRed":27,"Oddly Smooth Stone":38,"champ:ChampionCrown":0,"Orichalcum":22,"Odd Mushroom":27,"Akabeko":22}]},"card_choices":[{"not_picked":["champ:DancingMaster","champ:PerfectForm"],"picked":"champ:IgnorePain","floor":0},{"not_picked":["champ:Backstep","champ:PreciseThrust"],"picked":"champ:BringItOn","floor":2},{"not_picked":["champ:Encircle","champ:StanceDance"],"picked":"champ:ArenaPreparation","floor":3},{"not_picked":["champ:EndlessRage","champ:CrookedStrike"],"picked":"champ:SkillfulDodge","floor":4},{"not_picked":["champ:FocusedBerserking","champ:FalseCounter"],"picked":"champ:DefensiveStyle","floor":5},{"not_picked":["champ:BerserkerStyle","champ:Control"],"picked":"champ:FlashCut","floor":6},{"not_picked":["champ:BringItOn","champ:StanceDance"],"picked":"champ:GutPunch","floor":8},{"not_picked":["champ:Balance","champ:HoldFirm"],"picked":"champ:Control","floor":11},{"not_picked":["champ:GladiatorsShout","champ:DefensiveShout"],"picked":"champ:Lariat","floor":13},{"not_picked":["champ:Circumvent","champ:BringItOn"],"picked":"champ:TornadoPunch","floor":14},{"not_picked":["champ:BladeFlurry","champ:Backstep"],"picked":"champ:FanOfKnives","floor":15}],"player_experience":732467,"relics_obtained":[{"floor":6,"key":"Orichalcum"},{"floor":7,"key":"Akabeko"},{"floor":8,"key":"Odd Mushroom"},{"floor":13,"key":"Oddly Smooth Stone"}],"event_choices":[{"damage_healed":0,"gold_gain":0,"player_choice":"Fought Mushrooms","damage_taken":0,"max_hp_gain":0,"max_hp_loss":0,"event_name":"Mushrooms","floor":8,"gold_loss":0},{"damage_healed":0,"gold_gain":100,"player_choice":"Gold","damage_taken":0,"max_hp_gain":0,"max_hp_loss":0,"event_name":"Wheel of Change","floor":12,"gold_loss":0}],"is_beta":false,"boss_relics":[],"items_purged_floors":[],"is_endless":false,"potions_floor_spawned":[4,5,6,8,14],"killed_by":"downfall:Silent","ascension_level":0}}