{"host":"dhyczjm99amxd3qx","time":1609206356,"event":{"mods":["BaseMod","Colored Map","Googly Eyes","Highlight Path","Minty Spire (QoL Compilation)","Quick Restart","StSLib"],"gold_per_floor":[110,110,80,94,104,133,133,165,165,184,197,197,208,239,239,340,340,352,367,106,118,128,160,160,160,160],"floor_reached":25,"playtime":2020,"items_purged":["Strike_G"],"score":270,"play_id":"55c0ab21-fcd2-4787-bd55-3ddb2f375583","local_time":"20201228204556","is_ascension_mode":true,"campfire_choices":[{"data":"Cloak And Dagger","floor":7.0,"key":"SMITH"},{"data":"Blade Dance","floor":12.0,"key":"SMITH"},{"data":"Well Laid Plans","floor":15.0,"key":"SMITH"},{"data":"A Thousand Cuts","floor":24.0,"key":"SMITH"}],"circlet_count":0,"master_deck":["Strike_G+1","Strike_G","Strike_G","Strike_G","Defend_G","Defend_G","Defend_G","Defend_G","Defend_G","Survivor","Neutralize","Cloak And Dagger+1","Cloak And Dagger+1","Blade Dance+1","Corpse Explosion+1","Well Laid Plans+1","Cloak And Dagger+1","A Thousand Cuts+1","Leg Sweep+1","Blade Dance+1","Accuracy"],"relics":["Ring of the Snake","NeowsBlessing","Kunai","Toxic Egg 2","Ornamental Fan","Bottled Lightning","WristBlade","Nunchaku","Meat on the Bone"],"acts_visited":["Exordium","TheCity"],"potions_floor_usage":[25],"damage_taken":[{"damage":0.0,"enemies":"Jaw Worm","floor":1.0,"turns":1.0},{"damage":0.0,"enemies":"Cultist","floor":4.0,"turns":1.0},{"damage":0.0,"enemies":"2 Louse","floor":5.0,"turns":1.0},{"damage":7.0,"enemies":"Lagavulin","floor":6.0,"turns":6.0},{"damage":20.0,"enemies":"Gremlin Nob","floor":8.0,"turns":4.0},{"damage":0.0,"enemies":"Red Slaver","floor":10.0,"turns":2.0},{"damage":0.0,"enemies":"Exordium Wildlife","floor":11.0,"turns":4.0},{"damage":0.0,"enemies":"Gremlin Gang","floor":13.0,"turns":2.0},{"damage":4.0,"enemies":"Lagavulin","floor":14.0,"turns":6.0},{"damage":6.0,"enemies":"Slime Boss","floor":16.0,"turns":14.0},{"damage":16.0,"enemies":"2 Thieves","floor":18.0,"turns":2.0},{"damage":0.0,"enemies":"Shell Parasite","floor":19.0,"turns":4.0},{"damage":5.0,"enemies":"Centurion and Healer","floor":21.0,"turns":5.0},{"damage":0.0,"enemies":"3 Cultists","floor":22.0,"turns":1.0},{"damage":2.0,"enemies":"Book of Stabbing","floor":23.0,"turns":4.0},{"damage":59,"enemies":"Slavers","floor":25,"turns":4}],"seed_played":"2808147334866710158","potions_obtained":[{"floor":1.0,"key":"LiquidMemories"},{"floor":3.0,"key":"SneckoOil"},{"floor":3.0,"key":"Ancient Potion"},{"floor":10.0,"key":"SteroidPotion"},{"floor":11.0,"key":"DuplicationPotion"},{"floor":13.0,"key":"DistilledChaos"},{"floor":14.0,"key":"LiquidBronze"},{"floor":19.0,"key":"SpeedPotion"},{"floor":22.0,"key":"Strength Potion"}],"is_trial":false,"path_per_floor":["M","?","?","M","M","E","R","E","T","M","M","R","M","E","R","B",null,"M","M","$","M","M","E","R","E"],"character_chosen":"THE_SILENT","items_purchased":["Nunchaku","Accuracy"],"campfire_rested":0,"item_purchase_floors":[20,20],"current_hp_per_floor":[70,56,56,56,56,49,49,29,29,29,29,29,29,25,25,19,70,54,54,54,49,49,47,47,0,0],"gold":160,"neow_bonus":"THREE_ENEMY_KILL","is_daily":false,"chose_seed":false,"campfire_upgraded":4,"win_rate":0.0,"timestamp":1609206356,"path_taken":["M","?","?","?","M","E","R","E","T","M","M","R","M","E","R","BOSS","M","M","$","M","M","E","R","E"],"items_purchased_type":["Relic","Card"],"build_version":"2020-12-22","purchased_purges":1,"victory":false,"max_hp_per_floor":[70,70,70,70,70,70,70,70,70,70,70,70,70,70,70,70,70,70,70,70,70,70,70,70,70,70],"card_choices":[{"not_picked":["Backflip","Slice"],"picked":"Cloak And Dagger","floor":1.0},{"not_picked":["Terror","Crippling Poison"],"picked":"Cloak And Dagger","floor":4.0},{"not_picked":["Quick Slash","Noxious Fumes"],"picked":"Blade Dance","floor":5.0},{"not_picked":["Reflex","Backflip","Underhanded Strike"],"picked":"SKIP","floor":6.0},{"not_picked":["Choke","Calculated Gamble+1","Bane"],"picked":"SKIP","floor":8.0},{"not_picked":["Flying Knee","Catalyst+1","Flechettes"],"picked":"SKIP","floor":10.0},{"not_picked":["All Out Attack","Deflect+1"],"picked":"Corpse Explosion+1","floor":11.0},{"not_picked":["Deadly Poison+1","Reflex+1"],"picked":"Well Laid Plans","floor":13.0},{"not_picked":["Catalyst+1","Calculated Gamble+1"],"picked":"Cloak And Dagger+1","floor":14.0},{"not_picked":["Glass Knife","Venomology+1"],"picked":"A Thousand Cuts","floor":16.0},{"not_picked":["Backflip+1","Acrobatics+1"],"picked":"Leg Sweep+1","floor":18.0},{"not_picked":["Acrobatics+1","Deflect+1"],"picked":"Blade Dance+1","floor":19.0},{"not_picked":["Crippling Poison+1","Flechettes+1","Poisoned Stab"],"picked":"SKIP","floor":21.0},{"not_picked":["Riddle With Holes","Burst+1","Deadly Poison+1"],"picked":"SKIP","floor":22.0},{"not_picked":["Footwork+1","Bouncing Flask+1","Infinite Blades"],"picked":"SKIP","floor":23.0}],"player_experience":156990,"relics_obtained":[{"floor":6.0,"key":"Kunai"},{"floor":8.0,"key":"Toxic Egg 2"},{"floor":9.0,"key":"Ornamental Fan"},{"floor":14.0,"key":"Bottled Lightning"},{"floor":23.0,"key":"Meat on the Bone"}],"event_choices":[{"damage_healed":0.0,"max_hp_gain":0.0,"max_hp_loss":0.0,"gold_gain":0.0,"event_name":"Shining Light","player_choice":"Entered Light","floor":2.0,"gold_loss":0.0,"damage_taken":14.0,"cards_upgraded":["Strike_G","Cloak And Dagger"]},{"damage_healed":0.0,"max_hp_gain":0.0,"max_hp_loss":0.0,"gold_gain":0.0,"event_name":"The Woman in Blue","player_choice":"Bought 2 Potions","floor":3.0,"gold_loss":0.0,"damage_taken":0.0}],"is_beta":false,"boss_relics":[{"not_picked":["Runic Pyramid","Ectoplasm"],"picked":"WristBlade"}],"items_purged_floors":[20],"is_endless":false,"potions_floor_spawned":[1,10,11,13,14,19,22,23],"killed_by":"Slavers","ascension_level":2}}