{"host":"0ydzwspkajt4brzd","time":1609243508,"event":{"mods":["AchievementEnabler","BaseMod","Colored Map","DeckTracker","Googly Eyes","Highlight Path","Minty Spire (QoL Compilation)","Quick Restart","Random Character Button","Rare Cards Sparkle"],"gold_per_floor":[110,129,148,73,23,51,51,79,79,79,79,33,46,46,46,46,46],"floor_reached":16,"playtime":1280,"items_purged":["Strike_R"],"score":162,"play_id":"e8d8d44d-825d-476d-963d-f595349bc685","local_time":"20201229040508","is_ascension_mode":true,"campfire_choices":[{"floor":7.0,"key":"REST"},{"data":"Bash","floor":15.0,"key":"SMITH"}],"circlet_count":0,"master_deck":["AscendersBane","Strike_R","Strike_R","Strike_R","Defend_R","Defend_R","Defend_R","Defend_R","Bash+1","Battle Trance","Carnage+1","Shrug It Off"],"relics":["Burning Blood","NeowsBlessing","White Beast Statue","WingedGreaves","Turnip","The Courier"],"acts_visited":["Exordium"],"potions_floor_usage":[16],"damage_taken":[{"damage":0.0,"enemies":"Small Slimes","floor":1.0,"turns":1.0},{"damage":0.0,"enemies":"Jaw Worm","floor":2.0,"turns":1.0},{"damage":0.0,"enemies":"2 Louse","floor":3.0,"turns":2.0},{"damage":74.0,"enemies":"Lagavulin","floor":6.0,"turns":9.0},{"damage":35.0,"enemies":"3 Sentries","floor":8.0,"turns":10.0},{"damage":6.0,"enemies":"Exordium Thugs","floor":13.0,"turns":4.0},{"damage":0,"enemies":"Slime Boss","floor":16,"turns":3}],"seed_played":"-1106364906727774052","potions_obtained":[{"floor":3.0,"key":"DistilledChaos"},{"floor":6.0,"key":"PowerPotion"},{"floor":8.0,"key":"Regen Potion"},{"floor":13.0,"key":"Regen Potion"}],"is_trial":false,"path_per_floor":["M","M","M","$","?","E","R","E","T","?","?","$","M","T","R","B"],"character_chosen":"IRONCLAD","items_purchased":["Shrug It Off"],"campfire_rested":1,"item_purchase_floors":[12],"current_hp_per_floor":[78,80,80,80,80,12,36,7,7,7,7,7,19,19,19,28,28],"gold":46,"neow_bonus":"THREE_ENEMY_KILL","is_daily":false,"chose_seed":false,"campfire_upgraded":1,"win_rate":0.0,"timestamp":1609243508,"path_taken":["M","M","M","$","?","E","R","E","T","?","?","$","M","?","R","BOSS"],"items_purchased_type":["Card"],"build_version":"2020-12-22","purchased_purges":1,"victory":false,"max_hp_per_floor":[80,80,80,80,80,80,80,80,80,80,80,80,80,80,80,80,80],"card_choices":[{"not_picked":["Clothesline","Pummel","Dropkick"],"picked":"SKIP","floor":1.0},{"not_picked":["Clothesline","Power Through","Wild Strike"],"picked":"SKIP","floor":2.0},{"not_picked":["Second Wind","Anger"],"picked":"Battle Trance","floor":3.0},{"not_picked":["Iron Wave","Carnage","Rupture"],"picked":"SKIP","floor":6.0},{"not_picked":["Sword Boomerang","Brutality"],"picked":"Carnage","floor":8.0},{"not_picked":["Rupture","Twin Strike","Clothesline"],"picked":"SKIP","floor":13.0}],"player_experience":371012,"relics_obtained":[{"floor":6.0,"key":"White Beast Statue"},{"floor":8.0,"key":"WingedGreaves"},{"floor":9.0,"key":"Turnip"},{"floor":14.0,"key":"The Courier"}],"event_choices":[{"cards_removed":["Strike_R"],"damage_healed":0.0,"max_hp_gain":0.0,"max_hp_loss":0.0,"gold_gain":0.0,"event_name":"The Cleric","player_choice":"Card Removal","floor":5.0,"gold_loss":50.0,"damage_taken":0.0},{"damage_healed":0.0,"max_hp_gain":0.0,"max_hp_loss":0.0,"gold_gain":0.0,"event_name":"Living Wall","player_choice":"Grow","floor":10.0,"gold_loss":0.0,"damage_taken":0.0,"cards_upgraded":["Carnage"]},{"damage_healed":0.0,"max_hp_gain":0.0,"max_hp_loss":0.0,"gold_gain":0.0,"event_name":"Liars Game","player_choice":"Ignored","floor":11.0,"gold_loss":0.0,"damage_taken":0.0}],"is_beta":false,"boss_relics":[],"items_purged_floors":[4],"is_endless":false,"potions_floor_spawned":[3,6,8,13],"killed_by":"Slime Boss","ascension_level":10}}