{"host":"2m78pqva0leqn903","time":1609265559,"event":{"mods":["BaseMod","Minty Spire (QoL Compilation)","StSLib","TestMod"],"gold_per_floor":[109,509,527,527,546,576,590,625,625,635,648,648,648],"floor_reached":12,"playtime":4521,"items_purged":[],"score":184,"play_id":"c6474678-9179-4cd1-8c3a-25eeb401e59a","local_time":"20201230021239","is_ascension_mode":true,"campfire_choices":[],"circlet_count":0,"master_deck":["AscendersBane","Strike_B","Strike_B","Strike_B","Strike_B","Defend_B","Defend_B","Defend_B","Defend_B","Zap","Dualcast","Coolheaded"],"relics":["Cracked Core","testmod-SaigiyounoYou","NeowsBlessing","Bag of Preparation","Peace Pipe","testmod-CrystalShield"],"acts_visited":["Exordium"],"potions_floor_usage":[11,11,12],"damage_taken":[{"damage":0.0,"enemies":"2 Louse","floor":1.0,"turns":1.0},{"damage":0.0,"enemies":"Cultist","floor":3.0,"turns":1.0},{"damage":0.0,"enemies":"Small Slimes","floor":5.0,"turns":1.0},{"damage":58.0,"enemies":"3 Sentries","floor":6.0,"turns":10.0},{"damage":14.0,"enemies":"Blue Slaver","floor":7.0,"turns":4.0},{"damage":39.0,"enemies":"Gremlin Nob","floor":8.0,"turns":4.0},{"damage":21.0,"enemies":"Exordium Thugs","floor":10.0,"turns":7.0},{"damage":20,"enemies":"Gremlin Gang","floor":11,"turns":6},{"damage":24,"enemies":"3 Sentries","floor":12,"turns":4}],"seed_played":"-2860094093577010903","potions_obtained":[{"floor":3.0,"key":"Fire Potion"},{"floor":4.0,"key":"Block Potion"},{"floor":6.0,"key":"AttackPotion"},{"floor":8.0,"key":"SkillPotion"},{"floor":10.0,"key":"FocusPotion"},{"floor":11,"key":"Strength Potion"}],"is_trial":false,"path_per_floor":["M","?","M","?","M","E","M","E","T","M","M","E"],"character_chosen":"DEFECT","items_purchased":[],"campfire_rested":0,"item_purchase_floors":[],"current_hp_per_floor":[66,66,67,67,69,37,37,16,16,16,9,0,0],"gold":648,"neow_bonus":"THREE_ENEMY_KILL","is_daily":false,"chose_seed":false,"campfire_upgraded":0,"win_rate":0.0,"timestamp":1609265559,"path_taken":["M","?","M","?","?","E","M","E","T","M","M","E"],"items_purchased_type":[],"build_version":"2020-12-22","purchased_purges":0,"victory":false,"max_hp_per_floor":[71,71,71,71,71,71,71,71,71,71,71,71,71],"card_choices":[{"not_picked":["Coolheaded","Cold Snap","Conserve Battery"],"picked":"SKIP","floor":1.0},{"not_picked":["Undo","Rip and Tear","Redo"],"picked":"SKIP","floor":3.0},{"not_picked":["Turbo","Hello World","Go for the Eyes"],"picked":"SKIP","floor":5.0},{"not_picked":["Melter","Tempest","Blizzard"],"picked":"SKIP","floor":6.0},{"not_picked":["Lockon","Fusion","Rip and Tear"],"picked":"SKIP","floor":7.0},{"not_picked":["Steam","Sunder","Chaos"],"picked":"SKIP","floor":8.0},{"not_picked":["Auto Shields","Redo"],"picked":"Coolheaded","floor":10.0},{"not_picked":["Gash","Rebound","Stack"],"picked":"SKIP","floor":11}],"player_experience":871784,"relics_obtained":[{"floor":6.0,"key":"Bag of Preparation"},{"floor":8.0,"key":"Peace Pipe"},{"floor":9.0,"key":"testmod-CrystalShield"}],"event_choices":[{"damage_healed":0.0,"max_hp_gain":0.0,"max_hp_loss":0.0,"gold_gain":400.0,"event_name":"¶÷ÂåË¹µÄÅÌ×Ó","player_choice":"Sell","floor":2.0,"relics_lost":["testmod-TestBox"],"gold_loss":0.0,"damage_taken":0.0},{"damage_healed":0.0,"max_hp_gain":0.0,"max_hp_loss":0.0,"gold_gain":0.0,"event_name":"Lab","player_choice":"Got Potions","floor":4.0,"gold_loss":0.0,"damage_taken":0.0}],"is_beta":false,"boss_relics":[],"items_purged_floors":[],"is_endless":false,"potions_floor_spawned":[3,6,8,10,11],"killed_by":"3 Sentries","ascension_level":20}}