{"host":"ab3ipg3fqe03b2ex","time":1609247630,"event":{"mods":["AchievementEnabler","BaseMod","Colored Powertips","Minty Spire (QoL Compilation)","MostiFishMod","Quick Restart","Shop Mod","StSLib","Uncapped","【功能Mod】Neow奖励","【功能Mod】精心准备"],"gold_per_floor":[112,123,123,123,139,168,181,207,233,158,58,91,103,125,137,253,265,288,317,342,366,389,432,444,471,537,583,611,102,128,144,144,241,241,260,279,35,52,63,89,89,115,115,150,150,181,403,421,421,421],"floor_reached":51,"playtime":927,"items_purged":["Defend_G","Survivor","Defend_G+1"],"score":1502,"play_id":"b1460398-54bd-4f2c-8571-b7a235c93a1f","local_time":"20201229211350","is_ascension_mode":true,"campfire_choices":[{"data":"Terror","floor":13,"key":"SMITH"},{"data":"Dagger Spray","floor":15,"key":"SMITH"},{"data":"Riddle With Holes","floor":24,"key":"SMITH"},{"data":"Blade Dance","floor":32,"key":"SMITH"},{"data":"Backstab","floor":41,"key":"SMITH"},{"data":"Strike_G","floor":49,"key":"SMITH"}],"circlet_count":0,"master_deck":["Strike_G+1","Strike_G","Strike_G+1","Strike_G+1","Backstab+1","Die Die Die","Terror+1","Masterful Stab","Blade Dance+1","Dagger Spray+1","Riddle With Holes+1","Skewer+1","MostiFishMod:FrostNova+1","Crippling Poison+1"],"relics":["ShadowXiaoBlade","ChiXiaoBlade","Runic Dome","SynthV:TestCard","War Paint","Bag of Preparation","Anchor","MawBank","ExusiaiGun","Prayer Wheel","Whetstone","Question Card","Vajra","Bottled Lightning","Red Mask","Astrolabe","Ninja Scroll","Toxic Egg 2","Ornamental Fan","Letter Opener","The Specimen","Ice Cream"],"acts_visited":["Exordium","TheCity","TheBeyond"],"potions_floor_usage":[],"damage_taken":[{"damage":0,"enemies":"Small Slimes","floor":1,"turns":1},{"damage":0,"enemies":"2 Louse","floor":2,"turns":1},{"damage":0,"enemies":"Cultist","floor":5,"turns":2},{"damage":0,"enemies":"Gremlin Nob","floor":6,"turns":2},{"damage":0,"enemies":"Exordium Thugs","floor":7,"turns":1},{"damage":0,"enemies":"3 Sentries","floor":8,"turns":1},{"damage":0,"enemies":"Lagavulin","floor":12,"turns":2},{"damage":0,"enemies":"Lots of Slimes","floor":14,"turns":1},{"damage":0,"enemies":"Slime Boss","floor":16,"turns":1},{"damage":0,"enemies":"Shell Parasite","floor":18,"turns":1},{"damage":0,"enemies":"Spheric Guardian","floor":19,"turns":1},{"damage":0,"enemies":"Shelled Parasite and Fungi","floor":20,"turns":1},{"damage":0,"enemies":"Centurion and Healer","floor":21,"turns":1},{"damage":0,"enemies":"Snecko","floor":22,"turns":1},{"damage":0,"enemies":"Book of Stabbing","floor":23,"turns":1},{"damage":0,"enemies":"Snake Plant","floor":25,"turns":1},{"damage":0,"enemies":"Gremlin Leader","floor":27,"turns":1},{"damage":0,"enemies":"Shelled Parasite and Fungi","floor":28,"turns":1},{"damage":0,"enemies":"Masked Bandits","floor":30,"turns":1},{"damage":0,"enemies":"Cultist and Chosen","floor":31,"turns":1},{"damage":0,"enemies":"Champ","floor":33,"turns":1},{"damage":0,"enemies":"Orb Walker","floor":35,"turns":1},{"damage":0,"enemies":"3 Darklings","floor":36,"turns":1},{"damage":14,"enemies":"4 Shapes","floor":38,"turns":1},{"damage":0,"enemies":"Writhing Mass","floor":39,"turns":1},{"damage":0,"enemies":"Nemesis","floor":40,"turns":1},{"damage":0,"enemies":"Reptomancer","floor":42,"turns":1},{"damage":0,"enemies":"Giant Head","floor":44,"turns":1},{"damage":0,"enemies":"Nemesis","floor":46,"turns":1},{"damage":0,"enemies":"Maw","floor":48,"turns":1},{"damage":0,"enemies":"Awakened One","floor":50,"turns":2}],"seed_played":"1161722964060262384","potions_obtained":[{"floor":1,"key":"Explosive Potion"},{"floor":6,"key":"Block Potion"},{"floor":12,"key":"Regen Potion"},{"floor":27,"key":"FearPotion"},{"floor":30,"key":"CunningPotion"},{"floor":31,"key":"GhostInAJar"},{"floor":36,"key":"CunningPotion"}],"is_trial":false,"path_per_floor":["M","M","?","?","M","E","M","E","T","$","$","E","R","M","R","B",null,"M","M","M","M","M","E","R","M","T","E","M","$","?","M","R","B",null,"M","M","$","M","M","E","R","E","T","E","?","E","?","M","R","B",null],"character_chosen":"THE_SILENT","items_purchased":["Vajra","Bottled Lightning","Ninja Scroll"],"campfire_rested":0,"item_purchase_floors":[29,29,37],"current_hp_per_floor":[70,70,56,56,56,56,56,56,56,56,56,56,56,56,56,56,70,70,70,70,70,70,70,70,70,70,70,70,70,70,70,70,70,70,70,70,70,56,56,56,56,56,56,56,56,56,56,56,56,56],"gold":421,"neow_bonus":"BOSS_RELIC","is_daily":false,"chose_seed":false,"campfire_upgraded":6,"win_rate":0.0,"timestamp":1609247630,"path_taken":["M","M","?","?","M","E","?","E","T","?","$","E","R","M","R","BOSS","M","M","M","M","?","E","R","M","T","E","M","$","?","M","R","BOSS","M","M","$","M","M","E","R","E","T","E","?","E","?","M","R","BOSS"],"items_purchased_type":["Relic","Relic","Relic"],"build_version":"2020-12-22","purchased_purges":3,"victory":true,"max_hp_per_floor":[70,70,70,70,70,70,70,70,70,70,70,70,70,70,70,70,70,70,70,70,70,70,70,70,70,70,70,70,70,70,70,70,70,70,70,70,70,70,70,70,70,70,70,70,66,66,66,66,66,66],"card_choices":[{"not_picked":["Acrobatics","Quick Slash"],"picked":"Backstab","floor":1},{"not_picked":["Deflect","Underhanded Strike","Dagger Throw","Cloak And Dagger"],"picked":"Die Die Die","floor":2},{"not_picked":["Deadly Poison","Poisoned Stab","Leg Sweep","Dodge and Roll"],"picked":"Terror","floor":5},{"not_picked":["Noxious Fumes","Dash","Crippling Poison","PiercingWail"],"picked":"Masterful Stab","floor":6},{"not_picked":["Cloak And Dagger","MostiFishMod:PerfectParry","Poisoned Stab","Masterful Stab","Dash"],"picked":"SKIP","floor":7},{"not_picked":["MostiFishMod:PerfectParry","Poisoned Stab","Burst","Dagger Throw"],"picked":"Blade Dance","floor":8},{"not_picked":["Noxious Fumes","Dagger Throw","Tactician","Heel Hook","Phantasmal Killer"],"picked":"SKIP","floor":12},{"not_picked":["Bouncing Flask","Blade Dance","MostiFishMod:PerfectParry","Slice"],"picked":"Dagger Spray","floor":14},{"not_picked":["Slice","Expertise","Masterful Stab+1","Flechettes"],"picked":"Riddle With Holes","floor":18},{"not_picked":["Dodge and Roll","Acrobatics","All Out Attack","Sucker Punch","Finisher"],"picked":"SKIP","floor":19},{"not_picked":["Prepared+1","Riddle With Holes","Eviscerate+1","Sucker Punch","MostiFishMod:FrostNova"],"picked":"SKIP","floor":20},{"not_picked":["Acrobatics","Outmaneuver","Dodge and Roll","Flying Knee+1","Deadly Poison"],"picked":"SKIP","floor":21},{"not_picked":["Infinite Blades+1","Caltrops+1","Slice","MostiFishMod:FullyArmed","Blade Dance+1"],"picked":"SKIP","floor":22},{"not_picked":["Noxious Fumes","Riddle With Holes","Acrobatics","Venomology","Dagger Throw"],"picked":"SKIP","floor":23},{"not_picked":["Tactician","Expertise","MostiFishMod:PerfectParry","Acrobatics+1","Prepared"],"picked":"SKIP","floor":25},{"not_picked":["Backflip","Deadly Poison","MostiFishMod:PerfectParry","Skewer","Infinite Blades"],"picked":"SKIP","floor":25},{"not_picked":["MostiFishMod:Opportunism","Quick Slash","Reflex","Cloak And Dagger","Prepared"],"picked":"SKIP","floor":27},{"not_picked":["PiercingWail","Dagger Throw","Cloak And Dagger","Corpse Explosion","MostiFishMod:InvigoratingSolution","MostiFishMod:PerfectParry"],"picked":"SKIP","floor":28},{"not_picked":["Caltrops","MostiFishMod:InvigoratingSolution","Dagger Throw","Sucker Punch+1","Endless Agony","Tactician+1"],"picked":"SKIP","floor":28},{"not_picked":["Outmaneuver+1","Backflip+1","Distraction+1","Bouncing Flask+1","Quick Slash","Dagger Spray"],"picked":"SKIP","floor":31},{"not_picked":["All Out Attack","Choke+1","Slice","Sucker Punch","Dagger Spray","Quick Slash"],"picked":"SKIP","floor":31},{"not_picked":["Heel Hook+1","Deadly Poison+1","Cloak And Dagger","Dagger Spray","Bouncing Flask","MostiFishMod:PreservedThorns+1"],"picked":"SKIP","floor":35},{"not_picked":["Bane+1","Endless Agony","Outmaneuver+1","PiercingWail","Deflect+1","Slice"],"picked":"SKIP","floor":35},{"not_picked":["Skewer+1","Predator+1","After Image","Blur+1","Backstab+1","Flying Knee"],"picked":"SKIP","floor":36},{"not_picked":["Catalyst+1","PiercingWail","Flying Knee","Cloak And Dagger+1","Slice+1","MostiFishMod:PerfectParry+1"],"picked":"SKIP","floor":36},{"not_picked":["Quick Slash+1","MostiFishMod:PerfectParry+1","Poisoned Stab","Skewer+1","Reflex","Blade Dance"],"picked":"SKIP","floor":38},{"not_picked":["Catalyst","MostiFishMod:FrostNova","Night Terror","Bouncing Flask","Blur","Tactician"],"picked":"SKIP","floor":38},{"not_picked":["Outmaneuver+1","MostiFishMod:ThornCasing+1","All Out Attack+1","MostiFishMod:PerfectParry+1","Predator+1","Dagger Throw"],"picked":"SKIP","floor":39},{"not_picked":["PiercingWail","Flying Knee+1","Sucker Punch+1","Wraith Form v2","Deadly Poison","Bouncing Flask"],"picked":"SKIP","floor":39},{"not_picked":["Footwork+1","Heel Hook+1","MostiFishMod:InvigoratingSolution+1","Calculated Gamble+1","Prepared+1","MostiFishMod:Dislodge+1"],"picked":"SKIP","floor":40},{"not_picked":["Bullet Time+1","Crippling Poison+1","Prepared+1","Poisoned Stab","Flying Knee","MostiFishMod:SpreadingSpore+1"],"picked":"SKIP","floor":42},{"not_picked":["Masterful Stab","MostiFishMod:PerfectParry+1","Dodge and Roll+1","PiercingWail+1","Cloak And Dagger+1","Poisoned Stab"],"picked":"SKIP","floor":44},{"not_picked":["Infinite Blades","Dash","Quick Slash+1","Flying Knee","PiercingWail+1","Bane+1"],"picked":"SKIP","floor":46},{"not_picked":["Footwork+1","MostiFishMod:VineMother","Prepared+1","Reflex+1","Distraction+1","Masterful Stab"],"picked":"SKIP","floor":48},{"not_picked":["Acrobatics+1","Distraction+1","Noxious Fumes+1","MostiFishMod:PerfectParry+1","Prepared+1","Finisher"],"picked":"SKIP","floor":48}],"player_experience":13121,"relics_obtained":[{"floor":1,"key":"SynthV:TestCard"},{"floor":6,"key":"War Paint"},{"floor":8,"key":"Bag of Preparation"},{"floor":9,"key":"Anchor"},{"floor":12,"key":"MawBank"},{"floor":23,"key":"Prayer Wheel"},{"floor":26,"key":"Whetstone"},{"floor":27,"key":"Question Card"},{"floor":30,"key":"Red Mask"},{"floor":40,"key":"Toxic Egg 2"},{"floor":42,"key":"Ornamental Fan"},{"floor":43,"key":"Letter Opener"},{"floor":44,"key":"The Specimen"},{"floor":46,"key":"Ice Cream"}],"event_choices":[{"cards_removed":["Defend_G"],"damage_healed":0,"gold_gain":0,"player_choice":"Card Removal","damage_taken":7,"max_hp_gain":0,"max_hp_loss":0,"event_name":"Golden Wing","floor":3,"gold_loss":0},{"cards_removed":["Defend_G"],"damage_healed":0,"gold_gain":0,"player_choice":"Offered Basic","damage_taken":0,"max_hp_gain":0,"max_hp_loss":0,"event_name":"Bonfire Elementals","floor":4,"gold_loss":0},{"damage_healed":0,"gold_gain":0,"player_choice":"Fought Bandits","damage_taken":0,"max_hp_gain":0,"max_hp_loss":0,"event_name":"Masked Bandits","floor":30,"gold_loss":0},{"damage_healed":0,"gold_gain":0,"player_choice":"Max HP","damage_taken":0,"max_hp_gain":0,"max_hp_loss":4,"event_name":"Winding Halls","floor":45,"gold_loss":0},{"damage_healed":0,"gold_gain":222,"player_choice":"Wore Mask","damage_taken":0,"max_hp_gain":0,"max_hp_loss":0,"event_name":"Tomb of Lord Red Mask","floor":47,"gold_loss":0}],"is_beta":false,"boss_relics":[{"not_picked":["GreenFoldingFan","Ectoplasm"],"picked":"ExusiaiGun"},{"not_picked":["FixedStarFall","HoveringKite"],"picked":"Astrolabe"}],"items_purged_floors":[10,11,29],"is_endless":false,"potions_floor_spawned":[1,6,12,14,16,19,23,25,27,30,31,33,35,36,40,44],"ascension_level":2}}