{"host":"hzyv8pm5uot6l4n9","time":1609249033,"event":{"mods":["Arknights The Spire","Aspiration","Astrologer","BaseMod","Better Note","Better Third Choice","BetterRewards","Downfall","Energized Spire","Evolution","GifTheSpireLib","GungeonMod","Minty Spire (QoL Compilation)","Quick Restart","Replay The Spire","Shade Mod","StSLib","Stuff the Spire","The Marked","The Necromancer"],"gold_per_floor":[99,99,99,99,99,99,99,110,136,136,148,161,86,99,112,213,213,213,213,213,231,249,249,249,267,192,71,71,71,142,47,101,243,243,243,293,350,404,456,512,539,464,464,312,312,459,459,512,572,612,612,612,101,101,101],"floor_reached":56,"playtime":3103,"items_purged":["Sickly","Normality"],"score":1194,"play_id":"f4a8fb85-161d-4c73-9f0a-3eef06b76ef6","local_time":"20201229143713","is_ascension_mode":false,"campfire_choices":[{"data":"ats:Emotion Absorption","floor":1,"key":"SMITH"},{"data":"ats:Hammer On","floor":6,"key":"SMITH"},{"data":"ats:Revitalization","floor":13,"key":"SMITH"},{"data":"ats:Neurotoxin","floor":18,"key":"SMITH"},{"data":"ats:Armor Crushing Shot","floor":23,"key":"SMITH"},{"data":"ats:Powerful Strike","floor":26,"key":"SMITH"},{"floor":35,"key":"RECALL"},{"data":"ats:Ambush","floor":42,"key":"SMITH"},{"data":"expansioncontent:YouAreMine","floor":47,"key":"SMITH"},{"data":"ats:Composite Medical Shells","floor":54,"key":"SMITH"}],"circlet_count":0,"master_deck":["ats:Strike C","ats:Strike S","ats:Armor Crushing Shot+1","ats:Defend","ats:Defend","ats:Defend","ats:Defend","ats:Emotion Absorption+1","ats:Hammer On+1","ats:Powerful Strike+1","ats:Revitalization+1","ats:Defend Order","ats:Childhood Dance+1","ats:Assault Order","ats:Nebulous Foxfire","ats:Apocalypse","ats:Neurotoxin+1","ats:Wolf Pack","ats:Directed Diagnosis","ats:Consecutive Shot Auto+1","ats:Powerful Strike+1","ats:Composite Medical Shells+1","ats:Healing Drone","ats:Wolf Pack","ats:Collapsing Strike","ats:Poison Spread","ats:Ambush+1","ats:Revitalization","ats:Consecutive Shot Auto","ats:Powerful Strike+1","ats:Revitalization+1","ats:Ambush","ats:Neurotoxin","ats:Flexible Camouflage+1","ats:Consecutive Shot Auto","ats:Flexible Camouflage","expansioncontent:YouAreMine+1","ats:Explosion Area Strengthen+1","ats:Poison Spread"],"relics":["ats:Sanity","EVO:Axolotl","downfall:HeartsMalice","WarpedTongs","Orichalcum","ats:Originium","DemoMod:NanoMachines","Spirit Poop","downfall:HeartBlessingGreen","aspiration:FutureDiary","downfall:HeartBlessingBlue","downfall:KnowingSkull","Ring of Misfortune","Ring of Fury","Blood Vial","energizedSpire:EnergizedDie","Replay:Wax Seal","downfall:HeartBlessingRed","Art of War","StuffTheSpire:GreaterSneckoEye","StuffTheSpire:HeavyRock","aspiration:FrozenJewel","ats:Assault"],"acts_visited":["Exordium","TheCity","TheBeyond","TheEnding"],"potions_floor_usage":[16,16,16,33,39,50,52,55],"damage_taken":[{"damage":0,"enemies":"2 Louse","floor":2,"turns":1},{"damage":0,"enemies":"Cultist","floor":4,"turns":1},{"damage":0,"enemies":"Small Slimes","floor":5,"turns":1},{"damage":8,"enemies":"Blue Slaver","floor":8,"turns":2},{"damage":21,"enemies":"Replay:BlueRogue","floor":9,"turns":11},{"damage":0,"enemies":"3 Louse","floor":11,"turns":3},{"damage":0,"enemies":"Large Slime","floor":12,"turns":7},{"damage":4,"enemies":"Red Slaver","floor":14,"turns":5},{"damage":0,"enemies":"2 Fungi Beasts","floor":15,"turns":4},{"damage":23,"enemies":"downfall:Silent","floor":16,"turns":8},{"damage":4,"enemies":"Shell Parasite","floor":21,"turns":9},{"damage":11,"enemies":"Spheric Guardian","floor":22,"turns":5},{"damage":18,"enemies":"Cultist and Chosen","floor":25,"turns":6},{"damage":2,"enemies":"downfall:FleeingMerchant","floor":27,"turns":5},{"damage":11,"enemies":"Book of Stabbing","floor":30,"turns":5},{"damage":12,"enemies":"downfall:FleeingMerchant","floor":31,"turns":5},{"damage":13,"enemies":"Snake Plant","floor":32,"turns":5},{"damage":34,"enemies":"downfall:Ironclad","floor":33,"turns":7},{"damage":17,"enemies":"3 Shapes","floor":36,"turns":3},{"damage":3,"enemies":"Orb Walker","floor":37,"turns":3},{"damage":3,"enemies":"Transient","floor":39,"turns":5},{"damage":26,"enemies":"Jaw Worm Horde","floor":40,"turns":5},{"damage":6,"enemies":"Nemesis","floor":43,"turns":7},{"damage":10,"enemies":"downfall:FleeingMerchant","floor":44,"turns":6},{"damage":0,"enemies":"downfall:FleeingMerchant","floor":46,"turns":1},{"damage":8,"enemies":"Sphere and 2 Shapes","floor":48,"turns":3},{"damage":46,"enemies":"Writhing Mass","floor":49,"turns":6},{"damage":16,"enemies":"downfall:Watcher","floor":50,"turns":8},{"damage":43,"enemies":"downfall:CharBossMerchant","floor":52,"turns":8},{"damage":204,"enemies":"downfall:NeowBoss","floor":55,"turns":36}],"seed_played":"6393016272357871063","potions_obtained":[{"floor":8,"key":"Venom Potion"},{"floor":11,"key":"Fire Potion"},{"floor":12,"key":"EssenceOfSteel"},{"floor":14,"key":"champ:CounterPotion"},{"floor":25,"key":"ats:Top Emergency Sanity Potion"},{"floor":30,"key":"Weak Potion"},{"floor":33,"key":"ats:Top Emergency Sanity Potion"},{"floor":39,"key":"BlessingOfTheForge"},{"floor":43,"key":"Swift Potion"},{"floor":49,"key":"Adrenaline Potion"}],"is_trial":false,"path_per_floor":["R","M","?","M","M","R","T","M","E","?","M","M","R","M","M","B",null,"R","?","?","M","M","R","T","M","R","$","?","?","E","$","M","B",null,"R","M","M","?","M","M","T","R","E","?","?","$","R","M","M","B",null,"E","$","R","B",null],"character_chosen":"DOCTOR_CLASS","items_purchased":["ats:Composite Medical Shells","ats:Healing Drone","ats:Poison Spread","ats:Neurotoxin","ats:Consecutive Shot Auto","ats:Flexible Camouflage","expansioncontent:YouAreMine","aspiration:FrozenJewel","ats:Assault","SkillPotion","ColorlessPotion"],"campfire_rested":0,"item_purchase_floors":[27,27,31,44,46,46,46,53,53,53,53],"current_hp_per_floor":[72,72,72,72,72,72,72,64,55,55,57,63,63,72,72,71,72,72,72,64,71,70,70,70,63,73,82,82,82,82,82,74,61,82,82,68,73,73,82,75,75,75,82,82,82,82,82,77,43,50,82,63,63,63,82],"gold":101,"neow_bonus":"THREE_ENEMY_KILL","is_daily":false,"chose_seed":false,"campfire_upgraded":9,"win_rate":0.0,"timestamp":1609249033,"path_taken":["R","M","?","M","?","R","T","M","E","?","?","M","R","M","M","BOSS","R","?","?","M","M","R","T","?","R","$","?","?","E","?","M","BOSS","R","M","M","?","M","?","T","R","E","?","?","$","R","M","M","BOSS","E","$","R","BOSS"],"items_purchased_type":["Card","Card","Card","Card","Card","Card","Card","Relic","Relic","Potion","Potion"],"build_version":"2020-12-22","purchased_purges":2,"victory":true,"max_hp_per_floor":[72,72,72,72,72,72,72,72,72,72,72,72,72,72,72,72,72,72,72,72,72,72,72,72,72,82,82,82,82,82,82,82,82,82,82,82,82,82,82,82,82,82,82,82,82,82,82,82,82,82,82,82,82,82,82],"card_choices":[{"not_picked":["ats:Shell Defense","ats:Composite Medical Shells"],"picked":"ats:Hammer On","floor":2},{"not_picked":["ats:Shadow Raid","ats:Assault Order"],"picked":"ats:Powerful Strike","floor":4},{"not_picked":["ats:Cat Scratch","ats:Very Hot Blade"],"picked":"ats:Revitalization","floor":5},{"not_picked":["ats:Support Order","ats:Composite Medical Shells"],"picked":"ats:Defend Order","floor":8},{"not_picked":["ats:Ambush","ats:Ignite"],"picked":"ats:Childhood Dance","floor":9},{"not_picked":["ats:Curse Doll","ats:Cat Scratch"],"picked":"ats:Assault Order","floor":11},{"not_picked":["ats:Poison Spread","ats:Powerful Strike"],"picked":"ats:Nebulous Foxfire","floor":12},{"not_picked":["ats:Hammer On","ats:Assault Order"],"picked":"ats:Apocalypse","floor":14},{"not_picked":["ats:Childhood Dance","ats:Revitalization"],"picked":"ats:Neurotoxin","floor":15},{"not_picked":["ats:Shadow Assault","ats:Volcano"],"picked":"ats:Wolf Pack","floor":16},{"not_picked":["ats:Rapid Magazine","ats:Curse Doll+1"],"picked":"ats:Consecutive Shot Auto+1","floor":21},{"not_picked":["ats:Guardian Obelisk+1","ats:Leaping Hammer","ats:Sword Rain"],"picked":"SKIP","floor":22},{"not_picked":["ats:Assault Order","ats:Automatic Cover"],"picked":"ats:Powerful Strike+1","floor":25},{"not_picked":["ats:Ignite","ats:Very Hot Blade","ats:Apocalypse"],"picked":"SKIP","floor":27},{"not_picked":["ats:Thorns","ats:Revitalization"],"picked":"ats:Wolf Pack","floor":30},{"not_picked":["ats:Cat Scratch","ats:Song Of Battle"],"picked":"ats:Collapsing Strike","floor":31},{"not_picked":["ats:LN2 Cannon+1","ats:Childhood Dance","ats:Cat Scratch"],"picked":"SKIP","floor":32},{"not_picked":["ats:Soul Rend","ats:Echo Reverb"],"picked":"ats:Ambush","floor":33},{"not_picked":["ats:Curse Doll+1","ats:Spore Proliferation+1","ats:Collapsing Strike+1"],"picked":"SKIP","floor":36},{"not_picked":["ats:Shadow Raid","ats:Sunburst+1","ats:Beaten Up+1"],"picked":"SKIP","floor":37},{"not_picked":["ats:Childhood Dance","ats:Assault Order+1"],"picked":"ats:Revitalization","floor":38},{"not_picked":["ats:Cat Scratch+1","ats:Collapsing Strike+1"],"picked":"ats:Consecutive Shot Auto","floor":39},{"not_picked":["ats:Demon Strength","ats:Revitalization+1"],"picked":"ats:Powerful Strike+1","floor":40},{"not_picked":["ats:Hammer On+1","ats:Blood Oath"],"picked":"ats:Revitalization+1","floor":43},{"not_picked":["ats:Steam Pump+1","ats:Revitalization+1"],"picked":"ats:Ambush","floor":44},{"not_picked":["ats:Fractured Body","ats:Curse Doll+1"],"picked":"ats:Flexible Camouflage+1","floor":46},{"not_picked":["ats:Revitalization","ats:Apocalypse+1"],"picked":"ats:Explosion Area Strengthen+1","floor":48},{"not_picked":["ats:Magnetic Hammer","ats:Apocalypse"],"picked":"ats:Poison Spread","floor":49},{"not_picked":["ats:Spore Proliferation","ats:Leaping Hammer","ats:Assault Order"],"picked":"SKIP","floor":52}],"player_experience":584459,"relics_obtained":[{"floor":7,"key":"Orichalcum"},{"floor":9,"key":"ats:Originium"},{"floor":9,"key":"DemoMod:NanoMachines"},{"floor":29,"key":"Ring of Misfortune"},{"floor":29,"key":"Ring of Fury"},{"floor":30,"key":"ats:Originium"},{"floor":30,"key":"Blood Vial"},{"floor":41,"key":"Replay:Wax Seal"},{"floor":43,"key":"ats:Originium"},{"floor":43,"key":"Art of War"},{"floor":45,"key":"StuffTheSpire:GreaterSneckoEye"},{"floor":52,"key":"StuffTheSpire:HeavyRock"}],"event_choices":[{"damage_healed":0,"gold_gain":0,"player_choice":"Rummage","damage_taken":0,"relics_obtained":["WarpedTongs"],"max_hp_gain":0,"max_hp_loss":0,"event_name":"Accursed Blacksmith","floor":3,"gold_loss":0,"cards_obtained":["Pain"]},{"cards_removed":["Pain"],"damage_healed":0,"gold_gain":0,"player_choice":"Offered Curse","damage_taken":0,"relics_obtained":["Spirit Poop"],"max_hp_gain":0,"max_hp_loss":0,"event_name":"Bonfire Elementals","floor":10,"gold_loss":0},{"damage_healed":0,"gold_gain":0,"cards_transformed":["ats:Strike V"],"player_choice":"Transformed","damage_taken":0,"max_hp_gain":0,"max_hp_loss":0,"event_name":"Transmorgrifier","floor":19,"gold_loss":0,"cards_obtained":["ats:Directed Diagnosis"]}],"is_beta":false,"boss_relics":[{"not_picked":["aspiration:RunicSpoon","Velvet Choker"],"picked":"aspiration:FutureDiary"},{"not_picked":["Ring of Chaos","Honey Jar"],"picked":"energizedSpire:EnergizedDie"}],"items_purged_floors":[31,44],"is_endless":false,"potions_floor_spawned":[8,11,12,14,25,30,33,39,43,49],"ascension_level":0}}