{"host":"gj3450u0c4def4mj","time":1609246332,"event":{"mods":["Act Like it!","BaseMod","Gensokyo","Koishi","Minty Spire (QoL Compilation)","Permanent Neow","StSLib"],"gold_per_floor":[369,469,11,21,21,50,63,63,87,87,419,419,419,430,430,535,535,547,547,547,318,318,318,345,355,355,369,386,78,91,91,91,190,190,204,219,219,44,59,59,86,105,159,159,173,173,173,206,206,206],"floor_reached":51,"playtime":3430,"items_purged":["Koishi:BasicStrike","Gensokyo:AllTheWorldsEvil","Koishi:BasicStrike"],"score":941,"play_id":"caffac41-e883-426d-865b-e41ae6a76508","local_time":"20201229075212","is_ascension_mode":true,"campfire_choices":[{"data":"Koishi:RoseHell","floor":8.0,"key":"SMITH"},{"floor":10.0,"key":"REST"},{"floor":13.0,"key":"REST"},{"data":"Koishi:BramblyRoseGarden","floor":15.0,"key":"SMITH"},{"data":"Koishi:RuptureMind","floor":23.0,"key":"SMITH"},{"floor":32.0,"key":"REST"},{"data":"Koishi:TerrifyingSpectre","floor":40.0,"key":"SMITH"},{"data":"Gensokyo:PrivateSquare","floor":47.0,"key":"SMITH"},{"data":"Koishi:UnseenTerror","floor":49.0,"key":"SMITH"}],"circlet_count":0,"master_deck":["Koishi:BasicDefend","Koishi:BasicDefend","Koishi:BasicDefend","Koishi:BasicDefend","Koishi:Provoke","Koishi:PhilosophyOfTheDespised","Koishi:BramblyRoseGarden+1","Koishi:RoseHell+1","Koishi:BramblyRoseGarden","Koishi:JumpScare","Koishi:Whimsy","Koishi:UnseenTerror+1","Koishi:JumpScare","Koishi:PhantomStrike+1","Koishi:RuptureMind+1","Koishi:JumpScare","Koishi:CatchAndRose","Koishi:CatchAndRose","Koishi:BramblyRoseGarden","Koishi:YoukaiPolygraph","Koishi:RacingHeart+1","Koishi:TremblingHands","Koishi:TraumaticStroke","Writhe","Koishi:PredatoryInstincts","Koishi:TerrifyingSpectre+1","Koishi:RacingHeart","Koishi:RacingHeart","Koishi:StingingMind+1","Koishi:BloodcurdlingScream+1","Gensokyo:PrivateSquare+1","Koishi:CatchAndRose+1","Koishi:DanmakuParanoia+1"],"relics":["Koishi:ImaginaryFriend","MealTicket","Gensokyo:Mercy","Dream Catcher","Bag of Marbles","Old Coin","Toy Ornithopter","Koishi:ColorfulDays","StrikeDummy","Koishi:TeethAndClaws","Pantograph","Philosopher\u0027s Stone","Anchor","Omamori","Ancient Tea Set"],"acts_visited":["Gensokyo:Gensokyo","Gensokyo:Gensokyoer","Gensokyo:Gensokyoest"],"potions_floor_usage":[50,50],"damage_taken":[{"damage":3.0,"enemies":"Gensokyo:2_Kodama","floor":1.0,"turns":5.0},{"damage":3.0,"enemies":"Gensokyo:3_Fairies","floor":4.0,"turns":5.0},{"damage":5.0,"enemies":"Gensokyo:Mamizou","floor":6.0,"turns":11.0},{"damage":3.0,"enemies":"Gensokyo:Python","floor":7.0,"turns":5.0},{"damage":17.0,"enemies":"Gensokyo:Aya","floor":11.0,"turns":4.0},{"damage":6.0,"enemies":"Gensokyo:Kitsune","floor":14.0,"turns":4.0},{"damage":31.0,"enemies":"Gensokyo:Yukari","floor":16.0,"turns":9.0},{"damage":16.0,"enemies":"Gensokyo:AngelMirror","floor":18.0,"turns":4.0},{"damage":49.0,"enemies":"Gensokyo:Koishi","floor":24.0,"turns":6.0},{"damage":12.0,"enemies":"Gensokyo:3_Dogs","floor":25.0,"turns":4.0},{"damage":0.0,"enemies":"Gensokyo:Swordslinger","floor":27.0,"turns":4.0},{"damage":19.0,"enemies":"Gensokyo:Slime_Group","floor":28.0,"turns":6.0},{"damage":13.0,"enemies":"Gensokyo:Monolith_and_Dog","floor":30.0,"turns":6.0},{"damage":19.0,"enemies":"Gensokyo:Eternal_Rivals","floor":33.0,"turns":11.0},{"damage":10.0,"enemies":"Gensokyo:3_Bats","floor":35.0,"turns":5.0},{"damage":13.0,"enemies":"Gensokyo:AncientGuardian","floor":36.0,"turns":8.0},{"damage":3.0,"enemies":"Gensokyo:SeedOfUnknown","floor":39.0,"turns":7.0},{"damage":46.0,"enemies":"Gensokyo:Marisa","floor":41.0,"turns":6.0},{"damage":24.0,"enemies":"Gensokyo:Rafflesia","floor":42.0,"turns":8.0},{"damage":21.0,"enemies":"Gensokyo:3_Boulders","floor":45.0,"turns":6.0},{"damage":33.0,"enemies":"Gensokyo:Doremy","floor":48.0,"turns":8.0},{"damage":0,"enemies":"Gensokyo:Yuyuko","floor":50,"turns":10}],"seed_played":"8500299023647346525","potions_obtained":[{"floor":11.0,"key":"Swift Potion"},{"floor":14.0,"key":"Swift Potion"},{"floor":16.0,"key":"FairyPotion"},{"floor":24.0,"key":"Dexterity Potion"},{"floor":25.0,"key":"GamblersBrew"},{"floor":27.0,"key":"Block Potion"},{"floor":35.0,"key":"Weak Potion"},{"floor":45.0,"key":"ColorlessPotion"}],"is_trial":false,"path_per_floor":["M","?","$","M","?","E","M","R","T","R","E","T","R","M","R","B",null,"M","?","?","$","?","R","E","M","T","M","M","$","M","?","R","B",null,"M","M","?","$","M","R","E","M","T","?","M","?","R","E","R","B",null],"character_chosen":"KOISHI","items_purchased":["Koishi:BramblyRoseGarden","Koishi:RoseHell","MealTicket","Fire Potion","Koishi:CatchAndRose","Koishi:BramblyRoseGarden","Koishi:TraumaticStroke","Pantograph","Energy Potion"],"campfire_rested":3,"item_purchase_floors":[3,3,3,3,21,21,29,29,38],"current_hp_per_floor":[54,54,54,52,52,47,46,46,46,54,39,39,54,54,54,29,48,34,34,34,49,49,49,22,24,24,41,34,49,50,50,54,48,53,54,54,54,54,54,54,45,54,54,54,54,54,54,47,47,47],"gold":206,"neow_bonus":"TWO_FIFTY_GOLD","is_daily":false,"chose_seed":false,"campfire_upgraded":6,"win_rate":0.0,"timestamp":1609246332,"path_taken":["M","?","$","M","?","E","M","R","T","R","E","?","R","M","R","BOSS","M","?","?","$","?","R","E","?","T","M","M","$","?","?","R","BOSS","M","?","?","$","M","R","E","?","T","?","M","?","R","E","R","BOSS"],"items_purchased_type":["Card","Card","Relic","Potion","Card","Card","Card","Relic","Potion"],"build_version":"2020-12-22","purchased_purges":3,"victory":true,"max_hp_per_floor":[54,54,54,54,54,54,54,54,54,54,54,54,54,54,54,54,54,54,54,54,54,54,54,54,54,54,54,54,54,54,54,54,54,54,54,54,54,54,54,54,54,54,54,54,54,54,54,54,54,54],"card_choices":[{"not_picked":["Koishi:CatchAndRose","Koishi:RacingHeart"],"picked":"Koishi:PhilosophyOfTheDespised","floor":1.0},{"not_picked":["Koishi:SprinkleStarAndHeart","Koishi:IdleWhim"],"picked":"Koishi:BramblyRoseGarden","floor":4.0},{"not_picked":["Koishi:FreudianInstinct","Koishi:FourthEye"],"picked":"Koishi:JumpScare","floor":6.0},{"not_picked":["Koishi:SpiritedAway","Koishi:SprinkleStarAndHeart","Koishi:VengefulSpirit"],"picked":"SKIP","floor":7.0},{"not_picked":["Koishi:YoukaiPolygraph","Koishi:BloodcurdlingScream"],"picked":"Koishi:Whimsy","floor":10.0},{"not_picked":["Koishi:YoukaiPolygraph","Koishi:PhantomStrike"],"picked":"Koishi:UnseenTerror","floor":11.0},{"not_picked":["Koishi:TremblingHands","Koishi:FourthEye"],"picked":"Koishi:JumpScare","floor":13.0},{"not_picked":["Koishi:Vanish","Koishi:DreadfulBlow"],"picked":"Koishi:PhantomStrike","floor":14.0},{"not_picked":["Koishi:Ego","Koishi:MentalBreakdown"],"picked":"Koishi:RuptureMind","floor":16.0},{"not_picked":["Koishi:UnconsciousUprising","Koishi:SubconsciousSweep"],"picked":"Koishi:JumpScare","floor":18.0},{"not_picked":["Koishi:PhilosophyOfTheDespised","Koishi:Jaunt"],"picked":"Koishi:YoukaiPolygraph","floor":24.0},{"not_picked":["Koishi:SubterraneanRose","Koishi:DreadfulBlow"],"picked":"Koishi:RacingHeart+1","floor":25.0},{"not_picked":["Koishi:PhantomBarrier","Koishi:Untouchable"],"picked":"Koishi:TremblingHands","floor":27.0},{"not_picked":["Koishi:TerrifyingSpectre","Koishi:SpiritedAway","Koishi:RacingHeart"],"picked":"SKIP","floor":28.0},{"not_picked":["Koishi:UnansweredLove","Koishi:SubconsciousSweep","Koishi:JumpScare"],"picked":"SKIP","floor":30.0},{"not_picked":["Koishi:Prune","Koishi:RollingInRichesHeart"],"picked":"Koishi:PredatoryInstincts","floor":32.0},{"not_picked":["Koishi:MentalBreakdown","Koishi:Heartbroken"],"picked":"Koishi:TerrifyingSpectre","floor":33.0},{"not_picked":["Koishi:HeartfeltFancy","Koishi:EmbryosDream"],"picked":"Koishi:RacingHeart","floor":35.0},{"not_picked":["Koishi:Bloodlust","Koishi:LastRemote+1"],"picked":"Koishi:RacingHeart","floor":36.0},{"not_picked":["Koishi:MindNumbingTerror+1","Koishi:GeneticsOfTheUnconscious"],"picked":"Koishi:StingingMind+1","floor":39.0},{"not_picked":["Koishi:Ego","Koishi:Catatonia"],"picked":"Koishi:JumpScare","floor":41.0},{"not_picked":["Koishi:SubterraneanRose+1","Koishi:DNAsFlaw"],"picked":"Koishi:BloodcurdlingScream+1","floor":42.0},{"not_picked":["Koishi:PhantomStrike+1","Koishi:Ego"],"picked":"Koishi:CatchAndRose+1","floor":45.0},{"not_picked":["Koishi:LastRemote","Koishi:StingingMind"],"picked":"Koishi:DanmakuParanoia+1","floor":48.0}],"player_experience":74187,"relics_obtained":[{"floor":6.0,"key":"Dream Catcher"},{"floor":9.0,"key":"Bag of Marbles"},{"floor":11.0,"key":"Old Coin"},{"floor":12.0,"key":"Toy Ornithopter"},{"floor":24.0,"key":"StrikeDummy"},{"floor":26.0,"key":"Koishi:TeethAndClaws"},{"floor":41.0,"key":"Anchor"},{"floor":43.0,"key":"Omamori"},{"floor":48.0,"key":"Ancient Tea Set"}],"event_choices":[],"is_beta":false,"boss_relics":[{"not_picked":["Astrolabe","Black Star"],"picked":"Koishi:ColorfulDays"},{"not_picked":["Calling Bell","Busted Crown"],"picked":"Philosopher\u0027s Stone"}],"items_purged_floors":[3,21,38],"is_endless":false,"potions_floor_spawned":[11,14,16,24,25,27,35,39,45],"ascension_level":5}}