{"host":"ko0mgl3op33mqgxv","time":1609214761,"event":{"mods":["BaseMod","Filter the Spire","Minty Spire (QoL Compilation)"],"gold_per_floor":[109,109,109,109,109,109,150,171,171,190,209,222,240,574,574,705,705,724,747,662,662,226,266,266,280,328,366,366,409,428,453,453,578,578,593,656,722,748,766,806,822,863,863,887,931,944,963,1002,1002,1002],"floor_reached":51,"playtime":3265,"items_purged":[],"score":1187,"play_id":"897bc4dc-e0db-4197-b96a-1e64656548fa","local_time":"20201228200601","is_ascension_mode":true,"campfire_choices":[{"data":"Neutralize","floor":6,"key":"SMITH"},{"floor":15,"key":"REST"},{"data":"Catalyst","floor":28,"key":"SMITH"},{"floor":32,"key":"REST"},{"floor":49,"key":"REST"}],"circlet_count":0,"master_deck":["Survivor+1","Neutralize+1","Bouncing Flask","Catalyst+1","Dagger Spray","Well Laid Plans+1","Wraith Form v2+1","Burst","Predator","Bouncing Flask","Dagger Throw","Deadly Poison","Noxious Fumes+1","Bullet Time","Backstab+1","Phantasmal Killer","Malaise","Slice+1","Ghostly+1","Ghostly+1","Ghostly+1","Ghostly+1","Ghostly+1","Accuracy+1","Backflip+1","Cloak And Dagger+1","Blade Dance+1","Dodge and Roll+1","Dodge and Roll+1","Sucker Punch+1","Dash+1","Flechettes+1","Night Terror+1","Outmaneuver+1","Phantasmal Killer+1","Deflect+1","Poisoned Stab+1","Terror+1","Dodge and Roll+1","Dodge and Roll+1","Deflect+1","Flying Knee+1","Blade Dance+1","Accuracy+1","Accuracy+1","Backstab+1"],"relics":["Black Star","Frozen Egg 2","Golden Idol","Blood Vial","Ninja Scroll","Dream Catcher","Mummified Hand","Old Coin","Centennial Puzzle","Pandora\u0027s Box","Toxic Egg 2","Unceasing Top","Tough Bandages","Nunchaku","Bag of Preparation","Ornamental Fan","Art of War","Omamori","Letter Opener","Astrolabe","Ice Cream","TungstenRod","Vajra","Toy Ornithopter","FossilizedHelix","Gremlin Horn","Ancient Tea Set","Smiling Mask","Turnip","MealTicket","Pen Nib","Whetstone"],"acts_visited":["Exordium","TheCity","TheBeyond"],"potions_floor_usage":[7,14,16,23,25,27],"damage_taken":[{"damage":5,"enemies":"Small Slimes","floor":1,"turns":5},{"damage":22,"enemies":"Lagavulin","floor":7,"turns":9},{"damage":0,"enemies":"2 Louse","floor":8,"turns":2},{"damage":0,"enemies":"Jaw Worm","floor":10,"turns":1},{"damage":5,"enemies":"Looter","floor":11,"turns":2},{"damage":0,"enemies":"Exordium Wildlife","floor":12,"turns":1},{"damage":1,"enemies":"Blue Slaver","floor":13,"turns":2},{"damage":10,"enemies":"Gremlin Nob","floor":14,"turns":3},{"damage":5,"enemies":"The Guardian","floor":16,"turns":9},{"damage":0,"enemies":"Chosen","floor":18,"turns":4},{"damage":4,"enemies":"2 Thieves","floor":19,"turns":4},{"damage":4,"enemies":"Book of Stabbing","floor":23,"turns":4},{"damage":2,"enemies":"Chosen and Byrds","floor":25,"turns":5},{"damage":7,"enemies":"Slavers","floor":27,"turns":7},{"damage":0,"enemies":"Gremlin Leader","floor":29,"turns":5},{"damage":0,"enemies":"Cultist and Chosen","floor":30,"turns":3},{"damage":12,"enemies":"Shelled Parasite and Fungi","floor":31,"turns":3},{"damage":0,"enemies":"Collector","floor":33,"turns":7},{"damage":0,"enemies":"3 Darklings","floor":35,"turns":2},{"damage":0,"enemies":"Mind Bloom Boss Battle","floor":36,"turns":5},{"damage":12,"enemies":"2 Orb Walkers","floor":37,"turns":5},{"damage":0,"enemies":"Orb Walker","floor":39,"turns":3},{"damage":0,"enemies":"Giant Head","floor":40,"turns":6},{"damage":0,"enemies":"Sphere and 2 Shapes","floor":41,"turns":4},{"damage":0,"enemies":"Nemesis","floor":42,"turns":3},{"damage":0,"enemies":"Transient","floor":44,"turns":5},{"damage":0,"enemies":"Reptomancer","floor":45,"turns":3},{"damage":0,"enemies":"Maw","floor":46,"turns":5},{"damage":0,"enemies":"Writhing Mass","floor":47,"turns":4},{"damage":6,"enemies":"Nemesis","floor":48,"turns":7},{"damage":8,"enemies":"Time Eater","floor":50,"turns":8}],"seed_played":"-185797618150384250","potions_obtained":[{"floor":1,"key":"Fire Potion"},{"floor":10,"key":"GhostInAJar"},{"floor":11,"key":"AttackPotion"},{"floor":13,"key":"CultistPotion"},{"floor":16,"key":"ColorlessPotion"},{"floor":19,"key":"Block Potion"},{"floor":23,"key":"FairyPotion"},{"floor":29,"key":"SpeedPotion"},{"floor":33,"key":"LiquidBronze"},{"floor":35,"key":"Strength Potion"},{"floor":46,"key":"Regen Potion"}],"is_trial":false,"path_per_floor":["M","?","?","?","T","R","E","M","T","M","M","M","M","E","R","B",null,"M","M","?","?","$","E","?","M","T","E","R","E","M","M","R","B",null,"M","?","?","T","M","E","M","E","T","M","E","M","M","E","R","B",null],"character_chosen":"THE_SILENT","items_purchased":["Accuracy+1","Unceasing Top","Backflip+1"],"campfire_rested":3,"item_purchase_floors":[22,22,22],"current_hp_per_floor":[65,62,62,49,49,49,29,31,31,33,30,32,33,25,44,41,65,65,61,61,32,32,28,28,28,28,23,23,25,27,17,26,28,32,32,32,20,20,22,24,26,28,28,30,32,32,32,26,32,24],"gold":1002,"neow_bonus":"BOSS_RELIC","is_daily":false,"chose_seed":false,"campfire_upgraded":2,"win_rate":0.0,"timestamp":1609214761,"path_taken":["M","?","?","?","?","R","E","M","T","M","M","M","M","E","R","BOSS","M","M","?","?","$","E","?","?","T","E","R","E","M","M","R","BOSS","M","?","?","?","M","E","M","E","T","M","E","?","M","E","R","BOSS"],"items_purchased_type":["Card","Relic","Card"],"build_version":"2020-12-22","purchased_purges":0,"victory":true,"max_hp_per_floor":[70,70,65,65,65,65,65,65,65,65,65,65,65,65,65,65,65,65,65,65,32,32,32,32,32,32,32,32,32,32,32,32,32,32,32,32,32,32,32,32,32,32,32,32,32,32,32,32,32,32],"card_choices":[{"not_picked":["Choke","Acrobatics","Tactician"],"picked":"SKIP","floor":1},{"not_picked":["Flechettes","PiercingWail"],"picked":"Slice","floor":7},{"not_picked":["Backflip","Deflect"],"picked":"Masterful Stab","floor":8},{"not_picked":["Outmaneuver","Backflip"],"picked":"Bouncing Flask","floor":10},{"not_picked":["Prepared","Underhanded Strike","Venomology"],"picked":"SKIP","floor":11},{"not_picked":["Prepared","Predator"],"picked":"Calculated Gamble","floor":12},{"not_picked":["Deflect","Flechettes"],"picked":"Catalyst","floor":13},{"not_picked":["Flying Knee","Prepared"],"picked":"Dagger Spray","floor":14},{"not_picked":["Deadly Poison","Accuracy+1"],"picked":"Well Laid Plans+1","floor":15},{"not_picked":["Corpse Explosion","Burst"],"picked":"Wraith Form v2+1","floor":16},{"not_picked":["Underhanded Strike","Expertise","Slice"],"picked":"SKIP","floor":18},{"not_picked":["Deflect","Outmaneuver+1"],"picked":"Slice+1","floor":19},{"not_picked":["Finisher","Predator+1"],"picked":"Cloak And Dagger+1","floor":23},{"not_picked":["Acrobatics+1","Caltrops+1"],"picked":"Dodge and Roll+1","floor":25},{"not_picked":["Bullet Time+1","Skewer"],"picked":"Dodge and Roll+1","floor":27},{"not_picked":["Heel Hook+1","Outmaneuver+1"],"picked":"Sucker Punch+1","floor":29},{"not_picked":["Dagger Spray","Acrobatics+1"],"picked":"Dash","floor":30},{"not_picked":["Dagger Spray","Endless Agony","Dash"],"picked":"SKIP","floor":31},{"not_picked":["Endless Agony","Leg Sweep+1"],"picked":"Flechettes+1","floor":32},{"not_picked":["Corpse Explosion+1","Bullet Time+1"],"picked":"Night Terror+1","floor":33},{"not_picked":["Prepared+1","Dagger Spray"],"picked":"Poisoned Stab+1","floor":35},{"not_picked":["Setup+1","PiercingWail+1"],"picked":"Terror+1","floor":36},{"not_picked":["Die Die Die","Acrobatics+1"],"picked":"Dodge and Roll+1","floor":39},{"not_picked":["Leg Sweep+1","PiercingWail+1"],"picked":"Dodge and Roll+1","floor":40},{"not_picked":["Escape Plan+1","All Out Attack"],"picked":"Deflect+1","floor":41},{"not_picked":["Dagger Spray","Deflect+1"],"picked":"Flying Knee+1","floor":42},{"not_picked":["Backflip+1","Outmaneuver+1"],"picked":"Blade Dance+1","floor":44},{"not_picked":["Well Laid Plans+1","Eviscerate+1","All Out Attack"],"picked":"SKIP","floor":45},{"not_picked":["Dodge and Roll+1","Deflect+1"],"picked":"Accuracy+1","floor":46},{"not_picked":["Eviscerate+1","Calculated Gamble+1","Dodge and Roll+1"],"picked":"SKIP","floor":47},{"not_picked":["Slice+1","Bouncing Flask+1"],"picked":"Accuracy+1","floor":48},{"not_picked":["Prepared+1","Dash"],"picked":"Backstab+1","floor":49}],"player_experience":714509,"relics_obtained":[{"floor":5,"key":"Blood Vial"},{"floor":7,"key":"Ninja Scroll"},{"floor":7,"key":"Dream Catcher"},{"floor":9,"key":"Mummified Hand"},{"floor":14,"key":"Old Coin"},{"floor":14,"key":"Centennial Puzzle"},{"floor":23,"key":"Tough Bandages"},{"floor":23,"key":"Nunchaku"},{"floor":26,"key":"Bag of Preparation"},{"floor":27,"key":"Ornamental Fan"},{"floor":27,"key":"Art of War"},{"floor":29,"key":"Omamori"},{"floor":29,"key":"Letter Opener"},{"floor":36,"key":"Ice Cream"},{"floor":37,"key":"TungstenRod"},{"floor":38,"key":"Vajra"},{"floor":40,"key":"Toy Ornithopter"},{"floor":40,"key":"FossilizedHelix"},{"floor":42,"key":"Gremlin Horn"},{"floor":42,"key":"Ancient Tea Set"},{"floor":43,"key":"Smiling Mask"},{"floor":45,"key":"Turnip"},{"floor":45,"key":"MealTicket"},{"floor":48,"key":"Pen Nib"},{"floor":48,"key":"Whetstone"}],"event_choices":[{"damage_healed":0,"gold_gain":0,"player_choice":"Success","damage_taken":3,"relics_obtained":["Frozen Egg 2"],"max_hp_gain":0,"max_hp_loss":0,"event_name":"Scrap Ooze","floor":2,"gold_loss":0},{"damage_healed":0,"gold_gain":0,"player_choice":"Lose Max HP","damage_taken":0,"relics_obtained":["Golden Idol"],"max_hp_gain":0,"max_hp_loss":5,"event_name":"Golden Idol","floor":3,"gold_loss":0},{"damage_healed":0,"gold_gain":0,"player_choice":"Entered Light","damage_taken":13,"max_hp_gain":0,"max_hp_loss":0,"event_name":"Shining Light","floor":4,"gold_loss":0,"cards_upgraded":["Strike_G","Survivor"]},{"damage_healed":0,"gold_gain":0,"player_choice":"Obtained Relic","damage_taken":0,"relics_obtained":["Toxic Egg 2"],"max_hp_gain":0,"max_hp_loss":0,"event_name":"Addict","floor":20,"gold_loss":85},{"damage_healed":0,"gold_gain":0,"player_choice":"Became a Ghost","damage_taken":0,"max_hp_gain":0,"max_hp_loss":33,"event_name":"Ghosts","floor":21,"gold_loss":0,"cards_obtained":["Ghostly","Ghostly","Ghostly","Ghostly","Ghostly"]},{"damage_healed":0,"gold_gain":0,"player_choice":"Read","damage_taken":0,"max_hp_gain":0,"max_hp_loss":0,"event_name":"The Library","floor":24,"gold_loss":0,"cards_obtained":["Blade Dance"]},{"damage_healed":0,"gold_gain":0,"player_choice":"Fight","damage_taken":0,"max_hp_gain":0,"max_hp_loss":0,"event_name":"MindBloom","floor":36,"gold_loss":0},{"damage_healed":0,"gold_gain":0,"player_choice":"Fight","damage_taken":0,"max_hp_gain":0,"max_hp_loss":0,"event_name":"Mysterious Sphere","floor":37,"gold_loss":0}],"is_beta":false,"boss_relics":[{"not_picked":["Coffee Dripper","Runic Pyramid"],"picked":"Pandora\u0027s Box"},{"not_picked":["Velvet Choker","Runic Dome"],"picked":"Astrolabe"}],"items_purged_floors":[],"is_endless":false,"potions_floor_spawned":[1,10,11,13,16,19,23,29,33,35,36,37,46,47],"ascension_level":1}}