{"host":"mvz90ilxx8epviq1","time":1609214605,"event":{"mods":["2.2 Compatiblity","Act Like it!","BaseMod","Better Note","Better Third Choice","Better Vampires","Clockwork Mod","Colored Map","Colored Powertips","Gensokyo","Hallownest","Hubris","Marisa????????","Minty Spire (QoL Compilation)","Replay The Spire","Shop Mod","Spicy Shops","StSLib","The Alterego","The Construct","The Cursed","The Mystic","The Senshi","The Servant 0.9.4","The Wild Card","slay the spire mod where everything is the same but ironclad has a cowboy hat"],"gold_per_floor":[116,129,142,156,6,37,48,65,110,110,110,39,51,126,126,228,228,248,265,123,123,134,162,162,193,193,193,210,485,496,524,524,628,687,699,409,434,454,499,539,539,550,584,623,642,655,655,666,666,666,666,666,216,246,246],"floor_reached":56,"playtime":8151,"items_purged":["theSenshi:SailorStarMakerAssists","Regret","Doubt","Injury"],"score":1283,"play_id":"d143bc2c-76f0-4eab-989e-b1a6e62201c1","local_time":"20201228230325","is_ascension_mode":false,"campfire_choices":[{"floor":11,"key":"REST"},{"data":"theSenshi:MoonCrisisMakeUp","floor":15,"key":"SMITH"},{"data":"theSenshi:MoonCrystalPowerMakeUp","floor":24,"key":"SMITH"},{"data":"theSenshi:UranusStrength","floor":27,"key":"SMITH"},{"floor":32,"key":"RECALL"},{"data":"theSenshi:SupersonicWaves","floor":47,"key":"SMITH"},{"data":"theSenshi:RoseThrow","floor":49,"key":"SMITH"},{"floor":52,"key":"REST"}],"circlet_count":0,"master_deck":["theSenshi:RoseThrow+1","theSenshi:MoonPrismPowerMakeUp+1","theSenshi:SailorCosmosAssists+1","theSenshi:SailorNeptuneAssists+1","theSenshi:SupersonicWaves+1","theSenshi:UranusStrength+1","theSenshi:MoonCrisisMakeUp+1","theSenshi:MoonTiaraMagic+1","theSenshi:MoonKick+1","theSenshi:SailorMarsAssists+1","theSenshi:SailorPlanetAttack+1","theSenshi:MoonPrincessHalation+1","theSenshi:LunaSensingAllies+1","theSenshi:WarriorOfTheMoon+1","theSenshi:MoonCrystalPowerMakeUp+1","theSenshi:MoonGorgeousMeditation+1","theSenshi:RainbowMoonHeartAche+1","theSenshi:MoonHealingEscalation+1","theSenshi:SailorNeptuneAssists+1","theSenshi:MoonTwilightFlash+1","theSenshi:MoonTiaraMagic+1","theSenshi:CrisisMakeUp+1","theSenshi:MoonsReflection+1","theSenshi:RainbowMoonHeartAche+1","theSenshi:SailorChibiMoonAssists+1","theSenshi:SailorChibiMoonAssists+1","theSenshi:OdangoHead+1","ReplayUltimateDefense+1","Enlightenment+1","ReplayUltimateDefense+1","theSenshi:SaturnsMystery+1","theSenshi:MoonTiaraMagic+1","theSenshi:StudyParty+1","theSenshi:MoonKick+1","theSenshi:MoonPunch+1","theSenshi:IWillPunishYou+1","theSenshi:SupersonicWaves+1","theSenshi:MoonCrisisMakeUp+1","theSenshi:MoonCosmicPowerMakeUp+1","theSenshi:MoonCosmicPowerMakeUp+1","theSenshi:StudyParty+1","theSenshi:SailorUranusAssists+1","theSenshi:SailorCosmosAssists+1","theSenshi:MoonsReflection+1"],"relics":["theSenshi:TransformationBroochRelic","Replay:Wax Seal","Molten Egg 2","hubris:AstralHammer","Bag of Preparation","Golden Egg","Cursed Key","Painkiller Herb","MerchantsRug","PreservedInsect","Bronze Scales","The Courier","CeramicFish","Tiny House","Strange Spoon","hubris:FunFungus","Happy Flower","hubris:Potato","Frozen Eye","theSenshi:EternalTiareRelic","hubris:MysteriousPyramids"],"acts_visited":["Exordium","TheCity","TheBeyond","TheEnding"],"potions_floor_usage":[6,6,12,16,25,25,31,31,31,44,50,55,55],"damage_taken":[{"damage":5,"enemies":"2 Louse","floor":1,"turns":4},{"damage":13,"enemies":"Cultist","floor":2,"turns":5},{"damage":4,"enemies":"Jaw Worm","floor":3,"turns":4},{"damage":7,"enemies":"Blue Slaver","floor":4,"turns":5},{"damage":1,"enemies":"Lagavulin","floor":6,"turns":12},{"damage":4,"enemies":"2 Fungi Beasts","floor":7,"turns":2},{"damage":6,"enemies":"Red Slaver","floor":8,"turns":3},{"damage":0,"enemies":"Gremlin Nob","floor":12,"turns":2},{"damage":13,"enemies":"Gremlin Gang","floor":13,"turns":3},{"damage":0,"enemies":"Slime Boss","floor":16,"turns":5},{"damage":0,"enemies":"Chosen","floor":18,"turns":4},{"damage":6,"enemies":"3 Byrds","floor":19,"turns":4},{"damage":0,"enemies":"Shelled Parasite and Fungi","floor":22,"turns":3},{"damage":3,"enemies":"Book of Stabbing","floor":23,"turns":5},{"damage":0,"enemies":"Replay:Snechameleon","floor":25,"turns":1},{"damage":0,"enemies":"Centurion and Healer","floor":28,"turns":3},{"damage":0,"enemies":"Sentry and Sphere","floor":30,"turns":3},{"damage":10,"enemies":"Slavers","floor":31,"turns":2},{"damage":11,"enemies":"hubris:MusketHawk","floor":33,"turns":5},{"damage":7,"enemies":"Orb Walker","floor":35,"turns":2},{"damage":0,"enemies":"3 Shapes","floor":37,"turns":2},{"damage":0,"enemies":"Maw","floor":38,"turns":6},{"damage":1,"enemies":"2 Orb Walkers","floor":39,"turns":6},{"damage":0,"enemies":"Giant Head","floor":40,"turns":4},{"damage":20,"enemies":"Spire Growth","floor":42,"turns":4},{"damage":9,"enemies":"Nemesis","floor":44,"turns":6},{"damage":0,"enemies":"Transient","floor":45,"turns":5},{"damage":0,"enemies":"Maw","floor":46,"turns":8},{"damage":0,"enemies":"Jaw Worm Horde","floor":48,"turns":2},{"damage":14,"enemies":"Replay:Hell Engine","floor":50,"turns":9},{"damage":24,"enemies":"Shield and Spear","floor":54,"turns":6},{"damage":70,"enemies":"The Heart","floor":55,"turns":8}],"seed_played":"6060359298874728770","potions_obtained":[{"floor":3,"key":"LifebloodPotion"},{"floor":4,"key":"LifebloodPotion"},{"floor":8,"key":"AttackPotion"},{"floor":12,"key":"Regen Potion"},{"floor":18,"key":"Explosive Potion"},{"floor":28,"key":"EntropicBrew"},{"floor":31,"key":"SteroidPotion"},{"floor":35,"key":"Reflective Coating"},{"floor":46,"key":"FearPotion"}],"is_trial":false,"path_per_floor":["M","M","M","M","$","E","M","M","T","?","R","E","M","?","R","B",null,"?","?","T","?","?","E","T","E","T","T","?","?","?","E","T","B",null,"?","T","?","?","?","E","?","?","T","E","?","?","T","?","T","B",null,"T","T","E","B",null],"character_chosen":"THE_SENSHI","items_purchased":["Replay:Wax Seal","Molten Egg 2","MerchantsRug","ReplayTheSpireMod:ShopPack","BargainBundle","theSenshi:CrisisMakeUp","theSenshi:MoonsReflection","Energy Potion","Fire Potion","theSenshi:RainbowMoonHeartAche+1","theSenshi:SailorChibiMoonAssists+1","theSenshi:OdangoHead","theSenshi:MoonCrisisMakeUp","theSenshi:MoonCosmicPowerMakeUp","theSenshi:MoonCosmicPowerMakeUp","Strange Spoon","Energy Potion","theSenshi:MoonsReflection+1","Frozen Eye","theSenshi:EternalTiareRelic"],"campfire_rested":2,"item_purchase_floors":[5,5,20,20,20,20,20,20,20,20,20,20,36,36,36,36,53,53,53,53],"current_hp_per_floor":[70,57,53,46,46,45,41,35,35,35,57,72,59,52,52,66,75,75,75,75,85,85,85,85,85,85,85,85,85,85,75,75,80,90,83,83,88,88,89,89,89,90,90,90,90,90,90,90,90,86,90,90,90,82,18],"gold":246,"neow_bonus":"ONE_RANDOM_RARE_CARD","is_daily":false,"chose_seed":false,"campfire_upgraded":5,"win_rate":0.0,"timestamp":1609214605,"path_taken":["M","M","M","M","$","E","M","M","T","?","R","E","M","?","R","BOSS","?","?","T","?","?","E","T","E","T","T","?","?","?","E","T","BOSS","?","T","?","?","?","E","?","?","T","E","?","?","T","?","T","BOSS","T","T","E","BOSS"],"items_purchased_type":["Relic","Relic","Relic","Relic","Relic","Card","Card","Potion","Potion","Card","Card","Card","Card","Card","Card","Relic","Potion","Card","Relic","Relic"],"build_version":"2020-12-22","purchased_purges":4,"victory":true,"max_hp_per_floor":[75,75,75,75,75,75,75,75,75,75,75,75,75,75,75,75,75,75,75,75,85,85,85,85,85,85,85,85,85,85,85,85,85,90,90,90,90,90,90,90,90,90,90,90,90,90,90,90,90,90,90,90,90,90,90],"card_choices":[{"not_picked":["theSenshi:MoonPower","theSenshi:EncouragingSpeech"],"picked":"theSenshi:SailorNeptuneAssists","floor":1},{"not_picked":["theSenshi:SailorPlanetPower","theSenshi:SailorMarsAssists"],"picked":"theSenshi:SupersonicWaves","floor":2},{"not_picked":["theSenshi:MoonPower","theSenshi:SupersonicWaves"],"picked":"theSenshi:UranusStrength","floor":3},{"not_picked":["theSenshi:DramaticEntrance","theSenshi:MoonTiaraMagic"],"picked":"theSenshi:MoonCrisisMakeUp","floor":4},{"not_picked":["theSenshi:EncouragingSpeech","theSenshi:MoonlightKnight"],"picked":"theSenshi:MoonTiaraMagic+1","floor":6},{"not_picked":["theSenshi:SailorChibiMoonAssists+1","theSenshi:Sidestep"],"picked":"theSenshi:MoonKick+1","floor":7},{"not_picked":["theSenshi:OdangoHead","theSenshi:SupersonicWaves+1"],"picked":"theSenshi:SailorMarsAssists+1","floor":8},{"not_picked":["theSenshi:TuxedoMaskAssists+1","theSenshi:SailorPlutoAssists+1"],"picked":"theSenshi:SailorPlanetAttack+1","floor":12},{"not_picked":["theSenshi:MoonPower+1","theSenshi:LateForSchool"],"picked":"theSenshi:MoonPrincessHalation+1","floor":13},{"not_picked":["theSenshi:ChibiMoonsLove","theSenshi:SailorStarHealerAssists"],"picked":"theSenshi:WarriorOfTheMoon","floor":16},{"not_picked":["theSenshi:MoonsReflection","theSenshi:SchoolBag+1"],"picked":"theSenshi:MoonTwilightFlash+1","floor":18},{"not_picked":["theSenshi:LunaWiseMentor","theSenshi:SailorVenusAssists+1"],"picked":"theSenshi:MoonTiaraMagic+1","floor":19},{"not_picked":["Crow Ritual","HandOfGreed"],"picked":"ReplayUltimateDefense","floor":20},{"not_picked":["hubris:Ssssneak","Jack Of All Trades"],"picked":"Enlightenment","floor":20},{"not_picked":["ReplayTheSpireMod:Uncanny Aura","ReplayTheSpireMod:Private Reserves"],"picked":"ReplayUltimateDefense","floor":20},{"not_picked":["theSenshi:SailorMercuryAssists","theSenshi:EncouragingSpeech+1"],"picked":"theSenshi:SaturnsMystery+1","floor":22},{"not_picked":["theSenshi:Overload","theSenshi:TallSilhouette"],"picked":"theSenshi:MoonTiaraMagic+1","floor":23},{"not_picked":["theSenshi:SailorVenusAssists+1","theSenshi:GatheringStrength+1"],"picked":"theSenshi:StudyParty","floor":25},{"not_picked":["theSenshi:SailorPlanetAttack+1","theSenshi:KlutzyLuck+1"],"picked":"theSenshi:MoonKick+1","floor":28},{"not_picked":["theSenshi:SailorMarsAssists+1","theSenshi:Overload"],"picked":"theSenshi:MoonPunch+1","floor":30},{"not_picked":["theSenshi:KlutzyLuck","theSenshi:MoonSpiralHeartAttack+1","theSenshi:RainbowMoonHeartAche+1"],"picked":"SKIP","floor":31},{"not_picked":["theSenshi:ChibiMoonsLove","theSenshi:StudyParty"],"picked":"theSenshi:IWillPunishYou","floor":33},{"not_picked":["theSenshi:LateForSchool+1","theSenshi:MoonSpiralHeartAttack+1"],"picked":"theSenshi:SupersonicWaves+1","floor":34},{"not_picked":["theSenshi:MoonTwilightFlash+1","theSenshi:MoonsReflection","theSenshi:TuxedoSmokingBomber+1"],"picked":"SKIP","floor":35},{"not_picked":["theSenshi:MoonPunch+1","theSenshi:MoonlightKnight+1"],"picked":"theSenshi:StudyParty","floor":37},{"not_picked":["theSenshi:SailorV","theSenshi:MoonPrincessHalation+1","theSenshi:SchoolBag+1"],"picked":"SKIP","floor":38},{"not_picked":["theSenshi:PlutosSolemnity","theSenshi:SaturnsMystery+1"],"picked":"theSenshi:SailorUranusAssists+1","floor":40},{"not_picked":["theSenshi:MoonPrincessHalation+1","theSenshi:Sidestep+1","theSenshi:MoonPower+1"],"picked":"SKIP","floor":42},{"not_picked":["theSenshi:VenusGlamour+1","theSenshi:SailorChibiMoonAssists+1"],"picked":"theSenshi:SailorCosmosAssists","floor":44},{"not_picked":["theSenshi:SailorMarsAssists+1","theSenshi:MoonCosmicPowerMakeUp","theSenshi:MoonTwilightFlash+1"],"picked":"SKIP","floor":45},{"not_picked":["theSenshi:MoonPower+1","theSenshi:SailorVenusAssists+1","theSenshi:TuxedoSmokingBomber+1"],"picked":"SKIP","floor":46},{"not_picked":["theSenshi:SailorMarsAssists+1","theSenshi:LunasBite+1","theSenshi:SteeledNerves+1"],"picked":"SKIP","floor":48},{"not_picked":["theSenshi:SailorVenusAssists+1","theSenshi:SailorMarsAssists+1","theSenshi:SailorPlanetPower+1"],"picked":"SKIP","floor":54}],"player_experience":334746,"relics_obtained":[{"floor":6,"key":"hubris:AstralHammer"},{"floor":9,"key":"Bag of Preparation"},{"floor":12,"key":"Golden Egg"},{"floor":23,"key":"PreservedInsect"},{"floor":25,"key":"Bronze Scales"},{"floor":26,"key":"The Courier"},{"floor":31,"key":"CeramicFish"},{"floor":39,"key":"hubris:FunFungus"},{"floor":40,"key":"Happy Flower"},{"floor":44,"key":"hubris:Potato"},{"floor":54,"key":"hubris:MysteriousPyramids"}],"event_choices":[{"damage_healed":0,"gold_gain":75,"player_choice":"Touch","damage_taken":7,"max_hp_gain":0,"max_hp_loss":0,"event_name":"FaceTrader","floor":14,"gold_loss":0},{"cards_removed":["theSenshi:WarriorOfTheMoon"],"damage_healed":0,"gold_gain":0,"player_choice":"Offered Rare","damage_taken":0,"max_hp_gain":10,"max_hp_loss":0,"event_name":"Bonfire Elementals","floor":21,"gold_loss":0},{"damage_healed":0,"gold_gain":275,"player_choice":"Desecrate","damage_taken":0,"max_hp_gain":0,"max_hp_loss":0,"event_name":"Golden Shrine","floor":29,"gold_loss":0,"cards_obtained":["Regret"]},{"damage_healed":0,"gold_gain":0,"player_choice":"Fight","damage_taken":0,"max_hp_gain":0,"max_hp_loss":0,"event_name":"Mysterious Sphere","floor":39,"gold_loss":0},{"damage_healed":0,"gold_gain":0,"player_choice":"Forge","damage_taken":0,"max_hp_gain":0,"max_hp_loss":0,"event_name":"Accursed Blacksmith","floor":41,"gold_loss":0,"cards_upgraded":["theSenshi:SailorNeptuneAssists"]}],"is_beta":false,"boss_relics":[{"not_picked":["Replay:Ancient Bell","Black Star"],"picked":"Replay:Grab Bag"},{"not_picked":["hubris:CrackedHourglass","Replay:Wanted Poster"],"picked":"Cursed Key"},{"not_picked":["Runic Dome","Replay:Bronze Core"],"picked":"Painkiller Herb"},{"not_picked":["construct:ClawGrip","Kintsugi"],"picked":"Pandora\u0027s Box"},{"not_picked":["hubris:Stopwatch","Runic Pyramid"],"picked":"Astrolabe"},{"not_picked":["Ring of Chaos","SlaversCollar"],"picked":"Tiny House"}],"items_purged_floors":[20,36,53,53],"is_endless":false,"potions_floor_spawned":[3,4,8,12,18,28,31,35,40,42,46,48],"ascension_level":0}}