{"host":"i58uscbei3sy5089","time":1609250509,"event":{"mods":["ATMod(°¢èªMod)","Act Like it!","Arknights The Spire","BaseMod","Challenge The Spire","Colored Powertips","Conspire","Infinite Spire","Koishi","Lobotomy","LobotomyExtend","Minty Spire (QoL Compilation)","MostiFishMod","Prisma Mod","Quick Restart","Reimu£¨²©ÀöÁéÃÎ£©","Replay The Spire","Shop Mod","Spicy Shops","StSLib","TestMod","The Alterego","The Construct","UnlockEverythingMod","[IsaacMod]ÒÔÈö¼âËþ","vexMod","¡¾¹¦ÄÜMod¡¿»ìãçÖ®»·ÐÞ¸´²¹¶¡","¡¾ÒÅÎï¿¨ÅÆ¡¿REMEMod","óô»ðÖ¸ÄÏ"],"gold_per_floor":[117,129,140,192,205,205,205,205,205,13,13,13,28,42,42,139,139,139,139],"floor_reached":18,"playtime":1230,"items_purged":["SpecialBullet"],"score":152,"play_id":"2aa1d072-f3ba-4076-a276-2217b6708aec","local_time":"20201229220149","is_ascension_mode":false,"campfire_choices":[],"circlet_count":0,"master_deck":["Funeral","SpecialBullet","SpecialBullet","SpecialBullet","SpecialBullet","SpecialBullet","SpecialBullet","Twilight","InformationCode","MHz","Soda","SecurityCode","WelfareCode","SpecialBullet","Mimicry","BlackSwan","DaCapo"],"relics":["CogitoBucket","RabbitCall","testmod-TestBox","HushsDoor","DaveBox","AT_ATBox","REME_ComplimentaryCards","Nloth\u0027s Gift","SteamSale","testmod-CardMagician","SynthV:TestCard","LetterFromLob","SolemnVow_r","Pet Ghost","MerchantsRug","Calipers","Strange Spoon","Replay:Grab Bag"],"acts_visited":["Exordium","TheCity"],"potions_floor_usage":[],"damage_taken":[{"damage":11,"enemies":"conspire:RoseBush","floor":1,"turns":2},{"damage":17,"enemies":"Cultist","floor":2,"turns":3},{"damage":0,"enemies":"Jaw Worm","floor":3,"turns":1},{"damage":11,"enemies":"Exordium Thugs","floor":5,"turns":2},{"damage":0,"enemies":"2 Fungi Beasts","floor":13,"turns":2},{"damage":27,"enemies":"Large Slime","floor":14,"turns":4},{"damage":28,"enemies":"Hexaghost","floor":16,"turns":8},{"damage":110,"enemies":"Shell Parasite","floor":18,"turns":3}],"seed_played":"4834028577373217225","potions_obtained":[{"floor":2,"key":"BlessingOfTheForge"},{"floor":3,"key":"Toxic Potion"},{"floor":14,"key":"GamblersBrew"}],"is_trial":false,"path_per_floor":["M","M","M","?","M","R","?","R","T","$","R","?","M","M","R","B",null,"M"],"character_chosen":"Angela","items_purchased":["MerchantsRug","Calipers","Strange Spoon"],"campfire_rested":0,"item_purchase_floors":[10,10,10],"current_hp_per_floor":[59,43,43,28,18,18,18,18,18,18,18,18,32,25,25,25,70,0,0],"gold":139,"neow_bonus":"REMOVE_CARD","is_daily":false,"chose_seed":false,"campfire_upgraded":0,"win_rate":0.0,"timestamp":1609250509,"path_taken":["M","M","M","?","M","R","?","R","T","?","R","?","M","M","R","BOSS","M"],"items_purchased_type":["Relic","Relic","Relic"],"build_version":"2020-12-22","purchased_purges":1,"victory":false,"max_hp_per_floor":[70,70,70,70,70,70,70,70,70,70,70,70,70,70,70,70,70,70,70],"card_choices":[{"not_picked":["SingingMachine","OldLady"],"picked":"Funeral","floor":1},{"not_picked":["Regret_ego","CUTE"],"picked":"SKIP","floor":1},{"not_picked":["FourthMatchFlame","Tough","Lantern"],"picked":"Twilight","floor":2},{"not_picked":["RedEyes","Amita","Loneliness","RapturousDream"],"picked":"SKIP","floor":3},{"not_picked":["Freischutz","PunishingBird"],"picked":"MHz","floor":5},{"not_picked":["CENSORED_ego","Heaven","ScreamingWedge"],"picked":"Soda","floor":5},{"not_picked":["UniverseFragment","ShyLook"],"picked":"Scorched","floor":13},{"not_picked":["WristCuter","Lamp","CherryBlossom"],"picked":"Mimicry","floor":13},{"not_picked":["Wellcheers","RedShoes"],"picked":"BlackSwan","floor":14},{"not_picked":["Wingbeat","SomewhereSpear","Tough","Harvest"],"picked":"SKIP","floor":14},{"not_picked":["Pinks","ParadiseLost","Mimicry"],"picked":"DaCapo","floor":16}],"player_experience":655603,"relics_obtained":[{"floor":1,"key":"SynthV:TestCard"},{"floor":1,"key":"LetterFromLob"},{"floor":9,"key":"Pet Ghost"}],"event_choices":[],"is_beta":false,"boss_relics":[{"not_picked":["Black Star","OneHitWonderSystem"],"picked":"Replay:Grab Bag"},{"not_picked":[]}],"items_purged_floors":[10],"is_endless":false,"potions_floor_spawned":[2,3,14],"killed_by":"Shell Parasite","ascension_level":0}}