{"host":"z9811rt50ti81n54","time":1609231450,"event":{"mods":["BaseMod","DeckTracker","Minty Spire (QoL Compilation)"],"gold_per_floor":[119,119,134,23,23,50,50,68,91,132,144,6,25,53,53,157,157,174,174,249,260,5,33,33,33,58,71,91,16,16,36,36,132,132,151,151,176,194,51,67,80,80,105,105,123,153,153,164,164,164,164,164,12,12,12],"floor_reached":54,"playtime":2088,"items_purged":["Strike_R"],"score":906,"play_id":"2b0aba57-183e-475c-b0a1-fe88a2182c44","local_time":"20201229174410","is_ascension_mode":true,"campfire_choices":[{"data":"Shockwave","floor":7,"key":"SMITH"},{"data":"Combust","floor":15,"key":"SMITH"},{"data":"Limit Break","floor":24,"key":"SMITH"},{"floor":32,"key":"REST"},{"floor":42,"key":"REST"},{"floor":47,"key":"RECALL"},{"data":"Double Tap","floor":49,"key":"SMITH"},{"data":"Feel No Pain","floor":52,"key":"SMITH"}],"circlet_count":0,"master_deck":["Bash","Thunderclap","Shockwave+1","Iron Wave","Fire Breathing","Spot Weakness","Power Through","Feel No Pain+1","Limit Break+1","Master of Strategy","Sever Soul","Shrug It Off","Double Tap+1","Intimidate+1","Iron Wave+1","Battle Trance+1","Dark Embrace+1","Headbutt+1"],"relics":["Burning Blood","Omamori","MawBank","Happy Flower","Lee\u0027s Waffle","Centennial Puzzle","Busted Crown","Frozen Egg 2","PreservedInsect","Astrolabe","Brimstone","Strawberry","Bag of Marbles","Toolbox"],"acts_visited":["Exordium","TheCity","TheBeyond","TheEnding"],"potions_floor_usage":[10,16,16,22,23,33,33,33,50,50],"damage_taken":[{"damage":10,"enemies":"Small Slimes","floor":1,"turns":4},{"damage":3,"enemies":"Jaw Worm","floor":3,"turns":4},{"damage":38,"enemies":"Lagavulin","floor":6,"turns":7},{"damage":5,"enemies":"2 Louse","floor":8,"turns":3},{"damage":18,"enemies":"3 Sentries","floor":10,"turns":6},{"damage":17,"enemies":"Exordium Thugs","floor":13,"turns":5},{"damage":16,"enemies":"Lagavulin","floor":14,"turns":8},{"damage":50,"enemies":"The Guardian","floor":16,"turns":13},{"damage":27,"enemies":"Spheric Guardian","floor":18,"turns":6},{"damage":14,"enemies":"3 Byrds","floor":21,"turns":5},{"damage":10,"enemies":"Gremlin Leader","floor":23,"turns":7},{"damage":9,"enemies":"Centurion and Healer","floor":27,"turns":6},{"damage":33,"enemies":"3 Cultists","floor":28,"turns":6},{"damage":7,"enemies":"Sentry and Sphere","floor":31,"turns":5},{"damage":38,"enemies":"Collector","floor":33,"turns":8},{"damage":3,"enemies":"3 Shapes","floor":35,"turns":4},{"damage":8,"enemies":"Orb Walker","floor":38,"turns":3},{"damage":2,"enemies":"3 Darklings","floor":40,"turns":4},{"damage":31,"enemies":"Transient","floor":41,"turns":5},{"damage":12,"enemies":"Sphere and 2 Shapes","floor":45,"turns":4},{"damage":12,"enemies":"Giant Head","floor":46,"turns":4},{"damage":2,"enemies":"4 Shapes","floor":48,"turns":4},{"damage":54,"enemies":"Awakened One","floor":50,"turns":7},{"damage":89,"enemies":"Shield and Spear","floor":54,"turns":5}],"seed_played":"-7361520448056770770","potions_obtained":[{"floor":3,"key":"Swift Potion"},{"floor":8,"key":"Ancient Potion"},{"floor":10,"key":"SpeedPotion"},{"floor":13,"key":"EssenceOfSteel"},{"floor":16,"key":"ElixirPotion"},{"floor":28,"key":"SkillPotion"},{"floor":31,"key":"AttackPotion"},{"floor":35,"key":"PowerPotion"},{"floor":45,"key":"Regen Potion"},{"floor":48,"key":"ElixirPotion"}],"is_trial":false,"path_per_floor":["M","?","M","$","?","E","R","M","T","E","?","$","M","E","R","B",null,"M","?","?","M","$","E","R","$","T","M","M","?","?","M","R","B",null,"M","?","T","M","$","M","M","R","T","?","M","E","R","M","R","B",null,"R","$","E"],"character_chosen":"IRONCLAD","items_purchased":["Combust","Lee\u0027s Waffle","Master of Strategy","BloodPotion","Sever Soul","Brimstone","Toolbox"],"campfire_rested":2,"item_purchase_floors":[4,12,22,22,22,39,53],"current_hp_per_floor":[52,78,80,80,73,41,41,42,42,30,30,87,76,66,66,22,71,50,50,42,34,51,47,47,47,47,44,17,17,17,16,42,10,68,71,71,71,69,69,73,48,74,81,81,75,69,69,73,73,37,80,80,80,0,0],"gold":12,"neow_bonus":"REMOVE_TWO","is_daily":false,"chose_seed":false,"campfire_upgraded":5,"win_rate":0.0,"timestamp":1609231450,"path_taken":["M","?","M","$","?","E","R","M","T","E","?","$","?","E","R","BOSS","M","?","?","?","$","E","R","?","T","M","M","?","?","M","R","BOSS","M","?","?","?","$","M","M","R","T","?","?","E","R","M","R","BOSS","R","$","E"],"items_purchased_type":["Card","Relic","Card","Potion","Card","Relic","Relic"],"build_version":"2020-12-22","purchased_purges":1,"victory":false,"max_hp_per_floor":[80,80,80,80,80,80,80,80,80,80,80,87,87,87,87,87,87,87,87,87,87,87,87,87,87,87,87,87,87,87,87,87,87,87,87,87,87,87,87,87,87,87,94,94,94,94,94,94,94,94,94,94,94,94,94],"card_choices":[{"not_picked":["True Grit","Entrench"],"picked":"Rage","floor":1},{"not_picked":["Pommel Strike","Wild Strike"],"picked":"Thunderclap","floor":3},{"not_picked":["Dual Wield","Pummel"],"picked":"Shockwave","floor":6},{"not_picked":["Headbutt","Shrug It Off"],"picked":"Iron Wave","floor":8},{"not_picked":["True Grit","Havoc"],"picked":"Fire Breathing","floor":10},{"not_picked":["Wild Strike","Pummel"],"picked":"Power Through","floor":13},{"not_picked":["Iron Wave","Armaments"],"picked":"Feel No Pain","floor":14},{"not_picked":["Exhume","Berserk"],"picked":"Limit Break","floor":16},{"not_picked":["Flex"],"picked":"SKIP","floor":18},{"not_picked":["Clash"],"picked":"SKIP","floor":21},{"not_picked":["Sentinel+1"],"picked":"SKIP","floor":23},{"not_picked":["Body Slam"],"picked":"SKIP","floor":27},{"not_picked":["Pommel Strike"],"picked":"SKIP","floor":28},{"not_picked":[],"picked":"Shrug It Off","floor":31},{"not_picked":[],"picked":"Double Tap","floor":33},{"not_picked":["Dropkick+1"],"picked":"SKIP","floor":35},{"not_picked":["Thunderclap+1"],"picked":"SKIP","floor":38},{"not_picked":[],"picked":"Dark Embrace+1","floor":40},{"not_picked":[],"picked":"Headbutt+1","floor":41},{"not_picked":["Anger"],"picked":"SKIP","floor":45},{"not_picked":["Clothesline+1"],"picked":"SKIP","floor":46},{"not_picked":["Combust+1"],"picked":"SKIP","floor":48}],"player_experience":253243,"relics_obtained":[{"floor":6,"key":"Omamori"},{"floor":9,"key":"MawBank"},{"floor":10,"key":"Happy Flower"},{"floor":14,"key":"Centennial Puzzle"},{"floor":23,"key":"Frozen Egg 2"},{"floor":26,"key":"PreservedInsect"},{"floor":43,"key":"Strawberry"},{"floor":46,"key":"Bag of Marbles"}],"event_choices":[{"damage_healed":26,"gold_gain":0,"player_choice":"Banana","damage_taken":0,"max_hp_gain":0,"max_hp_loss":0,"event_name":"Big Fish","floor":2,"gold_loss":0},{"cards_removed":["Strike_R"],"damage_healed":0,"gold_gain":0,"player_choice":"Card Removal","damage_taken":7,"max_hp_gain":0,"max_hp_loss":0,"event_name":"Golden Wing","floor":5,"gold_loss":0},{"damage_healed":0,"gold_gain":0,"cards_transformed":["Strike_R"],"player_choice":"Transformed","damage_taken":0,"max_hp_gain":0,"max_hp_loss":0,"event_name":"Transmorgrifier","floor":11,"gold_loss":0,"cards_obtained":["Spot Weakness"]},{"damage_healed":0,"gold_gain":0,"player_choice":"Ignored","damage_taken":0,"max_hp_gain":0,"max_hp_loss":0,"event_name":"Vampires","floor":19,"gold_loss":0},{"damage_healed":0,"gold_gain":75,"player_choice":"Touch","damage_taken":8,"max_hp_gain":0,"max_hp_loss":0,"event_name":"FaceTrader","floor":20,"gold_loss":0},{"cards_removed":["Defend_R"],"damage_healed":0,"gold_gain":0,"player_choice":"Gave Gold","damage_taken":0,"max_hp_gain":0,"max_hp_loss":0,"event_name":"Beggar","floor":29,"gold_loss":75},{"cards_removed":["Defend_R"],"damage_healed":0,"gold_gain":0,"player_choice":"Elegance","damage_taken":0,"max_hp_gain":0,"max_hp_loss":0,"event_name":"Back to Basics","floor":30,"gold_loss":0},{"damage_healed":0,"gold_gain":0,"player_choice":"Ignored","damage_taken":0,"max_hp_gain":0,"max_hp_loss":0,"event_name":"Tomb of Lord Red Mask","floor":36,"gold_loss":0},{"cards_removed":["Combust"],"damage_healed":0,"gold_gain":0,"player_choice":"Purged","damage_taken":0,"max_hp_gain":0,"max_hp_loss":0,"event_name":"Purifier","floor":44,"gold_loss":0}],"is_beta":false,"boss_relics":[{"not_picked":["SacredBark","Calling Bell"],"picked":"Busted Crown"},{"not_picked":["Mark of Pain","Philosopher\u0027s Stone"],"picked":"Astrolabe"}],"items_purged_floors":[4],"is_endless":false,"potions_floor_spawned":[3,8,10,13,16,28,31,35,45,48],"killed_by":"Shield and Spear","ascension_level":5}}