{"host":"k4et7hlhlqy8fuoz","time":1609250369,"event":{"mods":["2.2 Compatiblity","AchievementEnabler","BaseMod","Colored Map","DeckTracker","Highlight Path","Minty Spire (QoL Compilation)","Random Character Button","Rare Cards Sparkle"],"gold_per_floor":[110,210,227,239,239,269,280,280,305,305,380,98,115,115,115,218,218,231,46,46,64,91,91,91,91,116,129,129,141,141,141,141,141,141],"floor_reached":33,"playtime":1449,"items_purged":[],"score":293,"play_id":"2c84758c-3966-4f38-a600-4abb716216f6","local_time":"20201229145929","is_ascension_mode":false,"campfire_choices":[{"floor":8,"key":"REST"},{"data":"Twin Strike","floor":10,"key":"SMITH"},{"data":"Searing Blow","floor":15,"key":"SMITH"},{"data":"Impervious","floor":23,"key":"SMITH"},{"data":"Body Slam","floor":25,"key":"SMITH"},{"floor":28,"key":"REST"},{"floor":32,"key":"REST"}],"circlet_count":0,"master_deck":["Strike_R","Strike_R","Strike_R","Strike_R+1","Strike_R","Defend_R","Defend_R","Defend_R","Defend_R","Bash","Heavy Blade","Perfected Strike","Cleave+1","Anger","Twin Strike+1","Searing Blow+1","Impatience","Disarm","Impervious+1","Body Slam+1","Whirlwind","Entrench","Blind","Shrug It Off+1","Clash","Anger"],"relics":["Burning Blood","Whetstone","Lantern","Vajra","Bronze Scales","SlaversCollar","Boot","MutagenicStrength","Strawberry"],"acts_visited":["Exordium","TheCity"],"potions_floor_usage":[33,33,33],"damage_taken":[{"damage":0,"enemies":"2 Louse","floor":1,"turns":4},{"damage":5,"enemies":"Cultist","floor":3,"turns":4},{"damage":6,"enemies":"Jaw Worm","floor":4,"turns":4},{"damage":41,"enemies":"Gremlin Nob","floor":6,"turns":5},{"damage":0,"enemies":"3 Louse","floor":7,"turns":2},{"damage":0,"enemies":"Large Slime","floor":13,"turns":3},{"damage":0,"enemies":"Slime Boss","floor":16,"turns":6},{"damage":24,"enemies":"Spheric Guardian","floor":18,"turns":4},{"damage":6,"enemies":"Chosen","floor":21,"turns":4},{"damage":29,"enemies":"Centurion and Healer","floor":27,"turns":6},{"damage":11,"enemies":"Shelled Parasite and Fungi","floor":29,"turns":6},{"damage":80,"enemies":"Collector","floor":33,"turns":7}],"seed_played":"-7262397741723739003","potions_obtained":[{"floor":0,"key":"ElixirPotion"},{"floor":0,"key":"BlessingOfTheForge"},{"floor":0,"key":"HeartOfIron"}],"is_trial":false,"path_per_floor":["M","?","M","M","?","E","M","R","T","R","?","$","M","?","R","B",null,"M","$","?","M","T","R","?","R","T","M","R","M","?","?","R","B"],"character_chosen":"IRONCLAD","items_purchased":["Searing Blow","Vajra","Impatience","Whirlwind","Entrench","Blind"],"campfire_rested":3,"item_purchase_floors":[12,12,12,19,19,19],"current_hp_per_floor":[80,80,80,80,80,45,51,75,75,75,64,64,70,70,70,76,80,62,62,62,62,62,62,62,62,69,46,72,67,67,50,77,0,0],"gold":141,"neow_bonus":"THREE_SMALL_POTIONS","is_daily":false,"chose_seed":false,"campfire_upgraded":4,"win_rate":0.0,"timestamp":1609250369,"path_taken":["M","?","M","?","?","E","M","R","T","R","?","$","M","?","R","BOSS","M","$","?","M","?","R","?","R","T","M","R","?","?","?","R","BOSS"],"items_purchased_type":["Card","Relic","Card","Card","Card","Card"],"build_version":"2020-12-22","purchased_purges":0,"victory":false,"max_hp_per_floor":[80,80,80,80,80,80,80,80,80,80,80,80,80,80,80,80,80,80,80,80,80,80,80,80,80,87,87,87,87,87,92,92,92,92],"card_choices":[{"not_picked":["Clothesline","Entrench"],"picked":"Heavy Blade","floor":1},{"not_picked":["Flex","Headbutt"],"picked":"Perfected Strike","floor":3},{"not_picked":["Heavy Blade","Shockwave"],"picked":"Cleave","floor":4},{"not_picked":["Perfected Strike","Armaments"],"picked":"Anger","floor":6},{"not_picked":["Flex","Battle Trance"],"picked":"Twin Strike","floor":7},{"not_picked":["Spot Weakness","Twin Strike"],"picked":"Disarm","floor":13},{"not_picked":["Limit Break","Fiend Fire"],"picked":"Impervious","floor":16},{"not_picked":["Clash","Headbutt+1"],"picked":"Body Slam","floor":18},{"not_picked":["True Grit","Perfected Strike+1"],"picked":"Shrug It Off+1","floor":21},{"not_picked":["Body Slam","Spot Weakness"],"picked":"Clash","floor":27},{"not_picked":["Sword Boomerang","Perfected Strike"],"picked":"Anger","floor":29}],"player_experience":31365,"relics_obtained":[{"floor":6,"key":"Whetstone"},{"floor":9,"key":"Lantern"},{"floor":22,"key":"Boot"},{"floor":26,"key":"Strawberry"}],"event_choices":[{"damage_healed":0,"gold_gain":100,"player_choice":"Pray","damage_taken":0,"max_hp_gain":0,"max_hp_loss":0,"event_name":"Golden Shrine","floor":2,"gold_loss":0},{"damage_healed":0,"gold_gain":0,"player_choice":"Ignored","damage_taken":0,"max_hp_gain":0,"max_hp_loss":0,"event_name":"Liars Game","floor":5,"gold_loss":0},{"damage_healed":0,"gold_gain":75,"player_choice":"Gather Gold","damage_taken":11,"max_hp_gain":0,"max_hp_loss":0,"event_name":"World of Goop","floor":11,"gold_loss":0},{"damage_healed":0,"gold_gain":0,"player_choice":"Searched \u00271\u0027 times","damage_taken":0,"relics_obtained":["Bronze Scales"],"max_hp_gain":0,"max_hp_loss":0,"event_name":"Dead Adventurer","floor":14,"gold_loss":0},{"damage_healed":0,"gold_gain":0,"player_choice":"Inject Mutagens","damage_taken":0,"relics_obtained":["MutagenicStrength"],"max_hp_gain":0,"max_hp_loss":0,"event_name":"Drug Dealer","floor":24,"gold_loss":0},{"damage_healed":0,"gold_gain":0,"player_choice":"Ignored","damage_taken":0,"max_hp_gain":0,"max_hp_loss":0,"event_name":"Cursed Tome","floor":30,"gold_loss":0},{"damage_healed":0,"gold_gain":0,"player_choice":"Shed Blood","damage_taken":22,"max_hp_gain":5,"max_hp_loss":0,"event_name":"Forgotten Altar","floor":31,"gold_loss":0}],"is_beta":false,"boss_relics":[{"not_picked":["Sozu","Fusion Hammer"],"picked":"SlaversCollar"}],"items_purged_floors":[],"is_endless":false,"potions_floor_spawned":[4,6,13,21,27],"killed_by":"Collector","ascension_level":0}}