{"host":"a0r743ak55y0wba1","time":1609229222,"event":{"mods":["BaseMod","Colored Map","Colored Powertips","Gold Saver","Minty Spire (QoL Compilation)","Shop Mod","StSLib","The Poker Player"],"gold_per_floor":[109,109,98956,98956,99034,99068,99068,99103,99130,99158,98137,98172,97215,97231,97231,97329,97329,97349,97349,96967,96517,96517,96542,96576,96198,96248,96281,96314,96324,96354,96385,96385,96481,96481,96498,96498,96498,96052,95602,95637,95672,95706,95706,95733,95733,95760,95270,95290,95290,95395,95395,95412,95412,95412,95422,94974,95274,94788,94815,94892,94924,94941,94461,94461,94490,94490,94589,94589,94603,94015,94015,94015,93729,93729,93729,93403,93433,93433,93462,93487,93487,93218,93218,93319,93319,93345,93080,92766,92766,92247,92247,92247,91764,91796,91796,91824,91824,91856,91870,91870,91969,91969,91982,91982,91982,72643,72643,72643,72643,72593,72593,72543,72577,72605,72605,72605,72605,72705,72705,72721,72721,72756,72756,72775,72775,72775,72874,72902,72936,72969,72982,72982,72982],"floor_reached":132,"playtime":11786,"items_purged":["Clothesline","True Grit","True Grit+1","Feel No Pain","Feel No Pain","Flame Barrier+1","Reckless Charge","Rage","Flash of Steel","Thunderclap","Metallicize","Metallicize","Intimidate+1","Reboot+1","Ghostly Armor+1","Finesse+1","Violence+1","Deep Breath+1"],"score":4409,"play_id":"f227389d-5b90-4ebb-b286-5277ac467d2b","local_time":"20201229170702","daily_mods":["Draft","Heirloom","Flight","DeadlyEvents","Elite Swarm"],"is_ascension_mode":false,"campfire_choices":[{"floor":7.0,"key":"DIG"},{"floor":15.0,"key":"DIG"},{"floor":32.0,"key":"DIG"},{"floor":45.0,"key":"DIG"},{"floor":49.0,"key":"DIG"},{"floor":57.0,"key":"DIG"},{"floor":64.0,"key":"DIG"},{"floor":66.0,"key":"DIG"},{"floor":74.0,"key":"DIG"},{"floor":75.0,"key":"DIG"},{"floor":78.0,"key":"DIG"},{"floor":81.0,"key":"DIG"},{"floor":83.0,"key":"DIG"},{"floor":91.0,"key":"DIG"},{"floor":92.0,"key":"DIG"},{"floor":95.0,"key":"DIG"},{"floor":97.0,"key":"DIG"},{"floor":100.0,"key":"DIG"},{"floor":108.0,"key":"DIG"},{"data":"Finesse+1","floor":109.0,"key":"PURGE"},{"data":"Deep Breath+1","floor":117.0,"key":"PURGE"},{"floor":125.0,"key":"DIG"}],"circlet_count":1,"master_deck":["Metallicize+1","Shrug It Off","Offering","Body Slam+1","Barricade+1","Offering+1","Apotheosis+1","Shrug It Off+1","Entrench+1","Metallicize+1","Mayhem+1","Impervious+1","Warcry+1","Madness+1","Juggernaut+1","Body Slam+1","Entrench+1","Impervious+1","Madness+1","Madness+1","Madness+1","Panache+1","Master of Strategy+1"],"relics":["Black Blood","Shovel","Regal Pillow","PreservedInsect","TungstenRod","Sling","Ornamental Fan","Centennial Puzzle","Akabeko","Lantern","Toxic Egg 2","Frozen Egg 2","War Paint","Lee\u0027s Waffle","Thread and Needle","Calipers","Membership Card","Shuriken","HornCleat","Empty Cage","Bag of Preparation","Pantograph","Frozen Eye","Question Card","Art of War","Strange Spoon","Red Skull","Vajra","Omamori","Sundial","Strawberry","Incense Burner","Self Forming Clay","Pen Nib","Kunai","Oddly Smooth Stone","Busted Crown","Bottled Lightning","Letter Opener","OrangePellets","White Beast Statue","Blue Candle","DollysMirror","Paper Frog","StoneCalendar","Eternal Feather","Mummified Hand","Boot","Whetstone","Meat on the Bone","Peace Pipe","MealTicket","ClockworkSouvenir","Tiny Chest","SlaversCollar","Anchor","Lizard Tail","Dream Catcher","TheAbacus","Old Coin","Blood Vial","Gremlin Horn","HandDrill","Singing Bowl","Gambling Chip","Bronze Scales","Brimstone","Toy Ornithopter","SacredBark","Turnip","Happy Flower","PrismaticShard","Orichalcum","Pear","Orrery","Bottled Tornado","StrikeDummy","Molten Egg 2","Darkstone Periapt","Cauldron","Unceasing Top","Smiling Mask","Nunchaku","CeramicFish","Chemical X","FossilizedHelix","Calling Bell","MawBank","InkBottle","Ice Cream","Matryoshka","Ancient Tea Set","Medical Kit","Potion Belt","Bag of Marbles","Bottled Flame","Mercury Hourglass","Torii","Du-Vu Doll","Champion Belt","CaptainsWheel","Charon\u0027s Ashes","Bird Faced Urn","Ginger","Prayer Wheel","The Courier","Circlet","Mango","Magic Flower","Coffee Dripper"],"acts_visited":[],"potions_floor_usage":[],"damage_taken":[{"damage":3.0,"enemies":"Jaw Worm","floor":1.0,"turns":7.0},{"damage":0.0,"enemies":"3 Sentries","floor":6.0,"turns":14.0},{"damage":0.0,"enemies":"Lagavulin","floor":8.0,"turns":11.0},{"damage":0.0,"enemies":"3 Sentries","floor":10.0,"turns":10.0},{"damage":10.0,"enemies":"Lagavulin","floor":12.0,"turns":4.0},{"damage":0.0,"enemies":"Small Slimes","floor":14.0,"turns":5.0},{"damage":10.0,"enemies":"The Guardian","floor":16.0,"turns":4.0},{"damage":5.0,"enemies":"2 Thieves","floor":18.0,"turns":5.0},{"damage":5.0,"enemies":"Gremlin Leader","floor":23.0,"turns":3.0},{"damage":10.0,"enemies":"Slavers","floor":24.0,"turns":3.0},{"damage":5.0,"enemies":"Book of Stabbing","floor":27.0,"turns":1.0},{"damage":5.0,"enemies":"Gremlin Leader","floor":28.0,"turns":2.0},{"damage":5.0,"enemies":"3 Byrds","floor":29.0,"turns":4.0},{"damage":5.0,"enemies":"Book of Stabbing","floor":30.0,"turns":2.0},{"damage":5.0,"enemies":"Slavers","floor":31.0,"turns":4.0},{"damage":20.0,"enemies":"Champ","floor":33.0,"turns":3.0},{"damage":5.0,"enemies":"3 Shapes","floor":35.0,"turns":3.0},{"damage":0.0,"enemies":"Reptomancer","floor":40.0,"turns":2.0},{"damage":5.0,"enemies":"Giant Head","floor":41.0,"turns":1.0},{"damage":5.0,"enemies":"Reptomancer","floor":42.0,"turns":3.0},{"damage":8.0,"enemies":"Giant Head","floor":44.0,"turns":4.0},{"damage":5.0,"enemies":"Reptomancer","floor":46.0,"turns":2.0},{"damage":5.0,"enemies":"Orb Walker","floor":48.0,"turns":1.0},{"damage":15.0,"enemies":"Donu and Deca","floor":50.0,"turns":3.0},{"damage":5.0,"enemies":"Jaw Worm","floor":52.0,"turns":1.0},{"damage":0.0,"enemies":"2 Louse","floor":55.0,"turns":2.0},{"damage":5.0,"enemies":"3 Sentries","floor":59.0,"turns":1.0},{"damage":5.0,"enemies":"Gremlin Nob","floor":61.0,"turns":2.0},{"damage":5.0,"enemies":"Cultist","floor":62.0,"turns":1.0},{"damage":0.0,"enemies":"3 Sentries","floor":65.0,"turns":2.0},{"damage":10.0,"enemies":"The Guardian","floor":67.0,"turns":1.0},{"damage":5.0,"enemies":"3 Byrds","floor":69.0,"turns":1.0},{"damage":5.0,"enemies":"Book of Stabbing","floor":72.0,"turns":1.0},{"damage":5.0,"enemies":"Gremlin Leader","floor":77.0,"turns":1.0},{"damage":0.0,"enemies":"Book of Stabbing","floor":79.0,"turns":1.0},{"damage":5.0,"enemies":"Gremlin Leader","floor":80.0,"turns":1.0},{"damage":0.0,"enemies":"Collector","floor":84.0,"turns":1.0},{"damage":0.0,"enemies":"Orb Walker","floor":86.0,"turns":1.0},{"damage":0.0,"enemies":"Nemesis","floor":94.0,"turns":1.0},{"damage":0.0,"enemies":"Reptomancer","floor":96.0,"turns":1.0},{"damage":0.0,"enemies":"Nemesis","floor":98.0,"turns":1.0},{"damage":0.0,"enemies":"3 Darklings","floor":99.0,"turns":1.0},{"damage":7.0,"enemies":"Donu and Deca","floor":101.0,"turns":1.0},{"damage":0.0,"enemies":"Cultist","floor":103.0,"turns":2.0},{"damage":0.0,"enemies":"Gremlin Nob","floor":107.0,"turns":1.0},{"damage":0.0,"enemies":"3 Sentries","floor":111.0,"turns":1.0},{"damage":0.0,"enemies":"Lagavulin","floor":113.0,"turns":1.0},{"damage":0.0,"enemies":"Gremlin Nob","floor":114.0,"turns":1.0},{"damage":0.0,"enemies":"Small Slimes","floor":115.0,"turns":1.0},{"damage":0.0,"enemies":"Lagavulin","floor":116.0,"turns":2.0},{"damage":0.0,"enemies":"The Guardian","floor":118.0,"turns":2.0},{"damage":0.0,"enemies":"Chosen","floor":120.0,"turns":1.0},{"damage":0.0,"enemies":"Slavers","floor":122.0,"turns":2.0},{"damage":0.0,"enemies":"Shell Parasite","floor":124.0,"turns":1.0},{"damage":0.0,"enemies":"Book of Stabbing","floor":128.0,"turns":1.0},{"damage":0.0,"enemies":"Gremlin Leader","floor":129.0,"turns":1.0},{"damage":5.0,"enemies":"Slavers","floor":130.0,"turns":2.0},{"damage":15,"enemies":"Centurion and Healer","floor":131,"turns":2}],"seed_played":"-2193902457500665905","potions_obtained":[{"floor":1.0,"key":"EntropicBrew"},{"floor":41.0,"key":"Energy Potion"},{"floor":61.0,"key":"LiquidMemories"},{"floor":76.0,"key":"FairyPotion"},{"floor":76.0,"key":"DuplicationPotion"}],"is_trial":true,"path_per_floor":["M","?","$","?","T","E","R","E","T","E","$","E","$","M","R","B",null,"M","?","$","$","?","E","E","$","T","E","E","M","E","E","R","B",null,"M","?","?","$","$","E","E","E","T","E","R","E","$","M","R","B",null,"M","?","?","M","$","R","$","E","T","E","M","$","R","E","R","B",null,"M","$","?","E","$","R","R","$","E","R","E","E","R","$","R","B",null,"M","$","$","?","$","R","R","$","E","R","E","R","E","M","R","B",null,"M","?","?","$","E","R","R","$","E","$","E","E","M","E","R","B",null,"M","$","E","$","M","R","$","?","E","E","E","M","$"],"character_chosen":"IRONCLAD","items_purchased":["True Grit","Offering","Body Slam","PreservedInsect","TungstenRod","Sling","EntropicBrew","SkillPotion","Apotheosis+1","Deep Breath+1","Shrug It Off+1","Frozen Egg 2","War Paint","Lee\u0027s Waffle","BloodPotion","Entrench+1","Metallicize+1","Calipers","Membership Card","Shuriken","Mayhem+1","Bag of Preparation","Pantograph","Frozen Eye","BlessingOfTheForge","Question Card","Art of War","Strange Spoon","Madness+1","Intimidate+1","Omamori","Sundial","Body Slam","FairyPotion","Bottled Lightning","Letter Opener","OrangePellets","White Beast Statue","Blue Candle","DollysMirror","Peace Pipe","MealTicket","ClockworkSouvenir","Finesse+1","Lizard Tail","Dream Catcher","TheAbacus","Blood Vial","Gremlin Horn","HandDrill","LiquidMemories","Gambling Chip","Bronze Scales","Brimstone","Turnip","Happy Flower","PrismaticShard","Panache+1","Orichalcum","Pear","Orrery","Molten Egg 2","Darkstone Periapt","Cauldron","Nunchaku","CeramicFish","Chemical X","Matryoshka","Ancient Tea Set","Medical Kit","Secret Technique+1","Potion Belt","Bag of Marbles","Toolbox","Bottled Flame","Mercury Hourglass","Torii","LiquidMemories","Finesse+1","CaptainsWheel","Charon\u0027s Ashes","Bird Faced Urn","DistilledChaos","MerchantsRug","Mango","Magic Flower","Circlet","Circlet","Circlet","Circlet","Circlet","Circlet","Circlet","Circlet","Circlet","Circlet","Circlet","Circlet","Circlet","Circlet","Circlet","Circlet","Circlet","Circlet","Circlet","Circlet","Circlet","Circlet","Circlet","Circlet","Circlet","Circlet","Circlet","Circlet","Circlet","Circlet","Circlet","Circlet","Circlet","Circlet","Circlet","Circlet","Circlet","Circlet","Circlet","Circlet","Circlet","Circlet","Circlet","Circlet","Circlet","Circlet","Circlet","Circlet","Circlet","Circlet","Circlet","Circlet","Circlet","Circlet","Circlet","Circlet","Circlet","Circlet","Circlet","Circlet","Circlet","Circlet","Circlet","Circlet","Circlet","Circlet","Circlet","Circlet","Circlet","Circlet","Circlet","Circlet","Circlet","Circlet","Circlet","Circlet","Circlet","Circlet","Circlet","Circlet","Circlet","Circlet","Circlet","Circlet","Circlet","Circlet","Circlet","Circlet","Circlet","Circlet","Circlet","Circlet","Circlet","Circlet","Circlet","Circlet","Circlet","Circlet","Circlet","Circlet","Circlet","Circlet","Circlet","Circlet","Circlet","Circlet","Circlet","Circlet","Circlet","Circlet","Circlet","Circlet","Circlet","Circlet","Circlet","Circlet","Circlet","Circlet","Circlet"],"campfire_rested":0,"item_purchase_floors":[3,3,3,3,3,3,3,3,11,11,11,11,11,11,11,13,13,13,13,13,13,20,20,20,20,21,21,21,21,21,25,25,25,25,38,38,38,39,39,39,47,47,47,47,56,56,56,58,58,58,58,63,63,63,70,70,70,70,73,73,73,76,76,76,82,82,82,87,87,87,88,88,88,88,90,90,90,90,90,93,93,93,93,106,106,106,106,106,106,106,106,106,106,106,106,106,106,106,106,106,106,106,106,106,106,106,106,106,106,106,106,106,106,106,106,106,106,106,106,106,106,106,106,106,106,106,106,106,106,106,106,106,106,106,106,106,106,106,106,106,106,106,106,106,106,106,106,106,106,106,106,106,106,106,106,106,106,106,106,106,106,106,106,106,106,106,106,106,106,106,106,106,106,106,106,106,106,106,106,106,106,106,106,106,106,106,106,106,106,106,106,106,106,106,106,106,106,106,106,106,106,106,106,106,106],"current_hp_per_floor":[80,73,73,67,67,73,73,79,79,80,87,83,83,87,87,83,87,87,87,87,87,87,87,83,83,90,91,92,93,94,94,94,80,94,94,83,74,74,74,80,81,82,82,80,94,94,94,94,94,85,94,94,76,76,82,94,94,94,94,94,96,98,98,98,100,100,98,102,104,104,104,104,124,124,124,124,124,124,126,128,128,128,128,130,130,132,132,132,125,125,125,125,125,125,125,127,127,129,131,131,133,133,137,137,135,151,153,153,153,153,155,155,157,159,163,165,165,167,167,171,171,173,173,177,177,177,177,179,181,183,183,183,183],"gold":72982,"neow_bonus":"","is_daily":false,"chose_seed":false,"campfire_upgraded":0,"win_rate":0.0,"timestamp":1609229222,"path_taken":["M","?","$","?","?","E","R","E","T","E","$","E","$","M","R","BOSS","M","?","$","$","?","E","E","$","T","E","E","?","E","E","R","BOSS","M","?","?","$","$","E","E","E","T","E","R","E","$","M","R","BOSS","M","?","?","?","$","R","$","?","T","?","?","$","R","E","R","BOSS","M","$","?","?","$","R","R","$","E","R","E","E","R","?","R","BOSS","M","$","$","?","$","R","R","?","E","R","?","R","E","?","R","BOSS","M","?","?","$","?","R","R","$","E","$","E","?","?","?","R","BOSS","M","$","?","?","M","R","$","?","E","?","?","?","$"],"items_purchased_type":["Card","Card","Card","Relic","Relic","Relic","Potion","Potion","Card","Card","Card","Relic","Relic","Relic","Potion","Card","Card","Relic","Relic","Relic","Card","Relic","Relic","Relic","Potion","Relic","Relic","Relic","Card","Card","Relic","Relic","Card","Potion","Relic","Relic","Relic","Relic","Relic","Relic","Relic","Relic","Relic","Card","Relic","Relic","Relic","Relic","Relic","Relic","Potion","Relic","Relic","Relic","Relic","Relic","Relic","Card","Relic","Relic","Relic","Relic","Relic","Relic","Relic","Relic","Relic","Relic","Relic","Relic","Card","Relic","Relic","Relic","Relic","Relic","Relic","Potion","Card","Relic","Relic","Relic","Potion","Relic","Relic","Relic","Undefined","Undefined","Undefined","Undefined","Undefined","Undefined","Undefined","Undefined","Undefined","Undefined","Undefined","Undefined","Undefined","Undefined","Undefined","Undefined","Undefined","Undefined","Undefined","Undefined","Undefined","Undefined","Undefined","Undefined","Undefined","Undefined","Undefined","Undefined","Undefined","Undefined","Undefined","Undefined","Undefined","Undefined","Undefined","Undefined","Undefined","Undefined","Undefined","Undefined","Undefined","Undefined","Undefined","Undefined","Undefined","Undefined","Undefined","Undefined","Undefined","Undefined","Undefined","Undefined","Undefined","Undefined","Undefined","Undefined","Undefined","Undefined","Undefined","Undefined","Undefined","Undefined","Undefined","Undefined","Undefined","Undefined","Undefined","Undefined","Undefined","Undefined","Undefined","Undefined","Undefined","Undefined","Undefined","Undefined","Undefined","Undefined","Undefined","Undefined","Undefined","Undefined","Undefined","Undefined","Undefined","Undefined","Undefined","Undefined","Undefined","Undefined","Undefined","Undefined","Undefined","Undefined","Undefined","Undefined","Undefined","Undefined","Undefined","Undefined","Undefined","Undefined","Undefined","Undefined","Undefined","Undefined","Undefined","Undefined","Undefined","Undefined","Undefined","Undefined","Undefined","Undefined","Undefined","Undefined","Undefined","Undefined","Undefined"],"build_version":"2020-12-22","purchased_purges":18,"victory":false,"max_hp_per_floor":[80,80,80,80,80,80,80,80,80,80,87,87,87,87,87,87,87,87,87,87,87,87,87,87,87,94,94,94,94,94,94,94,94,94,94,94,94,94,94,94,94,94,94,94,94,94,94,94,94,94,94,94,94,94,94,94,94,94,94,94,96,98,98,98,100,100,102,102,104,104,104,104,124,124,124,124,124,124,126,128,128,128,128,130,130,132,132,132,125,125,125,125,125,125,125,127,127,129,131,131,133,133,137,137,137,151,153,153,153,153,155,155,157,159,163,165,165,167,167,171,171,173,173,177,177,177,177,179,181,183,183,183,183],"card_choices":[{"not_picked":["Thunderclap","Inflame"],"picked":"Feel No Pain","floor":0.0},{"not_picked":["Clothesline","Second Wind"],"picked":"Metallicize","floor":0.0},{"not_picked":["Feel No Pain","Spot Weakness"],"picked":"Metallicize","floor":0.0},{"not_picked":["Wild Strike","Sword Boomerang"],"picked":"True Grit","floor":0.0},{"not_picked":["Carnage","Thunderclap"],"picked":"Flame Barrier","floor":0.0},{"not_picked":["Flex","Spot Weakness"],"picked":"Thunderclap","floor":0.0},{"not_picked":["Pommel Strike","Anger"],"picked":"Armaments","floor":0.0},{"not_picked":["True Grit","Hemokinesis"],"picked":"Metallicize","floor":0.0},{"not_picked":["Searing Blow","Whirlwind"],"picked":"Twin Strike","floor":0.0},{"not_picked":["Sword Boomerang","Heavy Blade"],"picked":"True Grit","floor":0.0},{"not_picked":["Ghostly Armor","Sever Soul"],"picked":"Shrug It Off","floor":0.0},{"not_picked":["Sword Boomerang","Clothesline"],"picked":"Rage","floor":0.0},{"not_picked":["Hemokinesis","Havoc"],"picked":"Clothesline","floor":0.0},{"not_picked":["Flex","Sever Soul"],"picked":"True Grit","floor":0.0},{"not_picked":["Armaments","Flex"],"picked":"Feel No Pain","floor":0.0},{"not_picked":["Clash","Shockwave"],"picked":"Flame Barrier","floor":1.0},{"not_picked":["Exhume","Bludgeon"],"picked":"Barricade","floor":6.0},{"not_picked":["Immolate","Barricade","Exhume"],"picked":"SKIP","floor":8.0},{"not_picked":["Bludgeon","Reaper"],"picked":"Offering+1","floor":10.0},{"not_picked":["Limit Break+1","Feed","Fiend Fire"],"picked":"SKIP","floor":12.0},{"not_picked":["Twin Strike","Thunderclap"],"picked":"Ghostly Armor+1","floor":14.0},{"not_picked":["Brutality+1","Barricade+1"],"picked":"Impervious+1","floor":16.0},{"not_picked":["Blood for Blood","Heavy Blade"],"picked":"Warcry+1","floor":18.0},{"not_picked":["Feed","Immolate","Berserk+1","Brutality+1"],"picked":"SKIP","floor":23.0},{"not_picked":["Fiend Fire","Offering+1","Exhume+1","Limit Break+1"],"picked":"SKIP","floor":24.0},{"not_picked":["Double Tap+1","Exhume+1","Fiend Fire","Feed"],"picked":"SKIP","floor":27.0},{"not_picked":["Double Tap+1","Brutality+1","Feed","Corruption+1"],"picked":"SKIP","floor":28.0},{"not_picked":["Warcry+1","Dropkick","Perfected Strike"],"picked":"Entrench+1","floor":29.0},{"not_picked":["Bludgeon","Corruption+1","Feed","Brutality+1"],"picked":"SKIP","floor":30.0},{"not_picked":["Brutality+1","Double Tap+1","Immolate","Barricade+1"],"picked":"SKIP","floor":31.0},{"not_picked":["Juggernaut+1","Bludgeon","Feed"],"picked":"Impervious+1","floor":33.0},{"not_picked":["Iron Wave","Havoc+1"],"picked":"SKIP","floor":35.0},{"not_picked":["Purity+1"],"picked":"Deep Breath+1","floor":37.0},{"not_picked":["The Bomb+1"],"picked":"Flash of Steel","floor":37.0},{"not_picked":["Transmutation+1"],"picked":"Violence+1","floor":37.0},{"not_picked":["Double Tap+1","Juggernaut+1"],"picked":"SKIP","floor":40.0},{"not_picked":["Juggernaut+1","Barricade+1"],"picked":"SKIP","floor":41.0},{"not_picked":["Barricade+1","Corruption+1"],"picked":"SKIP","floor":42.0},{"not_picked":["Bludgeon","Juggernaut+1"],"picked":"SKIP","floor":44.0},{"not_picked":["Offering+1","Feed"],"picked":"SKIP","floor":46.0},{"not_picked":["Twin Strike+1","Iron Wave"],"picked":"SKIP","floor":48.0},{"not_picked":["Iron Wave","Disarm+1"],"picked":"SKIP","floor":52.0},{"not_picked":["Clothesline","Clash"],"picked":"SKIP","floor":55.0},{"not_picked":["Barricade+1","Corruption+1"],"picked":"SKIP","floor":59.0},{"not_picked":["Double Tap+1","Barricade+1"],"picked":"Singing Bowl","floor":61.0},{"not_picked":["Sentinel+1","Reckless Charge"],"picked":"Singing Bowl","floor":62.0},{"not_picked":["Feed","Fiend Fire"],"picked":"Singing Bowl","floor":65.0},{"not_picked":["Immolate","Offering+1"],"picked":"Singing Bowl","floor":67.0},{"not_picked":["Uppercut","Combust+1"],"picked":"Singing Bowl","floor":69.0},{"not_picked":["Amplify+1"],"picked":"Reboot+1","floor":72.0},{"not_picked":["Shrug It Off+1","Crippling Poison+1"],"picked":"Singing Bowl","floor":73.0},{"not_picked":["Halt+1","Madness+1"],"picked":"Singing Bowl","floor":73.0},{"not_picked":["Consecrate","Havoc+1"],"picked":"Singing Bowl","floor":73.0},{"not_picked":["WaveOfTheHand+1","Halt+1"],"picked":"Singing Bowl","floor":73.0},{"not_picked":["Gash","Rainbow+1"],"picked":"Singing Bowl","floor":73.0},{"not_picked":["Establishment+1"],"picked":"Master of Strategy+1","floor":77.0},{"not_picked":["Die Die Die+1","Limit Break+1"],"picked":"Singing Bowl","floor":79.0},{"not_picked":["Reaper+1","Venomology+1"],"picked":"Singing Bowl","floor":80.0},{"not_picked":["Feed+1","DevaForm+1"],"picked":"Singing Bowl","floor":84.0},{"not_picked":["Catalyst+1","TalkToTheHand+1"],"picked":"Singing Bowl","floor":86.0},{"not_picked":["Thinking Ahead+1","Envenom+1"],"picked":"SKIP","floor":94.0},{"not_picked":["Juggernaut+1","All For One+1"],"picked":"Singing Bowl","floor":96.0},{"not_picked":["Rainbow+1","DeusExMachina+1"],"picked":"Singing Bowl","floor":98.0},{"not_picked":["Bane+1","Leap+1"],"picked":"Singing Bowl","floor":99.0},{"not_picked":["Burst+1","Biased Cognition+1"],"picked":"Singing Bowl","floor":101.0},{"not_picked":["Thunderclap+1","All Out Attack+1"],"picked":"Singing Bowl","floor":103.0},{"not_picked":["Evolve+1","Cold Snap+1"],"picked":"Singing Bowl","floor":103.0},{"not_picked":["Night Terror+1","HandOfGreed+1"],"picked":"Singing Bowl","floor":107.0},{"not_picked":["Buffer+1","Rainbow+1"],"picked":"Singing Bowl","floor":111.0},{"not_picked":["Immolate+1","Bullet Time+1"],"picked":"Singing Bowl","floor":113.0},{"not_picked":["Impervious+1","Wraith Form v2+1"],"picked":"Singing Bowl","floor":114.0},{"not_picked":["Flame Barrier+1","Auto Shields+1"],"picked":"Singing Bowl","floor":115.0},{"not_picked":["Concentrate+1","Deadly Poison+1"],"picked":"Singing Bowl","floor":115.0},{"not_picked":["Unload+1","After Image+1"],"picked":"Singing Bowl","floor":116.0},{"not_picked":["Electrodynamics+1","Reaper+1"],"picked":"Singing Bowl","floor":118.0},{"not_picked":["Ball Lightning+1","Impatience+1"],"picked":"Singing Bowl","floor":120.0},{"not_picked":["Sanctity+1","PathToVictory+1"],"picked":"Singing Bowl","floor":120.0},{"not_picked":["Phantasmal Killer+1","Grand Finale+1"],"picked":"Singing Bowl","floor":122.0},{"not_picked":["Perfected Strike+1","Prepared+1"],"picked":"Singing Bowl","floor":124.0},{"not_picked":["EmptyFist+1","Discovery+1"],"picked":"Singing Bowl","floor":124.0},{"not_picked":["Judgement+1","Reaper+1"],"picked":"Singing Bowl","floor":128.0},{"not_picked":["HandOfGreed+1","Immolate+1"],"picked":"Singing Bowl","floor":129.0},{"not_picked":["Immolate+1","Thunder Strike+1"],"picked":"Singing Bowl","floor":130.0},{"not_picked":["EmptyBody+1","Feel No Pain+1"],"picked":"SKIP","floor":131},{"not_picked":["FlyingSleeves+1","Steam+1"],"picked":"SKIP","floor":131}],"player_experience":43913,"relics_obtained":[{"floor":5.0,"key":"Ornamental Fan"},{"floor":6.0,"key":"Centennial Puzzle"},{"floor":7.0,"key":"Akabeko"},{"floor":9.0,"key":"Lantern"},{"floor":10.0,"key":"Toxic Egg 2"},{"floor":12.0,"key":"Thread and Needle"},{"floor":15.0,"key":"HornCleat"},{"floor":23.0,"key":"Red Skull"},{"floor":24.0,"key":"Vajra"},{"floor":26.0,"key":"Strawberry"},{"floor":27.0,"key":"Incense Burner"},{"floor":28.0,"key":"Self Forming Clay"},{"floor":30.0,"key":"Pen Nib"},{"floor":31.0,"key":"Kunai"},{"floor":32.0,"key":"Oddly Smooth Stone"},{"floor":40.0,"key":"Paper Frog"},{"floor":41.0,"key":"StoneCalendar"},{"floor":42.0,"key":"Eternal Feather"},{"floor":43.0,"key":"Mummified Hand"},{"floor":44.0,"key":"Boot"},{"floor":45.0,"key":"Whetstone"},{"floor":46.0,"key":"Meat on the Bone"},{"floor":49.0,"key":"Tiny Chest"},{"floor":57.0,"key":"Old Coin"},{"floor":60.0,"key":"Singing Bowl"},{"floor":66.0,"key":"Toy Ornithopter"},{"floor":74.0,"key":"Bottled Tornado"},{"floor":75.0,"key":"StrikeDummy"},{"floor":78.0,"key":"Unceasing Top"},{"floor":81.0,"key":"Smiling Mask"},{"floor":83.0,"key":"FossilizedHelix"},{"floor":85.0,"key":"MawBank"},{"floor":85.0,"key":"InkBottle"},{"floor":85.0,"key":"Ice Cream"},{"floor":91.0,"key":"Du-Vu Doll"},{"floor":92.0,"key":"Champion Belt"},{"floor":95.0,"key":"Dead Branch"},{"floor":97.0,"key":"Ginger"},{"floor":100.0,"key":"Prayer Wheel"},{"floor":108.0,"key":"Circlet"}],"event_choices":[{"damage_healed":0.0,"max_hp_gain":0.0,"max_hp_loss":0.0,"gold_gain":0.0,"event_name":"Scrap Ooze","player_choice":"Success","floor":2.0,"gold_loss":0.0,"damage_taken":7.0,"relics_obtained":["Regal Pillow"]},{"cards_removed":["Twin Strike"],"damage_healed":0.0,"max_hp_gain":0.0,"max_hp_loss":0.0,"gold_gain":0.0,"event_name":"Golden Wing","player_choice":"Card Removal","floor":4.0,"gold_loss":0.0,"damage_taken":7.0},{"damage_healed":0.0,"max_hp_gain":0.0,"max_hp_loss":0.0,"gold_gain":0.0,"event_name":"Vampires","player_choice":"Ignored","floor":19.0,"gold_loss":0.0,"damage_taken":0.0},{"damage_healed":0.0,"max_hp_gain":0.0,"max_hp_loss":0.0,"gold_gain":0.0,"cards_transformed":["Flame Barrier","Armaments"],"event_name":"Drug Dealer","player_choice":"Became Test Subject","floor":22.0,"gold_loss":0.0,"damage_taken":0.0,"cards_obtained":["Juggernaut","Reckless Charge"]},{"damage_healed":0.0,"max_hp_gain":0.0,"max_hp_loss":0.0,"gold_gain":0.0,"event_name":"Winding Halls","player_choice":"Embrace Madness","floor":36.0,"gold_loss":0.0,"damage_taken":12.0,"cards_obtained":["Madness","Madness"]},{"damage_healed":0.0,"max_hp_gain":0.0,"max_hp_loss":0.0,"gold_gain":0.0,"event_name":"SensoryStone","player_choice":"Memory 3","floor":37.0,"gold_loss":0.0,"damage_taken":10.0},{"damage_healed":0.0,"max_hp_gain":0.0,"max_hp_loss":0.0,"gold_gain":0.0,"event_name":"Shining Light","player_choice":"Entered Light","floor":53.0,"gold_loss":0.0,"damage_taken":19.0,"cards_upgraded":["Metallicize","Barricade"]},{"damage_healed":0.0,"max_hp_gain":0.0,"max_hp_loss":0.0,"gold_gain":0.0,"event_name":"Big Fish","player_choice":"Box","floor":54.0,"gold_loss":0.0,"damage_taken":0.0,"relics_obtained":["Anchor"],"cards_obtained":["Regret"]},{"damage_healed":0.0,"max_hp_gain":0.0,"max_hp_loss":0.0,"gold_gain":0.0,"event_name":"Vampires","player_choice":"Ignored","floor":71.0,"gold_loss":0.0,"damage_taken":0.0},{"damage_healed":0.0,"max_hp_gain":0.0,"max_hp_loss":7.0,"gold_gain":0.0,"event_name":"Winding Halls","player_choice":"Max HP","floor":89.0,"gold_loss":0.0,"damage_taken":0.0},{"cards_removed":["Secret Technique"],"damage_healed":0.0,"max_hp_gain":0.0,"max_hp_loss":0.0,"gold_gain":0.0,"event_name":"Living Wall","player_choice":"Forget","floor":104.0,"gold_loss":0.0,"damage_taken":0.0},{"damage_healed":0.0,"max_hp_gain":0.0,"max_hp_loss":0.0,"gold_gain":0.0,"event_name":"Scrap Ooze","player_choice":"Success","floor":105.0,"gold_loss":0.0,"damage_taken":3.0,"relics_obtained":["The Courier"]},{"damage_healed":0.0,"max_hp_gain":0.0,"max_hp_loss":0.0,"gold_gain":99.0,"event_name":"Nest","player_choice":"Stole From Cult","floor":127.0,"gold_loss":0.0,"damage_taken":0.0}],"is_beta":false,"boss_relics":[{"not_picked":["Calling Bell","Snecko Eye"],"picked":"Empty Cage"},{"not_picked":["Tiny House","Cursed Key"],"picked":"Busted Crown"},{"not_picked":["Astrolabe","SacredBark"],"picked":"SlaversCollar"},{"not_picked":["Velvet Choker","Astrolabe"],"picked":"SacredBark"},{"not_picked":["Fusion Hammer","Runic Dome"],"picked":"Calling Bell"},{"not_picked":["Sozu","Runic Pyramid"],"picked":"Black Blood"},{"not_picked":["Philosopher\u0027s Stone","Fusion Hammer"],"picked":"Coffee Dripper"}],"items_purged_floors":[3,11,13,20,21,25,38,39,47,56,58,63,70,82,90,106,110,112],"is_endless":true,"potions_floor_spawned":[1,6,16,23,24,27,31,40,41,42,44,46,48,50,52,55,59,61,62,65,67,69,72,77,79,80,84,86,94,96,98,99,101,103,107,111,113,114,115,116,118,120,122,124,128,129,130,131],"ascension_level":0}}