{"host":"oe99xkou38n5lfnh","time":1609216413,"event":{"mods":["BaseMod","Downfall","Minty Spire (QoL Compilation)","StSLib"],"gold_per_floor":[99,99,99,117,4,32,55,74,104,117,129,139,64,94,108,211,211,211,211,211,211,211,211,211,211,211,211,211,211,211,211,211,211,211,211,211,211,211,211,211,211,211,211,211,211,35,35,35,35,35],"floor_reached":51,"playtime":7655,"items_purged":["Guardian:Strike_Guardian","Pain"],"score":713,"play_id":"1b7d81b5-da43-4357-97e3-403b74893bac","local_time":"20201228223333","is_ascension_mode":false,"campfire_choices":[{"floor":1,"key":"RECALL"},{"floor":13,"key":"REST"},{"data":"Guardian:EvasiveProtocol","floor":18,"key":"SMITH"},{"floor":25,"key":"REST"},{"floor":28,"key":"REST"},{"floor":30,"key":"REST"},{"data":"Guardian:SpikerProtocol","floor":35,"key":"SMITH"},{"floor":43,"key":"REST"},{"floor":47,"key":"REST"}],"circlet_count":0,"master_deck":["Guardian:Strike_Guardian+1","Guardian:Strike_Guardian+1","Guardian:Defend_Guardian","Guardian:Defend_Guardian","Guardian:Defend_Guardian+1","Guardian:Defend_Guardian","Guardian:CurlUp","Guardian:TwinSlam+1","Guardian:Planning","Guardian:Emergency","Guardian:Reroute","Guardian:TemporalStrike","Guardian:EvasiveProtocol+1","Guardian:RollAttack","Guardian:ChargeUp","Guardian:ShieldSpikes","Guardian:Harden","Guardian:PrismaticBarrier","Guardian:ShieldCharger","Guardian:SpikerProtocol+1","Guardian:StasisStrike","CurseOfTheBell","Guardian:CrystalBeam","Guardian:WalkerClaw","Guardian:BronzeOrb","expansioncontent:HyperBeam","Guardian:Repulse+1","Guardian:PiercingHide+1","Guardian:SpikerProtocol","Guardian:VentSteam","Guardian:Gem_Red","Guardian:Gem_Cyan"],"relics":["Guardian:ModeShifter","HornCleat","Ornamental Fan","downfall:HeartBlessingRed","The Courier","downfall:Hecktoplasm","downfall:HeartBlessingGreen","downfall:HeartBlessingBlue","Shuriken","Juzu Bracelet","Vajra","Anchor","Calling Bell","MealTicket","Blue Candle","TungstenRod","InkBottle"],"acts_visited":["Exordium","TheCity","TheBeyond"],"potions_floor_usage":[22,33,33,33,50],"damage_taken":[{"damage":0,"enemies":"Cultist","floor":4,"turns":3},{"damage":0,"enemies":"downfall:FleeingMerchant","floor":5,"turns":4},{"damage":10,"enemies":"Gremlin Nob","floor":6,"turns":4},{"damage":0,"enemies":"Jaw Worm","floor":8,"turns":3},{"damage":23,"enemies":"Lagavulin","floor":9,"turns":7},{"damage":3,"enemies":"2 Louse","floor":10,"turns":2},{"damage":0,"enemies":"Gremlin Gang","floor":11,"turns":5},{"damage":2,"enemies":"Blue Slaver","floor":12,"turns":4},{"damage":0,"enemies":"Gremlin Nob","floor":14,"turns":3},{"damage":0,"enemies":"3 Louse","floor":15,"turns":2},{"damage":15,"enemies":"downfall:Silent","floor":16,"turns":10},{"damage":0,"enemies":"3 Byrds","floor":19,"turns":3},{"damage":7,"enemies":"Shell Parasite","floor":21,"turns":4},{"damage":10,"enemies":"Chosen and Byrds","floor":22,"turns":5},{"damage":28,"enemies":"Slavers","floor":23,"turns":6},{"damage":6,"enemies":"Book of Stabbing","floor":26,"turns":5},{"damage":4,"enemies":"Snecko","floor":27,"turns":5},{"damage":18,"enemies":"Snake Plant","floor":29,"turns":5},{"damage":4,"enemies":"Sentry and Sphere","floor":31,"turns":6},{"damage":9,"enemies":"Centurion and Healer","floor":32,"turns":8},{"damage":53,"enemies":"downfall:Defect","floor":33,"turns":13},{"damage":15,"enemies":"3 Shapes","floor":36,"turns":5},{"damage":15,"enemies":"Orb Walker","floor":37,"turns":5},{"damage":17,"enemies":"Jaw Worm Horde","floor":38,"turns":6},{"damage":9,"enemies":"Sphere and 2 Shapes","floor":45,"turns":5},{"damage":0,"enemies":"downfall:FleeingMerchant","floor":46,"turns":4},{"damage":0,"enemies":"4 Shapes","floor":48,"turns":5},{"damage":12,"enemies":"Maw","floor":49,"turns":8},{"damage":41,"enemies":"downfall:Ironclad","floor":50,"turns":22}],"seed_played":"51544519838854982","potions_obtained":[{"floor":6,"key":"CultistPotion"},{"floor":9,"key":"Dexterity Potion"},{"floor":14,"key":"DuplicationPotion"},{"floor":15,"key":"BlessingOfTheForge"},{"floor":16,"key":"AttackPotion"},{"floor":22,"key":"Fire Potion"},{"floor":37,"key":"champ:CounterPotion"},{"floor":48,"key":"PowerPotion"},{"floor":49,"key":"Block Potion"}],"is_trial":false,"path_per_floor":["R","?","?","M","$","E","T","M","E","M","M","M","R","E","M","B",null,"R","M","?","M","M","E","T","R","E","M","R","M","R","M","M","B",null,"R","M","M","M","?","?","T","?","R","?","M","$","R","M","M","B",null],"character_chosen":"GUARDIAN","items_purchased":["Guardian:Reroute","Guardian:SpikerProtocol","Guardian:VentSteam"],"campfire_rested":6,"item_purchase_floors":[5,46,46],"current_hp_per_floor":[80,80,80,80,80,70,70,70,47,44,44,42,66,66,66,51,80,90,90,90,83,73,45,45,72,66,62,89,71,90,86,77,24,90,90,75,60,43,43,43,43,43,70,70,61,76,90,90,78,37],"gold":35,"neow_bonus":"UPGRADE_CARD","is_daily":false,"chose_seed":false,"campfire_upgraded":2,"win_rate":0.0,"timestamp":1609216413,"path_taken":["R","?","?","M","$","E","T","?","E","M","M","M","R","E","M","BOSS","R","M","?","?","M","E","T","R","E","M","R","M","R","M","M","BOSS","R","M","M","M","?","?","T","?","R","?","M","$","R","M","M","BOSS"],"items_purchased_type":["Card","Card","Card"],"build_version":"2020-12-22","purchased_purges":2,"victory":true,"max_hp_per_floor":[80,80,80,80,80,80,80,80,80,80,80,80,80,80,80,80,80,90,90,90,90,90,90,90,90,90,90,90,90,90,90,90,90,90,90,90,90,90,90,90,90,90,90,90,90,90,90,90,90,90],"card_choices":[{"not_picked":["Guardian:Preprogram","Guardian:PrimingBeam"],"picked":"Guardian:Planning","floor":4},{"not_picked":["Guardian:Gem_Blue","Guardian:Gem_Lightblue"],"picked":"Guardian:Emergency","floor":5},{"not_picked":["Guardian:PrismaticBeam","Guardian:PolyBeam"],"picked":"Guardian:TemporalStrike","floor":6},{"not_picked":["Guardian:WalkerClaw","Guardian:TemporalStrike"],"picked":"Guardian:EvasiveProtocol","floor":8},{"not_picked":["Guardian:ShieldCharger","Guardian:Reroute"],"picked":"Guardian:Gem_Fragmented","floor":9},{"not_picked":["Guardian:CrystalBeam","Guardian:PrimingBeam"],"picked":"Guardian:Gem_Cyan","floor":10},{"not_picked":["Guardian:Clone","Guardian:VentSteam"],"picked":"Guardian:Gem_Green","floor":11},{"not_picked":["Guardian:TemporalShield","Guardian:Preprogram"],"picked":"Guardian:RollAttack","floor":12},{"not_picked":["Guardian:Repulse","Guardian:Emergency"],"picked":"Guardian:ChargeUp","floor":14},{"not_picked":["Guardian:TemporalStrike","Guardian:Recover"],"picked":"Guardian:ShieldSpikes","floor":15},{"not_picked":["Guardian:TimeSifter","Guardian:StasisField"],"picked":"Guardian:Gem_Synthetic","floor":16},{"not_picked":["Guardian:PiercingHide","Guardian:Reroute+1"],"picked":"Guardian:Harden","floor":19},{"not_picked":["Guardian:Planning","Guardian:TemporalShield"],"picked":"Guardian:Gem_Blue","floor":21},{"not_picked":["Guardian:RollAttack","Guardian:Gem_Green"],"picked":"Guardian:PrismaticBarrier","floor":22},{"not_picked":["Guardian:ChargeCore+1","Guardian:ShieldSpikes"],"picked":"Guardian:Gem_Red","floor":23},{"not_picked":["Guardian:PolyBeam","Guardian:CrystalBeam+1"],"picked":"Guardian:Gem_Purple","floor":26},{"not_picked":["Guardian:TemporalShield+1","Guardian:PrimingBeam"],"picked":"Guardian:ShieldCharger","floor":27},{"not_picked":["Guardian:TemporalShield+1","Guardian:DecasProtection+1"],"picked":"Guardian:SpikerProtocol","floor":29},{"not_picked":["Guardian:CrystalBeam","Guardian:ChargeCore"],"picked":"Guardian:Gem_Synthetic","floor":31},{"not_picked":["Guardian:PrimingBeam","Guardian:Gem_Green"],"picked":"Guardian:Gem_Blue","floor":32},{"not_picked":["Guardian:TimeSifter","Guardian:HyperBeam_Guardian"],"picked":"Guardian:StasisStrike","floor":33},{"not_picked":["Guardian:RollAttack","Guardian:VentSteam"],"picked":"Guardian:CrystalBeam","floor":36},{"not_picked":["Guardian:Incinerate+1","Guardian:RefractedBeam"],"picked":"Guardian:WalkerClaw","floor":37},{"not_picked":["Guardian:VentSteam+1","Guardian:PrimingBeam"],"picked":"Guardian:BronzeOrb","floor":38},{"not_picked":["expansioncontent:DecasProtection","expansioncontent:YouAreMine"],"picked":"expansioncontent:HyperBeam","floor":39},{"not_picked":["Guardian:SentryBeam","Guardian:Gem_Blue"],"picked":"Guardian:Repulse+1","floor":45},{"not_picked":["Guardian:DonusPower","Guardian:Gem_Cyan"],"picked":"Guardian:PiercingHide+1","floor":46},{"not_picked":["Guardian:ShieldCharger+1","Guardian:CrystalBeam+1"],"picked":"Guardian:Gem_Red","floor":48},{"not_picked":["Guardian:BronzeArmor","Guardian:TemporalShield"],"picked":"Guardian:Gem_Cyan","floor":49}],"player_experience":1664449,"relics_obtained":[{"floor":6,"key":"HornCleat"},{"floor":9,"key":"Ornamental Fan"},{"floor":14,"key":"The Courier"},{"floor":23,"key":"Juzu Bracelet"},{"floor":24,"key":"Vajra"},{"floor":26,"key":"Anchor"},{"floor":34,"key":"MealTicket"},{"floor":34,"key":"Blue Candle"},{"floor":34,"key":"TungstenRod"},{"floor":41,"key":"InkBottle"}],"event_choices":[{"cards_removed":["Regret"],"damage_healed":0,"gold_gain":0,"player_choice":"Purged","damage_taken":0,"max_hp_gain":0,"max_hp_loss":0,"event_name":"Purifier","floor":3,"gold_loss":0},{"cards_removed":["Guardian:Strike_Guardian"],"damage_healed":0,"gold_gain":0,"player_choice":"Removed Attack","damage_taken":0,"max_hp_gain":0,"max_hp_loss":0,"event_name":"Falling","floor":44,"gold_loss":0}],"is_beta":false,"boss_relics":[{"not_picked":["Runic Pyramid","Sozu"],"picked":"downfall:Hecktoplasm"},{"not_picked":["Philosopher\u0027s Stone","Snecko Eye"],"picked":"Calling Bell"}],"items_purged_floors":[5,46],"is_endless":false,"potions_floor_spawned":[6,9,14,15,16,21,22,26,29,32,37,48,49],"ascension_level":0}}