{"host":"dhyczjm99amxd3qx","time":1609268167,"event":{"mods":["BaseMod","Colored Map","Googly Eyes","Highlight Path","Minty Spire (QoL Compilation)","Quick Restart","StSLib"],"gold_per_floor":[112,112,37,47,122,152,3,32,58,91,91,22,33,60,60,165,165,179,279,292,325,35,68,68,81,130,130,155,105,55,81,81,185,185,199,209,226,239,52,80,80,405,430,430,18,31,45,72,72,72],"floor_reached":51,"playtime":4442,"items_purged":["Defend_G","Strike_G","Strike_G","Parasite","Strike_G"],"score":1136,"play_id":"315a0cf5-bb16-48be-afe5-b56b4568fd9e","local_time":"20201229135607","is_ascension_mode":true,"campfire_choices":[{"data":"Accuracy","floor":15.0,"key":"SMITH"},{"data":"Venomology","floor":24.0,"key":"SMITH"},{"data":"Distraction","floor":27.0,"key":"SMITH"},{"data":"Blade Dance","floor":32.0,"key":"SMITH"},{"data":"Adrenaline","floor":41.0,"key":"SMITH"},{"data":"Infinite Blades","floor":49.0,"key":"SMITH"}],"circlet_count":0,"master_deck":["Strike_G","Defend_G","Defend_G","Defend_G+1","Defend_G","Survivor","Neutralize","Crippling Poison","Distraction+1","Blade Dance","Malaise+1","Accuracy+1","Blade Dance","Venomology+1","Prepared+1","Blade Dance+1","Phantasmal Killer","Adrenaline+1","Infinite Blades+1","Blade Dance","Impatience","Cloak And Dagger"],"relics":["Ring of the Snake","Bag of Preparation","InkBottle","Anchor","HornCleat","Blood Vial","War Paint","SlaversCollar","Red Mask","Happy Flower","Pen Nib","Ninja Scroll","Smiling Mask","MealTicket","Meat on the Bone","SacredBark","Snake Skull","Old Coin","Ancient Tea Set","Boot","Dead Branch"],"acts_visited":["Exordium","TheCity","TheBeyond"],"potions_floor_usage":[50,50,50],"damage_taken":[{"damage":0.0,"enemies":"Jaw Worm","floor":1.0,"turns":5.0},{"damage":0.0,"enemies":"Small Slimes","floor":4.0,"turns":5.0},{"damage":30.0,"enemies":"Gremlin Nob","floor":6.0,"turns":5.0},{"damage":4.0,"enemies":"3 Sentries","floor":8.0,"turns":7.0},{"damage":14.0,"enemies":"Lagavulin","floor":10.0,"turns":11.0},{"damage":0.0,"enemies":"Cultist","floor":13.0,"turns":3.0},{"damage":0.0,"enemies":"Gremlin Nob","floor":14.0,"turns":2.0},{"damage":2.0,"enemies":"The Guardian","floor":16.0,"turns":7.0},{"damage":0.0,"enemies":"3 Byrds","floor":18.0,"turns":4.0},{"damage":0.0,"enemies":"2 Thieves","floor":20.0,"turns":3.0},{"damage":0.0,"enemies":"Masked Bandits","floor":21.0,"turns":3.0},{"damage":45.0,"enemies":"Gremlin Leader","floor":23.0,"turns":6.0},{"damage":6.0,"enemies":"Sentry and Sphere","floor":25.0,"turns":4.0},{"damage":0.0,"enemies":"Slavers","floor":28.0,"turns":4.0},{"damage":3.0,"enemies":"Book of Stabbing","floor":31.0,"turns":4.0},{"damage":0.0,"enemies":"Collector","floor":33.0,"turns":2.0},{"damage":12.0,"enemies":"3 Shapes","floor":35.0,"turns":3.0},{"damage":0.0,"enemies":"Orb Walker","floor":36.0,"turns":1.0},{"damage":5.0,"enemies":"Writhing Mass","floor":37.0,"turns":3.0},{"damage":0.0,"enemies":"Spire Growth","floor":38.0,"turns":3.0},{"damage":0.0,"enemies":"Giant Head","floor":40.0,"turns":2.0},{"damage":7.0,"enemies":"Nemesis","floor":42.0,"turns":5.0},{"damage":11.0,"enemies":"Transient","floor":46.0,"turns":5.0},{"damage":6.0,"enemies":"4 Shapes","floor":47.0,"turns":1.0},{"damage":0.0,"enemies":"Giant Head","floor":48.0,"turns":3.0},{"damage":22,"enemies":"Awakened One","floor":50,"turns":7}],"seed_played":"5570287671704951495","potions_obtained":[{"floor":4.0,"key":"CunningPotion"},{"floor":6.0,"key":"DistilledChaos"},{"floor":10.0,"key":"GamblersBrew"},{"floor":13.0,"key":"DuplicationPotion"},{"floor":16.0,"key":"Fire Potion"},{"floor":18.0,"key":"SteroidPotion"},{"floor":21.0,"key":"Energy Potion"},{"floor":35.0,"key":"Explosive Potion"},{"floor":40.0,"key":"Poison Potion"},{"floor":42.0,"key":"DistilledChaos"},{"floor":44.0,"key":"Energy Potion"},{"floor":47.0,"key":"Ancient Potion"}],"is_trial":false,"path_per_floor":["M","?","$","M","?","E","$","E","T","E","T","$","M","E","R","B",null,"M","?","M","?","$","E","R","M","T","R","E","$","?","E","R","B",null,"M","M","M","M","$","E","R","E","T","?","$","M","M","E","R","B",null],"character_chosen":"THE_SILENT","items_purchased":["Blade Dance","Accuracy","Happy Flower","Pen Nib","Adrenaline","Infinite Blades","Blade Dance","Impatience","Boot"],"campfire_rested":0,"item_purchase_floors":[7,12,22,22,39,45,45,45,45],"current_hp_per_floor":[77,77,77,77,66,36,36,32,32,18,18,18,20,22,22,22,77,77,77,77,77,77,32,32,28,28,28,30,45,45,44,44,46,77,65,67,64,66,74,74,74,67,67,67,74,63,59,61,61,55],"gold":72,"neow_bonus":"TEN_PERCENT_HP_BONUS","is_daily":false,"chose_seed":false,"campfire_upgraded":6,"win_rate":0.0,"timestamp":1609268167,"path_taken":["M","?","$","M","?","E","$","E","T","E","?","?","M","E","R","BOSS","M","?","?","?","$","E","R","M","T","R","E","$","?","E","R","BOSS","M","M","M","?","$","E","R","E","T","?","$","M","M","E","R","BOSS"],"items_purchased_type":["Card","Card","Relic","Relic","Card","Card","Card","Card","Relic"],"build_version":"2020-12-22","purchased_purges":5,"victory":true,"max_hp_per_floor":[77,77,77,77,77,77,77,77,77,77,77,77,77,77,77,77,77,77,77,77,77,77,77,77,77,77,77,77,77,77,77,77,77,77,77,77,77,77,74,74,74,74,74,74,74,74,74,74,74,74],"card_choices":[{"not_picked":["Dodge and Roll","Bane","Quick Slash"],"picked":"SKIP","floor":1.0},{"not_picked":["Wraith Form v2","Dash"],"picked":"Crippling Poison","floor":4.0},{"not_picked":["Slice","Night Terror"],"picked":"Distraction","floor":6.0},{"not_picked":["Sucker Punch","Dodge and Roll"],"picked":"Malaise","floor":8.0},{"not_picked":["Quick Slash","Dagger Spray","Deflect"],"picked":"SKIP","floor":10.0},{"not_picked":["Bouncing Flask","Deadly Poison"],"picked":"Blade Dance","floor":13.0},{"not_picked":["Skewer","Acrobatics","Catalyst"],"picked":"SKIP","floor":14.0},{"not_picked":["Doppelganger","Glass Knife"],"picked":"Venomology","floor":16.0},{"not_picked":["PiercingWail","Finisher","Underhanded Strike"],"picked":"SKIP","floor":18.0},{"not_picked":["Outmaneuver","Backflip+1","Blur+1"],"picked":"SKIP","floor":20.0},{"not_picked":["Backstab","Die Die Die"],"picked":"Prepared+1","floor":23.0},{"not_picked":["Flying Knee","Poisoned Stab","Crippling Poison"],"picked":"SKIP","floor":25.0},{"not_picked":["Deadly Poison","Quick Slash","Prepared"],"picked":"SKIP","floor":28.0},{"not_picked":["Prepared","Footwork"],"picked":"Blade Dance","floor":31.0},{"not_picked":["Venomology","Wraith Form v2"],"picked":"Phantasmal Killer","floor":33.0},{"not_picked":["Quick Slash","Acrobatics+1","Blur+1"],"picked":"SKIP","floor":35.0},{"not_picked":["Dagger Spray","Backstab","Noxious Fumes"],"picked":"SKIP","floor":36.0},{"not_picked":["Poisoned Stab","Dagger Throw","Outmaneuver+1"],"picked":"SKIP","floor":37.0},{"not_picked":["Deadly Poison+1","Sucker Punch+1","Choke"],"picked":"SKIP","floor":38.0},{"not_picked":["Flying Knee","Outmaneuver+1","Slice"],"picked":"SKIP","floor":40.0},{"not_picked":["Predator","Flying Knee+1","Die Die Die"],"picked":"SKIP","floor":42.0},{"not_picked":["Flying Knee+1","Underhanded Strike+1"],"picked":"Cloak And Dagger","floor":46.0},{"not_picked":["Blur","Underhanded Strike","Heel Hook+1"],"picked":"SKIP","floor":47.0},{"not_picked":["Catalyst+1","Endless Agony+1","Corpse Explosion"],"picked":"SKIP","floor":48.0}],"player_experience":172089,"relics_obtained":[{"floor":6.0,"key":"Bag of Preparation"},{"floor":8.0,"key":"InkBottle"},{"floor":9.0,"key":"Anchor"},{"floor":10.0,"key":"HornCleat"},{"floor":11.0,"key":"Blood Vial"},{"floor":14.0,"key":"War Paint"},{"floor":21.0,"key":"Red Mask"},{"floor":23.0,"key":"Ninja Scroll"},{"floor":26.0,"key":"Smiling Mask"},{"floor":28.0,"key":"MealTicket"},{"floor":31.0,"key":"Meat on the Bone"},{"floor":40.0,"key":"Snake Skull"},{"floor":42.0,"key":"Old Coin"},{"floor":43.0,"key":"Ancient Tea Set"},{"floor":48.0,"key":"Dead Branch"}],"event_choices":[{"cards_removed":["Strike_G"],"damage_healed":0.0,"max_hp_gain":0.0,"max_hp_loss":0.0,"gold_gain":0.0,"event_name":"Living Wall","player_choice":"Forget","floor":2.0,"gold_loss":0.0,"damage_taken":0.0},{"damage_healed":0.0,"max_hp_gain":0.0,"max_hp_loss":0.0,"gold_gain":75.0,"event_name":"World of Goop","player_choice":"Gather Gold","floor":5.0,"gold_loss":0.0,"damage_taken":11.0},{"damage_healed":0.0,"max_hp_gain":0.0,"max_hp_loss":0.0,"gold_gain":100.0,"event_name":"Golden Shrine","player_choice":"Pray","floor":19.0,"gold_loss":0.0,"damage_taken":0.0},{"damage_healed":0.0,"max_hp_gain":0.0,"max_hp_loss":0.0,"gold_gain":0.0,"event_name":"Masked Bandits","player_choice":"Fought Bandits","floor":21.0,"gold_loss":0.0,"damage_taken":0.0},{"damage_healed":0.0,"max_hp_gain":0.0,"max_hp_loss":0.0,"gold_gain":0.0,"event_name":"The Joust","player_choice":"Bet on Murderer","floor":30.0,"gold_loss":50.0,"damage_taken":0.0},{"damage_healed":0.0,"max_hp_gain":0.0,"max_hp_loss":0.0,"gold_gain":0.0,"event_name":"Lab","player_choice":"Got Potions","floor":44.0,"gold_loss":0.0,"damage_taken":0.0}],"is_beta":false,"boss_relics":[{"not_picked":["Ring of the Serpent","Snecko Eye"],"picked":"SlaversCollar"},{"not_picked":["Tiny House","Cursed Key"],"picked":"SacredBark"}],"items_purged_floors":[3,7,29,39,45],"is_endless":false,"potions_floor_spawned":[4,6,10,13,16,18,21,31,35,40,42,47],"ascension_level":3}}