{"host":"kn32u0f2pym5bozc","time":1609237424,"event":{"mods":["2.2 Compatiblity","BaseMod","Better Third Choice","Minty Spire (QoL Compilation)","Permanent Neow","Relic Stats","StSLib","The Animator"],"gold_per_floor":[131,187,218,218,238,268,268,303,303,303,322,355,355,381,381,381,381],"floor_reached":16,"playtime":1192,"items_purged":[],"score":198,"play_id":"01126db0-a550-4f05-aef3-553dd6d72506","local_time":"20201229052344","is_ascension_mode":true,"campfire_choices":[{"floor":7,"key":"REST"},{"data":"animator:LeleiLaLalena","floor":10,"key":"SMITH"},{"floor":13,"key":"REST"},{"floor":15,"key":"REST"}],"circlet_count":0,"master_deck":["AscendersBane","animator:Strike_GATE","animator:Defend_GATE","animator:Strike","animator:Strike","animator:Strike","animator:Defend","animator:Defend","animator:Defend","animator:TukaLunaMarceau","animator:Kuribayashi+1","animator:Ara","animator:RoryMercury+1","animator:Shichika","animator:LeleiLaLalena+1","animator:Assassin","animator:Gillette","animator:YaoHaDucy"],"relics":["animator:LivingPicture","animator:TheMissingPiece","animator:PurgingStone","animator:HallowedScabbard","Omamori","animator:Hoodie","animator:WornHelmet"],"acts_visited":["Exordium"],"potions_floor_usage":[8,12],"damage_taken":[{"damage":12,"enemies":"Small Slimes","floor":1,"turns":3},{"damage":7,"enemies":"2 Louse","floor":3,"turns":4},{"damage":5,"enemies":"Cultist","floor":5,"turns":4},{"damage":15,"enemies":"Lagavulin","floor":6,"turns":7},{"damage":20,"enemies":"Gremlin Nob","floor":8,"turns":4},{"damage":4,"enemies":"Exordium Wildlife","floor":11,"turns":6},{"damage":7,"enemies":"3 Sentries","floor":12,"turns":12},{"damage":9,"enemies":"Blue Slaver","floor":14,"turns":2},{"damage":49,"enemies":"Hexaghost","floor":16,"turns":16}],"seed_played":"-5843601444140329522","potions_obtained":[{"floor":5,"key":"Weak Potion"},{"floor":8,"key":"Fire Potion"},{"floor":14,"key":"AttackPotion"}],"is_trial":false,"path_per_floor":["M","?","M","?","M","E","R","E","T","R","M","E","R","M","R","B"],"character_chosen":"THE_ANIMATOR","items_purchased":[],"campfire_rested":3,"item_purchase_floors":[],"current_hp_per_floor":[47,47,40,40,35,20,39,20,20,20,16,9,29,20,40,0,0],"gold":381,"neow_bonus":"UPGRADE_CARD","is_daily":false,"chose_seed":false,"campfire_upgraded":1,"win_rate":0.0,"timestamp":1609237424,"path_taken":["M","?","M","?","M","E","R","E","T","R","M","E","R","M","R","BOSS"],"items_purchased_type":[],"build_version":"2020-12-22","purchased_purges":0,"victory":false,"max_hp_per_floor":[66,66,66,66,66,66,66,67,67,67,67,67,67,67,67,67,67],"relic_stats":{"counters":[9,58],"obtain_stats":[{"animator:Hoodie":9,"animator:PurgingStone":0,"animator:TheMissingPiece":0,"animator:LivingPicture":0,"Omamori":8,"animator:HallowedScabbard":6,"animator:WornHelmet":12},{"animator:Hoodie":5,"animator:PurgingStone":0,"animator:TheMissingPiece":0,"animator:LivingPicture":0,"Omamori":5,"animator:HallowedScabbard":4,"animator:WornHelmet":7},{"animator:Hoodie":22,"animator:PurgingStone":0,"animator:TheMissingPiece":0,"animator:LivingPicture":0,"Omamori":22,"animator:HallowedScabbard":18,"animator:WornHelmet":40}]},"card_choices":[{"not_picked":["animator:Yuuichirou","animator:AcuraTooru"],"picked":"animator:Ara","floor":1},{"not_picked":["animator:Mikaela","animator:Benimaru"],"picked":"animator:RoryMercury","floor":3},{"not_picked":["animator:Witch","animator:Mitsuba"],"picked":"animator:Shichika","floor":5},{"not_picked":["animator:SwordMaiden","animator:Witch"],"picked":"animator:LeleiLaLalena","floor":8},{"not_picked":["animator:ChaikaBohdan","animator:Guy"],"picked":"animator:Assassin","floor":11},{"not_picked":["animator:Ara","animator:Tyuule"],"picked":"animator:Gillette","floor":12},{"not_picked":["animator:TukaLunaMarceau","animator:Kuribayashi"],"picked":"animator:YaoHaDucy","floor":14}],"player_experience":768793,"relics_obtained":[{"floor":6,"key":"animator:HallowedScabbard"},{"floor":8,"key":"Omamori"},{"floor":9,"key":"animator:Hoodie"},{"floor":12,"key":"animator:WornHelmet"}],"event_choices":[{"damage_healed":0,"gold_gain":56,"player_choice":"Gained Gold","damage_taken":0,"max_hp_gain":0,"max_hp_loss":0,"event_name":"Golden Wing","floor":2,"gold_loss":0},{"damage_healed":0,"gold_gain":0,"player_choice":"Forge","damage_taken":0,"max_hp_gain":0,"max_hp_loss":0,"event_name":"Accursed Blacksmith","floor":4,"gold_loss":0,"cards_upgraded":["animator:RoryMercury"]}],"is_beta":false,"boss_relics":[],"items_purged_floors":[],"is_endless":false,"potions_floor_spawned":[5,8,14],"killed_by":"Hexaghost","ascension_level":13}}