{"host":"0fm1w3v00gid44jl","time":1609260253,"event":{"mods":["AchievementEnabler","BaseMod","Colored Map","Colored Powertips","Displayed Cursed Tome","Downfall","Googly Eyes","Highlight Path","Minty Spire (QoL Compilation)","Permanent Neow","Relic Stats","StSLib","SuperFastMode","slay the spire mod where everything is the same but ironclad has a cowboy hat"],"gold_per_floor":[349,366,376,27,12,24,47,47,65,15,15,34,34,53,63,161,161,161,176,176,176,276,276,355,355,372,401,411,39,58,85,85,85,85],"floor_reached":32,"playtime":1912,"items_purged":["champ:Strike"],"score":299,"play_id":"89f11006-7a12-4ca4-af8b-db29196b97a6","local_time":"20201229104413","is_ascension_mode":true,"campfire_choices":[{"data":"champ:Taunt","floor":1,"key":"SMITH"},{"data":"champ:Duel","floor":8,"key":"SMITH"},{"data":"champ:SkillfulDodge","floor":13,"key":"SMITH"},{"data":"champ:Improvising","floor":18,"key":"SMITH"},{"data":"champ:DefensiveStyle","floor":23,"key":"SMITH"}],"circlet_count":0,"master_deck":["champ:Defend","champ:Defend","champ:Defend","champ:Defend","champ:Execute","champ:Taunt+1","champ:RecklessLeap","champ:DefensiveStyle+1","champ:Balance","champ:Duel+1","champ:Haymaker","champ:TornadoPunch","champ:RisingSlash","champ:SkillfulDodge+1","champ:RisingSlash","champ:StanceDance","champ:Improvising+1","champ:Shatter+1","champ:Circumvent+1","champ:Haymaker+1","champ:ViciousMockery","champ:ShieldWall","champ:CrookedStrike","champ:Circumvent+1","champ:ViciousMockery","champ:FalseCounter","champ:DefensiveShout"],"relics":["champ:ChampionCrown","Pantograph","Potion Belt","Astrolabe","champ:BlackKnightHelmet","Mummified Hand","Sundial","CultistMask","Pocketwatch","CaptainsWheel","Turnip"],"acts_visited":["Exordium","TheCity"],"potions_floor_usage":[14,19,29,31,32],"damage_taken":[{"damage":5,"enemies":"Cultist","floor":2,"turns":4},{"damage":17,"enemies":"2 Louse","floor":3,"turns":2},{"damage":20,"enemies":"downfall:FleeingMerchant","floor":4,"turns":4},{"damage":30,"enemies":"downfall:FleeingMerchant","floor":5,"turns":4},{"damage":5,"enemies":"Jaw Worm","floor":6,"turns":4},{"damage":6,"enemies":"3 Louse","floor":9,"turns":3},{"damage":25,"enemies":"downfall:FleeingMerchant","floor":10,"turns":4},{"damage":21,"enemies":"Exordium Thugs","floor":12,"turns":3},{"damage":0,"enemies":"Lots of Slimes","floor":14,"turns":1},{"damage":5,"enemies":"Red Slaver","floor":15,"turns":2},{"damage":8,"enemies":"downfall:Watcher","floor":16,"turns":9},{"damage":10,"enemies":"3 Byrds","floor":19,"turns":5},{"damage":53,"enemies":"3 Byrds","floor":22,"turns":8},{"damage":30,"enemies":"Spheric Guardian","floor":26,"turns":4},{"damage":4,"enemies":"Book of Stabbing","floor":27,"turns":9},{"damage":17,"enemies":"Shelled Parasite and Fungi","floor":28,"turns":3},{"damage":2,"enemies":"downfall:FleeingMerchant","floor":29,"turns":4},{"damage":3,"enemies":"Snake Plant","floor":30,"turns":4},{"damage":6,"enemies":"Slavers","floor":31,"turns":6},{"damage":26,"enemies":"Cultist and Chosen","floor":32,"turns":6}],"seed_played":"2481932691990355413","potions_obtained":[{"floor":2,"key":"AttackPotion"},{"floor":6,"key":"FearPotion"},{"floor":9,"key":"sneckomod:MuddlingPotion"},{"floor":11,"key":"LiquidBronze"},{"floor":11,"key":"AttackPotion"},{"floor":11,"key":"Weak Potion"},{"floor":14,"key":"champ:UltimateStancePotion"},{"floor":19,"key":"Fire Potion"},{"floor":31,"key":"LiquidMemories"}],"is_trial":false,"path_per_floor":["R","M","M","$","$","M","T","R","M","$","?","M","R","M","M","B",null,"R","M","?","?","?","R","T","?","M","E","M","$","M","E","M"],"character_chosen":"THE_CHAMP","items_purchased":["Pantograph","champ:RisingSlash","CaptainsWheel","champ:FalseCounter"],"campfire_rested":0,"item_purchase_floors":[4,10,29,29],"current_hp_per_floor":[63,63,61,61,56,51,51,51,50,50,50,44,44,44,44,61,90,90,90,90,90,52,52,52,52,30,26,24,22,19,13,0,0,0],"gold":85,"neow_bonus":"TWO_FIFTY_GOLD","is_daily":false,"chose_seed":false,"campfire_upgraded":5,"win_rate":0.0,"timestamp":1609260253,"path_taken":["R","M","M","?","$","M","T","R","?","?","?","?","R","M","M","BOSS","R","M","?","?","?","R","T","?","M","E","M","$","?","E","M"],"items_purchased_type":["Relic","Card","Relic","Card"],"build_version":"2020-12-22","purchased_purges":1,"victory":false,"max_hp_per_floor":[90,90,90,90,90,90,90,90,90,90,90,90,90,90,90,90,90,90,90,90,90,90,90,90,90,90,90,90,90,90,90,90,90,90],"relic_stats":{"counters":[20,89],"Mummified Hand":[21],"Sundial":[2],"Pantograph":25,"Astrolabe":["champ:Shatter","champ:Circumvent","champ:Haymaker"],"Turnip":[0],"obtain_stats":[{"Potion Belt":7,"champ:BlackKnightHelmet":22,"CaptainsWheel":29,"Mummified Hand":22,"Sundial":24,"Pantograph":4,"Astrolabe":17,"champ:ChampionCrown":0,"CultistMask":25,"Turnip":31,"Pocketwatch":27},{"Potion Belt":5,"champ:BlackKnightHelmet":13,"CaptainsWheel":17,"Mummified Hand":13,"Sundial":13,"Pantograph":3,"Astrolabe":11,"champ:ChampionCrown":0,"CultistMask":13,"Turnip":19,"Pocketwatch":15},{"Potion Belt":18,"champ:BlackKnightHelmet":53,"CaptainsWheel":73,"Mummified Hand":53,"Sundial":53,"Pantograph":10,"Astrolabe":40,"champ:ChampionCrown":0,"CultistMask":53,"Turnip":83,"Pocketwatch":66}],"Pocketwatch":[18]},"card_choices":[{"not_picked":["champ:ShieldSigil","champ:CrookedStrike"],"picked":"champ:RecklessLeap","floor":2},{"not_picked":["champ:IronFortress","champ:Circumvent"],"picked":"champ:DefensiveStyle","floor":3},{"not_picked":["champ:Shatter","champ:ShieldThrow"],"picked":"champ:Balance","floor":4},{"not_picked":["champ:GutPunch","champ:GladiatorsShout"],"picked":"champ:Duel","floor":5},{"not_picked":["champ:ViciousMockery","champ:FaceSlap"],"picked":"champ:Haymaker","floor":6},{"not_picked":["champ:AdrenalArmor","champ:PerfectedStrike","champ:HeartStrike"],"picked":"SKIP","floor":9},{"not_picked":["champ:AdrenalArmor","champ:FaceSlap"],"picked":"champ:TornadoPunch","floor":10},{"not_picked":["champ:RecklessLeap","champ:Balance"],"picked":"champ:SkillfulDodge","floor":12},{"not_picked":["champ:TornadoPunch","champ:HeavySlash"],"picked":"champ:RisingSlash","floor":14},{"not_picked":["champ:ShieldSigil","champ:Backstep"],"picked":"champ:StanceDance","floor":15},{"not_picked":["champ:PerfectForm","champ:SwordThrow"],"picked":"champ:Improvising","floor":16},{"not_picked":["champ:CrookedStrike","champ:EnragedBash"],"picked":"champ:ViciousMockery","floor":19},{"not_picked":["champ:GladiatorStyle+1","champ:ShieldWall"],"picked":"champ:CrookedStrike","floor":22},{"not_picked":["champ:GladiatorsShout","champ:RapidStrikes"],"picked":"champ:Circumvent+1","floor":26},{"not_picked":["champ:ShieldWall","champ:DeathBlow"],"picked":"champ:ViciousMockery","floor":27},{"not_picked":["champ:IronFortress","champ:BerserkerStyle+1","champ:Duel"],"picked":"SKIP","floor":28},{"not_picked":["champ:PerfectForm","champ:AdrenalArmor","champ:Encircle"],"picked":"SKIP","floor":29},{"not_picked":["champ:BerserkersShout+1","champ:GladiatorsShout"],"picked":"champ:DefensiveShout","floor":30},{"not_picked":["champ:IronFortress+1","champ:GutPunch","champ:DancingMaster"],"picked":"SKIP","floor":31}],"player_experience":1458275,"relics_obtained":[{"floor":7,"key":"Potion Belt"},{"floor":22,"key":"champ:BlackKnightHelmet"},{"floor":22,"key":"Mummified Hand"},{"floor":24,"key":"Sundial"},{"floor":27,"key":"Pocketwatch"},{"floor":31,"key":"Turnip"}],"event_choices":[{"damage_healed":0,"gold_gain":0,"player_choice":"Got Potions","damage_taken":0,"max_hp_gain":0,"max_hp_loss":0,"event_name":"Lab","floor":11,"gold_loss":0},{"damage_healed":0,"gold_gain":0,"player_choice":"Read","damage_taken":0,"max_hp_gain":0,"max_hp_loss":0,"event_name":"The Library","floor":20,"gold_loss":0,"cards_obtained":["champ:ShieldWall"]},{"damage_healed":0,"gold_gain":0,"player_choice":"Ignored","damage_taken":0,"max_hp_gain":0,"max_hp_loss":0,"event_name":"Vampires","floor":21,"gold_loss":0},{"damage_healed":0,"gold_gain":0,"player_choice":"Trade","damage_taken":0,"relics_obtained":["CultistMask"],"max_hp_gain":0,"max_hp_loss":0,"event_name":"FaceTrader","floor":25,"gold_loss":0}],"is_beta":false,"boss_relics":[{"not_picked":["Calling Bell","Cursed Key"],"picked":"Astrolabe"}],"items_purged_floors":[4],"is_endless":false,"potions_floor_spawned":[2,6,9,12,14,15,19,26,31],"killed_by":"Cultist and Chosen","ascension_level":2}}