{"host":"txhhdwa0hqfs4jhb","time":1609263555,"event":{"mods":["AchievementEnabler","BaseMod","Better Third Choice","Downfall","Evolution","Filter the Spire","Minty Spire (QoL Compilation)","Relic Stats","StSLib","Thieving Mod"],"gold_per_floor":[99,99,99,99,16,16,16,16,16,16,16,16,16,16,16,16,16,16,16,16,16,16,16,16,16,16,16,16,16,16,16,16,16,16,16,16,16,16,16,16,16,16,16,16,16,16,0,0,0,0],"floor_reached":51,"playtime":1984,"items_purged":[],"score":1281,"play_id":"848569ba-4b96-4524-8d0b-46e94d1cff07","local_time":"20201229173915","is_ascension_mode":true,"campfire_choices":[{"data":"Noxious Fumes","floor":6,"key":"SMITH"},{"data":"Bouncing Flask","floor":12,"key":"SMITH"},{"data":"Noxious Fumes","floor":15,"key":"SMITH"},{"data":"Catalyst","floor":23,"key":"SMITH"},{"floor":27,"key":"DIG"},{"floor":32,"key":"DIG"},{"floor":40,"key":"DIG"},{"floor":42,"key":"DIG"},{"floor":46,"key":"DIG"},{"floor":49,"key":"DIG"}],"circlet_count":0,"master_deck":["Strike_G","Strike_G","Strike_G","Strike_G","Defend_G","Defend_G","Defend_G","Defend_G+1","Defend_G+1","Survivor","Neutralize","Dagger Spray","Deadly Poison","Noxious Fumes+1","Noxious Fumes+1","Bouncing Flask+1","Poisoned Stab","Dodge and Roll","Quick Slash","Dagger Spray","Deadly Poison","Poisoned Stab","Blur","Wraith Form v2+1","Catalyst+1","Deadly Poison","Footwork+1","Writhe","After Image+1","Dash","Ghostly","Ghostly","Ghostly","Ghostly","Ghostly","Footwork+1","Choke+1","Distraction+1","Venomology","CurseOfTheBell","Backstab","Infinite Blades+1","Noxious Fumes+1","Dodge and Roll+1","Poisoned Stab+1","Prepared+1","Calculated Gamble+1","Footwork+1","Blur+1"],"relics":["EVO:Axolotl","Ectoplasm","The Specimen","Membership Card","Bronze Scales","Meat on the Bone","Frozen Egg 2","War Paint","Pocketwatch","Runic Pyramid","Happy Flower","Juzu Bracelet","Shovel","Ice Cream","Prayer Wheel","Toy Ornithopter","Calling Bell","Oddly Smooth Stone","Ornamental Fan","Ginger","Blue Candle","Snake Skull","HornCleat","Bottled Tornado","CaptainsWheel","Akabeko","InkBottle","Red Mask","Lizard Tail","Anchor"],"acts_visited":["Exordium","TheCity","TheBeyond"],"potions_floor_usage":[7,10,38,48,48,50],"damage_taken":[{"damage":5.0,"enemies":"2 Louse","floor":1.0,"turns":3.0},{"damage":0.0,"enemies":"Cultist","floor":2.0,"turns":5.0},{"damage":27,"enemies":"3 Sentries","floor":7,"turns":5},{"damage":4,"enemies":"Jaw Worm","floor":8,"turns":2},{"damage":1,"enemies":"Gremlin Gang","floor":10,"turns":2},{"damage":3,"enemies":"2 Fungi Beasts","floor":11,"turns":3},{"damage":27,"enemies":"Lagavulin","floor":13,"turns":5},{"damage":5,"enemies":"Large Slime","floor":14,"turns":4},{"damage":18,"enemies":"Hexaghost","floor":16,"turns":7},{"damage":1,"enemies":"Chosen","floor":18,"turns":4},{"damage":3,"enemies":"Spheric Guardian","floor":19,"turns":4},{"damage":0,"enemies":"Snecko","floor":20,"turns":4},{"damage":24,"enemies":"Gremlin Leader","floor":24,"turns":6},{"damage":0,"enemies":"Centurion and Healer","floor":29,"turns":5},{"damage":5,"enemies":"Book of Stabbing","floor":30,"turns":5},{"damage":0,"enemies":"Sentry and Sphere","floor":31,"turns":5},{"damage":0,"enemies":"Automaton","floor":33,"turns":7},{"damage":2,"enemies":"Orb Walker","floor":35,"turns":4},{"damage":21,"enemies":"3 Shapes","floor":38,"turns":4},{"damage":0,"enemies":"Sphere and 2 Shapes","floor":39,"turns":5},{"damage":15,"enemies":"Reptomancer","floor":41,"turns":6},{"damage":10,"enemies":"Giant Head","floor":44,"turns":7},{"damage":21,"enemies":"Nemesis","floor":48,"turns":5},{"damage":21,"enemies":"Donu and Deca","floor":50,"turns":8}],"seed_played":"3377378058996670976","potions_obtained":[{"floor":1.0,"key":"ThievingMod:ThievingPotion"},{"floor":4.0,"key":"CultistPotion"},{"floor":4.0,"key":"BlessingOfTheForge"},{"floor":4.0,"key":"Fire Potion"},{"floor":10,"key":"Weak Potion"},{"floor":13,"key":"BlessingOfTheForge"},{"floor":33,"key":"DistilledChaos"},{"floor":35,"key":"DuplicationPotion"},{"floor":41,"key":"Poison Potion"}],"is_trial":false,"path_per_floor":["M","M","$","?","$","R","E","M","T","M","M","R","E","M","R","B",null,"M","M","M","?","?","R","E","?","T","R","?","M","E","M","R","B",null,"M","?","?","M","M","R","E","R","T","E","T","R","?","E","R","B",null],"character_chosen":"THE_SILENT","items_purchased":["Noxious Fumes","Bouncing Flask","Poisoned Stab"],"campfire_rested":0,"item_purchase_floors":[5,5,5],"current_hp_per_floor":[58,58,58,58,58,58,43,39,39,38,47,47,32,39,39,33,61,60,57,57,57,57,57,45,45,45,45,35,35,30,30,30,30,34,32,32,32,28,28,28,25,25,25,27,27,27,27,28,28,24],"gold":0,"neow_bonus":"BOSS_RELIC","is_daily":false,"chose_seed":false,"campfire_upgraded":4,"win_rate":0.0,"timestamp":1609263555,"path_taken":["M","M","$","?","?","R","E","?","T","M","M","R","E","M","R","BOSS","M","M","?","?","?","R","E","?","T","R","?","M","E","M","R","BOSS","M","?","?","M","M","R","E","R","T","E","?","R","?","E","R","BOSS"],"items_purchased_type":["Card","Card","Card"],"build_version":"2020-12-22","purchased_purges":0,"victory":true,"max_hp_per_floor":[70,70,70,70,70,70,70,70,70,70,70,70,70,70,70,70,70,70,70,70,70,70,70,70,70,70,70,35,35,35,35,35,35,35,35,35,35,35,35,35,35,35,35,35,35,35,35,35,35,35],"relic_stats":{"Happy Flower":[22],"counters":[24,115],"Blue Candle":[5],"Snake Skull":[46],"Juzu Bracelet":1,"Ginger":[2],"War Paint":["Defend_G","Defend_G"],"Lizard Tail":0,"Shovel":6,"Ornamental Fan":[48],"Bronze Scales":[308],"Prayer Wheel":4,"Ectoplasm":831,"obtain_stats":[{"Ice Cream":27,"Snake Skull":41,"Juzu Bracelet":24,"EVO:Axolotl":0,"Ginger":34,"Bottled Tornado":43,"Lizard Tail":48,"Shovel":26,"HornCleat":42,"Prayer Wheel":30,"Red Mask":47,"InkBottle":46,"Ring of the Snake":0,"Runic Pyramid":17,"The Specimen":3,"Happy Flower":21,"Blue Candle":40,"Oddly Smooth Stone":34,"Frozen Egg 2":7,"War Paint":9,"Akabeko":45,"Calling Bell":34,"CaptainsWheel":44,"Anchor":49,"Ornamental Fan":34,"Bronze Scales":3,"Ectoplasm":0,"Membership Card":3,"Toy Ornithopter":32,"Meat on the Bone":5,"Pocketwatch":13},{"Ice Cream":13,"Snake Skull":21,"Juzu Bracelet":13,"EVO:Axolotl":0,"Ginger":17,"Bottled Tornado":21,"Lizard Tail":23,"Shovel":13,"HornCleat":21,"Prayer Wheel":15,"Red Mask":22,"InkBottle":22,"Ring of the Snake":0,"Runic Pyramid":9,"The Specimen":2,"Happy Flower":12,"Blue Candle":20,"Oddly Smooth Stone":17,"Frozen Egg 2":3,"War Paint":4,"Akabeko":22,"Calling Bell":17,"CaptainsWheel":22,"Anchor":23,"Ornamental Fan":17,"Bronze Scales":2,"Ectoplasm":0,"Membership Card":2,"Toy Ornithopter":16,"Meat on the Bone":2,"Pocketwatch":7},{"Ice Cream":54,"Snake Skull":95,"Juzu Bracelet":54,"EVO:Axolotl":0,"Ginger":76,"Bottled Tornado":95,"Lizard Tail":107,"Shovel":54,"HornCleat":95,"Prayer Wheel":64,"Red Mask":102,"InkBottle":102,"Ring of the Snake":0,"Runic Pyramid":36,"The Specimen":8,"Happy Flower":48,"Blue Candle":89,"Oddly Smooth Stone":76,"Frozen Egg 2":13,"War Paint":15,"Akabeko":102,"Calling Bell":76,"CaptainsWheel":102,"Anchor":107,"Ornamental Fan":76,"Bronze Scales":8,"Ectoplasm":0,"Membership Card":8,"Toy Ornithopter":69,"Meat on the Bone":8,"Pocketwatch":25}],"Toy Ornithopter":20,"InkBottle":[6],"Meat on the Bone":132,"Pocketwatch":[17]},"card_choices":[{"not_picked":["Sucker Punch","PiercingWail"],"picked":"Dagger Spray","floor":1.0},{"not_picked":["Finisher","Outmaneuver"],"picked":"Deadly Poison","floor":2.0},{"not_picked":["Infinite Blades+1","Bane"],"picked":"Dodge and Roll","floor":7},{"not_picked":["Masterful Stab","Underhanded Strike"],"picked":"Quick Slash","floor":8},{"not_picked":["Heel Hook","Sucker Punch"],"picked":"Dagger Spray","floor":10},{"not_picked":["Bullet Time","Choke"],"picked":"Deadly Poison","floor":11},{"not_picked":["Riddle With Holes","Dagger Spray"],"picked":"Poisoned Stab","floor":13},{"not_picked":["Slice","Skewer"],"picked":"Blur","floor":14},{"not_picked":["Venomology","Corpse Explosion"],"picked":"Wraith Form v2+1","floor":16},{"not_picked":["Dodge and Roll","Caltrops+1"],"picked":"Catalyst","floor":18},{"not_picked":["Distraction","Prepared"],"picked":"Deadly Poison","floor":19},{"not_picked":["Flying Knee","Acrobatics+1"],"picked":"Footwork+1","floor":20},{"not_picked":["Underhanded Strike","Deflect"],"picked":"Dash","floor":24},{"not_picked":["Masterful Stab","Bane","Deflect"],"picked":"SKIP","floor":29},{"not_picked":["Sucker Punch","Backflip"],"picked":"Footwork+1","floor":30},{"not_picked":["Well Laid Plans+1","Heel Hook"],"picked":"Choke+1","floor":31},{"not_picked":["Predator","Acrobatics+1"],"picked":"Distraction+1","floor":31},{"not_picked":["Unload","Tools of the Trade+1"],"picked":"Venomology","floor":33},{"not_picked":["Cloak And Dagger+1","Expertise+1"],"picked":"Backstab","floor":35},{"not_picked":["Underhanded Strike","Flying Knee","Cloak And Dagger"],"picked":"SKIP","floor":35},{"not_picked":["Dash","Quick Slash"],"picked":"Noxious Fumes+1","floor":38},{"not_picked":["Deadly Poison+1","Tactician"],"picked":"Dodge and Roll+1","floor":38},{"not_picked":["Bane+1","Quick Slash"],"picked":"Poisoned Stab+1","floor":39},{"not_picked":["Predator","Terror"],"picked":"Prepared+1","floor":39},{"not_picked":["Storm of Steel","Quick Slash"],"picked":"Calculated Gamble+1","floor":41},{"not_picked":["Sucker Punch+1","Dodge and Roll+1"],"picked":"Footwork+1","floor":44},{"not_picked":["Dagger Throw+1","Expertise+1"],"picked":"Blur+1","floor":48}],"player_experience":217684,"relics_obtained":[{"floor":7,"key":"Frozen Egg 2"},{"floor":9,"key":"War Paint"},{"floor":13,"key":"Pocketwatch"},{"floor":24,"key":"Juzu Bracelet"},{"floor":26,"key":"Shovel"},{"floor":27,"key":"Ice Cream"},{"floor":30,"key":"Prayer Wheel"},{"floor":32,"key":"Toy Ornithopter"},{"floor":34,"key":"Oddly Smooth Stone"},{"floor":34,"key":"Ornamental Fan"},{"floor":34,"key":"Ginger"},{"floor":40,"key":"Blue Candle"},{"floor":41,"key":"Snake Skull"},{"floor":42,"key":"HornCleat"},{"floor":43,"key":"Bottled Tornado"},{"floor":44,"key":"CaptainsWheel"},{"floor":45,"key":"Akabeko"},{"floor":46,"key":"InkBottle"},{"floor":48,"key":"Lizard Tail"},{"floor":49,"key":"Anchor"}],"event_choices":[{"damage_healed":0.0,"max_hp_gain":0.0,"max_hp_loss":0.0,"gold_gain":0.0,"event_name":"Lab","player_choice":"Got Potions","floor":4.0,"gold_loss":0.0,"damage_taken":0.0},{"damage_healed":0,"gold_gain":0,"player_choice":"Opened","damage_taken":0,"relics_obtained":["Happy Flower"],"max_hp_gain":0,"max_hp_loss":0,"event_name":"The Mausoleum","floor":21,"gold_loss":0,"cards_obtained":["Writhe"]},{"damage_healed":0,"gold_gain":0,"player_choice":"Read","damage_taken":0,"max_hp_gain":0,"max_hp_loss":0,"event_name":"The Library","floor":22,"gold_loss":0,"cards_obtained":["After Image"]},{"damage_healed":0,"gold_gain":99,"player_choice":"Steal","damage_taken":0,"max_hp_gain":0,"max_hp_loss":0,"event_name":"betterThird:BetterNest","floor":25,"gold_loss":0},{"damage_healed":0,"gold_gain":0,"player_choice":"Became a Ghost","damage_taken":0,"max_hp_gain":0,"max_hp_loss":35,"event_name":"Ghosts","floor":28,"gold_loss":0,"cards_obtained":["Ghostly","Ghostly","Ghostly","Ghostly","Ghostly"]},{"damage_healed":0,"gold_gain":0,"cards_transformed":["Strike_G"],"player_choice":"Transformed","damage_taken":0,"max_hp_gain":0,"max_hp_loss":0,"event_name":"Transmorgrifier","floor":36,"gold_loss":0,"cards_obtained":["Infinite Blades"]},{"damage_healed":0,"gold_gain":100,"player_choice":"Pray","damage_taken":0,"max_hp_gain":0,"max_hp_loss":0,"event_name":"Golden Shrine","floor":37,"gold_loss":0},{"damage_healed":0,"gold_gain":0,"player_choice":"Paid","damage_taken":0,"relics_obtained":["Red Mask"],"max_hp_gain":0,"max_hp_loss":0,"event_name":"Tomb of Lord Red Mask","floor":47,"gold_loss":16}],"is_beta":false,"boss_relics":[{"not_picked":["Black Star","Runic Dome"],"picked":"Runic Pyramid"},{"not_picked":["SlaversCollar","Velvet Choker"],"picked":"Calling Bell"}],"items_purged_floors":[],"is_endless":false,"potions_floor_spawned":[1,10,13,16,24,33,35,41],"ascension_level":8}}