{"host":"eocn4tduyrehyy81","time":1609219543,"event":{"mods":["AchievementEnabler","Aspiration","BaseMod","BetterRewards","Custom Start","Minty Spire (QoL Compilation)","Replay The Spire","StSLib"],"gold_per_floor":[110,37,50,65,81,112,125,125,125,125,125,125,139,139,139,237,237,254,10,34,50,22,22,52,52,52,52,70,70,70,80,80,175,175,86,11,11,31,31,110,27,27,54,65,65,65,75,24,24,24],"floor_reached":51,"playtime":3112,"items_purged":[],"score":997,"play_id":"c561e399-1159-4e5a-8605-383dc5967ac3","local_time":"20201228232543","is_ascension_mode":false,"campfire_choices":[{"floor":8,"key":"REST"},{"floor":12,"key":"REST"},{"data":"Poisoned Stab","floor":15,"key":"SMITH"},{"floor":23,"key":"REST"},{"floor":25,"key":"DIG"},{"floor":30,"key":"REST"},{"floor":32,"key":"REST"},{"data":"Atom Bomb","floor":42,"key":"SMITH"},{"floor":49,"key":"REST"}],"circlet_count":0,"master_deck":["Strike_G","Strike_G+1","Strike_G","Strike_G","Strike_G+1","Defend_G","Defend_G+1","Defend_G","Defend_G","Defend_G","Survivor","Neutralize","Flying Knee","Poisoned Stab+1","PiercingWail","Dagger Spray","Sneak Up","Toxin Wave+1","Poisoned Stab+1","Atom Bomb+1","Night Terror+1","Slice","ReplayTheSpireMod:IOU","Blade Dance+1","PiercingWail+1","ReplayTheSpireMod:IOU","Prepared+1","All Out Attack","Deflect+1","A Thousand Cuts+1","Footwork+1","Outmaneuver","Toxin Wave+1","Outmaneuver+1","Slice+1","Sucker Punch+1","ReplayTheSpireMod:IOU"],"relics":["Ring of the Snake","Gremlin Food","Frozen Egg 2","Replay:Ringing Soul","Replay:Grab Bag","Philosopher\u0027s Stone","ChewingGum","SlaversCollar","aspiration:RunicSpoon","Membership Card","Replay:Wax Seal","Replay:Rubber Ducky","aspiration:ChemicalBlood","Strawberry","Garlic","Replay:Multitool","aspiration:VileToxins","Thread and Needle","Bronze Scales","aspiration:SecretTechniqueScroll","aspiration:Lifesprig","Medical Kit","ReplayTheSpireMod:Ring of Collecting","Ring of Hypnosis","ReplayTheSpireMod:TigerMarble","Basket Of Snakes","Bag of Marbles","PreservedInsect"],"acts_visited":["Exordium","TheCity","TheBeyond"],"potions_floor_usage":[6,6,7,16,21,28,33,33,33,46,50,50],"damage_taken":[{"damage":3,"enemies":"2 Louse","floor":1,"turns":3},{"damage":1,"enemies":"Jaw Worm","floor":3,"turns":5},{"damage":3,"enemies":"Cultist","floor":4,"turns":4},{"damage":0,"enemies":"Looter","floor":5,"turns":4},{"damage":53,"enemies":"Gremlin Nob","floor":6,"turns":6},{"damage":0,"enemies":"2 Fungi Beasts","floor":7,"turns":4},{"damage":5,"enemies":"Blue Slaver","floor":13,"turns":5},{"damage":29,"enemies":"Hexaghost","floor":16,"turns":8},{"damage":43,"enemies":"Spheric Guardian","floor":18,"turns":6},{"damage":3,"enemies":"Chosen","floor":21,"turns":4},{"damage":0,"enemies":"Centurion and Healer","floor":28,"turns":4},{"damage":0,"enemies":"Shelled Parasite and Fungi","floor":31,"turns":3},{"damage":59,"enemies":"Champ","floor":33,"turns":7},{"damage":4,"enemies":"3 Shapes","floor":35,"turns":3},{"damage":0,"enemies":"Orb Walker","floor":38,"turns":3},{"damage":13,"enemies":"4 Shapes","floor":41,"turns":6},{"damage":0,"enemies":"Jaw Worm Horde","floor":44,"turns":2},{"damage":0,"enemies":"Writhing Mass","floor":46,"turns":1},{"damage":7,"enemies":"4 Shapes","floor":47,"turns":3},{"damage":40,"enemies":"Donu and Deca","floor":50,"turns":8}],"seed_played":"6992405622707184125","potions_obtained":[{"floor":1,"key":"ColorlessPotion"},{"floor":6,"key":"Energy Potion"},{"floor":13,"key":"Dexterity Potion"},{"floor":16,"key":"FearPotion"},{"floor":28,"key":"Explosive Potion"},{"floor":31,"key":"DuplicationPotion"},{"floor":41,"key":"SmokeBomb"}],"is_trial":false,"path_per_floor":["M","$","M","M","M","E","M","R","T","?","?","R","M","?","R","B",null,"M","$","T","M","$","R","?","R","T","?","M","?","R","M","R","B",null,"M","$","?","M","?","R","M","R","T","M","T","M","M","$","R","B",null],"character_chosen":"THE_SILENT","items_purchased":["Gremlin Food","Poisoned Stab","Block Potion","Membership Card","Replay:Wax Seal","Replay:Rubber Ducky","Blade Dance","FairyPotion","Block Potion","Strawberry","Garlic","Fire Potion","aspiration:Lifesprig","Medical Kit","Outmaneuver","Bag of Marbles","PreservedInsect"],"campfire_rested":6,"item_purchase_floors":[0,2,2,19,19,19,19,19,19,22,22,22,36,36,36,48,48],"current_hp_per_floor":[67,67,66,63,63,10,10,31,31,51,51,72,70,70,70,44,76,36,39,39,39,49,77,80,80,80,80,83,63,94,97,109,53,112,111,114,114,117,117,117,107,107,107,110,110,110,106,109,133,93],"gold":24,"neow_bonus":"","is_daily":false,"chose_seed":false,"campfire_upgraded":2,"win_rate":0.0,"timestamp":1609219543,"path_taken":["M","$","M","M","M","E","M","R","T","?","?","R","M","?","R","BOSS","M","$","?","M","$","R","?","R","T","?","M","?","R","M","R","BOSS","M","$","?","M","?","R","M","R","T","?","?","?","M","$","R","BOSS"],"items_purchased_type":["Relic","Card","Potion","Relic","Relic","Relic","Card","Potion","Potion","Relic","Relic","Potion","Relic","Relic","Card","Relic","Relic"],"build_version":"2020-12-22","purchased_purges":0,"victory":true,"max_hp_per_floor":[70,70,70,70,70,70,70,70,70,73,73,73,76,73,73,76,76,79,82,82,85,95,95,98,98,98,98,101,106,106,109,109,112,112,115,118,118,121,121,121,124,124,124,127,127,127,130,133,133,133],"card_choices":[{"not_picked":["Prepared","Dash"],"picked":"Flying Knee","floor":1},{"not_picked":["Dagger Throw","Reflex"],"picked":"PiercingWail","floor":3},{"not_picked":["Expertise","ReplayTheSpireMod:Exploit Weakness"],"picked":"Dagger Spray","floor":4},{"not_picked":["Backflip","Dagger Spray"],"picked":"Sneak Up","floor":5},{"not_picked":["Underhanded Strike","Outmaneuver"],"picked":"Toxin Wave","floor":6},{"not_picked":["ReplayTheSpireMod:Shiv Toss","Terror"],"picked":"Poisoned Stab","floor":7},{"not_picked":["Dagger Spray","Dodge and Roll"],"picked":"Atom Bomb","floor":13},{"not_picked":["Storm of Steel","Venomology"],"picked":"Night Terror","floor":16},{"not_picked":["PiercingWail","Sneak Up"],"picked":"Slice","floor":18},{"not_picked":["Cloak And Dagger","ReplayTheSpireMod:Shiv Toss"],"picked":"PiercingWail+1","floor":21},{"not_picked":["ReplayTheSpireMod:Exploit Weakness","Dagger Throw"],"picked":"Prepared+1","floor":24},{"not_picked":["Riddle With Holes","Cloak And Dagger+1"],"picked":"All Out Attack","floor":28},{"not_picked":["Infinite Blades+1","Dagger Spray"],"picked":"Deflect+1","floor":31},{"not_picked":["Storm of Steel","Tools of the Trade+1"],"picked":"A Thousand Cuts+1","floor":33},{"not_picked":["Prepared","Hidden Blade"],"picked":"Footwork+1","floor":35},{"not_picked":["All Out Attack","Sucker Punch"],"picked":"Toxin Wave+1","floor":38},{"not_picked":["Acrobatics","Deflect"],"picked":"Outmaneuver+1","floor":41},{"not_picked":["Leg Sweep","Fluid Movement+1"],"picked":"Slice+1","floor":44},{"not_picked":["Dodge and Roll","ReplayTheSpireMod:Speed Training+1"],"picked":"Sucker Punch+1","floor":47}],"player_experience":25339,"relics_obtained":[{"floor":6,"key":"Frozen Egg 2"},{"floor":9,"key":"Replay:Ringing Soul"},{"floor":20,"key":"aspiration:ChemicalBlood"},{"floor":24,"key":"Replay:Multitool"},{"floor":25,"key":"aspiration:VileToxins"},{"floor":26,"key":"Thread and Needle"},{"floor":37,"key":"ReplayTheSpireMod:Ring of Collecting"},{"floor":43,"key":"Ring of Hypnosis"},{"floor":43,"key":"ReplayTheSpireMod:TigerMarble"},{"floor":45,"key":"Basket Of Snakes"}],"event_choices":[{"damage_healed":17,"gold_gain":0,"player_choice":"Healed and dodged fight","damage_taken":0,"max_hp_gain":0,"max_hp_loss":0,"event_name":"Mushrooms","floor":10,"gold_loss":0,"cards_obtained":["Parasite"]},{"damage_healed":0,"gold_gain":0,"player_choice":"Ignored","damage_taken":0,"max_hp_gain":0,"max_hp_loss":0,"event_name":"Golden Wing","floor":11,"gold_loss":0},{"cards_removed":["Parasite"],"damage_healed":0,"gold_gain":0,"player_choice":"Purged","damage_taken":0,"max_hp_gain":0,"max_hp_loss":0,"event_name":"Purifier","floor":14,"gold_loss":0},{"damage_healed":0,"gold_gain":0,"player_choice":"Shed Blood","damage_taken":25,"max_hp_gain":5,"max_hp_loss":0,"event_name":"Forgotten Altar","floor":29,"gold_loss":0},{"damage_healed":0,"gold_gain":0,"player_choice":"Upgraded","damage_taken":0,"max_hp_gain":0,"max_hp_loss":0,"event_name":"Upgrade Shrine","floor":39,"gold_loss":0,"cards_upgraded":["Toxin Wave"]}],"is_beta":false,"boss_relics":[{"not_picked":["ReplayTheSpireMod:DimensionalGlitch","aspiration:DefectSkillbook"],"picked":"Replay:Grab Bag"},{"not_picked":["ReplayTheSpireMod:Onyx Gauntlets","Coffee Dripper"],"picked":"Philosopher\u0027s Stone"},{"not_picked":["Busted Crown","Replay:Bronze Core"],"picked":"ChewingGum"},{"not_picked":["aspiration:RitualDagger","Empty Cage"],"picked":"SlaversCollar"},{"not_picked":["HoveringKite","aspiration:PoetsPen_weak"],"picked":"aspiration:RunicSpoon"},{"not_picked":["Astrolabe","Ring of the Serpent"],"picked":"aspiration:SecretTechniqueScroll"}],"items_purged_floors":[],"is_endless":false,"potions_floor_spawned":[1,6,13,16,28,31,41,46],"ascension_level":0}}