{"host":"2qv44oxt58ptq59r","time":1609257481,"event":{"mods":["AchievementEnabler","BaseMod","Colored Powertips","Highlight Path","Minty Spire (QoL Compilation)","Permanent Neow","StSLib"],"gold_per_floor":[111,121,138,138,152,152,171,201,201,201,201,48,48,67,67,172,172,184,184,184,7,7,7,21,21,21,38,38,58,9,9,9,114,164,183,58,73,92,142,142,161,161,161,180,195,214,227,227,227,227,227,227,27,56,56,56],"floor_reached":55,"playtime":11464,"items_purged":["Strike_R","Parasite"],"score":671,"play_id":"398c8c88-b225-41b5-8826-3de24a7acca1","local_time":"20201229155801","is_ascension_mode":false,"campfire_choices":[{"data":"Limit Break","floor":6.0,"key":"SMITH"},{"data":"Bash","floor":13.0,"key":"SMITH"},{"floor":15.0,"key":"RECALL"},{"data":"Demon Form","floor":23.0,"key":"SMITH"},{"data":"Intimidate","floor":25.0,"key":"SMITH"},{"data":"Seeing Red","floor":32.0,"key":"SMITH"},{"floor":40.0,"key":"REST"},{"data":"Juggernaut","floor":42,"key":"SMITH"},{"data":"Heavy Blade","floor":49,"key":"SMITH"},{"data":"Armaments","floor":52,"key":"SMITH"}],"circlet_count":0,"master_deck":["Strike_R+1","Defend_R","Defend_R","Defend_R+1","Defend_R","Bash+1","Clothesline","Inflame+1","Armaments+1","Limit Break+1","Clothesline","Seeing Red+1","Heavy Blade+1","Demon Form+1","Iron Wave+1","Juggernaut+1","Headbutt+1","Intimidate+1","Shockwave","Twin Strike+1","Seeing Red+1","Juggernaut+1","Reaper","Seeing Red+1","Uppercut","Ghostly Armor","Sword Boomerang+1","Reaper","Searing Blow","Heavy Blade","Dark Embrace+1","Madness","Madness","Seeing Red+1"],"relics":["Burning Blood","Self Forming Clay","PreservedInsect","Smiling Mask","Lee\u0027s Waffle","Astrolabe","Eternal Feather","Red Skull","Tiny House","Pocketwatch","Bottled Tornado","Orichalcum","Blood Vial"],"acts_visited":["Exordium","TheCity","TheBeyond","TheEnding"],"potions_floor_usage":[45,47,50,55,55],"damage_taken":[{"damage":0.0,"enemies":"2 Louse","floor":1.0,"turns":3.0},{"damage":4.0,"enemies":"Jaw Worm","floor":2.0,"turns":4.0},{"damage":1.0,"enemies":"Cultist","floor":3.0,"turns":3.0},{"damage":7.0,"enemies":"2 Fungi Beasts","floor":5.0,"turns":4.0},{"damage":7.0,"enemies":"Exordium Thugs","floor":7.0,"turns":4.0},{"damage":39.0,"enemies":"3 Sentries","floor":8.0,"turns":8.0},{"damage":8.0,"enemies":"Exordium Wildlife","floor":14.0,"turns":4.0},{"damage":33.0,"enemies":"The Guardian","floor":16.0,"turns":11.0},{"damage":22.0,"enemies":"Chosen","floor":18.0,"turns":6.0},{"damage":19.0,"enemies":"Spheric Guardian","floor":24.0,"turns":5.0},{"damage":25.0,"enemies":"Cultist and Chosen","floor":27.0,"turns":6.0},{"damage":7.0,"enemies":"Centurion and Healer","floor":29.0,"turns":4.0},{"damage":29.0,"enemies":"Champ","floor":33.0,"turns":9.0},{"damage":46.0,"enemies":"3 Darklings","floor":35.0,"turns":5.0},{"damage":17.0,"enemies":"3 Shapes","floor":37.0,"turns":5.0},{"damage":36.0,"enemies":"Writhing Mass","floor":38.0,"turns":9.0},{"damage":28.0,"enemies":"Mind Bloom Boss Battle","floor":39.0,"turns":8.0},{"damage":13,"enemies":"4 Shapes","floor":41,"turns":6},{"damage":37,"enemies":"Jaw Worm Horde","floor":44,"turns":5},{"damage":20,"enemies":"3 Darklings","floor":45,"turns":5},{"damage":23,"enemies":"Maw","floor":46,"turns":6},{"damage":8,"enemies":"4 Shapes","floor":47,"turns":5},{"damage":104,"enemies":"Time Eater","floor":50,"turns":9},{"damage":77,"enemies":"Shield and Spear","floor":54,"turns":6},{"damage":46,"enemies":"The Heart","floor":55,"turns":3}],"seed_played":"-6922987217936514847","potions_obtained":[{"floor":1.0,"key":"Dexterity Potion"},{"floor":5.0,"key":"Ancient Potion"},{"floor":7.0,"key":"CultistPotion"},{"floor":16.0,"key":"LiquidBronze"},{"floor":34.0,"key":"Explosive Potion"},{"floor":38.0,"key":"DistilledChaos"},{"floor":44,"key":"PowerPotion"},{"floor":45,"key":"BloodPotion"},{"floor":46,"key":"Strength Potion"},{"floor":47,"key":"SteroidPotion"}],"is_trial":false,"path_per_floor":["M","M","M","?","M","R","M","E","T","?","T","$","R","M","R","B",null,"M","?","?","$","$","R","M","R","T","M","?","M","$","?","R","B",null,"M","$","M","M","?","R","M","R","T","M","M","M","M","?","R","B",null,"R","$","E","B"],"character_chosen":"IRONCLAD","items_purchased":["Lee\u0027s Waffle","Shockwave","BloodPotion","Strength Potion","Uppercut","Explosive Potion","Orichalcum"],"campfire_rested":1,"item_purchase_floors":[12,21,21,30,36,36,53],"current_hp_per_floor":[80,80,80,64,63,63,62,29,29,26,26,87,87,85,85,58,87,71,71,71,71,71,80,67,79,79,60,60,59,59,59,71,48,92,52,52,59,32,17,59,58,73,73,77,90,73,92,80,92,92,92,92,89,18,0,0],"gold":56,"neow_bonus":"THREE_CARDS","is_daily":false,"chose_seed":false,"campfire_upgraded":8,"win_rate":0.0,"timestamp":1609257481,"path_taken":["M","M","M","?","M","R","M","E","T","?","?","?","R","M","R","BOSS","M","?","?","?","$","R","M","R","T","M","?","?","$","?","R","BOSS","M","$","M","M","?","R","M","R","T","M","M","M","M","?","R","BOSS","R","$","E","BOSS"],"items_purchased_type":["Relic","Card","Potion","Potion","Card","Potion","Relic"],"build_version":"2020-12-22","purchased_purges":2,"victory":false,"max_hp_per_floor":[80,80,80,80,80,80,80,80,80,80,80,87,87,87,87,87,87,87,87,87,87,87,87,87,87,87,87,87,87,87,87,87,87,92,92,92,92,92,92,92,92,92,92,92,92,92,92,92,92,92,92,92,89,89,89,89],"card_choices":[{"not_picked":["Twin Strike","Armaments"],"picked":"Clothesline","floor":0.0},{"not_picked":["Dark Embrace","Body Slam"],"picked":"Inflame","floor":1.0},{"not_picked":["Anger","Sever Soul"],"picked":"Armaments","floor":2.0},{"not_picked":["Twin Strike","Headbutt"],"picked":"Limit Break","floor":3.0},{"not_picked":["Warcry","Thunderclap"],"picked":"Clothesline","floor":5.0},{"not_picked":["Havoc","Body Slam"],"picked":"Seeing Red","floor":7.0},{"not_picked":["Brutality","Havoc","Headbutt"],"picked":"SKIP","floor":8.0},{"not_picked":["Clash","Perfected Strike"],"picked":"Heavy Blade","floor":14.0},{"not_picked":["Feed","Offering"],"picked":"Demon Form","floor":16.0},{"not_picked":["Anger","Wild Strike"],"picked":"Intimidate","floor":18.0},{"not_picked":["True Grit","Clothesline"],"picked":"Twin Strike+1","floor":24.0},{"not_picked":["Reckless Charge","Warcry"],"picked":"Seeing Red","floor":27.0},{"not_picked":["Inflame","Dropkick+1"],"picked":"Juggernaut","floor":29.0},{"not_picked":["Double Tap","Immolate"],"picked":"Reaper","floor":33.0},{"not_picked":["Armaments+1","Headbutt"],"picked":"Seeing Red+1","floor":34.0},{"not_picked":["Rupture+1","Armaments+1","Anger"],"picked":"SKIP","floor":35.0},{"not_picked":["Clash+1","Anger"],"picked":"Ghostly Armor","floor":37.0},{"not_picked":["Headbutt+1","Thunderclap+1","Armaments+1"],"picked":"SKIP","floor":38.0},{"not_picked":["Seeing Red","True Grit+1"],"picked":"Sword Boomerang+1","floor":39.0},{"not_picked":["Headbutt+1","Sever Soul+1"],"picked":"Reaper","floor":41},{"not_picked":["Iron Wave","Armaments"],"picked":"Searing Blow","floor":44},{"not_picked":["Clash+1","Thunderclap"],"picked":"Heavy Blade","floor":45},{"not_picked":["Dropkick+1","Pommel Strike"],"picked":"Dark Embrace+1","floor":46},{"not_picked":["Dual Wield","Headbutt","Combust+1"],"picked":"SKIP","floor":47},{"not_picked":["Inflame","Burning Pact"],"picked":"Seeing Red+1","floor":54}],"player_experience":5079609,"relics_obtained":[{"floor":8.0,"key":"Self Forming Clay"},{"floor":11.0,"key":"Smiling Mask"},{"floor":26.0,"key":"Red Skull"},{"floor":39.0,"key":"Pocketwatch"},{"floor":43,"key":"Bottled Tornado"},{"floor":54,"key":"Blood Vial"}],"event_choices":[{"damage_healed":0.0,"max_hp_gain":0.0,"max_hp_loss":0.0,"gold_gain":0.0,"event_name":"Shining Light","player_choice":"Entered Light","floor":4.0,"gold_loss":0.0,"damage_taken":16.0,"cards_upgraded":["Inflame","Strike_R"]},{"damage_healed":0.0,"max_hp_gain":0.0,"max_hp_loss":0.0,"gold_gain":0.0,"event_name":"Scrap Ooze","player_choice":"Success","floor":10.0,"gold_loss":0.0,"damage_taken":3.0,"relics_obtained":["PreservedInsect"]},{"damage_healed":0.0,"max_hp_gain":0.0,"max_hp_loss":0.0,"gold_gain":0.0,"event_name":"Cursed Tome","player_choice":"Ignored","floor":19.0,"gold_loss":0.0,"damage_taken":0.0},{"damage_healed":0.0,"max_hp_gain":0.0,"max_hp_loss":0.0,"gold_gain":0.0,"event_name":"The Mausoleum","player_choice":"Opened","floor":20.0,"gold_loss":0.0,"damage_taken":0.0,"relics_obtained":["Eternal Feather"]},{"damage_healed":0.0,"max_hp_gain":0.0,"max_hp_loss":0.0,"gold_gain":0.0,"event_name":"Upgrade Shrine","player_choice":"Upgraded","floor":28.0,"gold_loss":0.0,"damage_taken":0.0,"cards_upgraded":["Seeing Red"]},{"damage_healed":0.0,"max_hp_gain":0.0,"max_hp_loss":0.0,"gold_gain":0.0,"event_name":"Ghosts","player_choice":"Ignored","floor":31.0,"gold_loss":0.0,"damage_taken":0.0},{"damage_healed":0.0,"max_hp_gain":0.0,"max_hp_loss":0.0,"gold_gain":0.0,"event_name":"MindBloom","player_choice":"Fight","floor":39.0,"gold_loss":0.0,"damage_taken":0.0},{"damage_healed":0,"gold_gain":0,"player_choice":"Embrace Madness","damage_taken":12,"max_hp_gain":0,"max_hp_loss":0,"event_name":"Winding Halls","floor":48,"gold_loss":0,"cards_obtained":["Madness","Madness"]}],"is_beta":false,"boss_relics":[{"not_picked":["SacredBark","Black Star"],"picked":"Astrolabe"},{"not_picked":["Sozu","Philosopher\u0027s Stone"],"picked":"Tiny House"}],"items_purged_floors":[21,53],"is_endless":false,"potions_floor_spawned":[1,5,7,16,33,38,44,45,46,47],"killed_by":"The Heart","ascension_level":0}}