{"host":"5jasvlzwxjppxwo9","time":1609271492,"event":{"mods":["AchievementEnabler","BaseMod","Minty Spire (QoL Compilation)","StSLib"],"gold_per_floor":[113,113,113,126,126,160,15,15,15,35,71,94,109,134,134,263,326,319,339,15,35,35,49,49,72,120,144,144,144],"floor_reached":28,"playtime":3445,"items_purged":["Injury","Defend_B"],"score":309,"play_id":"713974cc-f1b6-4f65-b9b1-cebaf48c185f","local_time":"20201229195132","is_ascension_mode":false,"campfire_choices":[{"floor":8,"key":"REST"},{"data":"Leap","floor":15,"key":"SMITH"},{"floor":24,"key":"REST"}],"circlet_count":0,"master_deck":["Strike_B","Strike_B","Strike_B","Strike_B","Defend_B","Defend_B","Defend_B","Zap","Dualcast","Steam","Conserve Battery","Streamline","Leap+1","Steam","Cold Snap+1","Conserve Battery","Coolheaded","Chill","Buffer","Leap","Storm","Capacitor","Beam Cell","Mind Blast","Self Repair","Streamline","Blizzard"],"relics":["Cracked Core","Golden Idol","Oddly Smooth Stone","Letter Opener","Sundial","Tiny House","HandDrill","Orichalcum"],"acts_visited":["Exordium","TheCity"],"potions_floor_usage":[6,11,11,16,16,18,25,28],"damage_taken":[{"damage":7,"enemies":"Jaw Worm","floor":1,"turns":4},{"damage":1,"enemies":"Cultist","floor":4,"turns":4},{"damage":30,"enemies":"Lagavulin","floor":6,"turns":9},{"damage":0,"enemies":"2 Louse","floor":10,"turns":3},{"damage":2,"enemies":"Gremlin Nob","floor":11,"turns":3},{"damage":0,"enemies":"Lots of Slimes","floor":12,"turns":3},{"damage":2,"enemies":"Blue Slaver","floor":13,"turns":3},{"damage":0,"enemies":"Exordium Thugs","floor":14,"turns":4},{"damage":0,"enemies":"Slime Boss","floor":16,"turns":17},{"damage":2,"enemies":"2 Thieves","floor":18,"turns":4},{"damage":3,"enemies":"Chosen","floor":19,"turns":9},{"damage":69,"enemies":"3 Cultists","floor":21,"turns":8},{"damage":17,"enemies":"Snecko","floor":23,"turns":8},{"damage":13,"enemies":"Shelled Parasite and Fungi","floor":25,"turns":9},{"damage":25,"enemies":"Snake Plant","floor":27,"turns":3},{"damage":28,"enemies":"Snecko","floor":28,"turns":7}],"seed_played":"3148062357936325506","potions_obtained":[{"floor":3,"key":"FocusPotion"},{"floor":3,"key":"EssenceOfDarkness"},{"floor":3,"key":"Explosive Potion"},{"floor":6,"key":"PotionOfCapacity"},{"floor":11,"key":"ColorlessPotion"},{"floor":16,"key":"FairyPotion"},{"floor":17,"key":"AttackPotion"},{"floor":23,"key":"Fruit Juice"},{"floor":27,"key":"Weak Potion"}],"is_trial":false,"path_per_floor":["M","?","?","M","?","E","$","R","T","M","E","M","M","M","R","B",null,"M","M","$","M","?","M","R","M","T","M","M"],"character_chosen":"DEFECT","items_purchased":["Leap","Steam","HandDrill","Capacitor"],"campfire_rested":2,"item_purchase_floors":[7,7,20,20],"current_hp_per_floor":[75,75,75,74,74,44,44,68,68,68,66,66,64,64,64,64,87,85,82,82,13,1,22,48,47,47,22,0,0],"gold":144,"neow_bonus":"TEN_PERCENT_HP_BONUS","is_daily":false,"chose_seed":false,"campfire_upgraded":1,"win_rate":0.0,"timestamp":1609271492,"path_taken":["M","?","?","?","?","E","$","R","T","?","E","M","M","M","R","BOSS","M","?","$","M","?","M","R","?","T","M","M"],"items_purchased_type":["Card","Card","Relic","Card"],"build_version":"2020-12-22","purchased_purges":2,"victory":false,"max_hp_per_floor":[82,82,82,82,82,82,82,82,82,82,82,82,82,82,82,82,87,87,87,87,87,87,87,87,92,92,92,92,92],"card_choices":[{"not_picked":["Stack","Tempest"],"picked":"Steam","floor":1},{"not_picked":["Barrage","Chaos"],"picked":"Conserve Battery","floor":4},{"not_picked":["Recycle","Tempest"],"picked":"Streamline","floor":6},{"not_picked":["Turbo","Coolheaded"],"picked":"Cold Snap","floor":10},{"not_picked":["Cold Snap","Multi-Cast"],"picked":"Conserve Battery","floor":11},{"not_picked":["Storm","Cold Snap"],"picked":"Coolheaded","floor":12},{"not_picked":["Turbo","Redo","Undo"],"picked":"SKIP","floor":13},{"not_picked":["Stack","Turbo"],"picked":"Chill","floor":14},{"not_picked":["Fission","Core Surge"],"picked":"Buffer","floor":16},{"not_picked":["Compile Driver","Loop"],"picked":"Leap","floor":17},{"not_picked":["Heatsinks","Steam","Conserve Battery"],"picked":"SKIP","floor":18},{"not_picked":["Conserve Battery","Loop+1"],"picked":"Storm","floor":19},{"not_picked":["Compile Driver","Stack+1"],"picked":"Beam Cell","floor":21},{"not_picked":["Barrage","Stack"],"picked":"Self Repair","floor":23},{"not_picked":["Leap","Cold Snap"],"picked":"Streamline","floor":25},{"not_picked":["Gash","Redo"],"picked":"Blizzard","floor":27}],"player_experience":241042,"relics_obtained":[{"floor":6,"key":"Oddly Smooth Stone"},{"floor":9,"key":"Letter Opener"},{"floor":11,"key":"Sundial"},{"floor":26,"key":"Orichalcum"}],"event_choices":[{"damage_healed":0,"gold_gain":0,"player_choice":"Take Wound","damage_taken":0,"relics_obtained":["Golden Idol"],"max_hp_gain":0,"max_hp_loss":0,"event_name":"Golden Idol","floor":2,"gold_loss":0,"cards_obtained":["Injury"]},{"damage_healed":0,"gold_gain":0,"player_choice":"Got Potions","damage_taken":0,"max_hp_gain":0,"max_hp_loss":0,"event_name":"Lab","floor":3,"gold_loss":0},{"damage_healed":0,"gold_gain":0,"player_choice":"Ignored","damage_taken":0,"max_hp_gain":0,"max_hp_loss":0,"event_name":"NoteForYourself","floor":5,"gold_loss":0},{"damage_healed":0,"gold_gain":0,"player_choice":"CARD ","damage_taken":12,"max_hp_gain":0,"max_hp_loss":0,"event_name":"Knowing Skull","floor":22,"potions_obtained":[],"gold_loss":0,"cards_obtained":["Mind Blast"]}],"is_beta":false,"boss_relics":[{"not_picked":["Snecko Eye","SacredBark"],"picked":"Tiny House"}],"items_purged_floors":[7,20],"is_endless":false,"potions_floor_spawned":[6,11,16,23,27],"killed_by":"Snecko","ascension_level":0}}