{"host":"m77rrhbqzv44va4v","time":1609217315,"event":{"mods":["AchievementEnabler","BaseMod","Colored Map","DeckTracker","Keyboard Shortcuts","Minty Spire (QoL Compilation)","StSLib","SuperFastMode","everything is the same but u backflip on backflip"],"gold_per_floor":[116,132,132,207,35,75,75,115,142,154,187,199,244,290,302,314,314],"floor_reached":16,"playtime":240,"items_purged":["Strike_R"],"score":247,"play_id":"b19ac6fe-5890-47f8-a9a6-5bdb9a98b5d3","local_time":"20201229134835","is_ascension_mode":true,"campfire_choices":[{"data":"Pommel Strike","floor":7.0,"key":"SMITH"},{"data":"Panacea","floor":10.0,"key":"SMITH"},{"data":"Carnage","floor":12.0,"key":"SMITH"},{"floor":15,"key":"REST"}],"circlet_count":0,"master_deck":["AscendersBane","Strike_R","Strike_R","Strike_R","Strike_R+1","Defend_R","Defend_R+1","Defend_R","Defend_R","Bash","Carnage+1","Panacea+1","Pommel Strike+1","Fire Breathing","Shrug It Off","Uppercut","Fiend Fire"],"relics":["Burning Blood","NeowsBlessing","CeramicFish","Gremlin Horn","MawBank","Odd Mushroom","Nunchaku"],"acts_visited":["Exordium"],"potions_floor_usage":[14],"damage_taken":[{"damage":0.0,"enemies":"2 Louse","floor":1.0,"turns":1.0},{"damage":0.0,"enemies":"Small Slimes","floor":2.0,"turns":1.0},{"damage":0.0,"enemies":"Lagavulin","floor":6.0,"turns":1.0},{"damage":16.0,"enemies":"Gremlin Nob","floor":8.0,"turns":3.0},{"damage":6.0,"enemies":"Jaw Worm","floor":11.0,"turns":5.0},{"damage":0.0,"enemies":"The Mushroom Lair","floor":13.0,"turns":4.0},{"damage":10,"enemies":"3 Sentries","floor":14,"turns":5},{"damage":63,"enemies":"The Guardian","floor":16,"turns":6}],"seed_played":"5596680260669401924","potions_obtained":[{"floor":6.0,"key":"Energy Potion"},{"floor":13.0,"key":"GamblersBrew"}],"is_trial":false,"path_per_floor":["M","M","?","?","$","E","R","E","T","R","M","R","?","E","R","B"],"character_chosen":"IRONCLAD","items_purchased":["Panacea"],"campfire_rested":1,"item_purchase_floors":[5],"current_hp_per_floor":[74,75,52,41,41,47,47,37,37,37,37,37,43,39,61,0,0],"gold":314,"neow_bonus":"THREE_ENEMY_KILL","is_daily":false,"chose_seed":false,"campfire_upgraded":3,"win_rate":0.0,"timestamp":1609217315,"path_taken":["M","M","?","?","$","E","R","E","T","R","M","R","?","E","R","BOSS"],"items_purchased_type":["Card"],"build_version":"2020-12-22","purchased_purges":1,"victory":false,"max_hp_per_floor":[75,75,75,75,75,75,75,75,75,75,75,75,75,75,75,75,75],"card_choices":[{"not_picked":["Warcry","Clash"],"picked":"Carnage","floor":1.0},{"not_picked":["Carnage","Warcry","Twin Strike"],"picked":"SKIP","floor":2.0},{"not_picked":["Feel No Pain","Havoc"],"picked":"Pommel Strike","floor":6.0},{"not_picked":["Armaments","Sentinel"],"picked":"Fire Breathing","floor":8.0},{"not_picked":["Twin Strike","Flex"],"picked":"Shrug It Off","floor":11.0},{"not_picked":["Pommel Strike","Havoc"],"picked":"Uppercut","floor":13.0},{"not_picked":["Hemokinesis","Headbutt"],"picked":"Fiend Fire","floor":14}],"player_experience":836570,"relics_obtained":[{"floor":6.0,"key":"CeramicFish"},{"floor":8.0,"key":"Gremlin Horn"},{"floor":9.0,"key":"MawBank"},{"floor":13.0,"key":"Odd Mushroom"},{"floor":14,"key":"Nunchaku"}],"event_choices":[{"damage_healed":0.0,"max_hp_gain":0.0,"max_hp_loss":0.0,"gold_gain":0.0,"event_name":"Shining Light","player_choice":"Entered Light","floor":3.0,"gold_loss":0.0,"damage_taken":23.0,"cards_upgraded":["Defend_R","Strike_R"]},{"damage_healed":0.0,"max_hp_gain":0.0,"max_hp_loss":0.0,"gold_gain":75.0,"event_name":"World of Goop","player_choice":"Gather Gold","floor":4.0,"gold_loss":0.0,"damage_taken":11.0},{"damage_healed":0.0,"max_hp_gain":0.0,"max_hp_loss":0.0,"gold_gain":0.0,"event_name":"Mushrooms","player_choice":"Fought Mushrooms","floor":13.0,"gold_loss":0.0,"damage_taken":0.0}],"is_beta":false,"boss_relics":[],"items_purged_floors":[5],"is_endless":false,"potions_floor_spawned":[6,13],"killed_by":"The Guardian","ascension_level":15}}