{"host":"52zmxm0oht7x0uft","time":1609262445,"event":{"mods":["AchievementEnabler","BaseMod","Minty Spire (QoL Compilation)","Quick Restart"],"gold_per_floor":[110,124,144,144,163,163,188,203,203,223,223,148,158,175,175,175,175],"floor_reached":16,"playtime":586,"items_purged":["Strike_R"],"score":187,"play_id":"c5dbbb76-9d9c-4721-a508-ce38bc8bad08","local_time":"20201229182045","is_ascension_mode":true,"campfire_choices":[{"data":"Cleave","floor":6,"key":"SMITH"},{"floor":15,"key":"REST"}],"circlet_count":0,"master_deck":["Strike_R","Strike_R","Strike_R","Defend_R","Defend_R","Defend_R","Defend_R","Bash","Cleave","Iron Wave","Cleave+1","Rupture","Bludgeon"],"relics":["Burning Blood","Omamori","Bag of Preparation","HornCleat"],"acts_visited":["Exordium"],"potions_floor_usage":[],"damage_taken":[{"damage":2,"enemies":"Small Slimes","floor":1,"turns":4},{"damage":6,"enemies":"Cultist","floor":2,"turns":3},{"damage":3,"enemies":"Jaw Worm","floor":3,"turns":4},{"damage":16,"enemies":"Gremlin Gang","floor":5,"turns":3},{"damage":66,"enemies":"Lagavulin","floor":7,"turns":10},{"damage":6,"enemies":"Lots of Slimes","floor":8,"turns":2},{"damage":1,"enemies":"3 Louse","floor":10,"turns":2},{"damage":3,"enemies":"Blue Slaver","floor":13,"turns":5},{"damage":4,"enemies":"Red Slaver","floor":14,"turns":3},{"damage":40,"enemies":"The Guardian","floor":16,"turns":10}],"seed_played":"-407372112517259562","potions_obtained":[{"floor":1,"key":"Weak Potion"},{"floor":3,"key":"Dexterity Potion"},{"floor":13,"key":"Block Potion"}],"is_trial":false,"path_per_floor":["M","M","M","?","M","R","E","M","T","M","?","$","M","M","R","B"],"character_chosen":"IRONCLAD","items_purchased":[],"campfire_rested":1,"item_purchase_floors":[],"current_hp_per_floor":[80,80,80,80,70,70,10,10,10,15,7,7,10,12,36,0,0],"gold":175,"neow_bonus":"RANDOM_COMMON_RELIC","is_daily":false,"chose_seed":false,"campfire_upgraded":1,"win_rate":0.0,"timestamp":1609262445,"path_taken":["M","M","M","?","?","R","E","M","T","?","?","$","?","?","R","BOSS"],"items_purchased_type":[],"build_version":"2020-12-22","purchased_purges":1,"victory":false,"max_hp_per_floor":[80,80,80,80,80,80,80,80,80,80,80,80,80,80,80,80,80],"card_choices":[{"not_picked":["Inflame","Armaments"],"picked":"Cleave","floor":1},{"not_picked":["Twin Strike","Intimidate"],"picked":"Iron Wave","floor":2},{"not_picked":["Anger","Intimidate"],"picked":"Cleave","floor":3},{"not_picked":["Heavy Blade","Havoc"],"picked":"Rupture","floor":5},{"not_picked":["Flex","Fiend Fire"],"picked":"Bludgeon","floor":7},{"not_picked":["Iron Wave","Headbutt","Pommel Strike"],"picked":"SKIP","floor":8},{"not_picked":["Heavy Blade","Perfected Strike","True Grit"],"picked":"SKIP","floor":10},{"not_picked":["Shrug It Off","Pommel Strike","Armaments"],"picked":"SKIP","floor":13},{"not_picked":["Searing Blow","Anger","Thunderclap"],"picked":"SKIP","floor":14}],"player_experience":327645,"relics_obtained":[{"floor":7,"key":"Bag of Preparation"},{"floor":9,"key":"HornCleat"}],"event_choices":[{"cards_removed":["Strike_R"],"damage_healed":0,"gold_gain":0,"player_choice":"Offered Basic","damage_taken":0,"max_hp_gain":0,"max_hp_loss":0,"event_name":"Bonfire Elementals","floor":4,"gold_loss":0},{"damage_healed":0,"gold_gain":0,"player_choice":"Damaged","damage_taken":8,"max_hp_gain":0,"max_hp_loss":0,"event_name":"Wheel of Change","floor":11,"gold_loss":0}],"is_beta":false,"boss_relics":[],"items_purged_floors":[12],"is_endless":false,"potions_floor_spawned":[1,3,13,14],"killed_by":"The Guardian","ascension_level":4}}