{"host":"5t6h2siq57l98co3","time":1609202512,"event":{"mods":["AchievementEnabler","Act Like it!","Aspiration","BaseMod","Better Altar","Better Match","Better Note","Better Sensory Stone","Better Skull","Better Third Choice","BetterRewards","CCEM","CatGirl Mod","Clawfect","Colored Map","Colored Powertips","Conspire","Curses Come First","Displayed Cursed Tome","Downfall","Gold Saver","Googly Eyes","Highlight Path","Infinite Spire","Jedi Mod","Mimic Mod","Minty Spire (QoL Compilation)","Permanent Neow","Prisma Mod","RatMod","Replay The Spire","Spicy Shops","StSLib","The Alterego","The Jungle","Transform Curses","Virulent Crown","Yuri Mod","everything is the same but u backflip on backflip","vexMod"],"gold_per_floor":[601,601,619,631,20,20,30,358,358,358,375,375,408,428,428,533,533,544,558,574,694,204,204,232,232,232,263,276,289,307,333,333,438,438,454,468,486,486,502,528,528,561,561,588,598,630,733,771,771,989,989,1005,1005,1005,1005,1005,1039,1039,1063,1063,1076,1120,1120,1120,1155,1155,1294,1294,1294,1294],"floor_reached":69,"playtime":4679,"items_purged":["Pride","Shame"],"score":1914,"play_id":"b8d4bfd8-f444-430b-b41a-c7c550dfc770","local_time":"20201228184152","daily_mods":["Vintage","Heirloom","DeadlyEvents","Binary","Cursed Run","Elite Swarm","Lethality"],"is_ascension_mode":true,"campfire_choices":[{"data":"alterego_mod:BrynhildrsRune","floor":6,"key":"SMITH"},{"data":"alterego_mod:TrickOrTreatment","floor":10,"key":"SMITH"},{"data":"alterego_mod:BigMeatyClaws","floor":12,"key":"SMITH"},{"data":"alterego_mod:TrickOrTreatment","floor":15,"key":"SMITH"},{"data":"alterego_mod:BrynhildrRomantia","floor":23,"key":"SMITH"},{"data":"alterego_mod:Rake","floor":25,"key":"SMITH"},{"data":"alterego_mod:Rake","floor":32,"key":"SMITH"},{"data":"alterego_mod:BrynhildrRomantia","floor":41,"key":"SMITH"},{"data":"alterego_mod:TrickOrTreatment","floor":49,"key":"SMITH"},{"data":"infinitespire:UltimateForm","floor":58,"key":"SMITH"},{"data":"yuri:BookBlue","floor":63,"key":"SMITH"},{"floor":66,"key":"DIG"}],"circlet_count":0,"master_deck":["alterego_mod:Strike","alterego_mod:Defend","alterego_mod:Defend","alterego_mod:Impale+1","alterego_mod:BigMeatyClaws+1","alterego_mod:BrynhildrsRune+1","alterego_mod:Rake+1","alterego_mod:TrickOrTreatment+1","alterego_mod:TrickOrTreatment+1","alterego_mod:BrynhildrRomantia+1","alterego_mod:Rake+1","Amnesia","Hallucinations","yuri:Virus","Sucker Punch","Skewer","alterego_mod:BrynhildrRomantia+1","Writhe","alterego_mod:TrickOrTreatment+1","conspire:NecroticWound","CommonCold","ReplayTheSpireMod:Doomed","yuri:RhapsodyCurse","alterego_mod:Cooking","yuri:BookBlue+1","infinitespire:UltimateForm+1","Pain","yuri:NoEscape","hexamod:Haunted","yuri:Torment","alterego_mod:Undulate","Voices"],"relics":["Cursed Key","Darkstone Periapt","Du-Vu Doll","Coffee Dripper","jedi:battlestandard","conspire:GiftBox","vexMod:RetaliationKit","Whetstone","Bag of Preparation","vexMod:Spyglass","Replay:Towering Pillar of Hats","Kunai","Old Coin","Meat on the Bone","vexMod:BarristanHead","Ginger","infinitespire:WardingShard","ChewingGum","Pen Nib","infinitespire:Lucky Rock","Singing Bowl","vexMod:InvisibilityCloak","DollysMirror","Centennial Puzzle","infinitespire:BottledMercury","jedi:shrinkray","Anchor","Gambling Chip","ReplayFunnel","sneckomod:BlankCard","Replay:Fungal Core","Replay:Baseball","yuri:PortableGlitches","vexMod:MemoryStick","CCEMRelics:FryingPan","jedi:archwizardhat","Shovel","Bag of Marbles","CCEMRelics:Francisca","CCEMRelics:SpiritsEdge","Replay:Bandana","hexamod:BolsterEngine","Bronze Scales","Replay:Ancient Bell","CCEMRelics:GrindingGear","CCEMRelics:TechnogenicHelmet","vexMod:PlasmaPancake","Coffee Dripper","jedi:battlestandard","aspiration:ChemicalBlood","Orrery","Painkiller Herb","WarpedTongs","infinitespire:CursedDice","Letter Opener","Snack Pack","Simple Rune","Replay:PocketPolymizer","HornCleat","sneckomod:SneckoTalon"],"acts_visited":["Exordium","theJungle:Jungle","TheBeyond","Exordium","TheCity"],"potions_floor_usage":[13,16,33,44,50],"damage_taken":[{"damage":0,"enemies":"Cultist","floor":1,"turns":2},{"damage":0,"enemies":"2 Louse","floor":3,"turns":2},{"damage":0,"enemies":"conspire:RoseBush","floor":4,"turns":3},{"damage":0,"enemies":"Exordium Wildlife","floor":7,"turns":3},{"damage":0,"enemies":"Gremlin Nob","floor":8,"turns":2},{"damage":1,"enemies":"Blue Slaver","floor":11,"turns":2},{"damage":5,"enemies":"3 Sentries","floor":13,"turns":4},{"damage":3,"enemies":"2 Fungi Beasts","floor":14,"turns":2},{"damage":23,"enemies":"Hexaghost","floor":16,"turns":4},{"damage":0,"enemies":"theJungle:MUSHROOMGANG","floor":18,"turns":3},{"damage":0,"enemies":"theJungle:GiantWrat","floor":19,"turns":3},{"damage":0,"enemies":"theJungle:JungleHuntersEncounter","floor":20,"turns":3},{"damage":1,"enemies":"theJungle:Cassacara","floor":24,"turns":4},{"damage":0,"enemies":"Nightmare","floor":27,"turns":4},{"damage":0,"enemies":"theJungle:2_Snecko_Cultists","floor":28,"turns":2},{"damage":0,"enemies":"theJungle:SlimyTreeVines","floor":29,"turns":2},{"damage":4,"enemies":"theJungle:Snecko_Cultist_And_Trap","floor":30,"turns":4},{"damage":0,"enemies":"theJungle:2_Phrogs","floor":31,"turns":3},{"damage":6,"enemies":"theJungle:FunGuy","floor":33,"turns":4},{"damage":0,"enemies":"Orb Walker","floor":35,"turns":1},{"damage":0,"enemies":"3 Shapes","floor":36,"turns":3},{"damage":0,"enemies":"Jaw Worm Horde","floor":37,"turns":1},{"damage":0,"enemies":"Maw","floor":39,"turns":3},{"damage":4,"enemies":"Giant Head","floor":40,"turns":3},{"damage":0,"enemies":"R_Hoarder","floor":42,"turns":2},{"damage":0,"enemies":"Reptomancer","floor":44,"turns":2},{"damage":0,"enemies":"Sphere and 2 Shapes","floor":45,"turns":1},{"damage":0,"enemies":"Nightmare","floor":46,"turns":2},{"damage":0,"enemies":"Writhing Mass","floor":47,"turns":3},{"damage":0,"enemies":"4 Shapes","floor":48,"turns":1},{"damage":0,"enemies":"Donu and Deca","floor":50,"turns":5},{"damage":0,"enemies":"2 Louse","floor":52,"turns":1},{"damage":0,"enemies":"Replay:BlueRogue","floor":57,"turns":1},{"damage":1,"enemies":"Small Slimes","floor":59,"turns":1},{"damage":0,"enemies":"Cultist","floor":61,"turns":1},{"damage":0,"enemies":"3 Sentries","floor":62,"turns":1},{"damage":0,"enemies":"Gremlin Nob","floor":65,"turns":1},{"damage":0,"enemies":"Hexaghost","floor":67,"turns":1},{"damage":0,"enemies":"Shell Parasite","floor":69,"turns":1}],"seed_played":"6365636897639837106","potions_obtained":[{"floor":3,"key":"Elixir"},{"floor":8,"key":"ColorlessPotion"},{"floor":14,"key":"ColorlessPotion"},{"floor":16,"key":"SmokeBomb"},{"floor":20,"key":"LifebloodPotion"},{"floor":35,"key":"Ancient Potion"},{"floor":45,"key":"jedi:StrikingPotion"},{"floor":50,"key":"Fire Potion"},{"floor":67,"key":"Guardian:BlockOnCardUsePotion"}],"is_trial":true,"path_per_floor":["M","?","M","M","$","R","M","E","T","R","M","R","E","M","R","B",null,"M","M","M","?","$","R","E","R","T","NM","M","M","M","E","R","B",null,"M","M","M","?","M","E","R","E","T","E","M","NM","M","M","R","B",null,"M","AVR","?","?","?","E","T","?","T","?","E","T","?","E","T","B",null,"?"],"character_chosen":"The_Alterego","items_purchased":["Bag of Preparation","vexMod:Spyglass","Replay:Towering Pillar of Hats","vexMod:InvisibilityCloak","DollysMirror"],"campfire_rested":0,"item_purchase_floors":[5,5,5,22,22],"current_hp_per_floor":[70,70,70,70,70,70,70,70,76,76,75,75,71,75,75,58,82,81,81,84,72,78,78,79,79,85,93,104,108,112,118,118,128,128,128,132,136,136,136,132,132,142,148,150,154,154,154,158,158,170,194,198,204,210,210,210,214,214,218,224,228,228,228,228,234,234,242,242,242,242],"gold":1294,"neow_bonus":"","is_daily":false,"chose_seed":false,"campfire_upgraded":11,"win_rate":0.0,"timestamp":1609202512,"path_taken":["M","?","M","M","$","R","M","E","T","R","M","R","E","?","R","BOSS","M","?","?","?","$","R","E","R","T","NM","M","M","M","E","R","BOSS","M","?","?","?","M","E","R","E","T","E","M","NM","M","M","R","BOSS","M","AVR","?","?","?","E","T","?","T","?","E","T","?","E","T","BOSS","?"],"items_purchased_type":["Relic","Relic","Relic","Relic","Relic"],"build_version":"2020-12-22","purchased_purges":2,"victory":false,"max_hp_per_floor":[70,70,70,70,70,70,70,70,76,76,76,76,76,76,76,82,82,81,81,84,84,90,90,92,92,98,100,104,108,112,118,118,128,128,128,132,136,136,136,136,136,142,148,150,154,154,154,158,158,170,194,198,204,210,210,210,214,214,218,224,228,228,228,228,234,234,242,242,242,242],"card_choices":[{"not_picked":["alterego_mod:Venus"],"picked":"alterego_mod:Rake","floor":0},{"not_picked":["alterego_mod:Valkyrie"],"picked":"alterego_mod:TrickOrTreatment","floor":8},{"not_picked":["yuri:DisableStrike"],"picked":"alterego_mod:TrickOrTreatment","floor":13},{"not_picked":["yuri:RelentlessStrikes"],"picked":"alterego_mod:BrynhildrRomantia","floor":16},{"not_picked":["yuri:ConsumeGlitch","alterego_mod:AlterEgo"],"picked":"Singing Bowl","floor":24},{"not_picked":["alterego_mod:VirginLaserPalladion","yuri:ExploitStrike"],"picked":"Singing Bowl","floor":27},{"not_picked":["alterego_mod:VirginLaserPalladion","yuri:RelentlessStrikes"],"picked":"Singing Bowl","floor":31},{"not_picked":["yuri:ExploitStrike"],"picked":"yuri:Virus","floor":33},{"not_picked":["alterego_mod:IdEs"],"picked":"alterego_mod:BrynhildrRomantia","floor":40},{"not_picked":["yuri:RelentlessStrikes","yuri:Suicide"],"picked":"Singing Bowl","floor":42},{"not_picked":["yuri:Suicide","yuri:DistillInsanity"],"picked":"Singing Bowl","floor":44},{"not_picked":["alterego_mod:Antipathy"],"picked":"alterego_mod:TrickOrTreatment","floor":46},{"not_picked":["alterego_mod:Valkyrie","yuri:DuplicateCode"],"picked":"Singing Bowl","floor":50},{"not_picked":["jedi:frostbite"],"picked":"CommonCold","floor":51},{"not_picked":["Pain"],"picked":"ReplayTheSpireMod:Doomed","floor":51},{"not_picked":["Shame"],"picked":"yuri:RhapsodyCurse","floor":51},{"not_picked":["yuri:TPose","yuri:WickedSlash"],"picked":"Singing Bowl","floor":53},{"not_picked":["alterego_mod:Complex","alterego_mod:Lingerie"],"picked":"Singing Bowl","floor":53},{"not_picked":["yuri:Stalk","alterego_mod:RingBreak"],"picked":"Singing Bowl","floor":53},{"not_picked":["alterego_mod:Punishment"],"picked":"alterego_mod:Cooking","floor":53},{"not_picked":["yuri:StealPen"],"picked":"yuri:BookBlue","floor":53},{"not_picked":["alterego_mod:Alter"],"picked":"yuri:NoEscape","floor":57},{"not_picked":["yuri:MagneticKnives"],"picked":"yuri:Torment","floor":62},{"not_picked":["alterego_mod:STier","alterego_mod:Alter"],"picked":"Singing Bowl","floor":65},{"not_picked":["yuri:GlitchRemove","alterego_mod:Alter"],"picked":"Singing Bowl","floor":67}],"player_experience":924510,"relics_obtained":[{"floor":3,"key":"vexMod:RetaliationKit"},{"floor":4,"key":"Whetstone"},{"floor":7,"key":"Kunai"},{"floor":8,"key":"Old Coin"},{"floor":9,"key":"Meat on the Bone"},{"floor":11,"key":"vexMod:BarristanHead"},{"floor":13,"key":"Ginger"},{"floor":14,"key":"infinitespire:WardingShard"},{"floor":18,"key":"Pen Nib"},{"floor":19,"key":"infinitespire:Lucky Rock"},{"floor":20,"key":"Singing Bowl"},{"floor":24,"key":"Centennial Puzzle"},{"floor":26,"key":"infinitespire:BottledMercury"},{"floor":27,"key":"jedi:shrinkray"},{"floor":28,"key":"Anchor"},{"floor":29,"key":"Gambling Chip"},{"floor":30,"key":"ReplayFunnel"},{"floor":31,"key":"sneckomod:BlankCard"},{"floor":35,"key":"Replay:Baseball"},{"floor":36,"key":"yuri:PortableGlitches"},{"floor":37,"key":"vexMod:MemoryStick"},{"floor":39,"key":"CCEMRelics:FryingPan"},{"floor":40,"key":"jedi:archwizardhat"},{"floor":42,"key":"Shovel"},{"floor":43,"key":"Bag of Marbles"},{"floor":44,"key":"CCEMRelics:Francisca"},{"floor":45,"key":"CCEMRelics:SpiritsEdge"},{"floor":46,"key":"Replay:Bandana"},{"floor":47,"key":"hexamod:BolsterEngine"},{"floor":48,"key":"Bronze Scales"},{"floor":52,"key":"aspiration:ChemicalBlood"},{"floor":57,"key":"infinitespire:CursedDice"},{"floor":59,"key":"Letter Opener"},{"floor":60,"key":"Snack Pack"},{"floor":61,"key":"Simple Rune"},{"floor":65,"key":"HornCleat"}],"event_choices":[{"cards_removed":["alterego_mod:Strike"],"damage_healed":0,"gold_gain":0,"player_choice":"Offered Basic","damage_taken":0,"max_hp_gain":0,"max_hp_loss":0,"event_name":"Bonfire Elementals","floor":2,"gold_loss":0},{"damage_healed":0,"gold_gain":0,"player_choice":"Rummage","damage_taken":0,"relics_obtained":["WarpedTongs"],"max_hp_gain":0,"max_hp_loss":0,"event_name":"Accursed Blacksmith","floor":54,"gold_loss":0,"cards_obtained":["Pain"]},{"damage_healed":0,"gold_gain":0,"player_choice":"Gave Potion","damage_taken":0,"relics_obtained":["Replay:PocketPolymizer"],"max_hp_gain":0,"max_hp_loss":0,"event_name":"WeMeetAgain","floor":64,"gold_loss":0}],"is_beta":false,"boss_relics":[{"not_picked":["aspiration:RitualDagger","Snecko Heart"],"picked":"ChewingGum"},{"not_picked":["jedi:paperlyon","aspiration:PoetsPen_weak"],"picked":"Replay:Fungal Core"},{"not_picked":["Runic Pyramid","conspire:SpecialSausage"],"picked":"Replay:Ancient Bell"},{"not_picked":["Replay:Mystery Machine","vexMod:FocusSash"],"picked":"CCEMRelics:GrindingGear"},{"not_picked":["Replay:Accelerometer","jedi:HeartOfTheCards"],"picked":"CCEMRelics:TechnogenicHelmet"},{"not_picked":["Peace Pipe","CCEMRelics:D6"],"picked":"vexMod:PlasmaPancake"},{"not_picked":["aspiration:RitualDagger","Honey Jar"],"picked":"sneckomod:SneckoTalon"}],"items_purged_floors":[22,22],"is_endless":true,"potions_floor_spawned":[3,8,14,16,20,24,31,35,40,42,45,48,50,52,62,67],"killed_by":"Shell Parasite","ascension_level":3}}