{"host":"zzf13dk0jcen0ncv","time":1609223526,"event":{"mods":["AchievementEnabler","BaseMod","BetterRewards","Colored Map","Keyboard Shortcuts","Minty Spire (QoL Compilation)","Quick Restart","Shop Mod","StSLib","SuperFastMode","The Dragon Tamer","Waifu the Spire"],"gold_per_floor":[113,113,131,131,147,175,175,205,205,231,246,276,302,312,312,312,312,312],"floor_reached":16,"playtime":535,"items_purged":[],"score":163,"play_id":"1eb4aa05-ed30-4ecf-838a-3d0056059ce5","local_time":"20201229153206","is_ascension_mode":true,"metric_token":799,"campfire_choices":[{"floor":7,"key":"REST"},{"data":"DTMod:ResonanceForm","floor":15,"key":"SMITH"}],"dtmod_dragon_data":[12,50,-1,-1,0,0],"circlet_count":0,"master_deck":["DTMod:Strike","DTMod:Strike","DTMod:Strike","DTMod:Strike","DTMod:DoubleHit","DTMod:TargetDefense","DTMod:TargetDefense","DTMod:TargetDefense","DTMod:TargetDefense","DTMod:SwitchingTactic","DTMod:StarRain","DTMod:SneakAttack","DTMod:RecklessFlurry","DTMod:RepeatStrike","DTMod:ResonanceForm+1","DTMod:TriAttack","DTMod:PurifyingFlame","DTMod:Weaken","DTMod:Coolant","DTMod:Conduct"],"relics":["DTMod:PactStone","Juzu Bracelet","Ornamental Fan","StrikeDummy","Vajra","Lantern","Odd Mushroom","Bottled Flame"],"acts_visited":["Exordium"],"potions_floor_usage":[6,10],"damage_taken":[{"damage":1,"enemies":"2 Louse","floor":1,"turns":2},{"damage":0,"enemies":"Cultist","floor":3,"turns":3},{"damage":0,"enemies":"Small Slimes","floor":5,"turns":4},{"damage":20,"enemies":"Lagavulin","floor":6,"turns":7},{"damage":11,"enemies":"Gremlin Nob","floor":8,"turns":3},{"damage":8,"enemies":"Lagavulin","floor":10,"turns":4},{"damage":0,"enemies":"Blue Slaver","floor":11,"turns":2},{"damage":0,"enemies":"The Mushroom Lair","floor":12,"turns":4},{"damage":0,"enemies":"Gremlin Nob","floor":13,"turns":4},{"damage":0,"enemies":"Exordium Wildlife","floor":14,"turns":2},{"damage":28,"enemies":"The Guardian","floor":16,"turns":8}],"seed_played":"2258408000176898607","potions_obtained":[{"floor":1,"key":"AttackPotion"},{"floor":6,"key":"GamblersBrew"},{"floor":8,"key":"ColorlessPotion"},{"floor":10,"key":"SpeedPotion"}],"is_trial":false,"path_per_floor":["M","?","M","?","M","E","R","E","T","E","M","?","E","M","R","B"],"character_chosen":"THE_DT","items_purchased":[],"campfire_rested":1,"item_purchase_floors":[],"current_hp_per_floor":[48,41,41,49,49,29,43,32,32,24,24,24,24,24,24,0,0,0],"gold":312,"neow_bonus":"TEN_PERCENT_HP_BONUS","is_daily":false,"chose_seed":false,"campfire_upgraded":1,"win_rate":0.0,"timestamp":1609223526,"path_taken":["M","?","M","?","M","E","R","E","T","E","M","?","E","M","R","BOSS"],"items_purchased_type":[],"build_version":"2020-12-22","purchased_purges":0,"victory":false,"max_hp_per_floor":[49,49,49,49,49,49,49,49,49,49,49,49,49,49,49,49,49,49],"card_choices":[{"not_picked":["DTMod:BuildUp","DTMod:BlazingStrike"],"picked":"DTMod:StarRain","floor":1},{"not_picked":["DTMod:BreakAttack","DTMod:FlameSlash"],"picked":"DTMod:SneakAttack","floor":3},{"not_picked":["DTMod:BizarreTactic","DTMod:LastStand"],"picked":"DTMod:RecklessFlurry","floor":5},{"not_picked":["DTMod:TagTeam","DTMod:ComboAttack"],"picked":"DTMod:RepeatStrike","floor":6},{"not_picked":["DTMod:Threaten","DTMod:BreakAttack"],"picked":"DTMod:ResonanceForm","floor":8},{"not_picked":["DTMod:ComboAttack","DTMod:BuildUp"],"picked":"DTMod:TriAttack","floor":10},{"not_picked":["DTMod:Weaken","DTMod:BreakAttack"],"picked":"DTMod:PurifyingFlame","floor":11},{"not_picked":["DTMod:CleansingStrike","DTMod:FlameSlash"],"picked":"DTMod:Weaken","floor":12},{"not_picked":["DTMod:PurifyingFlame","DTMod:Punisher"],"picked":"DTMod:Coolant","floor":13},{"not_picked":["DTMod:InvisibleFlame","DTMod:FlameSlash"],"picked":"DTMod:Conduct","floor":14}],"player_experience":923183,"relics_obtained":[{"floor":6,"key":"Ornamental Fan"},{"floor":8,"key":"StrikeDummy"},{"floor":9,"key":"Vajra"},{"floor":10,"key":"Lantern"},{"floor":12,"key":"Odd Mushroom"},{"floor":13,"key":"Bottled Flame"}],"event_choices":[{"damage_healed":0,"gold_gain":0,"player_choice":"Success","damage_taken":7,"relics_obtained":["Juzu Bracelet"],"max_hp_gain":0,"max_hp_loss":0,"event_name":"Scrap Ooze","floor":2,"gold_loss":0},{"damage_healed":8,"gold_gain":0,"player_choice":"Full Heal","damage_taken":0,"max_hp_gain":0,"max_hp_loss":0,"event_name":"Wheel of Change","floor":4,"gold_loss":0},{"damage_healed":0,"gold_gain":0,"player_choice":"Fought Mushrooms","damage_taken":0,"max_hp_gain":0,"max_hp_loss":0,"event_name":"Mushrooms","floor":12,"gold_loss":0}],"is_beta":false,"boss_relics":[],"items_purged_floors":[],"is_endless":false,"potions_floor_spawned":[1,6,8,10],"killed_by":"The Guardian","ascension_level":1}}