{"host":"4cz9gr89nglr7k8k","time":1609249737,"event":{"mods":["BaseMod","Minty Spire (QoL Compilation)","Relic Stats","Slay-I"],"gold_per_floor":[109,109,133,153,3,3,29,49,49,49,61,61,36,36,36,113,113,126,126,47,47,60,60,8,8,87,103,103,103,103,26,26,97,147,162,162,6,6,20,20,39,39,39,39,89,89,36,54,54,54,54],"floor_reached":50,"playtime":1387,"items_purged":["Writhe"],"score":964,"play_id":"8e2d7e04-26ea-4c0f-893f-02fb0b581cfb","local_time":"20201229144857","is_ascension_mode":true,"campfire_choices":[{"data":"Metallicize","floor":6,"key":"SMITH"},{"data":"Inflame","floor":12,"key":"SMITH"},{"data":"Heavy Blade","floor":15,"key":"SMITH"},{"floor":23,"key":"REST"},{"data":"1","floor":25,"key":"LIFT"},{"floor":30,"key":"REST"},{"floor":32,"key":"REST"},{"floor":40,"key":"REST"},{"floor":42,"key":"REST"},{"data":"2","floor":46,"key":"LIFT"},{"floor":49,"key":"REST"}],"circlet_count":0,"master_deck":["AscendersBane","Strike_R","Strike_R","Strike_R","Strike_R","Strike_R","Defend_R","Defend_R","Defend_R","Defend_R","Bash","Heavy Blade+1","Rampage","Metallicize+1","Flex+1","Wild Strike","Rage+1","Perfected Strike","Inflame+1","Cleave","Reaper+1","Shrug It Off+1","Inflame","Pommel Strike","Flex","Clash+1","Inflame","Impervious","Shrug It Off","Disarm","Anger+1","Whirlwind","Reaper","Bloodletting","Intimidate+1","Rampage","Spot Weakness","Iron Wave+1","The Bomb","Clothesline","Thunderclap+1","Whirlwind"],"relics":["Black Blood","NeowsBlessing","Nunchaku","Lizard Tail","Mercury Hourglass","Happy Flower","War Paint","Girya","InkBottle","Prayer Wheel","Tiny House","Bottled Lightning"],"acts_visited":["Exordium","TheCity","TheBeyond"],"potions_floor_usage":[22,33,33,41,41,50],"damage_taken":[{"damage":0,"enemies":"Jaw Worm","floor":1,"turns":1},{"damage":0,"enemies":"2 Louse","floor":4,"turns":1},{"damage":0,"enemies":"Lagavulin","floor":7,"turns":1},{"damage":2,"enemies":"Cultist","floor":8,"turns":4},{"damage":3,"enemies":"Blue Slaver","floor":11,"turns":3},{"damage":26,"enemies":"Slime Boss","floor":16,"turns":9},{"damage":46,"enemies":"Shell Parasite","floor":18,"turns":5},{"damage":13,"enemies":"2 Thieves","floor":22,"turns":4},{"damage":32,"enemies":"Chosen and Byrds","floor":27,"turns":6},{"damage":110,"enemies":"Automaton","floor":33,"turns":11},{"damage":52,"enemies":"3 Darklings","floor":35,"turns":7},{"damage":37,"enemies":"3 Shapes","floor":39,"turns":20},{"damage":20,"enemies":"3 Darklings","floor":41,"turns":3},{"damage":78,"enemies":"Sphere and 2 Shapes","floor":48,"turns":11},{"damage":71,"enemies":"Time Eater","floor":50,"turns":4}],"seed_played":"8260219096410943191","potions_obtained":[{"floor":4,"key":"Energy Potion"},{"floor":7,"key":"Regen Potion"},{"floor":16,"key":"Fire Potion"},{"floor":27,"key":"HeartOfIron"},{"floor":34,"key":"Ancient Potion"},{"floor":39,"key":"Explosive Potion"},{"floor":48,"key":"SteroidPotion"}],"is_trial":false,"path_per_floor":["M","?","T","M","$","R","E","M","T","?","M","R","$","?","R","B",null,"M","?","$","?","M","R","$","R","T","M","T","?","R","$","R","B",null,"M","?","$","?","M","R","M","R","T","?","?","R","$","M","R","B"],"character_chosen":"IRONCLAD","items_purchased":["Metallicize","Flex","Wild Strike","Cleave","Inflame","Flex","Inflame","Whirlwind","Clothesline"],"campfire_rested":6,"item_purchase_floors":[5,5,5,13,20,24,31,37,47],"current_hp_per_floor":[74,74,74,75,75,75,75,75,75,75,75,75,75,70,70,50,69,35,35,35,29,28,50,50,50,50,30,30,30,52,52,74,33,70,40,40,40,40,15,39,46,70,70,70,70,70,70,17,41,0,0],"gold":54,"neow_bonus":"THREE_ENEMY_KILL","is_daily":false,"chose_seed":false,"campfire_upgraded":3,"win_rate":0.0,"timestamp":1609249737,"path_taken":["M","?","?","M","$","R","E","M","T","?","?","R","$","?","R","BOSS","M","?","$","?","M","R","$","R","T","?","?","?","R","?","R","BOSS","M","?","$","?","M","R","?","R","T","?","?","R","$","?","R","BOSS"],"items_purchased_type":["Card","Card","Card","Card","Card","Card","Card","Card","Card"],"build_version":"2020-12-22","purchased_purges":1,"victory":false,"max_hp_per_floor":[75,75,75,75,75,75,75,75,75,75,75,75,75,75,75,75,75,75,75,75,75,75,75,75,75,75,75,75,75,75,75,75,75,80,80,80,80,80,80,80,80,80,80,80,80,80,80,80,80,80,80],"relic_stats":{"Nunchaku":[11],"Lizard Tail":37,"Happy Flower":[27],"counters":[15,89],"Black Blood":114,"Prayer Wheel":4,"War Paint":["Flex","Rage"],"obtain_stats":[{"Girya":19,"Tiny House":34,"NeowsBlessing":0,"Happy Flower":10,"Black Blood":17,"War Paint":14,"Burning Blood":0,"Mercury Hourglass":9,"Nunchaku":3,"Lizard Tail":7,"Prayer Wheel":28,"Bottled Lightning":43,"InkBottle":26},{"Girya":7,"Tiny House":10,"NeowsBlessing":0,"Happy Flower":4,"Black Blood":6,"War Paint":5,"Burning Blood":0,"Mercury Hourglass":4,"Nunchaku":1,"Lizard Tail":3,"Prayer Wheel":9,"Bottled Lightning":13,"InkBottle":8},{"Girya":24,"Tiny House":45,"NeowsBlessing":0,"Happy Flower":7,"Black Blood":19,"War Paint":10,"Burning Blood":0,"Mercury Hourglass":7,"Nunchaku":1,"Lizard Tail":3,"Prayer Wheel":34,"Bottled Lightning":74,"InkBottle":28}],"InkBottle":[15],"Mercury Hourglass":[328]},"card_choices":[{"not_picked":["Entrench","Evolve"],"picked":"Heavy Blade","floor":1},{"not_picked":["Pommel Strike","Searing Blow"],"picked":"Rampage","floor":4},{"not_picked":["Wild Strike","Heavy Blade"],"picked":"Rage","floor":7},{"not_picked":["Second Wind","Armaments"],"picked":"Perfected Strike","floor":8},{"not_picked":["Flex","True Grit"],"picked":"Inflame","floor":11},{"not_picked":["Double Tap","Juggernaut"],"picked":"Reaper","floor":16},{"not_picked":["Warcry","Sword Boomerang"],"picked":"Shrug It Off+1","floor":18},{"not_picked":["Wild Strike","Heavy Blade"],"picked":"Pommel Strike","floor":22},{"not_picked":["Perfected Strike","Sword Boomerang+1"],"picked":"Clash+1","floor":27},{"not_picked":["Exhume","Offering"],"picked":"Impervious","floor":33},{"not_picked":["Clothesline","Havoc"],"picked":"Shrug It Off","floor":34},{"not_picked":["Flex","Pommel Strike+1"],"picked":"Disarm","floor":35},{"not_picked":["Warcry+1","Havoc"],"picked":"Anger+1","floor":35},{"not_picked":["Searing Blow","Corruption"],"picked":"Intimidate+1","floor":39},{"not_picked":["Headbutt","Hemokinesis"],"picked":"Rampage","floor":39},{"not_picked":["Dropkick+1","Pommel Strike"],"picked":"Spot Weakness","floor":41},{"not_picked":["Armaments","Flex+1"],"picked":"Iron Wave+1","floor":41},{"not_picked":["Master of Strategy","Finesse"],"picked":"The Bomb","floor":44},{"not_picked":["Burning Pact","Pommel Strike"],"picked":"Thunderclap+1","floor":48},{"not_picked":["Wild Strike","Iron Wave"],"picked":"Whirlwind","floor":48}],"player_experience":1467969,"relics_obtained":[{"floor":3,"key":"Nunchaku"},{"floor":7,"key":"Lizard Tail"},{"floor":9,"key":"Mercury Hourglass"},{"floor":26,"key":"InkBottle"},{"floor":28,"key":"Prayer Wheel"},{"floor":43,"key":"Bottled Lightning"}],"event_choices":[{"damage_healed":0,"gold_gain":0,"player_choice":"Leave","damage_taken":0,"max_hp_gain":0,"max_hp_loss":0,"event_name":"The Cleric","floor":2,"gold_loss":0},{"damage_healed":0,"gold_gain":0,"player_choice":"Gave Potion","damage_taken":0,"relics_obtained":["Happy Flower"],"max_hp_gain":0,"max_hp_loss":0,"event_name":"WeMeetAgain","floor":10,"gold_loss":0},{"damage_healed":0,"gold_gain":0,"player_choice":"Success","damage_taken":5,"relics_obtained":["War Paint"],"max_hp_gain":0,"max_hp_loss":0,"event_name":"Scrap Ooze","floor":14,"gold_loss":0},{"damage_healed":0,"gold_gain":0,"player_choice":"Opened","damage_taken":0,"relics_obtained":["Girya"],"max_hp_gain":0,"max_hp_loss":0,"event_name":"The Mausoleum","floor":19,"gold_loss":0,"cards_obtained":["Writhe"]},{"damage_healed":0,"gold_gain":0,"player_choice":"","damage_taken":6,"max_hp_gain":0,"max_hp_loss":0,"event_name":"Knowing Skull","floor":21,"potions_obtained":[],"gold_loss":0,"cards_obtained":[]},{"damage_healed":0,"gold_gain":0,"player_choice":"Ignored","damage_taken":0,"max_hp_gain":0,"max_hp_loss":0,"event_name":"Ghosts","floor":29,"gold_loss":0},{"damage_healed":0,"gold_gain":0,"player_choice":"Ignored","damage_taken":0,"max_hp_gain":0,"max_hp_loss":0,"event_name":"Tomb of Lord Red Mask","floor":36,"gold_loss":0},{"damage_healed":0,"gold_gain":0,"player_choice":"2 cards matched","damage_taken":0,"max_hp_gain":0,"max_hp_loss":0,"event_name":"Match and Keep!","floor":38,"gold_loss":0,"cards_obtained":["Reaper","Bloodletting"]},{"damage_healed":0,"gold_gain":0,"player_choice":"Memory 1","damage_taken":0,"max_hp_gain":0,"max_hp_loss":0,"event_name":"SensoryStone","floor":44,"gold_loss":0},{"damage_healed":0,"gold_gain":50,"player_choice":"Pray","damage_taken":0,"max_hp_gain":0,"max_hp_loss":0,"event_name":"Golden Shrine","floor":45,"gold_loss":0}],"is_beta":false,"boss_relics":[{"not_picked":["Black Star","Ectoplasm"],"picked":"Black Blood"},{"not_picked":["Velvet Choker","Calling Bell"],"picked":"Tiny House"}],"items_purged_floors":[37],"is_endless":false,"potions_floor_spawned":[4,7,16,27,39,48],"killed_by":"Time Eater","ascension_level":20}}