{"host":"jyuuog6ydc2s7nd8","time":1609247889,"event":{"mods":["BaseMod","Better Vampires","Minty Spire (QoL Compilation)","Shop Mod","StSLib","The Hierophant","The Servant 0.9.4","TheBandit","[IsaacMod]ÒÔÈö¼âËþ"],"gold_per_floor":[118,133,58,58,76,76,76,100,100,100,132,151,208,239,239,316,316,328,288,288],"floor_reached":19,"playtime":465,"items_purged":["Strike_R","Perfected Strike"],"score":450,"play_id":"8c041981-ca7b-49a3-b84e-57a0cfd11384","local_time":"20201229211809","is_ascension_mode":true,"campfire_choices":[{"data":"BloodyBrimstone","floor":6.0,"key":"SMITH"},{"data":"Bash","floor":10.0,"key":"SMITH"},{"data":"Limit Break","floor":15.0,"key":"SMITH"}],"circlet_count":0,"master_deck":["AscendersBane","Strike_R","Defend_R","Defend_R","Defend_R+1","Defend_R+1","Bash+1","BloodyBrimstone+1","Limit Break+1","Shrug It Off","Spot Weakness","Reaper","Clothesline+1","Spot Weakness+1","Rampage+1","Sever Soul+1"],"relics":["Burning Blood","HushsDoor","NeowsBlessing","TheBible","Lizard Tail","Tiny Chest","DeathBook","SharpPlug","Regal Pillow","Question Card","Astrolabe","GuppysPaw"],"acts_visited":["Exordium","TheCity"],"potions_floor_usage":[19],"damage_taken":[{"damage":0.0,"enemies":"Jaw Worm","floor":1.0,"turns":1.0},{"damage":0.0,"enemies":"2 Louse","floor":2.0,"turns":1.0},{"damage":0.0,"enemies":"Cultist","floor":5.0,"turns":1.0},{"damage":5.0,"enemies":"3 Sentries","floor":11.0,"turns":2.0},{"damage":13.0,"enemies":"Blue Slaver","floor":12.0,"turns":7.0},{"damage":0.0,"enemies":"3 Sentries","floor":13.0,"turns":1.0},{"damage":38.0,"enemies":"Lagavulin","floor":14.0,"turns":7.0},{"damage":0.0,"enemies":"The Guardian","floor":16.0,"turns":11.0},{"damage":33,"enemies":"Spheric Guardian","floor":18,"turns":5},{"damage":14,"enemies":"2 Thieves","floor":19,"turns":2}],"seed_played":"7446763596676169317","potions_obtained":[{"floor":2.0,"key":"Energy Potion"},{"floor":11.0,"key":"Energy Potion"},{"floor":16.0,"key":"GamblersBrew"}],"is_trial":false,"path_per_floor":["M","M","$","?","M","R","?","T","T","R","E","M","?","E","R","B",null,"M","M"],"character_chosen":"IRONCLAD","items_purchased":["GuppysPaw"],"campfire_rested":0,"item_purchase_floors":[17],"current_hp_per_floor":[74,75,75,52,58,58,47,47,47,47,48,41,47,15,15,21,44,17,11,11],"gold":288,"neow_bonus":"THREE_ENEMY_KILL","is_daily":false,"chose_seed":false,"campfire_upgraded":3,"win_rate":0.0,"timestamp":1609247889,"path_taken":["M","M","$","?","?","R","?","?","T","R","E","?","?","E","R","BOSS","M","M"],"items_purchased_type":["Relic"],"build_version":"2020-12-22","purchased_purges":2,"victory":false,"max_hp_per_floor":[75,75,75,75,75,75,75,75,75,75,72,72,72,69,69,66,51,51,51,51],"card_choices":[{"not_picked":[],"picked":"BloodyBrimstone","floor":0.0},{"not_picked":["Iron Wave","Clash","Intimidate"],"picked":"SKIP","floor":1.0},{"not_picked":["Havoc","Perfected Strike","Iron Wave"],"picked":"SKIP","floor":2.0},{"not_picked":["Blood for Blood","Carnage"],"picked":"Limit Break","floor":5.0},{"not_picked":["Seeing Red","Headbutt"],"picked":"Shrug It Off","floor":11.0},{"not_picked":["Flame Barrier","Seeing Red"],"picked":"Perfected Strike","floor":12.0},{"not_picked":["Body Slam","Feel No Pain"],"picked":"Spot Weakness","floor":13.0},{"not_picked":["Corruption","Clothesline","Flex"],"picked":"SKIP","floor":14.0},{"not_picked":["Exhume","Double Tap","Impervious"],"picked":"Reaper","floor":16.0},{"not_picked":["Bloodletting","Headbutt","Second Wind"],"picked":"Sever Soul+1","floor":18}],"player_experience":1775848,"relics_obtained":[{"floor":8.0,"key":"Tiny Chest"},{"floor":9.0,"key":"DeathBook"},{"floor":11.0,"key":"SharpPlug"},{"floor":13.0,"key":"Regal Pillow"},{"floor":14.0,"key":"Question Card"}],"event_choices":[{"damage_healed":0.0,"max_hp_gain":0.0,"max_hp_loss":0.0,"gold_gain":0.0,"event_name":"Shining Light","player_choice":"Entered Light","floor":4.0,"gold_loss":0.0,"damage_taken":23.0,"cards_upgraded":["Defend_R","Defend_R"]},{"damage_healed":0.0,"max_hp_gain":0.0,"max_hp_loss":0.0,"gold_gain":0.0,"event_name":"Scrap Ooze","player_choice":"Success","floor":7.0,"gold_loss":0.0,"damage_taken":11.0,"relics_obtained":["Lizard Tail"]},{"damage_healed":0.0,"max_hp_gain":0.0,"max_hp_loss":0.0,"gold_gain":0.0,"event_name":"Dead Adventurer","player_choice":"Searched \u00271\u0027 times","floor":13.0,"gold_loss":0.0,"damage_taken":0.0}],"is_beta":false,"boss_relics":[{"not_picked":["Velvet Choker","Snecko Eye"],"picked":"Astrolabe"},{"not_picked":[]}],"items_purged_floors":[3,17],"is_endless":false,"potions_floor_spawned":[2,11,12,13,16],"killed_by":"2 Thieves","ascension_level":20}}