{"host":"9ndbo4kgsfoemf7y","time":1609247980,"event":{"mods":["AchievementEnabler","BaseMod","Colored Map","DeckTracker","Keyboard Shortcuts","Minty Spire (QoL Compilation)","Permanent Neow","Quick Restart","Relic Stats","StSLib","SuperFastMode"],"gold_per_floor":[210,225,47,64,82,82,95,95,118,118,132,158,12,38,38,141,141,160,160,160,179,179,179],"floor_reached":22,"playtime":718,"items_purged":["Defend_B"],"score":235,"play_id":"836730d8-853f-4c0f-96e1-13b4a8d6282c","local_time":"20201229221940","is_ascension_mode":true,"campfire_choices":[{"data":"Zap","floor":6.0,"key":"SMITH"},{"data":"Conserve Battery","floor":8.0,"key":"SMITH"},{"data":"Defragment","floor":15.0,"key":"SMITH"}],"circlet_count":0,"master_deck":["Defend_B","Defend_B","Defend_B","Zap+1","Dualcast","Lockon","Barrage","Defragment+1","Conserve Battery+1","Stack","Defragment","BootSequence","Hello World","Recycle","Electrodynamics","Turbo","Buffer","Capacitor+1","Compile Driver+1","Barrage+1","Chill","Self Repair"],"relics":["Cracked Core","Toy Ornithopter","Blood Vial","Anchor","Astrolabe","Nilry\u0027s Codex"],"acts_visited":["Exordium","TheCity"],"potions_floor_usage":[16,16],"damage_taken":[{"damage":2.0,"enemies":"Jaw Worm","floor":1.0,"turns":3.0},{"damage":0.0,"enemies":"Small Slimes","floor":2.0,"turns":2.0},{"damage":6.0,"enemies":"2 Louse","floor":4.0,"turns":3.0},{"damage":0.0,"enemies":"Looter","floor":5.0,"turns":3.0},{"damage":4.0,"enemies":"Red Slaver","floor":7.0,"turns":3.0},{"damage":5.0,"enemies":"Gremlin Gang","floor":11.0,"turns":5.0},{"damage":10.0,"enemies":"Lagavulin","floor":12.0,"turns":5.0},{"damage":22.0,"enemies":"3 Sentries","floor":14.0,"turns":4.0},{"damage":31,"enemies":"The Guardian","floor":16,"turns":9},{"damage":21,"enemies":"Shell Parasite","floor":18,"turns":5},{"damage":20,"enemies":"3 Byrds","floor":21,"turns":3},{"damage":22,"enemies":"3 Cultists","floor":22,"turns":5}],"seed_played":"-8548334938287819539","potions_obtained":[{"floor":2.0,"key":"PowerPotion"},{"floor":4.0,"key":"Ancient Potion"},{"floor":5.0,"key":"LiquidMemories"},{"floor":12.0,"key":"Weak Potion"}],"is_trial":false,"path_per_floor":["M","M","$","M","M","R","M","R","T","?","M","E","$","E","R","B",null,"M","?","?","M","M"],"character_chosen":"DEFECT","items_purchased":["Defragment","Conserve Battery","Electrodynamics"],"campfire_rested":0,"item_purchase_floors":[3,3,13],"current_hp_per_floor":[73,73,73,67,67,67,63,63,63,63,63,53,53,33,33,14,75,54,54,38,20,0,0],"gold":179,"neow_bonus":"HUNDRED_GOLD","is_daily":false,"chose_seed":false,"campfire_upgraded":3,"win_rate":0.0,"timestamp":1609247980,"path_taken":["M","M","$","M","M","R","M","R","T","?","M","E","$","E","R","BOSS","M","?","?","M","M"],"items_purchased_type":["Card","Card","Card"],"build_version":"2020-12-22","purchased_purges":1,"victory":false,"max_hp_per_floor":[75,75,75,75,75,75,75,75,75,75,75,75,75,75,75,75,75,75,75,75,75,75,75],"relic_stats":{"Blood Vial":8,"counters":[12,50],"Astrolabe":["Capacitor","Compile Driver","Barrage"],"obtain_stats":[{"Blood Vial":12,"Anchor":14,"Nilry\u0027s Codex":20,"Astrolabe":17,"Cracked Core":0,"Toy Ornithopter":9},{"Blood Vial":7,"Anchor":8,"Nilry\u0027s Codex":10,"Astrolabe":9,"Cracked Core":0,"Toy Ornithopter":5},{"Blood Vial":24,"Anchor":28,"Nilry\u0027s Codex":42,"Astrolabe":37,"Cracked Core":0,"Toy Ornithopter":14}],"Toy Ornithopter":15},"card_choices":[{"not_picked":["Hologram","Tempest"],"picked":"Lockon","floor":1.0},{"not_picked":["Rebound","Redo"],"picked":"Barrage","floor":2.0},{"not_picked":["White Noise","Reinforced Body"],"picked":"Stack","floor":4.0},{"not_picked":["Gash","Redo"],"picked":"Defragment","floor":5.0},{"not_picked":["Coolheaded","Beam Cell"],"picked":"BootSequence","floor":7.0},{"not_picked":["Leap","Steam","Gash"],"picked":"SKIP","floor":11.0},{"not_picked":["Stack","Conserve Battery"],"picked":"Recycle","floor":12.0},{"not_picked":["Rip and Tear","Steam Power"],"picked":"Turbo","floor":14.0},{"not_picked":["Hyperbeam","Creative AI"],"picked":"Buffer","floor":16},{"not_picked":["Cold Snap","Turbo"],"picked":"Chill","floor":18},{"not_picked":["Loop","Tempest"],"picked":"Self Repair","floor":21}],"player_experience":763475,"relics_obtained":[{"floor":9.0,"key":"Toy Ornithopter"},{"floor":12.0,"key":"Blood Vial"},{"floor":14.0,"key":"Anchor"},{"floor":20,"key":"Nilry\u0027s Codex"}],"event_choices":[{"damage_healed":0.0,"max_hp_gain":0.0,"max_hp_loss":0.0,"gold_gain":0.0,"cards_transformed":["Strike_B"],"event_name":"Living Wall","player_choice":"Change","floor":10.0,"gold_loss":0.0,"damage_taken":0.0,"cards_obtained":["Hello World"]},{"damage_healed":0,"gold_gain":0,"player_choice":"Ignored","damage_taken":0,"max_hp_gain":0,"max_hp_loss":0,"event_name":"Ghosts","floor":19,"gold_loss":0},{"damage_healed":0,"gold_gain":0,"player_choice":"Obtained Book","damage_taken":16,"max_hp_gain":0,"max_hp_loss":0,"event_name":"Cursed Tome","floor":20,"gold_loss":0}],"is_beta":false,"boss_relics":[{"not_picked":["Runic Dome","SacredBark"],"picked":"Astrolabe"}],"items_purged_floors":[3],"is_endless":false,"potions_floor_spawned":[2,4,5,12],"killed_by":"3 Cultists","ascension_level":4}}