{"host":"63beink0jfv5ch5g","time":1609270960,"event":{"mods":["AchievementEnabler","Act Like it!","Aspiration","BaseMod","CapriCore","Chen","Conspire","Gensokyo","GungeonMod","Koishi","Marisa£®ÏF”Í°°ƒß¿Ì…≥£©","Minty Spire (QoL Compilation)","MostiFishMod","Pale of the Ancients","Quick Restart","Reimu£®≤©¿ˆ¡È√Œ£©","Remilia£®¿Ÿ√◊¿Ú—«£©","Replay The Spire","SOS£®Àπ∞Õ¥Ô÷Æ◊”£©","Shop Mod","StSLib","The Immortal","The Servant 0.9.4","Waifu the Spire","Youmu£®ªÍ∆«—˝√Œ£©","Yuyuko","vexMod","ÛÙª÷∏ƒœ"],"gold_per_floor":[159,180,95,152,176,176,347,347,347,347,347,411,424,495,374,523,523,582,582,79,122,122,122,141,328,328,379,403,403,455,478,539,593,193,312,312,336,363,455,115,145,176,176,176,200,75,336,347,197,14,14,14,25,45,20,20,20,31,31,31,31,31],"floor_reached":63,"playtime":4687,"items_purged":["Pain","Defend_Dante","Redorb","Defend_Dante","Defend_Dante"],"score":1742,"play_id":"9c00dcbb-0cb0-40d1-880a-9535af740625","local_time":"20201230034240","is_ascension_mode":false,"campfire_choices":[{"data":"Rebellion","floor":6,"key":"SMITH"},{"data":"Royalguard","floor":26,"key":"SMITH"},{"data":"Weaponreturn","floor":29,"key":"SMITH"},{"floor":51,"key":"RECALL"},{"data":"Stylechange","floor":57,"key":"SMITH"},{"data":"Enemystep","floor":59,"key":"SMITH"}],"circlet_count":0,"master_deck":["Attack_a","Attack_a","Attack_b","Shoot","Shoot","Provocation","Defend_Dante","Rebellion+1","SSScard","Weaponreturn+1","Dash2","Enemystep+1","Royaldefend+1","Straight+1","Dash2+1","Royaldefend+1","Royalguard+1","Royaldefend+1","Gilgamesh+1","Royaldefend","Stylechange+1","Demonreform"],"relics":["SSS","Combocheck","DaveBox","FeatherPendant","NeowsBlessing","SynthV:TestCard","DemoMod:SerJunkan","Gensokyo:LunaticRedEyes","DemoMod:Junk","RhineCircuit","TentaclePot:ReiMu","Replay:WaspNest","DemoMod:GlassGuonStoneRelic","DemoMod:VorpalBullet","Gambling Chip","ReplayTheSpireMod:Lightbulb","vexMod:FocusSash","MerchantsRug","TheAbacus","Gensokyo:DualWield","FossilizedHelix","MealTicket","aspiration:SeaSaltIceCream","DaveBox","JellyFishMachine","Strange Spoon","paleoftheancients:Timepiece","paleoftheancients:KeyRelic","Ice Cream","Bronze Scales","Bird Faced Urn","Art of War","BionicSphere"],"acts_visited":["Exordium","Gensokyo:Gensokyo","Gensokyo:Gensokyoer","Gensokyo:Gensokyoest"],"potions_floor_usage":[12,24,27,27,52],"damage_taken":[{"damage":0.0,"enemies":"Gensokyo:Python","floor":1.0,"turns":1.0},{"damage":0.0,"enemies":"Gensokyo:3_Fairies","floor":2.0,"turns":2.0},{"damage":1,"enemies":"Gensokyo:Gryphon","floor":4,"turns":3},{"damage":1,"enemies":"Gensokyo:VengefulSpirit","floor":5,"turns":2},{"damage":3,"enemies":"Gensokyo:Python_and_Kodama","floor":7,"turns":3},{"damage":16,"enemies":"Gensokyo:Cirno","floor":12,"turns":6},{"damage":2,"enemies":"Gensokyo:3_Kodama","floor":13,"turns":2},{"damage":18,"enemies":"Gensokyo:Mamizou","floor":14,"turns":6},{"damage":8,"enemies":"Gensokyo:Kokoro","floor":16,"turns":9},{"damage":3,"enemies":"Gensokyo:2_Gloops","floor":18,"turns":3},{"damage":13,"enemies":"Gensokyo:3_Dogs","floor":21,"turns":4},{"damage":1,"enemies":"Gensokyo:3_Gloops","floor":24,"turns":4},{"damage":0,"enemies":"Gensokyo:Tenshi","floor":25,"turns":4},{"damage":3,"enemies":"Gensokyo:Koishi","floor":27,"turns":5},{"damage":0,"enemies":"Gensokyo:Slime_Group","floor":30,"turns":3},{"damage":0,"enemies":"Gensokyo:Chomper_and_Gloop","floor":31,"turns":4},{"damage":0,"enemies":"Gensokyo:Wraith","floor":32,"turns":2},{"damage":2,"enemies":"Gensokyo:3_Gloops","floor":33,"turns":3},{"damage":0,"enemies":"Gensokyo:Eternal_Rivals","floor":35,"turns":8},{"damage":0,"enemies":"Gensokyo:3_Bats","floor":37,"turns":3},{"damage":0,"enemies":"Gensokyo:3_Boulders","floor":38,"turns":4},{"damage":1,"enemies":"conspire:MimicChest","floor":39,"turns":5},{"damage":0,"enemies":"Gensokyo:4_Bats","floor":41,"turns":2},{"damage":0,"enemies":"Gensokyo:Doremy","floor":42,"turns":7},{"damage":0,"enemies":"Gensokyo:Rafflesia","floor":47,"turns":6},{"damage":0,"enemies":"Gensokyo:Sharpion","floor":48,"turns":3},{"damage":0,"enemies":"Gensokyo:Yuyuko","floor":52,"turns":2},{"damage":0,"enemies":"Gensokyo:Yuyuko","floor":53,"turns":3},{"damage":0,"enemies":"Gensokyo:Yuyuko","floor":54,"turns":4},{"damage":0,"enemies":"Gensokyo:Yuyuko","floor":58,"turns":2},{"damage":0,"enemies":"paleoftheancients:N","floor":62,"turns":3}],"seed_played":"-2541813936043944326","potions_obtained":[{"floor":4,"key":"Energy Potion"},{"floor":5,"key":"AttackPotion"},{"floor":12,"key":"DemoMod:BlankPotion"},{"floor":16,"key":"Toxic Potion"},{"floor":24,"key":"Fruit Juice"},{"floor":27,"key":"DistilledChaos"},{"floor":33,"key":"Weak Potion"},{"floor":35,"key":"DemoMod:LeadSkinPotion"},{"floor":53,"key":"Ancient Potion"}],"is_trial":false,"path_per_floor":["M","M","COS","M","M","R","M","?","T","?","?","E","M","E","R","B",null,"M","?","COS","M","PTL","PTL","M","E","R","E","T","R","M","M","M","M","R","B",null,"M","M","?","COS","M","E","?","?","T","R","M","M","R","$","R","B","M","M","?","T","R","M","R","T","?","B",null],"character_chosen":"DANTE","items_purchased":["Dash2","Technique","MerchantsRug","Strange Spoon"],"campfire_rested":0,"item_purchase_floors":[15,34,34,50],"current_hp_per_floor":[80,80,80,79,78,78,75,75,75,80,80,64,62,44,44,36,80,77,77,77,64,64,64,68,68,68,65,65,65,65,65,65,63,63,63,85,85,85,84,84,84,84,84,50,50,50,50,50,50,65,65,85,85,85,85,85,85,85,85,85,85,85],"gold":31,"neow_bonus":"THREE_ENEMY_KILL","is_daily":false,"chose_seed":false,"campfire_upgraded":5,"win_rate":0.0,"timestamp":1609270960,"path_taken":["M","M","COS","M","M","R","M","?","T","?","?","E","M","E","R","BOSS","M","?","COS","M","PTL","PTL","M","E","R","E","T","R","M","M","M","M","R","BOSS","M","M","?","COS","M","E","?","?","T","R","M","M","R","$","R","BOSS","M","M","?","T","R","M","R","T","?","BOSS"],"items_purchased_type":["Card","Relic","Relic","Relic"],"build_version":"2020-12-22","purchased_purges":5,"victory":true,"max_hp_per_floor":[80,80,80,80,80,80,80,80,80,80,80,80,80,80,80,80,80,80,80,80,80,80,80,85,85,85,85,85,85,85,85,85,85,85,85,85,85,85,85,85,85,85,85,85,85,85,85,85,85,85,85,85,85,85,85,85,85,85,85,85,85,85],"card_choices":[{"not_picked":["Kick13","Unrisingdragon","Whiteorb"],"picked":"SKIP","floor":1.0},{"not_picked":["Millionstab","Chargeshoot2","Goldorb","LucifercomboC"],"picked":"Rebellion","floor":2.0},{"not_picked":["DevilstarS","Airhike","Weaponchange","Doubleshoot","Ecstasy"],"picked":"SKIP","floor":4},{"not_picked":["Rebellion","LucifercomboC","DevilstarS","Chargeshoot"],"picked":"SSScard","floor":5},{"not_picked":["Gunslinger","VitalstarS","GilgameshcomboA","Millionkick","EbonyIvory"],"picked":"SKIP","floor":7},{"not_picked":["Unrisingdragon","Weaponchange","LucifercomboA","Weaponupgrade"],"picked":"Weaponreturn","floor":12},{"not_picked":["Weaponupgrade","LucifercomboB","Pandora","Whiteorb","Chargeshoot2"],"picked":"SKIP","floor":13},{"not_picked":["Fullhouse","LucifercomboC","Splesh","VitalstarS","Millionkick"],"picked":"SKIP","floor":14},{"not_picked":["Goldorb","Airtrick","DevilstarL","VitalstarL"],"picked":"Enemystep","floor":16},{"not_picked":["LucifercomboD","LucifercomboC+1","Ecstasy","GilgameshcomboA","Chargeshoot"],"picked":"SKIP","floor":18},{"not_picked":["Shock+1","DT+1","Gilgamesh+1","Rebellion+1"],"picked":"Straight+1","floor":21},{"not_picked":["Straight+1","LucifercomboB+1","Unrisingdragon","Chargeshoot"],"picked":"Dash2+1","floor":21},{"not_picked":["LucifercomboB","Lucifer+1","Greenorb","LucifercomboA"],"picked":"Royaldefend","floor":24},{"not_picked":["Weaponreturn","LucifercomboC","Whiteorb+1","Purpleorb"],"picked":"Royalguard","floor":25},{"not_picked":["Millionkick+1","LucifercomboD","DevilstarS+1","Gunslinger+1","LucifercomboA"],"picked":"SKIP","floor":27},{"not_picked":["VitalstarS+1","Millionstab","Unrisingdragon","Holywater+1","Gunstinger+1"],"picked":"SKIP","floor":30},{"not_picked":["Fullhouse","Enemystep","VitalstarS","Splesh","Weaponchange+1"],"picked":"SKIP","floor":31},{"not_picked":["Chargeshoot","LucifercomboA","Greenorb","VitalstarM+1","DT+1"],"picked":"SKIP","floor":32},{"not_picked":["Rebellion","Pandora","Whiteorb","Millionstab+1","Lucifer"],"picked":"SKIP","floor":33},{"not_picked":["VitalstarL","Swordcombo","DevilstarL","Blueorb"],"picked":"Trickster","floor":35},{"not_picked":["SSScard+1","EbonyIvory","Millionstab","Enemystep"],"picked":"Royaldefend+1","floor":37},{"not_picked":["Doubleshoot","LucifercomboB","Ecstasy+1","Whiteorb+1","Lucifer"],"picked":"SKIP","floor":38},{"not_picked":["Rebellion+1","Airhike","Weaponchange","GilgameshcomboA+1"],"picked":"Gilgamesh+1","floor":39},{"not_picked":["LucifercomboA","DT+1","Weaponchange","Lucifer"],"picked":"Royaldefend","floor":41},{"not_picked":["Dash1+1","Swordmaster","Airtrick","VitalstarS+1"],"picked":"Stylechange","floor":42},{"not_picked":["Goldorb","Weaponreturn","Airtrick","Darkslayer"],"picked":"Demonreform","floor":47},{"not_picked":["VitalstarM","Gilgamesh","Shock","LucifercomboD+1","DevilstarS+1"],"picked":"SKIP","floor":47},{"not_picked":["VitalstarM","Gilgamesh","Shock","LucifercomboD+1","DevilstarS+1"],"picked":"SKIP","floor":47},{"not_picked":["Kick13+1","DT","LucifercomboB","Greenorb+1","Gunslinger+1"],"picked":"SKIP","floor":48},{"not_picked":["Unrisingdragon","Millionstab+1","Greenorb+1","Darkslayer","Lucifer"],"picked":"SKIP","floor":53},{"not_picked":["Shock","Kick13+1","Millionstab","Pandora","Whiteorb+1"],"picked":"SKIP","floor":54},{"not_picked":["Fullhouse+1","Chargeshoot2","Chargeshoot+1","Millionkick+1","Holywater"],"picked":"SKIP","floor":58},{"not_picked":["Fullhouse+1","Chargeshoot2","Chargeshoot+1","Millionkick+1","Holywater"],"picked":"SKIP","floor":58}],"player_experience":138336,"relics_obtained":[{"floor":1.0,"key":"SynthV:TestCard"},{"floor":12,"key":"DemoMod:Junk"},{"floor":14,"key":"DemoMod:Junk"},{"floor":25,"key":"DemoMod:VorpalBullet"},{"floor":27,"key":"ReplayTheSpireMod:Lightbulb"},{"floor":28,"key":"vexMod:FocusSash"},{"floor":28,"key":"DemoMod:Junk"},{"floor":39,"key":"DemoMod:Junk"},{"floor":42,"key":"DemoMod:Junk"},{"floor":45,"key":"DemoMod:Junk"},{"floor":45,"key":"MealTicket"},{"floor":53,"key":"DemoMod:Junk"},{"floor":54,"key":"DemoMod:Junk"},{"floor":56,"key":"BionicSphere"},{"floor":58,"key":"DemoMod:Junk"},{"floor":60,"key":"DemoMod:Junk"}],"event_choices":[],"is_beta":false,"boss_relics":[{"not_picked":["conspire:SeveredTorchhead","aspiration:DefectSkillbook"],"picked":"RhineCircuit"},{"not_picked":["Pandora\u0027s Box","FixedStarFall","aspiration:FutureDiary"]}],"items_purged_floors":[15,34,46,49,50],"is_endless":false,"potions_floor_spawned":[4,5,12,16,18,24,27,33,35,38,41,48,53],"ascension_level":0}}