{"host":"dd2mx3pm3ovi0t1n","time":1609225779,"event":{"mods":["2.2 Compatiblity","AchievementEnabler","Aspiration","BaseMod","Beaked The Cultist","Better Altar","Better Match","Better Note","Better Sensory Stone","Better Skull","Better Third Choice","BetterRewards","Colored Map","Colored Powertips","Conspire","Defuse TimeMaze Blight","Downfall","Energized Spire","Friendly Minions","GifTheSpireLib","Halation","Highlight Path","HololiveMod","Hubris","Infinite Spire","Jedi Mod","Marked Mod","Minty Spire (QoL Compilation)","Permanent Neow","Quick Restart","Replay The Spire","Shop Mod","Spicy Shops","Spikes Relics","StSLib","Stuff the Spire","TestMod","The Construct","The Cursed","The Disciple","The Hierophant","The Necromancer","The Runesmith","The Sage","The Servant 0.9.4","Uncapped","Wandering Minibosses","Yuri Mod","vexMod","????"],"gold_per_floor":[118,118,41,41,41,41,73,73,73,22,41,99,124,144,0,95,45,55,68,83,83,99,131,146,174,199,20,50,50,50,50,50,50,50],"floor_reached":33,"playtime":1175,"items_purged":["Strike_P"],"score":484,"play_id":"a0b2e0df-e146-48a4-96e1-f76c61dbdf2e","local_time":"20201228230939","is_ascension_mode":true,"campfire_choices":[{"data":"Eruption","floor":6,"key":"SMITH"},{"data":"PathToVictory","floor":8,"key":"SMITH"},{"data":"Reaper","floor":29,"key":"SMITH"},{"floor":32,"key":"REST"}],"circlet_count":0,"master_deck":["Strike_P","Strike_P","Defend_P","Defend_P","Defend_P","Defend_P","Eruption+1","Vigilance","Twin Strike","construct:BatteryCore+1","PathToVictory+1","Twin Strike","MarkedMod:GentlePulse","Strike_P","Reaper+1","MarkedMod:Acupuncture","MarkedMod:Acupuncture+1","MarkedMod:GracefulMovements+1"],"relics":["PureWater","testmod-TestBox","testmod-D_4","m_BurningSludge","halation:PromiseList","Dream Catcher","Shuriken","StuffTheSpire:DarkSteelAnvil","aspiration:TomeofQuesting","energizedSpire:HugeHouse","Nunchaku","halation:QuantumPhysicsTextbook","StuffTheSpire:GrapeVine","MerchantsRug","HandDrill","halation:AfternoonTea"],"acts_visited":["Exordium","TheCity"],"potions_floor_usage":[13,19,24,24,28,33],"damage_taken":[{"damage":0,"enemies":"Jaw Worm","floor":1,"turns":4},{"damage":0,"enemies":"Replay:BlueRogue","floor":7,"turns":2},{"damage":0,"enemies":"2 Louse","floor":11,"turns":2},{"damage":0,"enemies":"Gremlin Nob","floor":12,"turns":2},{"damage":0,"enemies":"Lagavulin","floor":13,"turns":3},{"damage":0,"enemies":"conspire:RoseBush","floor":14,"turns":1},{"damage":0,"enemies":"Fading Forest","floor":16,"turns":6},{"damage":0,"enemies":"3 Byrds","floor":18,"turns":2},{"damage":26,"enemies":"2 Thieves","floor":19,"turns":2},{"damage":7,"enemies":"Centurion and Healer","floor":20,"turns":3},{"damage":1,"enemies":"Snake Plant","floor":22,"turns":3},{"damage":9,"enemies":"Gremlin Leader","floor":23,"turns":3},{"damage":16,"enemies":"Chosen and Byrds","floor":24,"turns":4},{"damage":19,"enemies":"conspire:SneckoGhost","floor":25,"turns":3},{"damage":0,"enemies":"Book of Stabbing","floor":28,"turns":2},{"damage":95,"enemies":"conspire:MysteriousRune","floor":33,"turns":6}],"seed_played":"-6056158708961494409","potions_obtained":[{"floor":1,"key":"Block Potion"},{"floor":7,"key":"Regen Potion"},{"floor":12,"key":"Energy Potion"},{"floor":16,"key":"PowerPotion"},{"floor":18,"key":"Elixir"},{"floor":22,"key":"ColorlessPotion"},{"floor":25,"key":"Fire Potion"}],"is_trial":false,"path_per_floor":["M","?","$","?","?","R","E","R","T","$","M","?","E","M","R","B",null,"M","M","M","?","M","E","M","E","T","$","E","R","?","$","R","B"],"character_chosen":"WATCHER","items_purchased":["halation:PromiseList","PathToVictory","aspiration:TomeofQuesting","MerchantsRug","HandDrill"],"campfire_rested":1,"item_purchase_floors":[3,10,15,27,27],"current_hp_per_floor":[72,72,72,72,72,72,72,72,72,72,72,72,72,72,72,72,67,67,65,60,60,59,58,42,23,23,23,23,23,23,23,43,0,0],"gold":50,"neow_bonus":"NOSTALGIA","is_daily":false,"chose_seed":false,"campfire_upgraded":3,"win_rate":0.0,"timestamp":1609225779,"path_taken":["M","?","$","?","?","R","E","R","T","?","?","?","E","M","R","BOSS","M","M","M","?","M","E","M","E","T","$","E","R","?","$","R","BOSS"],"items_purchased_type":["Relic","Card","Relic","Relic","Relic"],"build_version":"2020-12-22","purchased_purges":1,"victory":false,"max_hp_per_floor":[72,72,72,72,72,72,72,72,72,72,72,72,72,72,72,72,67,67,67,67,67,67,67,67,67,67,67,67,67,67,67,67,67,67],"card_choices":[{"not_picked":["CrushJoints","Replay:Hum"],"picked":"Twin Strike","floor":1},{"not_picked":["Replay:AtTheReady","Prostrate"],"picked":"PathToVictory","floor":7},{"not_picked":["Perseverance","BattleHymn","EmptyBody"],"picked":"SKIP","floor":11},{"not_picked":["Indignation","Crescendo"],"picked":"Twin Strike","floor":12},{"not_picked":["Replay:AtTheReady","Alpha","Evolve"],"picked":"SKIP","floor":13},{"not_picked":["CrushJoints","LikeWater"],"picked":"MarkedMod:GentlePulse","floor":14},{"not_picked":["EmptyFist","Consecrate"],"picked":"MarkedMod:Acupuncture","floor":18},{"not_picked":["SignatureMove+1","LikeWater"],"picked":"MarkedMod:Acupuncture+1","floor":19},{"not_picked":["Crescendo","BowlingBash","FlurryOfBlows"],"picked":"SKIP","floor":20},{"not_picked":["FearNoEvil+1","DeceiveReality","SashWhip"],"picked":"SKIP","floor":22},{"not_picked":["CrushJoints","LikeWater","CarveReality"],"picked":"SKIP","floor":23},{"not_picked":["Replay:ManipulateFuture","CutThroughFate"],"picked":"MarkedMod:GracefulMovements+1","floor":24},{"not_picked":["Tantrum","ReachHeaven+1","SashWhip"],"picked":"SKIP","floor":25},{"not_picked":["Protect+1","Replay:AtTheReady","Replay:BluntJabs"],"picked":"SKIP","floor":28}],"player_experience":476376,"relics_obtained":[{"floor":7,"key":"Dream Catcher"},{"floor":9,"key":"Rawhide"},{"floor":12,"key":"Shuriken"},{"floor":13,"key":"StuffTheSpire:DarkSteelAnvil"},{"floor":23,"key":"Nunchaku"},{"floor":25,"key":"halation:QuantumPhysicsTextbook"},{"floor":26,"key":"StuffTheSpire:GrapeVine"},{"floor":28,"key":"halation:AfternoonTea"}],"event_choices":[{"damage_healed":0,"gold_gain":0,"player_choice":"Leave","damage_taken":0,"max_hp_gain":0,"max_hp_loss":0,"event_name":"conspire:Investor","floor":2,"gold_loss":0},{"damage_healed":0,"gold_gain":1,"player_choice":"4","damage_taken":0,"max_hp_gain":0,"max_hp_loss":0,"event_name":"betterStone:BetterStone","floor":5,"gold_loss":0,"cards_obtained":["construct:BatteryCore"]},{"damage_healed":0,"gold_gain":30,"player_choice":"Searched \u00272\u0027 times","damage_taken":0,"max_hp_gain":0,"max_hp_loss":0,"event_name":"Dead Adventurer","floor":12,"gold_loss":0},{"damage_healed":0,"gold_gain":0,"player_choice":"Upgraded","damage_taken":0,"max_hp_gain":0,"max_hp_loss":0,"event_name":"Upgrade Shrine","floor":21,"gold_loss":0,"cards_upgraded":["PathToVictory"]},{"cards_removed":["PathToVictory"],"damage_healed":0,"gold_gain":0,"player_choice":"Give","damage_taken":0,"max_hp_gain":0,"max_hp_loss":0,"event_name":"betterNote:BetterNote","floor":30,"gold_loss":0,"cards_obtained":["None"]}],"is_beta":false,"boss_relics":[{"not_picked":["beaked:MawFillet","ChewingGum"],"picked":"energizedSpire:HugeHouse"}],"items_purged_floors":[27],"is_endless":false,"potions_floor_spawned":[1,7,12,16,18,22,25],"killed_by":"conspire:MysteriousRune","ascension_level":1}}