{"host":"w4b7hmige5bnqipq","time":1609226757,"event":{"mods":["2.2 Compatiblity","BaseMod","Colored Map","DeckTracker","Keyboard Shortcuts","Minty Spire (QoL Compilation)","Permanent Neow","Rare Cards Sparkle","SuperFastMode","everything is the same but u backflip on backflip","slay the spire mod where everything is the same but ironclad has a cowboy hat"],"gold_per_floor":[113,129,149,74,94,394,425,425,499,499,517,517,535,555,555,555,555],"floor_reached":16,"playtime":433,"items_purged":["Decay"],"score":198,"play_id":"c2a1100a-b69a-46d8-80fd-40ed77757dec","local_time":"20201229162557","is_ascension_mode":true,"campfire_choices":[{"floor":6.0,"key":"DIG"},{"data":"Body Slam","floor":8.0,"key":"SMITH"},{"floor":12,"key":"DIG"},{"floor":15,"key":"DIG"}],"circlet_count":0,"master_deck":["AscendersBane","Strike_R","Strike_R","Strike_R","Strike_R","Strike_R","Defend_R","Defend_R+1","Defend_R+1","Defend_R","Bash","Second Wind","Shockwave","Seeing Red","Body Slam+1","Burning Pact","Evolve","Pommel Strike"],"relics":["Burning Blood","Shovel","Old Coin","Ancient Tea Set","White Beast Statue","Strawberry","Ginger"],"acts_visited":["Exordium"],"potions_floor_usage":[11,14],"damage_taken":[{"damage":9.0,"enemies":"2 Louse","floor":1.0,"turns":3.0},{"damage":12.0,"enemies":"Jaw Worm","floor":2.0,"turns":2.0},{"damage":6.0,"enemies":"Small Slimes","floor":3.0,"turns":4.0},{"damage":8.0,"enemies":"Blue Slaver","floor":5.0,"turns":6.0},{"damage":30.0,"enemies":"3 Sentries","floor":7.0,"turns":11.0},{"damage":3,"enemies":"Looter","floor":11,"turns":3},{"damage":9,"enemies":"Lots of Slimes","floor":13,"turns":6},{"damage":14,"enemies":"Gremlin Gang","floor":14,"turns":6},{"damage":0,"enemies":"Hexaghost","floor":16,"turns":1}],"seed_played":"4865153696190432404","potions_obtained":[{"floor":3.0,"key":"Strength Potion"},{"floor":5.0,"key":"SkillPotion"},{"floor":11,"key":"Block Potion"},{"floor":13,"key":"SpeedPotion"},{"floor":14,"key":"HeartOfIron"}],"is_trial":false,"path_per_floor":["M","M","M","$","M","R","E","R","T","?","M","R","M","M","R","B"],"character_chosen":"IRONCLAD","items_purchased":[],"campfire_rested":0,"item_purchase_floors":[],"current_hp_per_floor":[65,59,59,59,57,57,33,33,33,10,13,20,17,9,9,9,9],"gold":555,"neow_bonus":"ONE_RARE_RELIC","is_daily":false,"chose_seed":false,"campfire_upgraded":1,"win_rate":0.0,"timestamp":1609226757,"path_taken":["M","M","M","$","M","R","E","R","T","?","M","R","M","M","R","BOSS"],"items_purchased_type":[],"build_version":"2020-12-22","purchased_purges":1,"victory":false,"max_hp_per_floor":[75,75,75,75,75,75,75,75,75,75,75,82,82,82,82,82,82],"card_choices":[{"not_picked":["Perfected Strike","Warcry","Iron Wave"],"picked":"SKIP","floor":1.0},{"not_picked":["Armaments","Twin Strike"],"picked":"Second Wind","floor":2.0},{"not_picked":["Heavy Blade","Havoc"],"picked":"Shockwave","floor":3.0},{"not_picked":["Entrench","Cleave"],"picked":"Seeing Red","floor":5.0},{"not_picked":["Whirlwind","Rage"],"picked":"Body Slam","floor":7.0},{"not_picked":["Clash","Armaments"],"picked":"Burning Pact","floor":11},{"not_picked":["Warcry","Body Slam"],"picked":"Evolve","floor":13},{"not_picked":["Headbutt","Cleave"],"picked":"Pommel Strike","floor":14}],"player_experience":441100,"relics_obtained":[{"floor":6.0,"key":"Old Coin"},{"floor":7.0,"key":"Ancient Tea Set"},{"floor":9.0,"key":"White Beast Statue"},{"floor":12,"key":"Strawberry"},{"floor":15,"key":"Ginger"}],"event_choices":[{"damage_healed":0.0,"max_hp_gain":0.0,"max_hp_loss":0.0,"gold_gain":0.0,"event_name":"Shining Light","player_choice":"Entered Light","floor":10.0,"gold_loss":0.0,"damage_taken":23.0,"cards_upgraded":["Defend_R","Defend_R"]}],"is_beta":false,"boss_relics":[],"items_purged_floors":[4],"is_endless":false,"potions_floor_spawned":[3,5,11,13,14],"killed_by":"Hexaghost","ascension_level":18}}