{"host":"31zwhwtym9x8cse5","time":1609216890,"event":{"mods":["ATMod(°¢èªMod)","BaseMod","Dota2Spire","Faster Ascension Climbing","GungeonMod","Lobotomy","Minty Spire (QoL Compilation)","Quick Restart","Replay The Spire","StSLib","The Poker Player","Yakumo Yukari mod","Youmu£¨»êÆÇÑýÃÎ£©","[IsaacMod]ÒÔÈö¼âËþ","¡¾ÒÅÎï¿¨ÅÆ¡¿REMEMod"],"gold_per_floor":[119,119,137,179,179,205,205,205,258,68,100,131,160,189,189,289,289,299,50,50,61,61,95,124,124,124],"floor_reached":25,"playtime":4143,"items_purged":["Strike_B","Strike_B","Defend_B"],"score":613,"play_id":"831e7862-5f11-4087-a513-6853241bd533","local_time":"20201229124130","daily_mods":["Heirloom","Flight","Elite Swarm"],"is_ascension_mode":true,"campfire_choices":[{"floor":8,"key":"REST"},{"data":"AT_RightCognition","floor":15,"key":"SMITH"}],"circlet_count":0,"master_deck":["Strike_B","Defend_B","Defend_B","Defend_B","Zap","Dualcast+1","REME_Shoggoth","AT_WaterDrop","AT_RightCognition+1","AT_DarkMatter","Ball Lightning+1","Spreading Infection","Creative AI","Amplify"],"relics":["Cracked Core","HushsDoor","Void","AT_ArchangelStaff","DemoMod:GnawedKey","Dota2Spire:Bloodstone","Prayer Wheel","REME_HandOfSuture","ReplayTheSpireMod:Ring of Challenge"],"acts_visited":["Exordium","TheCity"],"potions_floor_usage":[12,13,21,23,24],"damage_taken":[{"damage":11,"enemies":"2 Louse","floor":1,"turns":2},{"damage":0,"enemies":"Small Slimes","floor":3,"turns":2},{"damage":27,"enemies":"Lagavulin","floor":6,"turns":8},{"damage":18,"enemies":"3 Sentries","floor":11,"turns":8},{"damage":1,"enemies":"Lagavulin","floor":12,"turns":14},{"damage":0,"enemies":"3 Sentries","floor":13,"turns":10},{"damage":0,"enemies":"Lagavulin","floor":14,"turns":7},{"damage":31,"enemies":"Fading Forest","floor":16,"turns":11},{"damage":0,"enemies":"3 Byrds","floor":18,"turns":5},{"damage":0,"enemies":"Spheric Guardian","floor":21,"turns":4},{"damage":7,"enemies":"Slavers","floor":23,"turns":7},{"damage":9,"enemies":"Replay:Snechameleon","floor":24,"turns":3},{"damage":33,"enemies":"REME_1_Revenger","floor":25,"turns":3}],"seed_played":"-1499583715381286564","potions_obtained":[{"floor":11,"key":"Dota2Spire:HealingSalve"},{"floor":12,"key":"SkillPotion"},{"floor":13,"key":"Swift Potion"},{"floor":16,"key":"Ancient Potion"},{"floor":21,"key":"Fire Potion"}],"is_trial":true,"path_per_floor":["M","?","M","?","?","E","?","R","T","$","E","E","E","E","R","B",null,"M","$","?","M","?","E","E","E"],"character_chosen":"DEFECT","items_purchased":["DemoMod:GnawedKey","AT_DarkMatter","MomsKnife","REME_HandOfSuture"],"campfire_rested":1,"item_purchase_floors":[10,17,17,19],"current_hp_per_floor":[57,57,57,42,42,15,15,37,44,44,26,43,43,43,43,12,35,35,35,35,35,42,35,26,0,0],"gold":124,"neow_bonus":"","is_daily":false,"chose_seed":false,"campfire_upgraded":1,"win_rate":0.0,"timestamp":1609216890,"path_taken":["M","?","M","?","?","E","?","R","T","$","E","E","E","E","R","BOSS","M","$","?","M","?","E","E","E"],"items_purchased_type":["Relic","Card","Relic","Relic"],"build_version":"2020-12-22","purchased_purges":3,"victory":false,"max_hp_per_floor":[75,75,75,75,75,75,75,75,82,82,82,82,82,82,82,82,42,42,42,42,42,42,42,42,42,42],"card_choices":[{"not_picked":["Leap","Tempest","Stack"],"picked":"SKIP","floor":1},{"not_picked":["Beam Cell","Conserve Battery","Sweeping Beam"],"picked":"SKIP","floor":3},{"not_picked":["Fission","Creative AI"],"picked":"REME_Shoggoth","floor":6},{"not_picked":["Meteor Strike","ElectricPowerLearning"],"picked":"AT_WaterDrop","floor":11},{"not_picked":["Fission","Amplify","Core Surge"],"picked":"SKIP","floor":12},{"not_picked":["Biased Cognition","Machine Learning"],"picked":"AT_RightCognition","floor":13},{"not_picked":["Fission","REME_ForAll","Biased Cognition"],"picked":"SKIP","floor":14},{"not_picked":["AT_WaterDrop","Meteor Strike"],"picked":"ReplayTheSpireMod:Fabricate Wheel","floor":16},{"not_picked":["Darkness","Rebound+1"],"picked":"Ball Lightning+1","floor":18},{"not_picked":["Scrape+1","Skim","Doom and Gloom"],"picked":"SKIP","floor":18},{"not_picked":["Compile Driver+1","Streamline+1","Scrape"],"picked":"SKIP","floor":21},{"not_picked":["Time Bomb","Hello World+1","Beam Cell"],"picked":"SKIP","floor":21},{"not_picked":["Hyperbeam","Seek"],"picked":"Creative AI","floor":23},{"not_picked":["Buffer","ReplayRNGCard"],"picked":"Amplify","floor":24}],"player_experience":76614,"relics_obtained":[{"floor":6,"key":"AT_ArchangelStaff"},{"floor":9,"key":"DemoMod:MonsterBlood"},{"floor":11,"key":"TheBean"},{"floor":12,"key":"Regal Pillow"},{"floor":13,"key":"Dota2Spire:ShadowBlade"},{"floor":14,"key":"AT_RabadonDeathcap"},{"floor":20,"key":"Ring of Panic"},{"floor":20,"key":"ReplayTheSpireMod:Ring of Challenge"},{"floor":23,"key":"Dota2Spire:BattleFury"},{"floor":24,"key":"Dota2Spire:DivineRapier"}],"event_choices":[{"cards_removed":["Strike_B"],"damage_healed":0,"gold_gain":0,"player_choice":"Offered Basic","damage_taken":0,"max_hp_gain":0,"max_hp_loss":0,"event_name":"Bonfire Elementals","floor":5,"gold_loss":0},{"damage_healed":14,"gold_gain":0,"player_choice":"Heal","damage_taken":0,"max_hp_gain":0,"max_hp_loss":0,"event_name":"The Library","floor":22,"gold_loss":0}],"is_beta":false,"boss_relics":[{"not_picked":["REME_DuelDisc","Sozu"],"picked":"Dota2Spire:Bloodstone"},{"not_picked":[]}],"items_purged_floors":[10,17,19],"is_endless":true,"potions_floor_spawned":[11,12,13,16,21],"killed_by":"REME_1_Revenger","ascension_level":9}}