{"host":"mvlqq966zh3ccmv5","time":1609237587,"event":{"mods":["AchievementEnabler","BaseMod","DeckTracker","Minty Spire (QoL Compilation)","SuperFastMode"],"gold_per_floor":[117,130,130,142,28,28,58,58,58,58,85,85,96,96,96,195,195,150,150,150],"floor_reached":19,"playtime":415,"items_purged":[],"score":271,"play_id":"25cd4124-6e1c-441f-9de1-bac7ef511ff4","local_time":"20201229192627","is_ascension_mode":true,"campfire_choices":[{"data":"Accuracy","floor":6.0,"key":"SMITH"},{"floor":8.0,"key":"REST"},{"data":"Accuracy","floor":12.0,"key":"SMITH"},{"floor":15.0,"key":"REST"}],"circlet_count":0,"master_deck":["AscendersBane","Strike_G","Strike_G","Strike_G","Strike_G+1","Strike_G+1","Defend_G","Defend_G","Defend_G","Defend_G","Defend_G","Survivor","Neutralize","Corpse Explosion","Poisoned Stab","Blade Dance","Accuracy+1","Blade Dance","Infinite Blades","Accuracy+1","Blade Dance","Phantasmal Killer","Cloak And Dagger"],"relics":["Ring of the Snake","Gremlin Horn","Ornamental Fan","Singing Bowl","Dream Catcher","Ectoplasm"],"acts_visited":["Exordium","TheCity"],"potions_floor_usage":[18,18],"damage_taken":[{"damage":6.0,"enemies":"2 Louse","floor":1.0,"turns":2.0},{"damage":0.0,"enemies":"Jaw Worm","floor":2.0,"turns":4.0},{"damage":1.0,"enemies":"Cultist","floor":4.0,"turns":3.0},{"damage":27.0,"enemies":"Lagavulin","floor":7.0,"turns":5.0},{"damage":2.0,"enemies":"3 Sentries","floor":11.0,"turns":3.0},{"damage":12.0,"enemies":"3 Louse","floor":13.0,"turns":2.0},{"damage":32.0,"enemies":"The Guardian","floor":16.0,"turns":8.0},{"damage":4,"enemies":"2 Thieves","floor":18,"turns":4},{"damage":21,"enemies":"Spheric Guardian","floor":19,"turns":5}],"seed_played":"4702201517662580932","potions_obtained":[{"floor":2.0,"key":"CultistPotion"},{"floor":4.0,"key":"DuplicationPotion"},{"floor":10.0,"key":"EntropicBrew"},{"floor":13.0,"key":"GamblersBrew"}],"is_trial":false,"path_per_floor":["M","M","?","M","$","R","E","R","T","?","E","R","M","?","R","B",null,"M","M"],"character_chosen":"THE_SILENT","items_purchased":["Accuracy","Blade Dance"],"campfire_rested":2,"item_purchase_floors":[5,5],"current_hp_per_floor":[57,57,44,43,43,43,16,34,34,34,32,32,20,20,40,8,51,47,26,26],"gold":150,"neow_bonus":"THREE_RARE_CARDS","is_daily":false,"chose_seed":false,"campfire_upgraded":2,"win_rate":0.0,"timestamp":1609237587,"path_taken":["M","M","?","M","$","R","E","R","T","?","E","R","?","?","R","BOSS","M","?"],"items_purchased_type":["Card","Card"],"build_version":"2020-12-22","purchased_purges":0,"victory":false,"max_hp_per_floor":[63,63,63,63,63,63,63,63,63,63,63,63,63,63,65,65,65,65,65,65],"card_choices":[{"not_picked":["Unload","Tools of the Trade"],"picked":"Corpse Explosion","floor":0.0},{"not_picked":["Acrobatics","Endless Agony"],"picked":"Poisoned Stab","floor":1.0},{"not_picked":["Distraction","Footwork"],"picked":"Dagger Throw","floor":2.0},{"not_picked":["Dagger Throw","Venomology"],"picked":"Blade Dance","floor":4.0},{"not_picked":["Flying Knee","Reflex"],"picked":"Infinite Blades","floor":7.0},{"not_picked":["Outmaneuver","Flechettes"],"picked":"Accuracy","floor":11.0},{"not_picked":["Outmaneuver","Poisoned Stab"],"picked":"Blade Dance","floor":13.0},{"not_picked":["Footwork","Blur","Deflect"],"picked":"Singing Bowl","floor":15.0},{"not_picked":["Die Die Die","Malaise"],"picked":"Phantasmal Killer","floor":16.0},{"not_picked":["Setup","Terror"],"picked":"Cloak And Dagger","floor":18}],"player_experience":226761,"relics_obtained":[{"floor":7.0,"key":"Gremlin Horn"},{"floor":9.0,"key":"Ornamental Fan"},{"floor":11.0,"key":"Singing Bowl"}],"event_choices":[{"damage_healed":0.0,"max_hp_gain":0.0,"max_hp_loss":0.0,"gold_gain":0.0,"event_name":"Shining Light","player_choice":"Entered Light","floor":3.0,"gold_loss":0.0,"damage_taken":13.0,"cards_upgraded":["Strike_G","Strike_G"]},{"damage_healed":0.0,"max_hp_gain":0.0,"max_hp_loss":0.0,"gold_gain":0.0,"event_name":"Lab","player_choice":"Got Potions","floor":10.0,"gold_loss":0.0,"damage_taken":0.0},{"cards_removed":["Dagger Throw"],"damage_healed":0.0,"max_hp_gain":0.0,"max_hp_loss":0.0,"gold_gain":0.0,"event_name":"WeMeetAgain","player_choice":"Gave Card","floor":14.0,"gold_loss":0.0,"damage_taken":0.0,"relics_obtained":["Dream Catcher"]}],"is_beta":false,"boss_relics":[{"not_picked":["Busted Crown","Snecko Eye"],"picked":"Ectoplasm"}],"items_purged_floors":[],"is_endless":false,"potions_floor_spawned":[2,4,13],"killed_by":"Spheric Guardian","ascension_level":11}}