{"host":"zm2copjc1o2b6hjv","time":1609277801,"event":{"mods":["AchievementEnabler","BaseMod","BetterRewards","Conspire","Downfall","Friendly Minions","Infinite Spire","Minty Spire (QoL Compilation)","Replay The Spire","StSLib"],"gold_per_floor":[135,200,200,200,236,324,324,377,404,404,421,432,363,413,413,509,509,540,540,540,91,110,129,129,129],"floor_reached":24,"playtime":1123,"items_purged":[],"score":380,"play_id":"e05485fb-0298-4d82-bc96-686c67e0b163","local_time":"20201229163641","is_ascension_mode":true,"campfire_choices":[{"floor":7,"key":"REST"},{"floor":10,"key":"REST"},{"floor":15,"key":"DIG"}],"circlet_count":0,"master_deck":["Strike_R","Strike_R","Strike_R","Strike_R","Strike_R","Defend_R+1","Defend_R","Defend_R","Defend_R","Bash","Dark Embrace","HandOfGreed+1","Flame Barrier","Power Through+1","Feed+1","Dual Wield","Fire Breathing","ReplayTheSpireMod:Limb From Limb","Impervious","Body Slam","Whirlwind","Body Slam+1"],"relics":["Burning Blood","Onion Ring","Replay:Bottled Snecko","Oddly Smooth Stone","Lantern","Pocketwatch","ChewingGum","Guide Book","Charon\u0027s Ashes"],"acts_visited":["Exordium","TheCity"],"potions_floor_usage":[8,14,18],"damage_taken":[{"damage":0,"enemies":"Jaw Worm","floor":1,"turns":5},{"damage":0,"enemies":"conspire:RoseBush","floor":5,"turns":3},{"damage":35,"enemies":"3 Sentries","floor":6,"turns":11},{"damage":33,"enemies":"Gremlin Nob","floor":8,"turns":5},{"damage":0,"enemies":"Small Slimes","floor":11,"turns":2},{"damage":0,"enemies":"Looter","floor":12,"turns":4},{"damage":21,"enemies":"conspire:MimicChest","floor":14,"turns":8},{"damage":48,"enemies":"Hexaghost","floor":16,"turns":11},{"damage":1,"enemies":"Chosen","floor":18,"turns":5},{"damage":12,"enemies":"conspire:FuzzyDice","floor":22,"turns":6},{"damage":12,"enemies":"Snecko","floor":23,"turns":4},{"damage":21,"enemies":"Nightmare","floor":24,"turns":6}],"seed_played":"4020406263296776162","potions_obtained":[{"floor":5,"key":"Weak Potion"},{"floor":6,"key":"SpeedPotion"},{"floor":11,"key":"ColorlessPotion"},{"floor":23,"key":"LiquidMemories"}],"is_trial":false,"path_per_floor":["M","?","?","?","M","E","R","E","T","R","M","M","$","?","R","B",null,"M","?","?","$","M","M","NM"],"character_chosen":"IRONCLAD","items_purchased":["Onion Ring","Dark Embrace","HandOfGreed","Flame Barrier","Power Through","Fire Breathing","Guide Book","Charon\u0027s Ashes"],"campfire_rested":2,"item_purchase_floors":[0,0,0,0,0,13,21,21],"current_hp_per_floor":[55,55,80,64,70,41,65,38,38,62,71,80,80,65,65,23,70,75,75,75,75,69,63,42,42],"gold":129,"neow_bonus":"","is_daily":false,"chose_seed":false,"campfire_upgraded":0,"win_rate":0.0,"timestamp":1609277801,"path_taken":["M","?","?","?","M","E","R","E","T","R","M","M","$","?","R","BOSS","M","?","?","$","M","M","NM"],"items_purchased_type":["Relic","Card","Card","Card","Card","Card","Relic","Relic"],"build_version":"2020-12-22","purchased_purges":0,"victory":false,"max_hp_per_floor":[80,80,80,80,80,80,80,80,80,80,83,86,86,86,86,86,86,86,86,86,86,86,86,86,86],"card_choices":[{"not_picked":["Intimidate","Flex","Iron Wave"],"picked":"SKIP","floor":1},{"not_picked":["Havoc","Wild Strike","Run Through"],"picked":"SKIP","floor":5},{"not_picked":["Sword Boomerang","conspire:Charge"],"picked":"Feed","floor":6},{"not_picked":["Bloodletting","True Grit"],"picked":"Dual Wield","floor":8},{"not_picked":["ReplayTheSpireMod:Strike From Hell","Flex","Rupture"],"picked":"SKIP","floor":11},{"not_picked":["Pummel","Twin Strike","Thunderclap"],"picked":"SKIP","floor":12},{"not_picked":["Iron Wave","Run Through"],"picked":"ReplayTheSpireMod:Limb From Limb","floor":14},{"not_picked":["Hemogenesis","Demonic Infusion"],"picked":"Impervious","floor":16},{"not_picked":["Clash+1","Dual Wield+1"],"picked":"Body Slam","floor":18},{"not_picked":["ReplayTheSpireMod:Muscle Training","Perfected Strike"],"picked":"Body Slam+1","floor":22},{"not_picked":["Wild Strike","Combust","Cleave"],"picked":"SKIP","floor":23}],"player_experience":223851,"relics_obtained":[{"floor":6,"key":"Replay:Bottled Snecko"},{"floor":8,"key":"Oddly Smooth Stone"},{"floor":14,"key":"Lantern"},{"floor":15,"key":"Pocketwatch"}],"event_choices":[{"damage_healed":0,"gold_gain":65,"player_choice":"Gained Gold","damage_taken":0,"max_hp_gain":0,"max_hp_loss":0,"event_name":"Golden Wing","floor":2,"gold_loss":0},{"damage_healed":26,"gold_gain":0,"player_choice":"Banana","damage_taken":0,"max_hp_gain":0,"max_hp_loss":0,"event_name":"Big Fish","floor":3,"gold_loss":0},{"damage_healed":0,"gold_gain":0,"player_choice":"Entered Light","damage_taken":16,"max_hp_gain":0,"max_hp_loss":0,"event_name":"Shining Light","floor":4,"gold_loss":0,"cards_upgraded":["Defend_R","Power Through"]},{"damage_healed":0,"gold_gain":0,"player_choice":"Read","damage_taken":0,"max_hp_gain":0,"max_hp_loss":0,"event_name":"The Library","floor":19,"gold_loss":0,"cards_obtained":["Whirlwind"]}],"is_beta":false,"boss_relics":[{"not_picked":["Cursed Key","Honey Jar"],"picked":"ChewingGum"}],"items_purged_floors":[],"is_endless":false,"potions_floor_spawned":[5,6,11,23],"killed_by":"Nightmare","ascension_level":5}}