{"host":"15dd7v8o90xso62x","time":1609269183,"event":{"mods":["BaseMod","Minty Spire (QoL Compilation)","Quick Restart","StSLib","SuperFastMode"],"gold_per_floor":[117,42,55,55,55,86,86,114,114,149,190,190,227,277,277,384,384,399,417,332,374,83,83,138,138,138,148,4,18,18,18,18],"floor_reached":31,"playtime":885,"items_purged":["Defend_P","Strike_P"],"score":646,"play_id":"4f0b2e4d-5870-41a4-92cf-c65bff728a21","local_time":"20201230041303","is_ascension_mode":true,"campfire_choices":[{"data":"Eruption","floor":7.0,"key":"SMITH"},{"data":"MentalFortress","floor":12.0,"key":"SMITH"},{"data":"Wish","floor":15.0,"key":"SMITH"},{"data":"Vault","floor":23.0,"key":"SMITH"}],"circlet_count":0,"master_deck":["AscendersBane","Strike_P","Defend_P","Defend_P","Eruption+1","Vigilance","BowlingBash","MentalFortress+1","Perseverance","Wish+1","Meditate","Vault+1","TalkToTheHand","LessonLearned+1","Adaptation"],"relics":["PureWater","NeowsBlessing","Blue Candle","Juzu Bracelet","Blood Vial","VioletLotus","Toy Ornithopter","Vajra","Kunai","Omamori","Singing Bowl"],"acts_visited":["TheCity"],"potions_floor_usage":[27,29],"damage_taken":[{"damage":0.0,"enemies":"Small Slimes","floor":1.0,"turns":1.0},{"damage":0.0,"enemies":"2 Louse","floor":3.0,"turns":2.0},{"damage":0.0,"enemies":"3 Sentries","floor":6.0,"turns":1.0},{"damage":0.0,"enemies":"Gremlin Nob","floor":8.0,"turns":2.0},{"damage":15.0,"enemies":"3 Sentries","floor":10.0,"turns":3.0},{"damage":7.0,"enemies":"Jaw Worm","floor":11.0,"turns":3.0},{"damage":3.0,"enemies":"Large Slime","floor":13.0,"turns":9.0},{"damage":1.0,"enemies":"Slime Boss","floor":16.0,"turns":8.0},{"damage":0.0,"enemies":"Spheric Guardian","floor":18.0,"turns":2.0},{"damage":29.0,"enemies":"3 Byrds","floor":19.0,"turns":6.0},{"damage":0.0,"enemies":"Centurion and Healer","floor":21.0,"turns":8.0},{"damage":22.0,"enemies":"Gremlin Leader","floor":24.0,"turns":7.0},{"damage":30,"enemies":"Snake Plant","floor":27,"turns":6},{"damage":14,"enemies":"3 Cultists","floor":29,"turns":4},{"damage":26,"enemies":"Slavers","floor":31,"turns":1}],"seed_played":"7488424067913280331","potions_obtained":[{"floor":3.0,"key":"PowerPotion"},{"floor":10.0,"key":"FearPotion"},{"floor":11.0,"key":"FairyPotion"},{"floor":13.0,"key":"Energy Potion"},{"floor":19.0,"key":"SpeedPotion"},{"floor":24.0,"key":"PowerPotion"},{"floor":27,"key":"PowerPotion"}],"is_trial":false,"path_per_floor":["M","?","M","?","?","E","R","E","T","E","M","R","M","?","R","B",null,"M","M","?","M","$","R","E","?","T","M","$","M","?","E"],"character_chosen":"WATCHER","items_purchased":["Vajra","Block Potion","Adaptation"],"campfire_rested":0,"item_purchase_floors":[22,22,28],"current_hp_per_floor":[61,61,61,54,54,54,54,54,54,39,34,34,33,27,27,28,58,60,33,33,40,40,40,25,25,25,2,2,22,22,0,0],"gold":18,"neow_bonus":"THREE_ENEMY_KILL","is_daily":false,"chose_seed":false,"campfire_upgraded":4,"win_rate":0.0,"timestamp":1609269183,"path_taken":["M","?","M","?","?","E","R","E","T","E","M","R","M","?","R","BOSS","M","M","?","M","$","R","E","?","T","M","$","M","?","E"],"items_purchased_type":["Relic","Potion","Card"],"build_version":"2020-12-22","purchased_purges":2,"victory":false,"max_hp_per_floor":[68,68,68,68,68,68,68,68,68,68,68,68,68,68,68,68,68,68,68,68,68,68,68,68,68,68,68,68,70,70,70,70],"card_choices":[{"not_picked":["ClearTheMind","SashWhip"],"picked":"BowlingBash","floor":1.0},{"not_picked":["CrushJoints","WindmillStrike"],"picked":"SignatureMove","floor":3.0},{"not_picked":["ClearTheMind","FollowUp"],"picked":"MentalFortress","floor":6.0},{"not_picked":["Consecrate","WreathOfFlame"],"picked":"Perseverance","floor":8.0},{"not_picked":["FlurryOfBlows","SashWhip"],"picked":"Wish","floor":10.0},{"not_picked":["WreathOfFlame","PathToVictory","FollowUp"],"picked":"SKIP","floor":11.0},{"not_picked":["Swivel","PathToVictory"],"picked":"Meditate","floor":13.0},{"not_picked":["ConjureBlade","Devotion"],"picked":"Vault","floor":16.0},{"not_picked":["CrushJoints","DeceiveReality","SashWhip"],"picked":"SKIP","floor":18.0},{"not_picked":["BattleHymn","FollowUp"],"picked":"TalkToTheHand","floor":19.0},{"not_picked":["EmptyFist","EmptyBody","SashWhip"],"picked":"SKIP","floor":21.0},{"not_picked":["WaveOfTheHand","CutThroughFate","Nirvana"],"picked":"SKIP","floor":24.0},{"not_picked":["JustLucky","SashWhip"],"picked":"LessonLearned","floor":27},{"not_picked":["PathToVictory","SashWhip","ThirdEye"],"picked":"Singing Bowl","floor":29}],"player_experience":966352,"relics_obtained":[{"floor":6.0,"key":"Blue Candle"},{"floor":8.0,"key":"Juzu Bracelet"},{"floor":10.0,"key":"Blood Vial"},{"floor":24.0,"key":"Kunai"},{"floor":26.0,"key":"Singing Bowl"}],"event_choices":[{"cards_removed":["Defend_P"],"damage_healed":0.0,"max_hp_gain":0.0,"max_hp_loss":0.0,"gold_gain":0.0,"event_name":"The Cleric","player_choice":"Card Removal","floor":2.0,"gold_loss":75.0,"damage_taken":0.0},{"cards_removed":["Strike_P"],"damage_healed":0.0,"max_hp_gain":0.0,"max_hp_loss":0.0,"gold_gain":0.0,"event_name":"Golden Wing","player_choice":"Card Removal","floor":4.0,"gold_loss":0.0,"damage_taken":7.0},{"cards_removed":["Strike_P"],"damage_healed":0.0,"max_hp_gain":0.0,"max_hp_loss":0.0,"gold_gain":0.0,"event_name":"Living Wall","player_choice":"Forget","floor":5.0,"gold_loss":0.0,"damage_taken":0.0},{"damage_healed":0.0,"max_hp_gain":0.0,"max_hp_loss":0.0,"gold_gain":50.0,"event_name":"FaceTrader","player_choice":"Touch","floor":14.0,"gold_loss":0.0,"damage_taken":6.0},{"damage_healed":0.0,"max_hp_gain":0.0,"max_hp_loss":0.0,"gold_gain":0.0,"event_name":"Addict","player_choice":"Obtained Relic","floor":20.0,"gold_loss":85.0,"damage_taken":0.0,"relics_obtained":["Toy Ornithopter"]},{"cards_removed":["SignatureMove"],"damage_healed":0.0,"max_hp_gain":0.0,"max_hp_loss":0.0,"gold_gain":0.0,"event_name":"WeMeetAgain","player_choice":"Gave Card","floor":25.0,"gold_loss":0.0,"damage_taken":0.0,"relics_obtained":["Omamori"]},{"damage_healed":0,"gold_gain":0,"player_choice":"Ignored","damage_taken":0,"max_hp_gain":0,"max_hp_loss":0,"event_name":"Cursed Tome","floor":30,"gold_loss":0}],"is_beta":false,"boss_relics":[{"not_picked":["Philosopher\u0027s Stone","Sozu"],"picked":"VioletLotus"}],"items_purged_floors":[22,28],"is_endless":false,"potions_floor_spawned":[3,10,11,13,19,24,27],"killed_by":"Slavers","ascension_level":20}}