{"host":"mi0eibewekhugwl1","time":1609240013,"event":{"mods":["AchievementEnabler","BaseMod","Colored Map","Colored Powertips","DeckTracker","Keyboard Shortcuts","Minty Spire (QoL Compilation)","Quick Restart","Rare Cards Sparkle","Relic Stats","StSLib","SuperFastMode","everything is the same but u backflip on backflip"],"gold_per_floor":[119,132,143,159,170,170,189,189,189,209,220,10,24,38,38,113,163,134,168,168,168],"floor_reached":20,"playtime":650,"items_purged":[],"score":344,"play_id":"8bde84c8-d83a-4efa-a8da-4f09bcf4e2a0","local_time":"20201229200653","is_ascension_mode":true,"campfire_choices":[{"data":"Bash","floor":6,"key":"SMITH"},{"data":"Pommel Strike","floor":8,"key":"SMITH"},{"data":"Disarm","floor":15,"key":"SMITH"}],"circlet_count":0,"master_deck":["AscendersBane","Strike_R","Strike_R","Strike_R","Strike_R+1","Defend_R","Defend_R","Defend_R","Bash+1","Pommel Strike+1","Dropkick","Battle Trance","Cleave","Ghostly Armor","Shrug It Off","Disarm+1","Evolve","Immolate","Wild Strike"],"relics":["Burning Blood","InkBottle","Membership Card","Tiny House","Red Mask"],"acts_visited":["Exordium","TheCity"],"potions_floor_usage":[4,18,19],"damage_taken":[{"damage":6,"enemies":"Cultist","floor":1,"turns":3},{"damage":12,"enemies":"Jaw Worm","floor":2,"turns":2},{"damage":8,"enemies":"2 Louse","floor":3,"turns":3},{"damage":25,"enemies":"Gremlin Gang","floor":4,"turns":5},{"damage":0,"enemies":"Large Slime","floor":5,"turns":3},{"damage":7,"enemies":"2 Fungi Beasts","floor":7,"turns":3},{"damage":3,"enemies":"Blue Slaver","floor":10,"turns":4},{"damage":4,"enemies":"3 Louse","floor":11,"turns":4},{"damage":9,"enemies":"2 Fungi Beasts","floor":13,"turns":3},{"damage":6,"enemies":"Looter","floor":14,"turns":3},{"damage":22,"enemies":"The Guardian","floor":16,"turns":15},{"damage":18,"enemies":"2 Thieves","floor":18,"turns":4},{"damage":34,"enemies":"Masked Bandits","floor":19,"turns":4},{"damage":24,"enemies":"3 Byrds","floor":20,"turns":3}],"seed_played":"-6266580616331402265","potions_obtained":[{"floor":2,"key":"Swift Potion"},{"floor":3,"key":"LiquidMemories"},{"floor":4,"key":"Ancient Potion"},{"floor":18,"key":"Fire Potion"}],"is_trial":false,"path_per_floor":["M","M","M","M","M","R","M","R","T","M","M","$","M","M","R","B",null,"M","?","M"],"character_chosen":"IRONCLAD","items_purchased":["Membership Card","Disarm"],"campfire_rested":0,"item_purchase_floors":[12,12],"current_hp_per_floor":[68,62,60,41,47,47,46,46,46,49,51,51,48,48,48,32,64,52,24,0,0],"gold":168,"neow_bonus":"REMOVE_TWO","is_daily":false,"chose_seed":false,"campfire_upgraded":3,"win_rate":0.0,"timestamp":1609240013,"path_taken":["M","M","M","M","M","R","M","R","T","M","M","?","M","M","R","BOSS","M","?","M"],"items_purchased_type":["Relic","Card"],"build_version":"2020-12-22","purchased_purges":0,"victory":false,"max_hp_per_floor":[68,68,68,68,68,68,68,68,68,68,68,68,68,68,68,68,73,73,73,73,73],"relic_stats":{"counters":[14,59],"obtain_stats":[{"Tiny House":17,"Red Mask":19,"Membership Card":12,"Burning Blood":0,"InkBottle":9},{"Tiny House":11,"Red Mask":13,"Membership Card":8,"Burning Blood":0,"InkBottle":6},{"Tiny House":48,"Red Mask":56,"Membership Card":27,"Burning Blood":0,"InkBottle":19}],"Burning Blood":78,"InkBottle":[8]},"card_choices":[{"not_picked":["Seeing Red","Body Slam"],"picked":"Pommel Strike","floor":1},{"not_picked":["Thunderclap","Sever Soul"],"picked":"Dropkick","floor":2},{"not_picked":["Spot Weakness","Perfected Strike"],"picked":"Battle Trance","floor":3},{"not_picked":["Sword Boomerang","Wild Strike"],"picked":"Cleave","floor":4},{"not_picked":["Clothesline","Twin Strike"],"picked":"Ghostly Armor","floor":5},{"not_picked":["Iron Wave","Ghostly Armor","Wild Strike"],"picked":"SKIP","floor":7},{"not_picked":["Dual Wield","Heavy Blade"],"picked":"Shrug It Off","floor":10},{"not_picked":["Bloodletting","True Grit","Infernal Blade"],"picked":"SKIP","floor":11},{"not_picked":["Armaments","Pommel Strike","Shrug It Off"],"picked":"SKIP","floor":13},{"not_picked":["Bludgeon","Power Through"],"picked":"Evolve","floor":14},{"not_picked":["Brutality","Bludgeon"],"picked":"Immolate","floor":16},{"not_picked":["Flex","Anger"],"picked":"Wild Strike","floor":18}],"player_experience":1720623,"relics_obtained":[{"floor":9,"key":"InkBottle"},{"floor":19,"key":"Red Mask"}],"event_choices":[{"damage_healed":0,"gold_gain":0,"player_choice":"Fought Bandits","damage_taken":0,"max_hp_gain":0,"max_hp_loss":0,"event_name":"Masked Bandits","floor":19,"gold_loss":0}],"is_beta":false,"boss_relics":[{"not_picked":["Runic Cube","Ectoplasm"],"picked":"Tiny House"}],"items_purged_floors":[],"is_endless":false,"potions_floor_spawned":[2,3,4,10,13,18],"killed_by":"3 Byrds","ascension_level":20}}