{"host":"areou1to5q11ox5u","time":1609249474,"event":{"mods":["AchievementEnabler","Act Like it!","BaseMod","Bestiary","Block Reminder","Colored Map","Colored Powertips","DeckTracker","Downfall","Elementarium","Highlight Path","Infinite Spire","Minty Spire (QoL Compilation)","Permanent Neow","Random Character Button","Relic Sorter","Relic Stats","StSLib","The Construct","The Jungle"],"gold_per_floor":[114,19,35,49,67,67,80,106,132,132,132,132,149,164,164,264,264,276,27,44,61,61,78,78,110,110,122,122,122,140,155,155,253,303,318,318,21,32,42,42,42,42],"floor_reached":41,"playtime":4262,"items_purged":["Writhe"],"score":469,"play_id":"1ab705c7-3b2e-4dbd-bbaf-505244f4aeb9","local_time":"20201229144434","is_ascension_mode":false,"campfire_choices":[{"data":"Aggregate","floor":6,"key":"SMITH"},{"data":"Fusion","floor":10,"key":"SMITH"},{"data":"Genetic Algorithm","floor":12,"key":"SMITH"},{"data":"Barrage","floor":15,"key":"SMITH"},{"data":"Cold Snap","floor":24,"key":"SMITH"},{"data":"Melter","floor":28,"key":"SMITH"},{"data":"Fission","floor":32,"key":"SMITH"},{"data":"Capacitor","floor":40,"key":"SMITH"}],"circlet_count":0,"master_deck":["Strike_B","Strike_B","Strike_B","Strike_B","Defend_B","Defend_B","Defend_B","Defend_B","Zap","Aggregate+1","Genetic Algorithm+1","Melter+1","Fusion+1","Lockon","Barrage+1","Buffer","Reinforced Body+1","Electrodynamics+1","White Noise+1","Beam Cell","expansioncontent:DefensiveStance","Conserve Battery","Cold Snap+1","Beam Cell+1","Redo","Fission+1","Heatsinks","Gash","Creative AI+1","Defragment","Melter","Capacitor+1","BootSequence+1","Loop"],"relics":["Cracked Core","Bag of Marbles","Potion Belt","Oddly Smooth Stone","Strawberry","infinitespire:Freezer","Astrolabe","Anchor","Question Card","Tiny House","HandDrill"],"acts_visited":["Exordium","TheCity","TheBeyond"],"potions_floor_usage":[8,11,16,31,33,33,33,33,38,39,41],"damage_taken":[{"damage":7,"enemies":"Jaw Worm","floor":1,"turns":4},{"damage":3,"enemies":"Cultist","floor":3,"turns":4},{"damage":4,"enemies":"Small Slimes","floor":4,"turns":4},{"damage":20,"enemies":"Exordium Thugs","floor":5,"turns":6},{"damage":14,"enemies":"Looter","floor":7,"turns":4},{"damage":4,"enemies":"Gremlin Nob","floor":8,"turns":3},{"damage":0,"enemies":"Large Slime","floor":13,"turns":5},{"damage":3,"enemies":"3 Louse","floor":14,"turns":3},{"damage":43,"enemies":"The Guardian","floor":16,"turns":11},{"damage":5,"enemies":"2 Thieves","floor":18,"turns":3},{"damage":0,"enemies":"3 Byrds","floor":20,"turns":4},{"damage":12,"enemies":"3 Cultists","floor":21,"turns":7},{"damage":0,"enemies":"Chosen and Byrds","floor":23,"turns":6},{"damage":0,"enemies":"Book of Stabbing","floor":25,"turns":6},{"damage":2,"enemies":"Snake Plant","floor":27,"turns":3},{"damage":0,"enemies":"Centurion and Healer","floor":30,"turns":7},{"damage":2,"enemies":"3 Cultists","floor":31,"turns":8},{"damage":12,"enemies":"Automaton","floor":33,"turns":9},{"damage":15,"enemies":"Orb Walker","floor":35,"turns":6},{"damage":25,"enemies":"3 Darklings","floor":38,"turns":6},{"damage":12,"enemies":"Jaw Worm Horde","floor":39,"turns":4},{"damage":76,"enemies":"Nightmare","floor":41,"turns":6}],"seed_played":"1637292391160378497","potions_obtained":[{"floor":3,"key":"FocusPotion"},{"floor":4,"key":"sneckomod:MuddlingPotion"},{"floor":5,"key":"infinitespire:BlackPotion"},{"floor":7,"key":"hexamod:EctoCoolerPotion"},{"floor":11,"key":"Fruit Juice"},{"floor":11,"key":"LiquidMemories"},{"floor":11,"key":"FairyPotion"},{"floor":18,"key":"Block Potion"},{"floor":21,"key":"Strength Potion"},{"floor":23,"key":"LiquidBronze"},{"floor":33,"key":"PowerPotion"},{"floor":34,"key":"PowerPotion"},{"floor":38,"key":"Fire Potion"}],"is_trial":false,"path_per_floor":["M","?","M","M","M","R","M","E","T","R","?","R","M","M","R","B",null,"M","$","M","M","?","M","R","E","T","M","R","?","M","M","R","B",null,"M","?","$","M","M","R","NM"],"character_chosen":"DEFECT","items_purchased":["Anchor","expansioncontent:DefensiveStance","HandDrill","Capacitor"],"campfire_rested":0,"item_purchase_floors":[19,19,37,37],"current_hp_per_floor":[68,68,65,61,41,41,27,30,30,30,35,35,35,32,32,36,87,82,82,82,70,53,53,53,53,53,51,51,51,51,49,49,37,97,82,97,97,72,60,60,0,0],"gold":42,"neow_bonus":"RANDOM_COMMON_RELIC","is_daily":false,"chose_seed":false,"campfire_upgraded":8,"win_rate":0.0,"timestamp":1609249474,"path_taken":["M","?","M","M","M","R","?","E","T","R","?","R","?","M","R","BOSS","M","$","M","M","?","M","R","E","T","M","R","?","M","M","R","BOSS","M","?","$","M","M","R","NM"],"items_purchased_type":["Relic","Card","Relic","Card"],"build_version":"2020-12-22","purchased_purges":1,"victory":false,"max_hp_per_floor":[75,75,75,75,75,75,75,82,82,82,87,87,87,87,87,87,87,87,87,87,87,92,92,92,92,92,92,92,92,92,92,92,92,97,97,97,97,97,97,97,97,97],"relic_stats":{"counters":[22,119],"Astrolabe":["Reinforced Body","Electrodynamics","White Noise"],"HandDrill":[16],"Question Card":11,"obtain_stats":[{"Potion Belt":0,"Anchor":19,"Tiny House":34,"Strawberry":8,"Astrolabe":17,"Oddly Smooth Stone":2,"Bag of Marbles":25,"HandDrill":37,"Cracked Core":0,"Question Card":26,"infinitespire:Freezer":9},{"Potion Belt":0,"Anchor":10,"Tiny House":18,"Strawberry":6,"Astrolabe":9,"Oddly Smooth Stone":1,"Bag of Marbles":14,"HandDrill":19,"Cracked Core":0,"Question Card":14,"infinitespire:Freezer":6},{"Potion Belt":0,"Anchor":47,"Tiny House":97,"Strawberry":25,"Astrolabe":44,"Oddly Smooth Stone":4,"Bag of Marbles":70,"HandDrill":103,"Cracked Core":0,"Question Card":70,"infinitespire:Freezer":25}]},"card_choices":[{"not_picked":["BootSequence","Doom and Gloom"],"picked":"Aggregate","floor":1},{"not_picked":["Hologram","Conserve Battery"],"picked":"Genetic Algorithm","floor":3},{"not_picked":["Rebound","Beam Cell"],"picked":"Stack","floor":4},{"not_picked":["Gash","Sweeping Beam"],"picked":"Melter","floor":5},{"not_picked":["Stack","Hologram"],"picked":"Fusion","floor":7},{"not_picked":["Blizzard","Go for the Eyes"],"picked":"Lockon","floor":8},{"not_picked":["Undo","Hologram"],"picked":"Streamline","floor":13},{"not_picked":["Fusion","Rebound"],"picked":"Barrage","floor":14},{"not_picked":["Electrodynamics","Thunder Strike"],"picked":"Buffer","floor":16},{"not_picked":["Compile Driver","Scrape"],"picked":"Beam Cell","floor":18},{"not_picked":["Steam+1","Redo"],"picked":"Beam Cell","floor":20},{"not_picked":["Ball Lightning","Leap"],"picked":"Conserve Battery","floor":21},{"not_picked":["Chill","Redo"],"picked":"Cold Snap","floor":23},{"not_picked":["All For One","Consume"],"picked":"Steam","floor":25},{"not_picked":["Leap","Cold Snap","Redo"],"picked":"Beam Cell+1","floor":27},{"not_picked":["Steam+1","FTL","Glacier+1"],"picked":"Heatsinks","floor":30},{"not_picked":["Blizzard","Rebound","Ball Lightning"],"picked":"Gash","floor":31},{"not_picked":["Echo Form","Machine Learning","Buffer"],"picked":"Creative AI","floor":33},{"not_picked":["Barrage","Hello World","Steam"],"picked":"Defragment","floor":34},{"not_picked":["Compile Driver+1","Go for the Eyes","Beam Cell"],"picked":"Melter","floor":35},{"not_picked":["Go for the Eyes+1","Storm","Stack"],"picked":"BootSequence+1","floor":38},{"not_picked":["Coolheaded","Consume","Static Discharge"],"picked":"Loop","floor":39}],"player_experience":44853,"relics_obtained":[{"floor":8,"key":"Strawberry"},{"floor":9,"key":"infinitespire:Freezer"},{"floor":25,"key":"Bag of Marbles"},{"floor":26,"key":"Question Card"}],"event_choices":[{"damage_healed":0,"gold_gain":0,"player_choice":"Paid Gold","damage_taken":0,"relics_obtained":["Oddly Smooth Stone"],"max_hp_gain":0,"max_hp_loss":0,"event_name":"WeMeetAgain","floor":2,"gold_loss":95},{"damage_healed":0,"gold_gain":0,"player_choice":"Got Potions","damage_taken":0,"max_hp_gain":0,"max_hp_loss":0,"event_name":"Lab","floor":11,"gold_loss":0},{"damage_healed":0,"gold_gain":0,"player_choice":"Shed Blood","damage_taken":22,"max_hp_gain":5,"max_hp_loss":0,"event_name":"Forgotten Altar","floor":22,"gold_loss":0},{"damage_healed":0,"gold_gain":0,"cards_transformed":["Steam","Beam Cell"],"player_choice":"Became Test Subject","damage_taken":0,"max_hp_gain":0,"max_hp_loss":0,"event_name":"Drug Dealer","floor":29,"gold_loss":0,"cards_obtained":["Redo","Fission"]},{"damage_healed":24,"gold_gain":0,"player_choice":"Writhe","damage_taken":0,"max_hp_gain":0,"max_hp_loss":0,"event_name":"Winding Halls","floor":36,"gold_loss":0,"cards_obtained":["Writhe"]}],"is_beta":false,"boss_relics":[{"not_picked":["Empty Cage","Ectoplasm"],"picked":"Astrolabe"},{"not_picked":["construct:WeddingRing","Busted Crown"],"picked":"Tiny House"}],"items_purged_floors":[37],"is_endless":false,"potions_floor_spawned":[3,4,5,7,13,14,18,21,23,33,38],"killed_by":"Nightmare","ascension_level":0}}