{"host":"utqe55yv0jihe4d6","time":1609249382,"event":{"mods":["2.2 Compatiblity","AchievementEnabler","BaseMod","Block Reminder","Colored Map","Colored Powertips","Minty Spire (QoL Compilation)","Quick Restart","Rare Cards Sparkle","Relic Stats","SuperFastMode"],"gold_per_floor":[114,132,13,29,29,29,55,73,73,88,117,137,149,163,163,240,240,255,265,277,277,290,316,316,51,51,64,95,16,16,27,27,103,103,118,167,180,197,212,212,212,212],"floor_reached":41,"playtime":1540,"items_purged":["Defend_P","Defend_P"],"score":1252,"play_id":"2659ac5f-8d00-4b8d-9b2e-09a2a82fd23b","local_time":"20201229084302","is_ascension_mode":true,"campfire_choices":[{"data":"WheelKick","floor":6.0,"key":"SMITH"},{"data":"WindmillStrike","floor":15.0,"key":"SMITH"},{"data":"TalkToTheHand","floor":24.0,"key":"SMITH"},{"data":"Blasphemy","floor":30.0,"key":"SMITH"},{"data":"WaveOfTheHand","floor":32.0,"key":"SMITH"},{"data":"Meditate","floor":40,"key":"SMITH"}],"circlet_count":0,"master_deck":["AscendersBane","Strike_P","Strike_P","Strike_P","Defend_P","Defend_P","Eruption","Vigilance+1","CurseOfTheBell","Crescendo+1","WindmillStrike+1","WheelKick+1","Tantrum","Evaluate","Meditate+1","Consecrate+1","FlyingSleeves+1","TalkToTheHand+1","DevaForm","Vault","SashWhip","WreathOfFlame","Blasphemy+1","WaveOfTheHand+1","FollowUp+1"],"relics":["Calling Bell","Ancient Tea Set","HornCleat","FossilizedHelix","Ginger","Pear","Eternal Feather","Whetstone","Busted Crown","Blood Vial","War Paint","Ornamental Fan","Shuriken","Coffee Dripper","Unceasing Top"],"acts_visited":["TheCity","TheBeyond"],"potions_floor_usage":[39,41],"damage_taken":[{"damage":0.0,"enemies":"Small Slimes","floor":1.0,"turns":3.0},{"damage":0.0,"enemies":"Cultist","floor":2.0,"turns":3.0},{"damage":0.0,"enemies":"2 Louse","floor":4.0,"turns":2.0},{"damage":0.0,"enemies":"3 Sentries","floor":7.0,"turns":4.0},{"damage":0.0,"enemies":"Looter","floor":8.0,"turns":1.0},{"damage":0.0,"enemies":"Blue Slaver","floor":10.0,"turns":2.0},{"damage":0.0,"enemies":"Gremlin Nob","floor":11.0,"turns":3.0},{"damage":0.0,"enemies":"Exordium Thugs","floor":12.0,"turns":3.0},{"damage":0.0,"enemies":"Gremlin Gang","floor":13.0,"turns":3.0},{"damage":0.0,"enemies":"2 Fungi Beasts","floor":14.0,"turns":2.0},{"damage":0.0,"enemies":"Slime Boss","floor":16.0,"turns":4.0},{"damage":0.0,"enemies":"Spheric Guardian","floor":18.0,"turns":3.0},{"damage":0.0,"enemies":"3 Byrds","floor":19.0,"turns":5.0},{"damage":0.0,"enemies":"Snecko","floor":20.0,"turns":3.0},{"damage":0.0,"enemies":"Chosen and Byrds","floor":22.0,"turns":5.0},{"damage":6.0,"enemies":"Gremlin Leader","floor":23.0,"turns":5.0},{"damage":0.0,"enemies":"Cultist and Chosen","floor":27.0,"turns":3.0},{"damage":0.0,"enemies":"Book of Stabbing","floor":28.0,"turns":4.0},{"damage":0.0,"enemies":"Snake Plant","floor":31.0,"turns":1.0},{"damage":0.0,"enemies":"Champ","floor":33.0,"turns":8.0},{"damage":42,"enemies":"3 Darklings","floor":35,"turns":4},{"damage":8,"enemies":"2 Orb Walkers","floor":36,"turns":4},{"damage":0,"enemies":"3 Shapes","floor":37,"turns":5},{"damage":36,"enemies":"Writhing Mass","floor":38,"turns":5},{"damage":0,"enemies":"Transient","floor":39,"turns":7},{"damage":37,"enemies":"Reptomancer","floor":41,"turns":3}],"seed_played":"-181204773457155008","potions_obtained":[{"floor":1.0,"key":"SpeedPotion"},{"floor":2.0,"key":"Energy Potion"},{"floor":4.0,"key":"EssenceOfSteel"},{"floor":12.0,"key":"CultistPotion"},{"floor":13.0,"key":"BottledMiracle"},{"floor":14.0,"key":"LiquidBronze"},{"floor":20.0,"key":"BottledMiracle"},{"floor":27.0,"key":"Fruit Juice"},{"floor":35,"key":"ColorlessPotion"},{"floor":38,"key":"BlessingOfTheForge"},{"floor":39,"key":"Dexterity Potion"}],"is_trial":false,"path_per_floor":["M","M","$","M","?","R","E","M","T","M","E","M","M","M","R","B",null,"M","M","M","?","M","E","R","$","T","M","E","$","R","M","R","B",null,"M","?","M","M","M","R","E"],"character_chosen":"WATCHER","items_purchased":["WheelKick","War Paint","WaveOfTheHand"],"campfire_rested":0,"item_purchase_floors":[3,25,29],"current_hp_per_floor":[61,61,61,61,43,43,53,53,53,53,53,53,53,53,65,65,75,75,75,75,75,75,69,78,78,78,83,83,83,83,83,83,83,83,41,35,37,3,5,20,0,0],"gold":212,"neow_bonus":"BOSS_RELIC","is_daily":false,"chose_seed":false,"campfire_upgraded":6,"win_rate":0.0,"timestamp":1609249382,"path_taken":["M","M","$","M","?","R","E","M","T","M","E","M","M","M","R","BOSS","M","M","M","?","?","E","R","$","T","M","E","?","R","M","R","BOSS","M","?","M","M","M","R","E"],"items_purchased_type":["Card","Relic","Card"],"build_version":"2020-12-22","purchased_purges":2,"victory":false,"max_hp_per_floor":[68,68,68,68,68,68,78,78,78,78,78,78,78,78,78,78,78,78,78,78,78,78,78,78,78,78,83,83,83,83,83,83,83,83,83,83,83,83,83,83,83,83],"relic_stats":{"Blood Vial":10,"Busted Crown":28,"counters":[26,95],"Ornamental Fan":[76],"Shuriken":[16],"Eternal Feather":36,"Ginger":[9],"Whetstone":["FlyingSleeves","Consecrate"],"War Paint":["Crescendo","Vigilance"],"obtain_stats":[{"Pear":7,"Eternal Feather":9,"Ginger":5,"Whetstone":11,"War Paint":25,"Ancient Tea Set":0,"Calling Bell":0,"Blood Vial":23,"HornCleat":0,"Busted Crown":17,"Ornamental Fan":26,"Shuriken":28,"Coffee Dripper":34,"PureWater":0,"FossilizedHelix":0,"Unceasing Top":36},{"Pear":4,"Eternal Feather":5,"Ginger":3,"Whetstone":7,"War Paint":16,"Ancient Tea Set":0,"Calling Bell":0,"Blood Vial":16,"HornCleat":0,"Busted Crown":11,"Ornamental Fan":16,"Shuriken":18,"Coffee Dripper":20,"PureWater":0,"FossilizedHelix":0,"Unceasing Top":22},{"Pear":12,"Eternal Feather":13,"Ginger":8,"Whetstone":18,"War Paint":51,"Ancient Tea Set":0,"Calling Bell":0,"Blood Vial":51,"HornCleat":0,"Busted Crown":30,"Ornamental Fan":51,"Shuriken":58,"Coffee Dripper":67,"PureWater":0,"FossilizedHelix":0,"Unceasing Top":75}],"Unceasing Top":[0]},"card_choices":[{"not_picked":["ClearTheMind","Collect"],"picked":"Crescendo","floor":1.0},{"not_picked":["Evaluate","JustLucky"],"picked":"WindmillStrike","floor":2.0},{"not_picked":["Adaptation","Collect"],"picked":"Tantrum","floor":4.0},{"not_picked":["LikeWater","Prostrate"],"picked":"Evaluate","floor":7.0},{"not_picked":["Prostrate","BowlingBash"],"picked":"Meditate","floor":8.0},{"not_picked":["EmptyFist","Prostrate"],"picked":"Consecrate","floor":10.0},{"not_picked":["Pray","Consecrate"],"picked":"FlyingSleeves","floor":11.0},{"not_picked":["Evaluate","WheelKick"],"picked":"TalkToTheHand","floor":12.0},{"not_picked":["CutThroughFate","JustLucky"],"picked":"DevaForm","floor":13.0},{"not_picked":["JustLucky","Worship","Protect"],"picked":"SKIP","floor":14.0},{"not_picked":["Scrawl","MasterReality"],"picked":"Vault","floor":16.0},{"not_picked":["PathToVictory"],"picked":"SKIP","floor":18.0},{"not_picked":[],"picked":"SashWhip","floor":19.0},{"not_picked":["WindmillStrike"],"picked":"SKIP","floor":20.0},{"not_picked":["Crescendo"],"picked":"SKIP","floor":22.0},{"not_picked":["Worship"],"picked":"SKIP","floor":23.0},{"not_picked":["Crescendo"],"picked":"SKIP","floor":27.0},{"not_picked":[],"picked":"Blasphemy","floor":28.0},{"not_picked":["Consecrate"],"picked":"SKIP","floor":31.0},{"not_picked":[],"picked":"FollowUp+1","floor":35},{"not_picked":["Consecrate"],"picked":"SKIP","floor":37},{"not_picked":["JustLucky"],"picked":"SKIP","floor":38},{"not_picked":["Collect+1"],"picked":"SKIP","floor":39}],"player_experience":2889684,"relics_obtained":[{"floor":0.0,"key":"Ancient Tea Set"},{"floor":0.0,"key":"HornCleat"},{"floor":0.0,"key":"FossilizedHelix"},{"floor":7.0,"key":"Pear"},{"floor":9.0,"key":"Eternal Feather"},{"floor":11.0,"key":"Whetstone"},{"floor":23.0,"key":"Blood Vial"},{"floor":26.0,"key":"Ornamental Fan"},{"floor":28.0,"key":"Shuriken"},{"floor":36,"key":"Unceasing Top"}],"event_choices":[{"damage_healed":0.0,"max_hp_gain":0.0,"max_hp_loss":0.0,"gold_gain":0.0,"event_name":"Scrap Ooze","player_choice":"Success","floor":5.0,"gold_loss":0.0,"damage_taken":18.0,"relics_obtained":["Ginger"]},{"damage_healed":0.0,"max_hp_gain":0.0,"max_hp_loss":0.0,"gold_gain":0.0,"cards_transformed":["Strike_P"],"event_name":"Transmorgrifier","player_choice":"Transformed","floor":21.0,"gold_loss":0.0,"damage_taken":0.0,"cards_obtained":["WreathOfFlame"]},{"damage_healed":0,"gold_gain":0,"player_choice":"Fight","damage_taken":0,"max_hp_gain":0,"max_hp_loss":0,"event_name":"Mysterious Sphere","floor":36,"gold_loss":0}],"is_beta":false,"boss_relics":[{"not_picked":["Velvet Choker","Ectoplasm"],"picked":"Busted Crown"},{"not_picked":["Snecko Eye","Sozu"],"picked":"Coffee Dripper"}],"items_purged_floors":[3,25],"is_endless":false,"potions_floor_spawned":[1,2,4,12,13,14,18,20,27,35,38,39],"killed_by":"Reptomancer","ascension_level":20}}