{"host":"kgj3hkp928synzkd","time":1609238073,"event":{"mods":["2.2 Compatiblity","A Magickal Journey","AchievementEnabler","Act Like it!","AlwaysNeverKeys","BaseMod","Better Altar","Better Match","Better Note","Better Sensory Stone","Better Synergies","Better Third Choice","Better Vampires","Block Reminder","Colored Map","Colored Powertips","Conspire","Curses Come First","Disable Question Mark Monsters","Downfall","GifTheSpireLib","Googly Eyes","Gremlin Skip","GungeonMod","Hallownest","Infinite Spire","Luminous","Marisa????????","Marked Mod","Minty Spire (QoL Compilation)","Permanent Neow","Quick Restart","Random Character Button","Rare Cards Sparkle","Replay The Spire","Spicy Shops","StSLib","SuperFastMode","The Bug Knight","The Exalted","Uncapped"],"gold_per_floor":[118,128,128,43,43,43,43,63,118,118,118,160,15,28,28,136,136,148,77,86,95,20,29,41,41,41,50,116,154,154,174,174,284,284,304,229,229,247,262,271,271,291,291,317,317,317],"floor_reached":45,"playtime":5433,"items_purged":[],"score":454,"play_id":"734c3181-a802-4e78-8a28-07d0d5579af7","local_time":"20201229053433","is_ascension_mode":false,"campfire_choices":[{"floor":6,"key":"REST"},{"floor":11,"key":"REST"},{"data":"Magnetism","floor":15,"key":"SMITH"},{"floor":23,"key":"REST"},{"floor":27,"key":"REST"},{"floor":32,"key":"REST"},{"floor":40,"key":"REST"}],"circlet_count":0,"master_deck":["Strike_MRS","Strike_MRS","Strike_MRS+1","Strike_MRS","Defend_MRS","Defend_MRS","Defend_MRS","Defend_MRS","MasterSpark+1","UpSweep","Magnetism+1","MachineGunSpark","6A","OortCloud+1","EnergyFlow+1","MagicAbsorber+1","MillisecondPulsars","StarBarrage","SatelliteIllusion","Hallownest:skillCityofTearsMap","infinitespire:Oblivion","Hallownest:attackMasterCycloneSlash","MagicChant","MysteriousBeam","NonDirectionalLaser","SprinkleStarSeal","CasketOfStar","PowerUp","AscendersBane","OrrerysSun","IllusionStar+1","GalacticHalo"],"relics":["MiniHakkero","TungstenRod","Hallownest:DreamNailRelic","CeramicFish","DemoMod:Orange","Dream Catcher","Red Mask","infinitespire:EmpoweringShard","ReplayTheSpireMod:Lightbulb","Busted Crown","Eternal Feather"],"acts_visited":["Exordium","Hallownest:Greenpath","Hallownest:CityofTears"],"potions_floor_usage":[28,28,29,39,44],"damage_taken":[{"damage":7,"enemies":"Hallownest:2_MossCreeps","floor":1,"turns":4},{"damage":6,"enemies":"Hallownest:monsterHuskWarrior","floor":2,"turns":4},{"damage":8,"enemies":"Hallownest:2_Baldur","floor":8,"turns":6},{"damage":6,"enemies":"Hallownest:eliteVengeflyKing","floor":12,"turns":10},{"damage":1,"enemies":"Hallownest:MossCreep_and_Mosskin","floor":14,"turns":6},{"damage":24,"enemies":"Hallownest:BossFalseKnight","floor":16,"turns":10},{"damage":20,"enemies":"Hallownest:2_Mistakes","floor":18,"turns":9},{"damage":33,"enemies":"Hallownest:Guard_and_Sentry","floor":24,"turns":7},{"damage":0,"enemies":"Hallownest:Glutton_and_Coward","floor":28,"turns":5},{"damage":26,"enemies":"Hallownest:eliteWatcherKnight","floor":29,"turns":13},{"damage":30,"enemies":"Hallownest:3_Mistakes","floor":31,"turns":8},{"damage":28,"enemies":"Hallownest:BossGrimm","floor":33,"turns":14},{"damage":37,"enemies":"Hallownest:2_Littles","floor":35,"turns":6},{"damage":20,"enemies":"Hallownest:3_Siblings","floor":39,"turns":7},{"damage":25,"enemies":"Hallownest:2_Wing_and_1_Kings","floor":42,"turns":8},{"damage":19,"enemies":"Hallownest:monsterPrimalAspid","floor":44,"turns":4},{"damage":15,"enemies":"Hallownest:Xero_Hu_Marmu","floor":45,"turns":2}],"seed_played":"-8456963374140794900","potions_obtained":[{"floor":1,"key":"DistilledChaos"},{"floor":8,"key":"DemoMod:LeadSkinPotion"},{"floor":28,"key":"Fruit Juice"},{"floor":33,"key":"Weak Potion"},{"floor":35,"key":"Explosive Potion"},{"floor":44,"key":"LiquidBronze"}],"is_trial":false,"path_per_floor":["M","M","?","$","?","R","?","M","T","?","R","E","$","M","R","B",null,"M","?","?","?","?","R","M","?","T","R","M","E","T","M","R_BF","B",null,"M","?","?","?","M","R","$","M","T","M","M"],"character_chosen":"MARISA","items_purchased":["TungstenRod","Dream Catcher"],"campfire_rested":6,"item_purchase_floors":[4,13],"current_hp_per_floor":[61,55,55,55,55,68,68,60,60,52,68,74,74,73,73,49,80,60,60,41,41,41,65,32,32,32,56,61,35,35,5,30,2,85,48,48,48,48,28,53,53,28,28,9,0,0],"gold":317,"neow_bonus":"RANDOM_COLORLESS_2","is_daily":false,"chose_seed":false,"campfire_upgraded":1,"win_rate":0.0,"timestamp":1609238073,"path_taken":["M","M","?","?","?","R","?","?","T","?","R","E","$","?","R","BOSS","M","?","?","?","?","R","M","?","T","R","?","E","?","M","R_BF","BOSS","M","?","?","?","M","R","?","M","T","M","M"],"items_purchased_type":["Relic","Relic"],"build_version":"2020-12-22","purchased_purges":0,"victory":false,"max_hp_per_floor":[68,68,68,68,68,68,68,68,68,68,68,80,80,80,80,80,80,80,80,80,80,80,80,80,80,80,80,85,85,85,85,85,85,85,85,85,85,85,85,85,85,85,85,85,85,85],"card_choices":[{"not_picked":["expansioncontent:QuickStudy","Master of Strategy"],"picked":"Magnetism","floor":0},{"not_picked":["WitchLeyline","Singularity"],"picked":"MachineGunSpark","floor":1},{"not_picked":["SporeBomb","OortCloud"],"picked":"6A","floor":2},{"not_picked":["BlazeAway+1","ManaConvection+1"],"picked":"OortCloud+1","floor":3},{"not_picked":["GasGiant+1","ManaConvection+1"],"picked":"EnergyFlow+1","floor":3},{"not_picked":["StarlightTyphoon+1","StarBarrage+1"],"picked":"MagicAbsorber+1","floor":3},{"not_picked":["WitchOfGreed","DC"],"picked":"MillisecondPulsars","floor":8},{"not_picked":["Acceleration","StarBarrage","GravityBeat"],"picked":"SKIP","floor":12},{"not_picked":["Acceleration","StarBarrage","GravityBeat"],"picked":"SKIP","floor":12},{"not_picked":["Acceleration","GravityBeat"],"picked":"StarBarrage","floor":12},{"not_picked":["EnergyFlow","UnstableBomb","ShootTheMoon"],"picked":"SKIP","floor":14},{"not_picked":["CollectingQuirk","MillisecondPulsars"],"picked":"SatelliteIllusion","floor":16},{"not_picked":["Acceleration+1","OortCloud","UnstableBomb+1"],"picked":"SKIP","floor":18},{"not_picked":["infinitespire:Execution","infinitespire:Punishment"],"picked":"infinitespire:Oblivion","floor":20},{"not_picked":["DarkMatter","MysteriousBeam"],"picked":"MagicChant","floor":23},{"not_picked":["Acceleration","6A","ChargeUpSpray"],"picked":"SKIP","floor":24},{"not_picked":["FairyDestructionRay","SporeBomb"],"picked":"MysteriousBeam","floor":27},{"not_picked":["SuperPerseids+1","SporeBomb"],"picked":"NonDirectionalLaser","floor":28},{"not_picked":["ShootingEcho","MysteriousBeam"],"picked":"SprinkleStarSeal","floor":29},{"not_picked":["MilkyWay","JA","WitchOfGreed"],"picked":"SKIP","floor":31},{"not_picked":["AbsoluteMagnitude","UltimateShortwave"],"picked":"CasketOfStar","floor":33},{"not_picked":[],"picked":"PowerUp","floor":35},{"not_picked":["ChargingUp"],"picked":"SKIP","floor":39},{"not_picked":[],"picked":"IllusionStar+1","floor":40},{"not_picked":["Occultation"],"picked":"SKIP","floor":42},{"not_picked":[],"picked":"GalacticHalo","floor":44}],"player_experience":300407,"relics_obtained":[{"floor":9,"key":"CeramicFish"},{"floor":12,"key":"DemoMod:Orange"},{"floor":29,"key":"infinitespire:EmpoweringShard"},{"floor":30,"key":"ReplayTheSpireMod:Lightbulb"},{"floor":43,"key":"Eternal Feather"}],"event_choices":[{"damage_healed":0,"gold_gain":0,"player_choice":"3","damage_taken":0,"max_hp_gain":0,"max_hp_loss":0,"event_name":"betterMatch:BetterMatch","floor":3,"gold_loss":0,"cards_obtained":["betterMatch:UncommonCard"]},{"damage_healed":0,"gold_gain":0,"player_choice":"2","damage_taken":0,"max_hp_gain":0,"max_hp_loss":0,"event_name":"betterMatch:BetterMatch","floor":22,"gold_loss":0,"cards_obtained":[]},{"damage_healed":0,"gold_gain":0,"player_choice":"3","damage_taken":0,"max_hp_gain":0,"max_hp_loss":0,"event_name":"betterMatch:BetterMatch","floor":36,"gold_loss":0,"cards_obtained":[]},{"damage_healed":0,"gold_gain":3,"player_choice":"3","damage_taken":0,"max_hp_gain":0,"max_hp_loss":0,"event_name":"betterStone:BetterStone","floor":38,"gold_loss":0,"cards_obtained":["OrrerysSun"]}],"is_beta":false,"boss_relics":[{"not_picked":["Astrolabe","conspire:SlowCooker","RampagingMagicTools"]},{"not_picked":["SacredBark","Ring of Chaos"],"picked":"Busted Crown"}],"items_purged_floors":[],"is_endless":false,"potions_floor_spawned":[1,8,16,28,33,35,44],"killed_by":"Hallownest:Xero_Hu_Marmu","ascension_level":0}}