{"host":"i0avyit1s6jb1siw","time":1609261183,"event":{"mods":["BaseMod","DeckTracker","Dota2Spire","Highlight Path","Minty Spire (QoL Compilation)","Quick Restart","Replay The Spire","StSLib","SuperFastMode"],"gold_per_floor":[109,123,123,4,19,19,54,74,74,92,92,127,146,157,157,230,230,242,78,96,115,131,164,182,211,286,317,317,336,371,388,388,460,460,475,475,259,269,269,300,318,332,357,357,386,404,436,461,461,461,461,461,461,180,215,215,215],"floor_reached":56,"playtime":2142,"items_purged":["Strike_R","Strike_R","Strike_R+1"],"score":2691,"play_id":"8767bf1d-1d61-4802-953f-c6d18cefc1a3","local_time":"20201229175943","is_ascension_mode":true,"campfire_choices":[{"data":"Inflame","floor":6.0,"key":"SMITH"},{"data":"ReplayTheSpireMod:LeadingStrike","floor":15.0,"key":"SMITH"},{"floor":28.0,"key":"RECALL"},{"floor":32.0,"key":"REST"},{"floor":44.0,"key":"REST"},{"floor":53,"key":"REST"}],"circlet_count":0,"master_deck":["AscendersBane","Defend_R+1","Defend_R","Defend_R+1","Bash+1","Inflame+1","Pommel Strike+1","Wild Strike+1","Perfected Strike","Twin Strike","Shrug It Off","ReplayTheSpireMod:LeadingStrike+1","Spot Weakness","Power Through","AbeCurse","Sword Boomerang+1","Perfected Strike+1","Corruption+1","Shockwave","Burning Pact","Shrug It Off","Pommel Strike+1","Armaments+1","Heavy Blade+1","Dark Embrace+1","Barricade","Feel No Pain+1","Apotheosis","PanicButton","Disarm+1","Sentinel","Shockwave","ReplayTheSpireMod:Stacked","Body Slam+1","Shrug It Off","Second Wind","True Grit+1"],"relics":["Burning Blood","Gremlin Food","Dota2Spire:MagicBottle","Iron Hammer","Replay:Grab Bag","Abe\u0027s Treasure","Velvet Choker","Snecko Eye","Astrolabe","Bag of Preparation","Chameleon Ring","Happy Flower","Dota2Spire:ArmletOfMordiggian","Snack Pack","ReplayTheSpireMod:DimensionalGlitch","Membership Card","Another Sword","ReplayTheSpireMod:Lightbulb","Question Card","Mango","Charon\u0027s Ashes","Replay:Rubber Ducky","King of Hearts","Blue Doll"],"acts_visited":["Exordium","TheCity","TheBeyond","TheEnding"],"potions_floor_usage":[50,56],"damage_taken":[{"damage":5.0,"enemies":"Small Slimes","floor":1.0,"turns":4.0},{"damage":2.0,"enemies":"2 Louse","floor":2.0,"turns":3.0},{"damage":0.0,"enemies":"Cultist","floor":5.0,"turns":2.0},{"damage":30.0,"enemies":"Lagavulin","floor":7.0,"turns":6.0},{"damage":0.0,"enemies":"3 Louse","floor":8.0,"turns":3.0},{"damage":8.0,"enemies":"Blue Slaver","floor":10.0,"turns":3.0},{"damage":12.0,"enemies":"3 Sentries","floor":12.0,"turns":7.0},{"damage":21.0,"enemies":"Exordium Thugs","floor":13.0,"turns":5.0},{"damage":9.0,"enemies":"Exordium Wildlife","floor":14.0,"turns":3.0},{"damage":29.0,"enemies":"The Guardian","floor":16.0,"turns":14.0},{"damage":13.0,"enemies":"Shell Parasite","floor":18.0,"turns":2.0},{"damage":0.0,"enemies":"2 Thieves","floor":20.0,"turns":2.0},{"damage":0.0,"enemies":"Snecko","floor":21.0,"turns":3.0},{"damage":6.0,"enemies":"Cultist and Chosen","floor":22.0,"turns":4.0},{"damage":7.0,"enemies":"Gremlin Leader","floor":23.0,"turns":4.0},{"damage":7.0,"enemies":"Chosen and Byrds","floor":24.0,"turns":4.0},{"damage":36.0,"enemies":"Slavers","floor":25.0,"turns":5.0},{"damage":15.0,"enemies":"Replay:Snechameleon","floor":27.0,"turns":3.0},{"damage":0.0,"enemies":"3 Cultists","floor":29.0,"turns":3.0},{"damage":19.0,"enemies":"Gremlin Leader","floor":30.0,"turns":3.0},{"damage":0.0,"enemies":"Centurion and Healer","floor":31.0,"turns":2.0},{"damage":16.0,"enemies":"Pondfish","floor":33.0,"turns":6.0},{"damage":2.0,"enemies":"3 Darklings","floor":35.0,"turns":3.0},{"damage":0.0,"enemies":"Orb Walker","floor":38.0,"turns":3.0},{"damage":22.0,"enemies":"R_Hoarder","floor":40.0,"turns":6.0},{"damage":4.0,"enemies":"Transient","floor":41.0,"turns":6.0},{"damage":0.0,"enemies":"Maw","floor":42.0,"turns":5.0},{"damage":0.0,"enemies":"Giant Head","floor":45.0,"turns":6.0},{"damage":6.0,"enemies":"4 Shapes","floor":46.0,"turns":4.0},{"damage":0,"enemies":"Nemesis","floor":47,"turns":5},{"damage":0,"enemies":"Mind Bloom Boss Battle","floor":48,"turns":5},{"damage":47,"enemies":"Awakened One","floor":50,"turns":7},{"damage":42,"enemies":"Donu and Deca","floor":51,"turns":8},{"damage":15,"enemies":"Shield and Spear","floor":55,"turns":6},{"damage":84,"enemies":"The Heart","floor":56,"turns":8}],"seed_played":"5779150668061844380","potions_obtained":[{"floor":7.0,"key":"SpeedPotion"},{"floor":8.0,"key":"SmokeBomb"},{"floor":14.0,"key":"Dota2Spire:HealingSalve"},{"floor":16.0,"key":"Block Potion"},{"floor":25.0,"key":"SteroidPotion"},{"floor":33.0,"key":"ColorlessPotion"},{"floor":49,"key":"Strength Potion"}],"is_trial":false,"path_per_floor":["M","M","?","$","M","R","E","M","T","M","?","E","M","M","R","B",null,"M","$","M","M","M","E","M","E","T","E","R","M","E","M","R","B",null,"M","?","$","M","?","E","M","M","T","R","E","M","E","?","R","B","B",null,"R","$","E","B"],"character_chosen":"IRONCLAD","items_purchased":["Wild Strike+1","Bag of Preparation","Membership Card","Replay:Rubber Ducky","King of Hearts","Weak Potion","Second Wind"],"campfire_rested":3,"item_purchase_floors":[4,19,37,54,54,54,54],"current_hp_per_floor":[69,73,50,50,56,56,32,38,38,42,42,36,21,24,24,19,61,54,54,60,66,66,65,64,40,40,31,31,43,33,43,65,61,72,74,59,59,62,62,47,49,54,54,75,75,73,89,89,89,47,12,70,89,89,80,0,0],"gold":215,"neow_bonus":"UPGRADE_CARD","is_daily":false,"chose_seed":false,"campfire_upgraded":2,"win_rate":0.0,"timestamp":1609261183,"path_taken":["M","M","?","$","M","R","E","M","T","M","?","E","?","M","R","BOSS","M","$","M","M","M","E","M","E","T","E","R","M","E","M","R","BOSS","M","?","$","M","?","E","M","M","T","R","E","?","E","?","R","BOSS","BOSS","R","$","E","BOSS"],"items_purchased_type":["Card","Relic","Relic","Relic","Relic","Potion","Card"],"build_version":"2020-12-22","purchased_purges":3,"victory":false,"max_hp_per_floor":[75,75,75,75,75,75,75,75,75,75,75,75,75,75,75,75,75,75,75,75,75,75,75,75,75,75,75,75,75,75,75,75,75,75,75,75,75,75,75,75,75,75,75,75,75,75,89,89,89,89,89,89,89,89,89,89,89],"card_choices":[{"not_picked":["Armaments","Wild Strike"],"picked":"Inflame","floor":1.0},{"not_picked":["Warcry","Clothesline"],"picked":"Pommel Strike","floor":2.0},{"not_picked":["Rupture","Run Through"],"picked":"Perfected Strike","floor":5.0},{"not_picked":["Sword Boomerang","Armaments"],"picked":"Twin Strike","floor":7.0},{"not_picked":["Run Through","Replay:Undeath\u0027s Touch"],"picked":"Shrug It Off","floor":8.0},{"not_picked":["Pommel Strike","Reckless Charge","Thunderclap"],"picked":"SKIP","floor":10.0},{"not_picked":["ReplayTheSpireMod:Corrosion Curse","Sword Boomerang"],"picked":"ReplayTheSpireMod:LeadingStrike","floor":12.0},{"not_picked":["Power Through","Feel No Pain"],"picked":"Spot Weakness","floor":13.0},{"not_picked":["Second Wind","Iron Wave"],"picked":"Power Through","floor":14.0},{"not_picked":["Replay:Many Hands","Offering"],"picked":"Corruption","floor":16.0},{"not_picked":["Twin Strike","Ghostly Armor"],"picked":"Shockwave","floor":18.0},{"not_picked":["Clothesline","Twin Strike","ReplayTheSpireMod:LeadingStrike"],"picked":"SKIP","floor":20.0},{"not_picked":["Brutality","Wild Strike"],"picked":"Burning Pact","floor":21.0},{"not_picked":["Wild Strike","Warcry"],"picked":"Shrug It Off","floor":22.0},{"not_picked":["ReplayTheSpireMod:Strike From Hell","Juggernaut"],"picked":"Pommel Strike+1","floor":23.0},{"not_picked":["Thunderclap","Whirlwind"],"picked":"Armaments+1","floor":24.0},{"not_picked":["ReplayTheSpireMod:Strike From Hell","ReplayReversal","Replay:Undeath\u0027s Touch"],"picked":"SKIP","floor":25.0},{"not_picked":["Combust","Twin Strike"],"picked":"Heavy Blade+1","floor":27.0},{"not_picked":["Havoc","Perfected Strike+1","Combust"],"picked":"SKIP","floor":29.0},{"not_picked":["Eclipse","Replay:Many Hands","Wild Strike"],"picked":"SKIP","floor":30.0},{"not_picked":["ReplayTheSpireMod:Corrosion Curse","Sword Boomerang"],"picked":"Dark Embrace+1","floor":31.0},{"not_picked":["Brutality","Impervious"],"picked":"Barricade","floor":33.0},{"not_picked":["Clash+1","Pommel Strike"],"picked":"Feel No Pain","floor":35.0},{"not_picked":["Survey Options","PanicButton"],"picked":"Apotheosis","floor":36.0},{"not_picked":["Survey Options","Jack Of All Trades"],"picked":"PanicButton","floor":36.0},{"not_picked":["Bloodletting","Infernal Blade"],"picked":"Disarm","floor":38.0},{"not_picked":["Hemokinesis","Feel No Pain"],"picked":"Sentinel","floor":40.0},{"not_picked":["Iron Wave","Sword Boomerang"],"picked":"Shockwave","floor":41.0},{"not_picked":["Defy Death","Combust","Replay:Undeath\u0027s Touch"],"picked":"SKIP","floor":42.0},{"not_picked":["Abandon","ReplayTheSpireMod:Stacked","Headbutt"],"picked":"SKIP","floor":45.0},{"not_picked":["Abandon","Headbutt"],"picked":"ReplayTheSpireMod:Stacked","floor":45.0},{"not_picked":["Replay:Undeath\u0027s Touch","Sever Soul","Clash"],"picked":"Body Slam+1","floor":46.0},{"not_picked":["Warcry","Intimidate+1","Body Slam","Massacre"],"picked":"SKIP","floor":47},{"not_picked":["Corruption","Abandon","Thunderclap+1"],"picked":"Shrug It Off","floor":48},{"not_picked":["Whirlwind","Warcry","Dropkick"],"picked":"True Grit+1","floor":55}],"player_experience":2131605,"relics_obtained":[{"floor":7.0,"key":"Gremlin Food"},{"floor":9.0,"key":"Dota2Spire:MagicBottle"},{"floor":12.0,"key":"Iron Hammer"},{"floor":23.0,"key":"Chameleon Ring"},{"floor":25.0,"key":"Happy Flower"},{"floor":27.0,"key":"Dota2Spire:ArmletOfMordiggian"},{"floor":30.0,"key":"Snack Pack"},{"floor":40.0,"key":"Another Sword"},{"floor":43.0,"key":"ReplayTheSpireMod:Lightbulb"},{"floor":45.0,"key":"Question Card"},{"floor":47,"key":"Mango"},{"floor":48,"key":"Charon\u0027s Ashes"},{"floor":55,"key":"Blue Doll"}],"event_choices":[{"damage_healed":0.0,"max_hp_gain":0.0,"max_hp_loss":0.0,"gold_gain":0.0,"event_name":"Shining Light","player_choice":"Entered Light","floor":3.0,"gold_loss":0.0,"damage_taken":23.0,"cards_upgraded":["Strike_R","Pommel Strike"]},{"cards_removed":["Strike_R"],"damage_healed":0.0,"max_hp_gain":0.0,"max_hp_loss":0.0,"gold_gain":0.0,"event_name":"Purifier","player_choice":"Purged","floor":11.0,"gold_loss":0.0,"damage_taken":0.0},{"damage_healed":0.0,"max_hp_gain":0.0,"max_hp_loss":0.0,"gold_gain":0.0,"event_name":"SensoryStone","player_choice":"Memory 3","floor":36.0,"gold_loss":0.0,"damage_taken":10.0},{"damage_healed":0.0,"max_hp_gain":0.0,"max_hp_loss":0.0,"gold_gain":0.0,"event_name":"Upgrade Shrine","player_choice":"Upgraded","floor":39.0,"gold_loss":0.0,"damage_taken":0.0,"cards_upgraded":["Feel No Pain"]},{"damage_healed":0,"gold_gain":0,"player_choice":"Fight","damage_taken":0,"max_hp_gain":0,"max_hp_loss":0,"event_name":"MindBloom","floor":48,"gold_loss":0}],"is_beta":false,"boss_relics":[{"not_picked":["Honey Jar","Runic Pyramid"],"picked":"Replay:Grab Bag"},{"not_picked":["Philosopher\u0027s Stone","Ooze Armor"],"picked":"Abe\u0027s Treasure"},{"not_picked":["Runic Dome","Ectoplasm"],"picked":"Velvet Choker"},{"not_picked":["Empty Cage","Pandora\u0027s Box"],"picked":"Snecko Eye"},{"not_picked":["Replay:Drink Me","Kintsugi"],"picked":"Astrolabe"},{"not_picked":["Electric Blood","Replay:Ancient Bell"],"picked":"ReplayTheSpireMod:DimensionalGlitch"}],"items_purged_floors":[4,37,54],"is_endless":false,"potions_floor_spawned":[7,8,14,16,22,23,25,27,29,31,33,40,42,48],"killed_by":"The Heart","ascension_level":20}}