{"host":"qxeepl7ydvsgmfdb","time":1609262175,"event":{"mods":["AchievementEnabler","BaseMod","Colored Powertips","Minty Spire (QoL Compilation)","Quick Restart","slay the spire mod where everything is the same but ironclad has a cowboy hat"],"gold_per_floor":[117,192,192,207,84,84,7,33,60,90,103,131,149,149,149],"floor_reached":14,"playtime":284,"items_purged":["Strike_G"],"score":173,"play_id":"14ca52d6-de94-4da6-ba93-401dbaa9ea89","local_time":"20201229121615","is_ascension_mode":true,"campfire_choices":[{"data":"Slice","floor":6.0,"key":"SMITH"}],"circlet_count":0,"master_deck":["Strike_G","Strike_G","Strike_G","Strike_G","Defend_G","Defend_G","Defend_G","Defend_G","Defend_G","Survivor","Neutralize","Dagger Spray+1","Slice","Slice+1","Noxious Fumes","Sucker Punch","Backflip","Backstab","Cloak And Dagger","Deadly Poison"],"relics":["Ring of the Snake","NeowsBlessing","Anchor","Tiny Chest","Ornamental Fan","MealTicket"],"acts_visited":["Exordium"],"potions_floor_usage":[12,14],"damage_taken":[{"damage":0.0,"enemies":"Jaw Worm","floor":1.0,"turns":1.0},{"damage":0.0,"enemies":"2 Louse","floor":4.0,"turns":1.0},{"damage":0.0,"enemies":"Gremlin Nob","floor":8.0,"turns":1.0},{"damage":22.0,"enemies":"3 Sentries","floor":10.0,"turns":6.0},{"damage":0.0,"enemies":"Cultist","floor":11.0,"turns":2.0},{"damage":17,"enemies":"Gremlin Nob","floor":12,"turns":4},{"damage":0,"enemies":"2 Fungi Beasts","floor":13,"turns":3},{"damage":26,"enemies":"Lagavulin","floor":14,"turns":5}],"seed_played":"-1754405590424055614","potions_obtained":[{"floor":1.0,"key":"SkillPotion"},{"floor":11.0,"key":"FearPotion"},{"floor":12,"key":"Ancient Potion"}],"is_trial":false,"path_per_floor":["M","?","?","M","$","R","$","E","T","E","M","E","M","E"],"character_chosen":"THE_SILENT","items_purchased":["Slice","Noxious Fumes"],"campfire_rested":0,"item_purchase_floors":[5,7],"current_hp_per_floor":[63,52,52,52,52,52,52,52,52,30,30,13,13,0,0],"gold":149,"neow_bonus":"THREE_ENEMY_KILL","is_daily":false,"chose_seed":false,"campfire_upgraded":1,"win_rate":0.0,"timestamp":1609262175,"path_taken":["M","?","?","M","?","R","$","E","T","E","M","E","M","E"],"items_purchased_type":["Card","Card"],"build_version":"2020-12-22","purchased_purges":1,"victory":false,"max_hp_per_floor":[70,70,70,70,70,70,70,70,70,70,70,70,70,70,70],"card_choices":[{"not_picked":["Terror","Infinite Blades"],"picked":"Dagger Spray","floor":1.0},{"not_picked":["Backflip","Quick Slash"],"picked":"Slice","floor":4.0},{"not_picked":["Acrobatics","Dodge and Roll"],"picked":"Sucker Punch","floor":8.0},{"not_picked":["Accuracy","Storm of Steel"],"picked":"Backflip","floor":10.0},{"not_picked":["Underhanded Strike","Sucker Punch"],"picked":"Backstab","floor":11.0},{"not_picked":["Sucker Punch","Prepared"],"picked":"Cloak And Dagger","floor":12},{"not_picked":["Heel Hook","Dodge and Roll"],"picked":"Deadly Poison","floor":13}],"player_experience":298829,"relics_obtained":[{"floor":8.0,"key":"Anchor"},{"floor":9.0,"key":"Tiny Chest"},{"floor":10.0,"key":"Ornamental Fan"},{"floor":12,"key":"MealTicket"}],"event_choices":[{"damage_healed":0.0,"max_hp_gain":0.0,"max_hp_loss":0.0,"gold_gain":75.0,"event_name":"World of Goop","player_choice":"Gather Gold","floor":2.0,"gold_loss":0.0,"damage_taken":11.0},{"damage_healed":0.0,"max_hp_gain":0.0,"max_hp_loss":0.0,"gold_gain":0.0,"event_name":"Living Wall","player_choice":"Grow","floor":3.0,"gold_loss":0.0,"damage_taken":0.0,"cards_upgraded":["Dagger Spray"]}],"is_beta":false,"boss_relics":[],"items_purged_floors":[5],"is_endless":false,"potions_floor_spawned":[1,11,12],"killed_by":"Lagavulin","ascension_level":6}}