{"host":"eocn4tduyrehyy81","time":1609216392,"event":{"mods":["AchievementEnabler","Aspiration","BaseMod","BetterRewards","Custom Start","Minty Spire (QoL Compilation)","Replay The Spire","StSLib"],"gold_per_floor":[114,38,57,57,82,82,97,128,128,128,141,141,12,28,28,28,28],"floor_reached":16,"playtime":910,"items_purged":[],"score":150,"play_id":"3e29dbd7-791f-4d59-94ec-a6887d62222f","local_time":"20201228223312","is_ascension_mode":false,"campfire_choices":[{"data":"Enlightenment","floor":6,"key":"SMITH"},{"floor":10,"key":"REST"},{"floor":15,"key":"REST"}],"circlet_count":0,"master_deck":["Strike_G","Strike_G","Strike_G","Strike_G","Strike_G","Defend_G","Defend_G","Defend_G","Defend_G","Defend_G","Survivor","Neutralize","Amnesia","Deflect","Enlightenment+1","Deadly Poison","Crippling Poison+1","Bane","Underhanded Strike","Flying Knee","Slice","Panache+1","ReplayTheSpireMod:Private Reserves","Swift Strike","PiercingWail"],"relics":["Ring of the Snake","ReplayTheSpireMod:CursedCoin","Toy Ornithopter","Ginger","Meat on the Bone","Gremlin Food","ReplayTheSpireMod:ShopPack"],"acts_visited":["Exordium"],"potions_floor_usage":[8,16],"damage_taken":[{"damage":0,"enemies":"2 Louse","floor":1,"turns":4},{"damage":5,"enemies":"Jaw Worm","floor":3,"turns":4},{"damage":0,"enemies":"Small Slimes","floor":7,"turns":2},{"damage":19,"enemies":"Replay:BlueRogue","floor":8,"turns":6},{"damage":9,"enemies":"3 Louse","floor":11,"turns":3},{"damage":11,"enemies":"Looter","floor":14,"turns":4},{"damage":72,"enemies":"Hexaghost","floor":16,"turns":14}],"seed_played":"-6247684535124910673","potions_obtained":[{"floor":7,"key":"LiquidBronze"},{"floor":11,"key":"Energy Potion"}],"is_trial":false,"path_per_floor":["M","$","M","?","T","R","M","E","T","R","M","?","$","M","R","B"],"character_chosen":"THE_SILENT","items_purchased":["ReplayTheSpireMod:CursedCoin","Deflect","Enlightenment","Crippling Poison","ReplayTheSpireMod:ShopPack"],"campfire_rested":2,"item_purchase_floors":[0,0,0,2,13],"current_hp_per_floor":[70,70,65,65,65,65,65,51,51,70,61,58,58,47,68,0,0],"gold":28,"neow_bonus":"","is_daily":false,"chose_seed":false,"campfire_upgraded":1,"win_rate":0.0,"timestamp":1609216392,"path_taken":["M","$","M","?","?","R","M","E","T","R","M","?","$","M","R","BOSS"],"items_purchased_type":["Relic","Card","Card","Card","Relic"],"build_version":"2020-12-22","purchased_purges":0,"victory":false,"max_hp_per_floor":[70,70,70,70,70,70,70,70,70,70,70,70,70,70,70,70,70],"card_choices":[{"not_picked":["Sneak Up","Flechettes"],"picked":"Deadly Poison","floor":1},{"not_picked":["PiercingWail","Underhanded Strike"],"picked":"Bane","floor":3},{"not_picked":["Sucker Punch","Cloak And Dagger"],"picked":"Underhanded Strike","floor":7},{"not_picked":["Blade Dance","Skewer"],"picked":"Flying Knee","floor":8},{"not_picked":["Tactician","Infinite Blades"],"picked":"Slice","floor":11},{"not_picked":["Violence","Crow Ritual"],"picked":"Panache","floor":13},{"not_picked":["Finesse","Jack Of All Trades"],"picked":"ReplayTheSpireMod:Private Reserves","floor":13},{"not_picked":["ReplayTheSpireMod:Private Reserves","Forethought"],"picked":"Swift Strike","floor":13},{"not_picked":["Underhanded Strike","Backflip"],"picked":"PiercingWail","floor":14}],"player_experience":24429,"relics_obtained":[{"floor":5,"key":"Toy Ornithopter"},{"floor":8,"key":"Ginger"},{"floor":9,"key":"Meat on the Bone"}],"event_choices":[{"damage_healed":0,"gold_gain":0,"player_choice":"Grow","damage_taken":0,"max_hp_gain":0,"max_hp_loss":0,"event_name":"Living Wall","floor":4,"gold_loss":0,"cards_upgraded":["Crippling Poison"]},{"damage_healed":0,"gold_gain":0,"player_choice":"Success","damage_taken":3,"relics_obtained":["Gremlin Food"],"max_hp_gain":0,"max_hp_loss":0,"event_name":"Scrap Ooze","floor":12,"gold_loss":0}],"is_beta":false,"boss_relics":[],"items_purged_floors":[],"is_endless":false,"potions_floor_spawned":[7,11],"killed_by":"Hexaghost","ascension_level":0}}