{"host":"0cgp910o8339lr91","time":1609277132,"event":{"mods":["BaseMod","Colored Map","Filter the Spire","Minty Spire (QoL Compilation)","Relic Stats","Slay-I","ojb\u0027s Better Paths Mod","ojb\u0027s Info Mod"],"gold_per_floor":[117,117,132,132,153,192,205,245,271,271,296,117,117,160,160,289,289,303,303,55,88,187,225,225,305,305,305,373,421,459,459,459,608,608,657,400,519,216,260,320,408,408,408,408,457,515,539,578,578,578,578,578,19,50,50],"floor_reached":56,"playtime":67086,"items_purged":[],"score":2213,"play_id":"36ed4a44-f127-48c9-a6f5-5b26ed14068c","local_time":"20201229222532","is_ascension_mode":true,"campfire_choices":[{"data":"Adaptation","floor":10.0,"key":"SMITH"},{"data":"Vault","floor":13.0,"key":"SMITH"},{"data":"Adaptation","floor":15.0,"key":"SMITH"},{"data":"Omniscience","floor":24.0,"key":"SMITH"},{"data":"HandOfGreed","floor":27.0,"key":"SMITH"},{"data":"Wallop","floor":32.0,"key":"SMITH"},{"data":"Blasphemy","floor":42.0,"key":"SMITH"},{"data":"WindmillStrike","floor":44.0,"key":"SMITH"},{"floor":49.0,"key":"RECALL"},{"data":"1","floor":52.0,"key":"LIFT"}],"circlet_count":0,"master_deck":["AscendersBane","Eruption","Vigilance","MasterReality","Crescendo","EmptyMind","EmptyBody","Blasphemy+1","Adaptation+1","ForeignInfluence","FlyingSleeves","DeceiveReality","FlurryOfBlows","Vault+1","BattleHymn","Adaptation+1","Tantrum","Omniscience+1","Necronomicurse","HandOfGreed+1","WindmillStrike+1","Wallop+1","Wish","EmptyFist+1","Meditate","WheelKick","CurseOfTheBell","Wallop+1","EmptyBody+1","EmptyBody+1"],"relics":["Pandora\u0027s Box","Golden Idol","FaceOfCleric","Nunchaku","Regal Pillow","Juzu Bracelet","Lantern","Bag of Marbles","Coffee Dripper","Necronomicon","Darkstone Periapt","Tiny Chest","TeardropLocket","Potion Belt","Sundial","Calling Bell","Centennial Puzzle","White Beast Statue","Lizard Tail","Kunai","Turnip","ClockworkSouvenir","Oddly Smooth Stone","Toy Ornithopter","CloakClasp","Girya","Dream Catcher","Dead Branch","Lee\u0027s Waffle","GoldenEye"],"acts_visited":["Exordium","TheCity","TheBeyond","TheEnding"],"potions_floor_usage":[55,55,55],"damage_taken":[{"damage":0.0,"enemies":"Small Slimes","floor":1.0,"turns":3.0},{"damage":0.0,"enemies":"Cultist","floor":3.0,"turns":3.0},{"damage":1.0,"enemies":"Jaw Worm","floor":5.0,"turns":5.0},{"damage":0.0,"enemies":"Lagavulin","floor":6.0,"turns":6.0},{"damage":7.0,"enemies":"Blue Slaver","floor":7.0,"turns":7.0},{"damage":2.0,"enemies":"Gremlin Nob","floor":8.0,"turns":3.0},{"damage":0.0,"enemies":"Large Slime","floor":11.0,"turns":3.0},{"damage":0.0,"enemies":"Lagavulin","floor":14.0,"turns":5.0},{"damage":0.0,"enemies":"Slime Boss","floor":16.0,"turns":5.0},{"damage":0.0,"enemies":"3 Byrds","floor":18.0,"turns":3.0},{"damage":0.0,"enemies":"2 Thieves","floor":21.0,"turns":3.0},{"damage":0.0,"enemies":"Gremlin Leader","floor":23.0,"turns":5.0},{"damage":14.0,"enemies":"Slavers","floor":25.0,"turns":4.0},{"damage":0.0,"enemies":"Gremlin Leader","floor":28.0,"turns":4.0},{"damage":0.0,"enemies":"Snake Plant","floor":29.0,"turns":2.0},{"damage":0.0,"enemies":"3 Cultists","floor":30.0,"turns":3.0},{"damage":5.0,"enemies":"Champ","floor":33.0,"turns":8.0},{"damage":27.0,"enemies":"3 Darklings","floor":35.0,"turns":7.0},{"damage":16.0,"enemies":"2 Orb Walkers","floor":37.0,"turns":3.0},{"damage":1.0,"enemies":"3 Shapes","floor":39.0,"turns":4.0},{"damage":22.0,"enemies":"Nemesis","floor":40.0,"turns":5.0},{"damage":0.0,"enemies":"Mind Bloom Boss Battle","floor":41.0,"turns":1.0},{"damage":0.0,"enemies":"3 Darklings","floor":45.0,"turns":4.0},{"damage":0.0,"enemies":"Giant Head","floor":46.0,"turns":5.0},{"damage":0.0,"enemies":"Transient","floor":47.0,"turns":6.0},{"damage":0.0,"enemies":"Nemesis","floor":48.0,"turns":1.0},{"damage":4.0,"enemies":"Donu and Deca","floor":50.0,"turns":6.0},{"damage":6.0,"enemies":"Shield and Spear","floor":54.0,"turns":4.0},{"damage":14,"enemies":"The Heart","floor":55,"turns":5}],"seed_played":"-4012184455879428179","potions_obtained":[{"floor":3.0,"key":"SpeedPotion"},{"floor":6.0,"key":"SteroidPotion"},{"floor":8.0,"key":"Energy Potion"},{"floor":23.0,"key":"Explosive Potion"},{"floor":28.0,"key":"PowerPotion"},{"floor":30.0,"key":"SkillPotion"},{"floor":35.0,"key":"EssenceOfSteel"},{"floor":37.0,"key":"Dexterity Potion"},{"floor":39.0,"key":"DuplicationPotion"},{"floor":40.0,"key":"SteroidPotion"},{"floor":41.0,"key":"StancePotion"},{"floor":46.0,"key":"FearPotion"},{"floor":48.0,"key":"BlessingOfTheForge"},{"floor":54.0,"key":"Strength Potion"}],"is_trial":false,"path_per_floor":["M","?","M","?","M","E","M","E","T","R","M","$","R","E","R","B",null,"M","?","$","M","?","E","R","E","T","R","E","M","M","T","R","B",null,"M","$","?","$","M","E","?","R","T","R","M","E","M","E","R","B",null,"R","$","E","B",null],"character_chosen":"WATCHER","items_purchased":["Adaptation","Lantern","HandOfGreed","WindmillStrike","Kunai","ClockworkSouvenir","Oddly Smooth Stone","Dead Branch","ColorlessPotion","BlessingOfTheForge","Lee\u0027s Waffle"],"campfire_rested":0,"item_purchase_floors":[12,12,20,20,36,38,38,53,53,53,53],"current_hp_per_floor":[65,65,65,65,65,66,60,59,59,59,60,60,60,61,61,62,71,72,56,56,57,57,58,58,45,45,45,46,47,48,48,48,44,79,53,53,38,38,38,17,18,18,18,18,19,20,21,27,27,34,82,82,105,100,94],"gold":50,"neow_bonus":"BOSS_RELIC","is_daily":false,"chose_seed":false,"campfire_upgraded":8,"win_rate":0.0,"timestamp":1609277132,"path_taken":["M","?","M","?","M","E","M","E","T","R","M","$","R","E","R","BOSS","M","?","$","M","?","E","R","E","T","R","E","M","M","?","R","BOSS","M","$","?","$","M","E","?","R","T","R","M","E","M","E","R","BOSS","R","$","E","BOSS"],"items_purchased_type":["Card","Relic","Card","Card","Relic","Relic","Relic","Relic","Potion","Potion","Relic"],"build_version":"2020-12-22","purchased_purges":0,"victory":true,"max_hp_per_floor":[72,67,67,67,68,69,70,71,71,71,72,72,72,73,73,74,74,75,75,75,76,76,77,77,78,78,78,79,80,81,81,81,82,88,89,89,90,90,91,92,93,93,93,93,94,95,96,97,97,98,98,98,105,106,107],"relic_stats":{"Darkstone Periapt":6,"Regal Pillow":0,"Lee\u0027s Waffle":23,"counters":[29,123],"Golden Idol":255,"Dead Branch":[16],"Juzu Bracelet":0,"CloakClasp":[145],"GoldenEye":[0],"Nunchaku":[28],"Centennial Puzzle":[21],"Lizard Tail":0,"Dream Catcher":0,"FaceOfCleric":27,"Sundial":[6],"Pandora\u0027s Box":["MasterReality","Crescendo","EmptyMind","EmptyBody","Blasphemy","Adaptation","ForeignInfluence","FlyingSleeves"],"Tiny Chest":0,"Turnip":[2],"Necronomicon":[57],"Kunai":[33],"obtain_stats":[{"Darkstone Periapt":23,"Regal Pillow":8,"Lantern":12,"Juzu Bracelet":9,"CloakClasp":41,"TeardropLocket":26,"ClockworkSouvenir":38,"Nunchaku":6,"Centennial Puzzle":34,"Lizard Tail":34,"Dream Catcher":48,"FaceOfCleric":4,"Sundial":31,"Tiny Chest":25,"Necronomicon":19,"Kunai":36,"Potion Belt":28,"Girya":46,"Lee\u0027s Waffle":53,"Golden Idol":2,"Dead Branch":53,"Oddly Smooth Stone":38,"GoldenEye":54,"White Beast Statue":34,"Calling Bell":34,"Pandora\u0027s Box":0,"Turnip":37,"Bag of Marbles":14,"Coffee Dripper":17,"PureWater":0,"Toy Ornithopter":40},{"Darkstone Periapt":12,"Regal Pillow":6,"Lantern":7,"Juzu Bracelet":6,"CloakClasp":22,"TeardropLocket":13,"ClockworkSouvenir":19,"Nunchaku":4,"Centennial Puzzle":17,"Lizard Tail":17,"Dream Catcher":26,"FaceOfCleric":2,"Sundial":16,"Tiny Chest":13,"Necronomicon":10,"Kunai":18,"Potion Belt":14,"Girya":24,"Lee\u0027s Waffle":27,"Golden Idol":1,"Dead Branch":27,"Oddly Smooth Stone":19,"GoldenEye":28,"White Beast Statue":17,"Calling Bell":17,"Pandora\u0027s Box":0,"Turnip":19,"Bag of Marbles":8,"Coffee Dripper":9,"PureWater":0,"Toy Ornithopter":21},{"Darkstone Periapt":51,"Regal Pillow":27,"Lantern":30,"Juzu Bracelet":27,"CloakClasp":92,"TeardropLocket":55,"ClockworkSouvenir":82,"Nunchaku":17,"Centennial Puzzle":72,"Lizard Tail":72,"Dream Catcher":108,"FaceOfCleric":6,"Sundial":64,"Tiny Chest":55,"Necronomicon":43,"Kunai":79,"Potion Belt":59,"Girya":101,"Lee\u0027s Waffle":114,"Golden Idol":3,"Dead Branch":114,"Oddly Smooth Stone":82,"GoldenEye":118,"White Beast Statue":72,"Calling Bell":72,"Pandora\u0027s Box":0,"Turnip":82,"Bag of Marbles":35,"Coffee Dripper":40,"PureWater":0,"Toy Ornithopter":91}],"Toy Ornithopter":22},"card_choices":[{"not_picked":["Weave","FearNoEvil"],"picked":"DeceiveReality","floor":1.0},{"not_picked":["SashWhip","Worship"],"picked":"FlurryOfBlows","floor":3.0},{"not_picked":["ForeignInfluence","SandsOfTime","CrushJoints"],"picked":"SKIP","floor":5.0},{"not_picked":["Consecrate","Study"],"picked":"Vault","floor":6.0},{"not_picked":["PathToVictory","JustLucky"],"picked":"BattleHymn","floor":7.0},{"not_picked":["SignatureMove","Halt","Consecrate"],"picked":"SKIP","floor":8.0},{"not_picked":["PathToVictory","BowlingBash","Prostrate"],"picked":"SKIP","floor":11.0},{"not_picked":["Consecrate","FlyingSleeves"],"picked":"Tantrum","floor":14.0},{"not_picked":["Blasphemy","Devotion"],"picked":"Omniscience","floor":16.0},{"not_picked":["SignatureMove","Halt","ForeignInfluence"],"picked":"SKIP","floor":18.0},{"not_picked":["FlyingSleeves","Wallop","WreathOfFlame"],"picked":"SKIP","floor":21.0},{"not_picked":["FlyingSleeves","WreathOfFlame"],"picked":"Wallop","floor":21.0},{"not_picked":["CrushJoints","ClearTheMind"],"picked":"Wish","floor":23.0},{"not_picked":["FearNoEvil","Prostrate","Worship"],"picked":"SKIP","floor":25.0},{"not_picked":["SashWhip+1","PathToVictory"],"picked":"EmptyFist+1","floor":28.0},{"not_picked":["Pray","JustLucky"],"picked":"Meditate","floor":29.0},{"not_picked":["ClearTheMind","Prostrate"],"picked":"WheelKick","floor":30.0},{"not_picked":["ClearTheMind+1","CutThroughFate","Sanctity+1"],"picked":"SKIP","floor":35.0},{"not_picked":["Crescendo+1","EmptyFist","Vengeance"],"picked":"SKIP","floor":39.0},{"not_picked":["SandsOfTime+1","BattleHymn+1","CrushJoints+1"],"picked":"SKIP","floor":40.0},{"not_picked":["CarveReality+1","FlurryOfBlows"],"picked":"Wallop+1","floor":41.0},{"not_picked":["PathToVictory+1","SignatureMove+1","JustLucky"],"picked":"SKIP","floor":45.0},{"not_picked":["ClearTheMind+1","ThirdEye","Devotion"],"picked":"SKIP","floor":46.0},{"not_picked":["Pray","BowlingBash","Crescendo+1"],"picked":"SKIP","floor":47.0},{"not_picked":["Worship+1","ClearTheMind"],"picked":"EmptyBody+1","floor":48.0},{"not_picked":["Crescendo","JustLucky+1"],"picked":"EmptyBody+1","floor":54.0}],"player_experience":1111962,"relics_obtained":[{"floor":6.0,"key":"Nunchaku"},{"floor":8.0,"key":"Regal Pillow"},{"floor":9.0,"key":"Juzu Bracelet"},{"floor":14.0,"key":"Bag of Marbles"},{"floor":19.0,"key":"Necronomicon"},{"floor":23.0,"key":"Darkstone Periapt"},{"floor":25.0,"key":"Tiny Chest"},{"floor":26.0,"key":"TeardropLocket"},{"floor":28.0,"key":"Potion Belt"},{"floor":31.0,"key":"Sundial"},{"floor":34.0,"key":"Centennial Puzzle"},{"floor":34.0,"key":"White Beast Statue"},{"floor":34.0,"key":"Lizard Tail"},{"floor":37.0,"key":"Turnip"},{"floor":40.0,"key":"Toy Ornithopter"},{"floor":41.0,"key":"CloakClasp"},{"floor":46.0,"key":"Girya"},{"floor":48.0,"key":"Dream Catcher"},{"floor":54.0,"key":"GoldenEye"}],"event_choices":[{"damage_healed":0.0,"max_hp_gain":0.0,"max_hp_loss":5.0,"gold_gain":0.0,"event_name":"Golden Idol","player_choice":"Lose Max HP","floor":2.0,"gold_loss":0.0,"damage_taken":0.0,"relics_obtained":["Golden Idol"]},{"damage_healed":0.0,"max_hp_gain":0.0,"max_hp_loss":0.0,"gold_gain":0.0,"event_name":"FaceTrader","player_choice":"Trade","floor":4.0,"gold_loss":0.0,"damage_taken":0.0,"relics_obtained":["FaceOfCleric"]},{"damage_healed":0.0,"max_hp_gain":0.0,"max_hp_loss":0.0,"gold_gain":0.0,"event_name":"Cursed Tome","player_choice":"Obtained Book","floor":19.0,"gold_loss":0.0,"damage_taken":16.0},{"damage_healed":0.0,"max_hp_gain":0.0,"max_hp_loss":0.0,"gold_gain":99.0,"event_name":"Nest","player_choice":"Stole From Cult","floor":22.0,"gold_loss":0.0,"damage_taken":0.0},{"damage_healed":0.0,"max_hp_gain":0.0,"max_hp_loss":0.0,"gold_gain":0.0,"event_name":"Mysterious Sphere","player_choice":"Fight","floor":37.0,"gold_loss":0.0,"damage_taken":0.0},{"damage_healed":0.0,"max_hp_gain":0.0,"max_hp_loss":0.0,"gold_gain":0.0,"event_name":"MindBloom","player_choice":"Fight","floor":41.0,"gold_loss":0.0,"damage_taken":0.0}],"is_beta":false,"boss_relics":[{"not_picked":["SlaversCollar","Astrolabe"],"picked":"Coffee Dripper"},{"not_picked":["Philosopher\u0027s Stone","Tiny House"],"picked":"Calling Bell"}],"items_purged_floors":[],"is_endless":false,"potions_floor_spawned":[3,6,8,14,23,28,30,35,37,39,40,41,45,46,47,48,54],"ascension_level":11}}