{"host":"wha9hktbkslqvblg","time":1609236609,"event":{"mods":["BaseMod","Colored Map","Minty Spire (QoL Compilation)","Relic Stats","SuperFastMode","everything is the same but u backflip on backflip"],"gold_per_floor":[109,109,119,44,44,78,92,110,192,205,235,235,252,267,267,341,341,357,18,35,35,48,48,77,89,115,115,140,140,159,170,170,249,249,262,262,137,150,150,1149,1149,1175,1175,1175,1191,437,437,464,464,464,464,464,464,48,73,73],"floor_reached":57,"playtime":1908,"items_purged":["Strike_R","Strike_R","Strike_R","Strike_R","Anger"],"score":3349,"play_id":"b743f31e-2c53-49e9-bd1c-b37d8015ac53","local_time":"20201229191009","is_ascension_mode":true,"campfire_choices":[{"data":"Barricade","floor":12.0,"key":"SMITH"},{"data":"Fire Breathing","floor":15.0,"key":"SMITH"},{"floor":23.0,"key":"REST"},{"floor":32.0,"key":"REST"},{"data":"Evolve","floor":41.0,"key":"SMITH"},{"floor":44.0,"key":"RECALL"},{"data":"Feel No Pain","floor":47.0,"key":"SMITH"},{"data":"Defend_R","floor":49.0,"key":"SMITH"},{"data":"Defend_R","floor":53,"key":"SMITH"}],"circlet_count":0,"master_deck":["AscendersBane","Defend_R+1","Defend_R","Defend_R+1","Defend_R+1","Seeing Red+1","Second Wind+1","Barricade+1","Fire Breathing+1","Body Slam+1","Shrug It Off+1","Burning Pact+1","Offering+1","Evolve+1","Feel No Pain+1","Shockwave+1","Entrench+1","Warcry+1","Master of Strategy+1"],"relics":["Burning Blood","NeowsBlessing","Toxic Egg 2","Omamori","Molten Egg 2","Runic Dome","Orrery","FossilizedHelix","Potion Belt","War Paint","SacredBark","Juzu Bracelet","Kunai","Bag of Preparation","Art of War","Blood Vial","Whetstone","Pen Nib"],"acts_visited":["Exordium","TheCity","TheBeyond","TheEnding"],"potions_floor_usage":[50,56,56,56,56],"damage_taken":[{"damage":0.0,"enemies":"Small Slimes","floor":1.0,"turns":1.0},{"damage":0.0,"enemies":"Cultist","floor":3.0,"turns":1.0},{"damage":0.0,"enemies":"3 Sentries","floor":6.0,"turns":2.0},{"damage":7.0,"enemies":"2 Louse","floor":7.0,"turns":4.0},{"damage":9.0,"enemies":"Red Slaver","floor":8.0,"turns":6.0},{"damage":3.0,"enemies":"Blue Slaver","floor":10.0,"turns":3.0},{"damage":44.0,"enemies":"Gremlin Nob","floor":11.0,"turns":5.0},{"damage":0.0,"enemies":"2 Fungi Beasts","floor":13.0,"turns":4.0},{"damage":1.0,"enemies":"Looter","floor":14.0,"turns":3.0},{"damage":11.0,"enemies":"Slime Boss","floor":16.0,"turns":8.0},{"damage":31.0,"enemies":"Chosen","floor":18.0,"turns":5.0},{"damage":6.0,"enemies":"Spheric Guardian","floor":20.0,"turns":5.0},{"damage":6.0,"enemies":"Shelled Parasite and Fungi","floor":22.0,"turns":4.0},{"damage":24.0,"enemies":"Gremlin Leader","floor":24.0,"turns":4.0},{"damage":0.0,"enemies":"Snake Plant","floor":25.0,"turns":2.0},{"damage":26.0,"enemies":"Slavers","floor":28.0,"turns":4.0},{"damage":0.0,"enemies":"Sentry and Sphere","floor":30.0,"turns":4.0},{"damage":0.0,"enemies":"3 Cultists","floor":31.0,"turns":6.0},{"damage":34.0,"enemies":"Collector","floor":33.0,"turns":7.0},{"damage":6.0,"enemies":"Orb Walker","floor":35.0,"turns":4.0},{"damage":0.0,"enemies":"3 Darklings","floor":38.0,"turns":6.0},{"damage":0.0,"enemies":"Nemesis","floor":42.0,"turns":5.0},{"damage":0.0,"enemies":"Spire Growth","floor":45.0,"turns":4.0},{"damage":6.0,"enemies":"Reptomancer","floor":48.0,"turns":2.0},{"damage":0,"enemies":"Donu and Deca","floor":50,"turns":4},{"damage":0,"enemies":"Time Eater","floor":51,"turns":3},{"damage":14,"enemies":"Shield and Spear","floor":55,"turns":3},{"damage":0,"enemies":"The Heart","floor":56,"turns":9}],"seed_played":"-7794832302841125985","potions_obtained":[{"floor":7.0,"key":"Block Potion"},{"floor":8.0,"key":"SteroidPotion"},{"floor":10.0,"key":"Block Potion"},{"floor":11.0,"key":"HeartOfIron"},{"floor":16.0,"key":"DuplicationPotion"},{"floor":18.0,"key":"PowerPotion"},{"floor":24.0,"key":"FearPotion"},{"floor":28.0,"key":"PowerPotion"},{"floor":30.0,"key":"SkillPotion"},{"floor":36.0,"key":"ColorlessPotion"},{"floor":36.0,"key":"ColorlessPotion"},{"floor":45.0,"key":"Ancient Potion"},{"floor":48.0,"key":"Energy Potion"}],"is_trial":false,"path_per_floor":["M","?","M","$","T","E","M","M","T","M","E","R","M","M","R","B",null,"M","$","M","?","M","R","E","M","T","$","E","?","M","M","R","B",null,"M","?","$","M","?","?","R","E","T","R","M","$","R","E","R","B","B",null,"R","$","E","B",null],"character_chosen":"IRONCLAD","items_purchased":["Orrery","Evolve","Bag of Preparation","Art of War","Master of Strategy+1","LiquidMemories","Whetstone","Ancient Potion"],"campfire_rested":2,"item_purchase_floors":[19,19,46,46,46,46,54,54],"current_hp_per_floor":[74,74,75,75,75,75,74,71,71,74,36,36,42,47,47,42,67,42,42,42,21,21,45,27,33,33,33,13,13,19,25,49,21,65,65,65,65,71,71,71,71,77,77,77,80,80,80,80,80,80,80,80,80,80,72,80],"gold":73,"neow_bonus":"THREE_ENEMY_KILL","is_daily":false,"chose_seed":false,"campfire_upgraded":6,"win_rate":0.0,"timestamp":1609236609,"path_taken":["M","?","M","$","?","E","M","M","T","?","E","R","M","M","R","BOSS","M","$","M","?","M","R","E","M","T","$","E","?","M","?","R","BOSS","M","?","$","?","?","?","R","E","T","R","M","$","R","E","R","BOSS","BOSS","R","$","E","BOSS"],"items_purchased_type":["Relic","Card","Relic","Relic","Card","Potion","Relic","Potion"],"build_version":"2020-12-22","purchased_purges":5,"victory":true,"max_hp_per_floor":[75,75,75,75,75,75,75,75,75,75,75,75,75,75,75,75,75,75,75,75,80,80,80,80,80,80,80,80,80,80,80,80,80,80,80,80,80,80,80,80,80,80,80,80,80,80,80,80,80,80,80,80,80,80,80,80],"relic_stats":{"Blood Vial":2,"counters":[28,118],"Pen Nib":[0],"Juzu Bracelet":0,"Bag of Preparation":[10],"Art of War":[9],"Kunai":[0],"Whetstone":[],"War Paint":["Defend_R","Seeing Red"],"obtain_stats":[{"Potion Belt":26,"NeowsBlessing":0,"SacredBark":34,"Pen Nib":55,"Omamori":6,"Juzu Bracelet":42,"Bag of Preparation":46,"Whetstone":54,"War Paint":28,"Burning Blood":0,"Blood Vial":48,"Runic Dome":17,"Orrery":19,"Molten Egg 2":11,"Art of War":46,"Kunai":43,"Toxic Egg 2":5,"FossilizedHelix":24},{"Potion Belt":15,"NeowsBlessing":0,"SacredBark":19,"Pen Nib":27,"Omamori":3,"Juzu Bracelet":22,"Bag of Preparation":23,"Whetstone":26,"War Paint":16,"Burning Blood":0,"Blood Vial":24,"Runic Dome":10,"Orrery":11,"Molten Egg 2":7,"Art of War":23,"Kunai":22,"Toxic Egg 2":2,"FossilizedHelix":14},{"Potion Belt":57,"NeowsBlessing":0,"SacredBark":78,"Pen Nib":109,"Omamori":4,"Juzu Bracelet":93,"Bag of Preparation":97,"Whetstone":106,"War Paint":61,"Burning Blood":0,"Blood Vial":99,"Runic Dome":37,"Orrery":42,"Molten Egg 2":22,"Art of War":97,"Kunai":93,"Toxic Egg 2":2,"FossilizedHelix":55}],"Burning Blood":142},"card_choices":[{"not_picked":["Havoc","Thunderclap","Wild Strike"],"picked":"SKIP","floor":1.0},{"not_picked":["Whirlwind","Havoc"],"picked":"Seeing Red","floor":3.0},{"not_picked":["Infernal Blade+1","Body Slam"],"picked":"Second Wind+1","floor":6.0},{"not_picked":["Pommel Strike","Power Through+1"],"picked":"Barricade","floor":7.0},{"not_picked":["Carnage","Thunderclap"],"picked":"Anger","floor":8.0},{"not_picked":["Iron Wave","Pommel Strike"],"picked":"Fire Breathing","floor":10.0},{"not_picked":["Rage+1","Searing Blow+1"],"picked":"Body Slam+1","floor":11.0},{"not_picked":["Body Slam+1","Thunderclap+1"],"picked":"Shrug It Off+1","floor":13.0},{"not_picked":["Shrug It Off+1","Heavy Blade+1"],"picked":"Burning Pact+1","floor":14.0},{"not_picked":["Anger+1","Spot Weakness+1","Wild Strike+1"],"picked":"SKIP","floor":18.0},{"not_picked":["Warcry+1","Armaments+1"],"picked":"Offering+1","floor":19.0},{"not_picked":["Perfected Strike+1","Searing Blow+1"],"picked":"Feel No Pain","floor":20.0},{"not_picked":["Body Slam+1","Whirlwind+1","Pummel+1"],"picked":"SKIP","floor":22.0},{"not_picked":["Perfected Strike+1","Second Wind+1","Heavy Blade+1"],"picked":"SKIP","floor":24.0},{"not_picked":["Havoc+1","Body Slam+1","Pummel+1"],"picked":"SKIP","floor":25.0},{"not_picked":["Burning Pact+1","Sever Soul+1"],"picked":"Shockwave+1","floor":28.0},{"not_picked":["Intimidate+1","Clash+1","Headbutt+1"],"picked":"SKIP","floor":30.0},{"not_picked":["Blood for Blood+1","Headbutt+1"],"picked":"Entrench+1","floor":31.0},{"not_picked":["Wild Strike+1","Pummel+1","Cleave+1"],"picked":"SKIP","floor":35.0},{"not_picked":["Flex+1","Bloodletting+1","Pommel Strike+1"],"picked":"SKIP","floor":38.0},{"not_picked":["Havoc+1","Juggernaut","Sword Boomerang+1"],"picked":"SKIP","floor":42.0},{"not_picked":["Rupture","Sentinel+1"],"picked":"Warcry+1","floor":45.0},{"not_picked":["Pommel Strike+1","Spot Weakness+1","Evolve"],"picked":"SKIP","floor":48.0},{"not_picked":["Iron Wave+1","Entrench+1","Whirlwind+1"],"picked":"SKIP","floor":55}],"player_experience":905113,"relics_obtained":[{"floor":5.0,"key":"Toxic Egg 2"},{"floor":6.0,"key":"Omamori"},{"floor":11.0,"key":"Molten Egg 2"},{"floor":24.0,"key":"FossilizedHelix"},{"floor":26.0,"key":"Potion Belt"},{"floor":28.0,"key":"War Paint"},{"floor":42.0,"key":"Juzu Bracelet"},{"floor":43.0,"key":"Kunai"},{"floor":48.0,"key":"Blood Vial"},{"floor":55,"key":"Pen Nib"}],"event_choices":[{"cards_removed":["Strike_R"],"damage_healed":0.0,"max_hp_gain":0.0,"max_hp_loss":0.0,"gold_gain":0.0,"event_name":"Bonfire Elementals","player_choice":"Offered Basic","floor":2.0,"gold_loss":0.0,"damage_taken":0.0},{"damage_healed":0.0,"max_hp_gain":5.0,"max_hp_loss":0.0,"gold_gain":0.0,"event_name":"Forgotten Altar","player_choice":"Shed Blood","floor":21.0,"gold_loss":0.0,"damage_taken":26.0},{"damage_healed":0.0,"max_hp_gain":0.0,"max_hp_loss":0.0,"gold_gain":0.0,"event_name":"Match and Keep!","player_choice":"0 cards matched","floor":29.0,"gold_loss":0.0,"damage_taken":0.0,"cards_obtained":[]},{"damage_healed":0.0,"max_hp_gain":0.0,"max_hp_loss":0.0,"gold_gain":0.0,"event_name":"Lab","player_choice":"Got Potions","floor":36.0,"gold_loss":0.0,"damage_taken":0.0},{"cards_removed":["Bash"],"damage_healed":0.0,"max_hp_gain":0.0,"max_hp_loss":0.0,"gold_gain":0.0,"event_name":"Falling","player_choice":"Removed Attack","floor":39.0,"gold_loss":0.0,"damage_taken":0.0},{"damage_healed":0.0,"max_hp_gain":0.0,"max_hp_loss":0.0,"gold_gain":999.0,"event_name":"MindBloom","player_choice":"Gold","floor":40.0,"gold_loss":0.0,"damage_taken":0.0,"cards_obtained":["Normality","Normality"]}],"is_beta":false,"boss_relics":[{"not_picked":["Mark of Pain","Velvet Choker"],"picked":"Runic Dome"},{"not_picked":["Snecko Eye","Black Blood"],"picked":"SacredBark"}],"items_purged_floors":[4,19,37,46,54],"is_endless":false,"potions_floor_spawned":[7,8,10,11,16,18,24,28,30,45,48],"ascension_level":20}}