{"host":"fhq3k2nq5elnbks3","time":1609237089,"event":{"mods":["2.2 Compatiblity","AchievementEnabler","Act Like it!","AlwaysNeverKeys","Aspiration","Astrologer","Bard","BaseMod","Better Altar","Better Vampires","Better-Laid Plans","Block Reminder","CCEM","Card Filter","Colored Powertips","Conspire","Displayed Cursed Tome","Ekko","Energized Spire","Fireblade Mod","Friendly Minions","FutureSeer","GifTheSpireLib","Gremlin Skip","HololiveMod","Hunter ??","Infinite Spire","Jorbs\u0027s Wanderer Trilogy","Koishi","Marisa????????","Mathemortician","Minty Spire (QoL Compilation)","Onozuka Komachi Mod","Pale of the Ancients","Permanent Neow","Prisma Mod","Quick Restart","Reimu??????","Relic Filter","Robot Space Explorer","Shop Mod","Spikes Relics","StSLib","SuperFastMode","The Blackbeard","The Cursed","The Death Knight","The Exordian Avenger","The Gatherer","The Hierophant","The Runesmith","The Servant 0.9.4","The Trickster","The Valiant","The Wild Card","TheBandit","Trackpad","Transform Curses","Uncapped","Unknown Chances","Wandering Minibosses","thorton","vexMod"],"gold_per_floor":[111,124,111,122,141,141,151,151,220,220,220,235,235,219,219,314,314,333,404,404],"floor_reached":19,"playtime":1159,"items_purged":[],"score":165,"play_id":"b689042d-a6bd-4be4-ac0e-8a4b6ef98ff2","local_time":"20201229041809","daily_mods":["Vintage","Heirloom","Time Dilation","Flight"],"is_ascension_mode":false,"campfire_choices":[{"data":"Bash","floor":6,"key":"SMITH"},{"data":"Defend_R","floor":8,"key":"SMITH"},{"data":"Strike_R","floor":10,"key":"SMITH"},{"data":"Defend_R","floor":11,"key":"SMITH"},{"data":"Strike_R","floor":13,"key":"SMITH"},{"data":"Defend_R","floor":15,"key":"SMITH"}],"circlet_count":0,"master_deck":["Strike_R","Strike_R+1","Strike_R+1","Strike_R+1","Strike_R+1","Defend_R+1","Defend_R","Defend_R+1","Defend_R+1","Bash+1"],"relics":["Burning Blood","Archangels Feather","Ornamental Fan","trackpad:AdjectivePendant","CCEMRelics:TechnogenicHelmet","trackpad:CultistFigurine","CCEMRelics:Sandal","conspire:BottledYoYo","conspire:Flyswatter","aspiration:WatcherSkillbook","Whetstone","wanderingMiniBosses:ThiefScarf","Omamori","RuthlessExorcism:ReiMu","Runesmith:AutoHammer"],"acts_visited":["Exordium","TheCity"],"potions_floor_usage":[3],"damage_taken":[{"damage":0,"enemies":"2 Louse","floor":1,"turns":2},{"damage":2,"enemies":"Small Slimes","floor":2,"turns":4},{"damage":57,"enemies":"Cultist","floor":3,"turns":7},{"damage":17,"enemies":"Lots of Slimes","floor":4,"turns":8},{"damage":15,"enemies":"Looter","floor":5,"turns":3},{"damage":10,"enemies":"Blue Slaver","floor":7,"turns":5},{"damage":1,"enemies":"2 Fungi Beasts","floor":12,"turns":5},{"damage":33,"enemies":"Lots of Slimes","floor":14,"turns":7},{"damage":33,"enemies":"Slime Boss","floor":16,"turns":11},{"damage":29,"enemies":"Spheric Guardian","floor":18,"turns":6},{"damage":47,"enemies":"Chosen","floor":19,"turns":7}],"seed_played":"3437029586037786467","potions_obtained":[{"floor":2,"key":"LiquidMemories"},{"floor":5,"key":"GrandPatriotsElixir:ReiMu"},{"floor":12,"key":"DistilledChaos"},{"floor":14,"key":"DuplicationPotion"}],"is_trial":true,"path_per_floor":["M","M","M","M","M","R","M","R","T","R","R","M","R","M","R","B",null,"M","M"],"character_chosen":"IRONCLAD","items_purchased":[],"campfire_rested":0,"item_purchase_floors":[],"current_hp_per_floor":[80,80,29,27,27,27,32,32,32,32,32,46,46,28,28,10,80,57,25,25],"gold":404,"neow_bonus":"","is_daily":false,"chose_seed":false,"campfire_upgraded":6,"win_rate":0.0,"timestamp":1609237089,"path_taken":["M","M","M","M","M","R","M","R","T","R","R","M","R","M","R","BOSS","M","M"],"items_purchased_type":[],"build_version":"2020-12-22","purchased_purges":0,"victory":false,"max_hp_per_floor":[80,80,80,80,80,80,80,80,80,80,80,80,80,80,80,80,80,80,80,80],"card_choices":[],"player_experience":378524,"relics_obtained":[{"floor":1,"key":"Omamori"},{"floor":2,"key":"Ornamental Fan"},{"floor":3,"key":"trackpad:AdjectivePendant"},{"floor":4,"key":"CCEMRelics:TechnogenicHelmet"},{"floor":5,"key":"RuthlessExorcism:ReiMu"},{"floor":7,"key":"trackpad:CultistFigurine"},{"floor":9,"key":"CCEMRelics:Sandal"},{"floor":12,"key":"conspire:BottledYoYo"},{"floor":14,"key":"conspire:Flyswatter"},{"floor":18,"key":"Whetstone"},{"floor":19,"key":"wanderingMiniBosses:ThiefScarf"},{"floor":19,"key":"Omamori"},{"floor":19,"key":"RuthlessExorcism:ReiMu"},{"floor":19,"key":"Runesmith:AutoHammer"}],"event_choices":[],"is_beta":false,"boss_relics":[{"not_picked":["aspiration:RunicSpoon","aspiration:SecretTechniqueScroll"],"picked":"aspiration:WatcherSkillbook"}],"items_purged_floors":[],"is_endless":false,"potions_floor_spawned":[2,5,12,14,18],"killed_by":"Chosen","ascension_level":0}}