{"host":"utqe55yv0jihe4d6","time":1609282551,"event":{"mods":["2.2 Compatiblity","AchievementEnabler","BaseMod","Block Reminder","Colored Map","Colored Powertips","Minty Spire (QoL Compilation)","Quick Restart","Rare Cards Sparkle","Relic Stats","SuperFastMode"],"gold_per_floor":[118,193,207,225,244,244,270,270,270,270,301,28,28,53,53,53,53],"floor_reached":16,"playtime":469,"items_purged":["Strike_G"],"score":220,"play_id":"8bfab7f7-5bba-4668-aafc-a2d042787606","local_time":"20201229175551","is_ascension_mode":true,"campfire_choices":[{"data":"Neutralize","floor":6,"key":"SMITH"},{"floor":8,"key":"REST"},{"data":"Noxious Fumes","floor":15,"key":"SMITH"}],"circlet_count":0,"master_deck":["AscendersBane","Strike_G","Strike_G","Strike_G","Strike_G","Defend_G","Defend_G","Defend_G","Defend_G","Defend_G","Survivor","Neutralize+1","Corpse Explosion","Endless Agony","Sucker Punch","Escape Plan","Noxious Fumes+1","Backstab","Blade Dance","Flash of Steel","Noxious Fumes","Accuracy"],"relics":["Ring of the Snake","Bottled Flame","White Beast Statue","Golden Idol","Kunai"],"acts_visited":["Exordium"],"potions_floor_usage":[7,16,16],"damage_taken":[{"damage":0,"enemies":"Small Slimes","floor":1,"turns":3},{"damage":4,"enemies":"2 Louse","floor":3,"turns":2},{"damage":0,"enemies":"Jaw Worm","floor":4,"turns":5},{"damage":5,"enemies":"3 Louse","floor":5,"turns":3},{"damage":24,"enemies":"Gremlin Nob","floor":7,"turns":4},{"damage":17,"enemies":"3 Sentries","floor":11,"turns":4},{"damage":8,"enemies":"Exordium Thugs","floor":14,"turns":4},{"damage":9,"enemies":"Hexaghost","floor":16,"turns":5}],"seed_played":"7251366694889885503","potions_obtained":[{"floor":4,"key":"CunningPotion"},{"floor":11,"key":"SkillPotion"},{"floor":14,"key":"Weak Potion"}],"is_trial":false,"path_per_floor":["M","?","M","M","M","R","E","R","T","?","E","$","?","M","R","B"],"character_chosen":"THE_SILENT","items_purchased":["Blade Dance","Flash of Steel","Noxious Fumes"],"campfire_rested":1,"item_purchase_floors":[12,12,12],"current_hp_per_floor":[59,48,44,44,39,39,15,33,33,33,16,16,16,8,8,0,0],"gold":53,"neow_bonus":"THREE_RARE_CARDS","is_daily":false,"chose_seed":false,"campfire_upgraded":2,"win_rate":0.0,"timestamp":1609282551,"path_taken":["M","?","M","M","M","R","E","R","T","?","E","$","?","M","R","BOSS"],"items_purchased_type":["Card","Card","Card"],"build_version":"2020-12-22","purchased_purges":1,"victory":false,"max_hp_per_floor":[60,60,60,60,60,60,60,60,60,54,54,54,54,54,54,54,54],"relic_stats":{"counters":[8,30],"Golden Idol":11,"Kunai":[7],"obtain_stats":[{"Bottled Flame":7,"Golden Idol":10,"Kunai":11,"White Beast Statue":9,"Ring of the Snake":0},{"Bottled Flame":5,"Golden Idol":5,"Kunai":6,"White Beast Statue":5,"Ring of the Snake":0},{"Bottled Flame":17,"Golden Idol":17,"Kunai":21,"White Beast Statue":17,"Ring of the Snake":0}],"Ring of the Snake":[16]},"card_choices":[{"not_picked":["Adrenaline","Burst"],"picked":"Corpse Explosion","floor":0},{"not_picked":["Deflect","Outmaneuver"],"picked":"Endless Agony","floor":1},{"not_picked":["Dodge and Roll","Acrobatics"],"picked":"Sucker Punch","floor":3},{"not_picked":["Choke","PiercingWail"],"picked":"Escape Plan","floor":4},{"not_picked":["PiercingWail","Riddle With Holes","Bane"],"picked":"SKIP","floor":5},{"not_picked":["Expertise","Dagger Spray"],"picked":"Noxious Fumes","floor":7},{"not_picked":["Flechettes","Acrobatics"],"picked":"Backstab","floor":11},{"not_picked":["Distraction","Slice"],"picked":"Accuracy","floor":14}],"player_experience":2904159,"relics_obtained":[{"floor":7,"key":"Bottled Flame"},{"floor":9,"key":"White Beast Statue"},{"floor":11,"key":"Kunai"}],"event_choices":[{"damage_healed":0,"gold_gain":75,"player_choice":"Gather Gold","damage_taken":11,"max_hp_gain":0,"max_hp_loss":0,"event_name":"World of Goop","floor":2,"gold_loss":0},{"damage_healed":0,"gold_gain":0,"player_choice":"Lose Max HP","damage_taken":0,"relics_obtained":["Golden Idol"],"max_hp_gain":0,"max_hp_loss":6,"event_name":"Golden Idol","floor":10,"gold_loss":0},{"damage_healed":0,"gold_gain":0,"player_choice":"Ignored","damage_taken":0,"max_hp_gain":0,"max_hp_loss":0,"event_name":"Shining Light","floor":13,"gold_loss":0}],"is_beta":false,"boss_relics":[],"items_purged_floors":[12],"is_endless":false,"potions_floor_spawned":[4,11,14],"killed_by":"Hexaghost","ascension_level":20}}