{"host":"l84l8xigz5v5foa2","time":1609261411,"event":{"mods":["2.2 Compatiblity","AchievementEnabler","BaseMod","Better Note","Better Vampires","Card Filter","Colored Map","DeckTracker","Downfall","Gremlin Skip","Highlight Path","Keyboard Shortcuts","Minty Spire (QoL Compilation)","Permanent Neow","Quick Restart","Relic Filter","Relic Stats","StSLib","SuperFastMode","Transform Curses","Unknown Chances"],"gold_per_floor":[0,12,27,27,27,27,27,12,76,76,3,3,15,31,45,45,45,45],"floor_reached":16,"playtime":699,"items_purged":[],"score":167,"play_id":"d15217e3-79e2-4ecd-b7dd-0c9a114fc4db","local_time":"20201230020331","is_ascension_mode":true,"campfire_choices":[{"data":"champ:Taunt","floor":1.0,"key":"SMITH"},{"data":"champ:FocusedDefense","floor":6.0,"key":"SMITH"},{"data":"champ:EnchantCrown","floor":10.0,"key":"SMITH"}],"circlet_count":0,"master_deck":["AscendersBane","champ:Strike","champ:Strike","champ:Strike","champ:Defend","champ:Defend","champ:Defend","champ:Execute","champ:Taunt+1","champ:LastStand","champ:AdrenalArmor","champ:DefensiveStyle","champ:FocusedDefense+1","champ:EnchantCrown+1","champ:TornadoPunch"],"relics":["champ:ChampionCrown","Nunchaku","Bag of Preparation"],"acts_visited":["Exordium"],"potions_floor_usage":[14],"damage_taken":[{"damage":19.0,"enemies":"Small Slimes","floor":2.0,"turns":4.0},{"damage":9.0,"enemies":"2 Louse","floor":3.0,"turns":4.0},{"damage":14.0,"enemies":"downfall:FleeingMerchant","floor":8.0,"turns":4.0},{"damage":27.0,"enemies":"3 Sentries","floor":9.0,"turns":11.0},{"damage":28.0,"enemies":"downfall:FleeingMerchant","floor":11.0,"turns":4.0},{"damage":2.0,"enemies":"Jaw Worm","floor":13.0,"turns":3.0},{"damage":5,"enemies":"Blue Slaver","floor":14,"turns":2},{"damage":12,"enemies":"Large Slime","floor":15,"turns":4},{"damage":46,"enemies":"downfall:Defect","floor":16,"turns":5}],"seed_played":"-851316750031846315","potions_obtained":[{"floor":2.0,"key":"EssenceOfSteel"},{"floor":3.0,"key":"Regen Potion"},{"floor":9.0,"key":"champ:CounterPotion"},{"floor":12.0,"key":"Fire Potion"}],"is_trial":false,"path_per_floor":["R","M","M","?","?","R","T","$","?","R","$","?","M","M","M","B"],"character_chosen":"THE_CHAMP","items_purchased":["champ:TornadoPunch"],"campfire_rested":0,"item_purchase_floors":[11],"current_hp_per_floor":[73,66,66,66,61,61,61,75,56,56,41,41,41,41,41,0,0,0],"gold":45,"neow_bonus":"TRANSFORM_TWO_CARDS","is_daily":false,"chose_seed":false,"campfire_upgraded":3,"win_rate":0.0,"timestamp":1609261411,"path_taken":["R","M","M","?","?","R","T","$","?","R","?","?","?","M","M","BOSS"],"items_purchased_type":["Card"],"build_version":"2020-12-22","purchased_purges":0,"victory":false,"max_hp_per_floor":[81,81,81,81,81,81,81,81,81,81,81,81,81,81,81,81,81,81],"relic_stats":{"Nunchaku":[3],"counters":[9,41],"Bag of Preparation":[10],"obtain_stats":[{"Nunchaku":5,"champ:ChampionCrown":0,"Bag of Preparation":9},{"Nunchaku":2,"champ:ChampionCrown":0,"Bag of Preparation":4},{"Nunchaku":8,"champ:ChampionCrown":0,"Bag of Preparation":23}]},"card_choices":[{"not_picked":["champ:Circumvent","champ:ShieldSigil"],"picked":"champ:DefensiveStyle","floor":2.0},{"not_picked":["champ:RageSigil","champ:RisingSlash"],"picked":"champ:FocusedDefense","floor":3.0},{"not_picked":["champ:TornadoPunch","champ:Control"],"picked":"champ:EnchantCrown","floor":8.0},{"not_picked":["champ:DefensiveShout","champ:RapidStrikes","champ:BerserkersShout"],"picked":"SKIP","floor":11.0},{"not_picked":["champ:EndlessRage","champ:BerserkersShout","champ:Haymaker"],"picked":"SKIP","floor":13.0},{"not_picked":["champ:CrookedStrike","champ:SwordSigil","champ:Balance"],"picked":"SKIP","floor":14},{"not_picked":["champ:FlashCut","champ:Haymaker","champ:BerserkerStyle"],"picked":"SKIP","floor":15}],"player_experience":2802214,"relics_obtained":[{"floor":9.0,"key":"Bag of Preparation"}],"event_choices":[{"damage_healed":0.0,"max_hp_gain":0.0,"max_hp_loss":0.0,"gold_gain":0.0,"event_name":"Scrap Ooze","player_choice":"Success","floor":5.0,"gold_loss":0.0,"damage_taken":5.0,"relics_obtained":["Nunchaku"]},{"damage_healed":0.0,"max_hp_gain":0.0,"max_hp_loss":0.0,"gold_gain":0.0,"event_name":"Lab","player_choice":"Got Potions","floor":12.0,"gold_loss":0.0,"damage_taken":0.0}],"is_beta":false,"boss_relics":[],"items_purged_floors":[],"is_endless":false,"potions_floor_spawned":[2,3,9],"killed_by":"downfall:Defect","ascension_level":17}}