{"host":"qxeepl7ydvsgmfdb","time":1609222469,"event":{"mods":["AchievementEnabler","BaseMod","Colored Powertips","Minty Spire (QoL Compilation)","Quick Restart","slay the spire mod where everything is the same but ironclad has a cowboy hat"],"gold_per_floor":[118,118,68,68,86,116,116,148,148,159,159,159,177,192,192,192,192],"floor_reached":16,"playtime":435,"items_purged":[],"score":138,"play_id":"75b732ab-6e5f-4e39-98ff-b470e3565b8a","local_time":"20201229011429","is_ascension_mode":true,"campfire_choices":[{"data":"Redo","floor":7,"key":"SMITH"},{"floor":11,"key":"REST"},{"floor":15,"key":"REST"}],"circlet_count":0,"master_deck":["Strike_B+1","Strike_B","Strike_B","Strike_B","Defend_B","Defend_B","Defend_B","Zap+1","Dualcast+1","Auto Shields","Defragment","Redo+1","Self Repair+1","Cold Snap"],"relics":["Cracked Core","Dead Branch","MealTicket","Frozen Egg 2","Orichalcum"],"acts_visited":["Exordium"],"potions_floor_usage":[6,16],"damage_taken":[{"damage":1,"enemies":"Cultist","floor":1,"turns":3},{"damage":0,"enemies":"Small Slimes","floor":5,"turns":2},{"damage":24,"enemies":"3 Sentries","floor":6,"turns":8},{"damage":30,"enemies":"Gremlin Nob","floor":8,"turns":4},{"damage":0,"enemies":"Jaw Worm","floor":10,"turns":2},{"damage":7,"enemies":"2 Fungi Beasts","floor":13,"turns":3},{"damage":8,"enemies":"Blue Slaver","floor":14,"turns":3},{"damage":65,"enemies":"Slime Boss","floor":16,"turns":10}],"seed_played":"7122945668165414320","potions_obtained":[{"floor":1,"key":"DistilledChaos"},{"floor":6,"key":"SteroidPotion"},{"floor":8,"key":"Strength Potion"}],"is_trial":false,"path_per_floor":["M","?","?","?","M","E","R","E","T","M","R","?","M","M","R","B"],"character_chosen":"DEFECT","items_purchased":[],"campfire_rested":2,"item_purchase_floors":[],"current_hp_per_floor":[81,81,81,65,65,41,41,11,11,11,35,35,38,40,64,0,0],"gold":192,"neow_bonus":"TEN_PERCENT_HP_BONUS","is_daily":false,"chose_seed":false,"campfire_upgraded":1,"win_rate":0.0,"timestamp":1609222469,"path_taken":["M","?","?","?","M","E","R","E","T","M","R","?","M","?","R","BOSS"],"items_purchased_type":[],"build_version":"2020-12-22","purchased_purges":0,"victory":false,"max_hp_per_floor":[82,82,82,82,82,82,82,82,82,82,82,82,82,82,82,82,82],"card_choices":[{"not_picked":["Blizzard","Scrape"],"picked":"Auto Shields","floor":1},{"not_picked":["Steam","Conserve Battery"],"picked":"Defragment","floor":5},{"not_picked":["Leap","Double Energy"],"picked":"Redo","floor":6},{"not_picked":["Tempest","Stack","Skim"],"picked":"SKIP","floor":8},{"not_picked":["Beam Cell","Rebound"],"picked":"Self Repair+1","floor":10},{"not_picked":["Force Field","Turbo","Hologram"],"picked":"SKIP","floor":13},{"not_picked":["Gash","Leap"],"picked":"Cold Snap","floor":14}],"player_experience":421019,"relics_obtained":[{"floor":6,"key":"Dead Branch"},{"floor":8,"key":"MealTicket"},{"floor":9,"key":"Frozen Egg 2"}],"event_choices":[{"damage_healed":0,"gold_gain":0,"player_choice":"Grow","damage_taken":0,"max_hp_gain":0,"max_hp_loss":0,"event_name":"Living Wall","floor":2,"gold_loss":0,"cards_upgraded":["Zap"]},{"cards_removed":["Defend_B"],"damage_healed":0,"gold_gain":0,"player_choice":"Card Removal","damage_taken":0,"max_hp_gain":0,"max_hp_loss":0,"event_name":"The Cleric","floor":3,"gold_loss":50},{"damage_healed":0,"gold_gain":0,"player_choice":"Entered Light","damage_taken":16,"max_hp_gain":0,"max_hp_loss":0,"event_name":"Shining Light","floor":4,"gold_loss":0,"cards_upgraded":["Dualcast","Strike_B"]},{"damage_healed":0,"gold_gain":0,"player_choice":"Searched \u00271\u0027 times","damage_taken":0,"relics_obtained":["Orichalcum"],"max_hp_gain":0,"max_hp_loss":0,"event_name":"Dead Adventurer","floor":12,"gold_loss":0}],"is_beta":false,"boss_relics":[],"items_purged_floors":[],"is_endless":false,"potions_floor_spawned":[1,6,8],"killed_by":"Slime Boss","ascension_level":5}}