{"host":"gfybn4j1d26rvz5e","time":1609212282,"event":{"mods":["BaseMod","Better Altar","Better Match","Better Note","Better Sensory Stone","Better Skull","Better Third Choice","BetterRewards","Highlight Path","Minty Spire (QoL Compilation)","Random Character Button","Relic Stats","StSLib"],"gold_per_floor":[113,13,30,46,60,60,87,99,126,126,126,165,165,209,209,332,332,350,350,265,289,164,164,182,182,209,230,230,230],"floor_reached":28,"playtime":1434,"items_purged":["Strike_P","Strike_P","Strike_P"],"score":344,"play_id":"3ab1452a-cd5e-4c00-96e8-b8bab9a681c2","local_time":"20201228212442","is_ascension_mode":true,"campfire_choices":[{"data":"CrushJoints","floor":6.0,"key":"SMITH"},{"data":"BattleHymn","floor":13.0,"key":"SMITH"},{"data":"MasterReality","floor":15.0,"key":"SMITH"},{"data":"Consecrate","floor":23.0,"key":"SMITH"},{"data":"MentalFortress","floor":25.0,"key":"SMITH"}],"circlet_count":0,"master_deck":["Strike_P","Defend_P","Defend_P","Defend_P","Defend_P","Eruption","Vigilance","BowlingBash","Crescendo","EmptyBody","Adaptation","BattleHymn+1","CrushJoints+1","MasterReality+1","Sanctity","Vault","Consecrate+1","Necronomicurse","MentalFortress+1","Eruption"],"relics":["PureWater","Torii","Pen Nib","PreservedInsect","Golden Idol","Art of War","Dream Catcher","Busted Crown","Necronomicon","Incense Burner","Vajra"],"acts_visited":["Exordium","TheCity"],"potions_floor_usage":[],"damage_taken":[{"damage":0.0,"enemies":"Cultist","floor":1.0,"turns":3.0},{"damage":0.0,"enemies":"Small Slimes","floor":3.0,"turns":2.0},{"damage":1.0,"enemies":"2 Louse","floor":4.0,"turns":3.0},{"damage":1.0,"enemies":"2 Fungi Beasts","floor":5.0,"turns":3.0},{"damage":0.0,"enemies":"Gremlin Nob","floor":7.0,"turns":2.0},{"damage":7.0,"enemies":"Looter","floor":8.0,"turns":3.0},{"damage":6.0,"enemies":"Lagavulin","floor":12.0,"turns":4.0},{"damage":2.0,"enemies":"3 Sentries","floor":14.0,"turns":4.0},{"damage":0.0,"enemies":"Slime Boss","floor":16.0,"turns":3.0},{"damage":6.0,"enemies":"Shell Parasite","floor":18.0,"turns":5.0},{"damage":0.0,"enemies":"2 Thieves","floor":21.0,"turns":4.0},{"damage":7.0,"enemies":"Cultist and Chosen","floor":24.0,"turns":4.0},{"damage":33.0,"enemies":"Sentry and Sphere","floor":27.0,"turns":5.0}],"seed_played":"5446464840576989817","potions_obtained":[{"floor":1.0,"key":"EntropicBrew"},{"floor":4.0,"key":"Fire Potion"},{"floor":5.0,"key":"ColorlessPotion"},{"floor":16.0,"key":"Energy Potion"},{"floor":24.0,"key":"FairyPotion"}],"is_trial":false,"path_per_floor":["M","$","M","M","M","R","E","M","T","?","?","E","R","E","R","B",null,"M","?","?","M","$","R","M","R","T","M","?"],"character_chosen":"WATCHER","items_purchased":["BowlingBash","Crescendo","EmptyBody","Adaptation"],"campfire_rested":0,"item_purchase_floors":[0,0,0,0],"current_hp_per_floor":[65,65,65,64,63,63,63,56,56,72,67,61,61,59,59,59,67,61,45,45,45,45,45,38,38,38,5,5,5],"gold":230,"neow_bonus":"","is_daily":false,"chose_seed":false,"campfire_upgraded":5,"win_rate":0.0,"timestamp":1609212282,"path_taken":["M","$","M","?","M","R","E","M","T","?","?","E","R","E","R","BOSS","M","?","?","M","$","R","M","R","T","M","?"],"items_purchased_type":["Card","Card","Card","Card"],"build_version":"2020-12-22","purchased_purges":3,"victory":false,"max_hp_per_floor":[72,72,72,72,72,72,72,72,72,72,67,67,67,67,67,67,67,67,67,67,67,67,67,67,67,67,67,67,67],"relic_stats":{"Dream Catcher":0,"Busted Crown":10,"Torii":6,"counters":[13,45],"Golden Idol":63,"Pen Nib":[5],"PreservedInsect":59,"Art of War":[5],"Necronomicon":[1],"obtain_stats":[{"Dream Catcher":14,"Busted Crown":17,"Torii":0,"Golden Idol":11,"Vajra":26,"Pen Nib":7,"PreservedInsect":9,"Art of War":12,"Necronomicon":19,"Incense Burner":20,"PureWater":0},{"Dream Catcher":8,"Busted Crown":9,"Torii":0,"Golden Idol":6,"Vajra":12,"Pen Nib":5,"PreservedInsect":6,"Art of War":7,"Necronomicon":10,"Incense Burner":10,"PureWater":0},{"Dream Catcher":24,"Busted Crown":27,"Torii":0,"Golden Idol":16,"Vajra":40,"Pen Nib":13,"PreservedInsect":16,"Art of War":20,"Necronomicon":32,"Incense Burner":32,"PureWater":0}]},"card_choices":[{"not_picked":["SashWhip","Crescendo"],"picked":"BattleHymn","floor":1.0},{"not_picked":["Protect","Crescendo","Prostrate"],"picked":"SKIP","floor":3.0},{"not_picked":["Wireheading","WreathOfFlame"],"picked":"CrushJoints","floor":4.0},{"not_picked":["WindmillStrike","Wireheading","BowlingBash"],"picked":"SKIP","floor":5.0},{"not_picked":["EmptyFist","PathToVictory","Prostrate"],"picked":"SKIP","floor":7.0},{"not_picked":["Wireheading","Perseverance"],"picked":"MasterReality","floor":8.0},{"not_picked":["ThirdEye","WaveOfTheHand","Halt"],"picked":"SKIP","floor":12.0},{"not_picked":["Consecrate","Protect"],"picked":"Sanctity","floor":14.0},{"not_picked":["Devotion","Wish"],"picked":"Vault","floor":16.0},{"not_picked":[],"picked":"Consecrate","floor":18.0},{"not_picked":["ClearTheMind"],"picked":"SKIP","floor":21.0},{"not_picked":[],"picked":"MentalFortress","floor":24.0},{"not_picked":["Crescendo"],"picked":"SKIP","floor":27}],"player_experience":648569,"relics_obtained":[{"floor":7.0,"key":"Pen Nib"},{"floor":9.0,"key":"PreservedInsect"},{"floor":12.0,"key":"Art of War"},{"floor":14.0,"key":"Dream Catcher"},{"floor":19.0,"key":"Necronomicon"},{"floor":26.0,"key":"Vajra"}],"event_choices":[{"damage_healed":24.0,"max_hp_gain":0.0,"max_hp_loss":0.0,"gold_gain":0.0,"event_name":"Big Fish","player_choice":"Banana","floor":10.0,"gold_loss":0.0,"damage_taken":0.0},{"damage_healed":0.0,"max_hp_gain":0.0,"max_hp_loss":5.0,"gold_gain":0.0,"event_name":"Golden Idol","player_choice":"Lose Max HP","floor":11.0,"gold_loss":0.0,"damage_taken":0.0,"relics_obtained":["Golden Idol"]},{"damage_healed":0.0,"max_hp_gain":0.0,"max_hp_loss":0.0,"gold_gain":0.0,"event_name":"Cursed Tome","player_choice":"Obtained Book","floor":19.0,"gold_loss":0.0,"damage_taken":16.0},{"damage_healed":0.0,"max_hp_gain":0.0,"max_hp_loss":0.0,"gold_gain":0.0,"event_name":"Addict","player_choice":"Obtained Relic","floor":20.0,"gold_loss":85.0,"damage_taken":0.0,"relics_obtained":["Incense Burner"]},{"damage_healed":0,"gold_gain":0,"player_choice":"Copied","damage_taken":0,"max_hp_gain":0,"max_hp_loss":0,"event_name":"Duplicator","floor":28,"gold_loss":0,"cards_obtained":["Eruption"]}],"is_beta":false,"boss_relics":[{"not_picked":["Fusion Hammer","Tiny House"],"picked":"Busted Crown"}],"items_purged_floors":[0,2,22],"is_endless":false,"potions_floor_spawned":[1,4,5,16,24,27],"ascension_level":2}}