{"host":"07ljfmttuzqopd7f","time":1609278319,"event":{"mods":["2.2 Compatiblity","BaseMod","Bestiary","Block Reminder","Colored Map","Colored Powertips","Hermit","Minty Spire (QoL Compilation)","Permanent Neow","Quick Restart","Rare Cards Sparkle","Relic Stats","StSLib"],"gold_per_floor":[115,135,135,155,179,179,210,210,210,32,32,46,79,79,79,199,199,214,234,248,175,200,200,200],"floor_reached":23,"playtime":957,"items_purged":["Strike_B"],"score":261,"play_id":"25fc82b4-9da2-4670-bc59-2ed80b95ecae","local_time":"20201229164519","is_ascension_mode":true,"campfire_choices":[{"data":"Reinforced Body","floor":6.0,"key":"SMITH"},{"floor":11.0,"key":"REST"},{"floor":15.0,"key":"REST"}],"circlet_count":0,"master_deck":["Strike_B","Strike_B","Strike_B","Defend_B","Defend_B","Defend_B","Defend_B","Zap","Dualcast","Ball Lightning","Streamline","Coolheaded","Reinforced Body+1","Chaos","Sunder","Cold Snap","Consume","Rainbow","Defragment+1","Doom and Gloom","Defragment"],"relics":["Black Star","Golden Idol","Oddly Smooth Stone","Meat on the Bone","Akabeko","Odd Mushroom","Blue Candle","Sozu"],"acts_visited":["Exordium","TheCity"],"potions_floor_usage":[],"damage_taken":[{"damage":0.0,"enemies":"Small Slimes","floor":1.0,"turns":3.0},{"damage":1.0,"enemies":"2 Louse","floor":2.0,"turns":3.0},{"damage":1.0,"enemies":"Cultist","floor":4.0,"turns":3.0},{"damage":4.0,"enemies":"Looter","floor":5.0,"turns":4.0},{"damage":35.0,"enemies":"Lagavulin","floor":7.0,"turns":8.0},{"damage":5.0,"enemies":"Exordium Thugs","floor":12.0,"turns":4.0},{"damage":20.0,"enemies":"The Mushroom Lair","floor":13.0,"turns":4.0},{"damage":38.0,"enemies":"Slime Boss","floor":16.0,"turns":8.0},{"damage":9.0,"enemies":"Spheric Guardian","floor":18.0,"turns":4.0},{"damage":12.0,"enemies":"Shell Parasite","floor":19.0,"turns":8.0},{"damage":10,"enemies":"Chosen and Byrds","floor":20,"turns":9},{"damage":9,"enemies":"Cultist and Chosen","floor":22,"turns":8},{"damage":50,"enemies":"Book of Stabbing","floor":23,"turns":8}],"seed_played":"-3271092829616306713","potions_obtained":[{"floor":1.0,"key":"SpeedPotion"},{"floor":2.0,"key":"Swift Potion"},{"floor":13.0,"key":"DistilledChaos"},{"floor":16.0,"key":"ColorlessPotion"}],"is_trial":false,"path_per_floor":["M","M","?","M","M","R","E","?","T","$","R","M","?","T","R","B",null,"M","M","M","$","M","E"],"character_chosen":"DEFECT","items_purchased":["Sunder","Cold Snap","Doom and Gloom"],"campfire_rested":2,"item_purchase_floors":[10,10,21],"current_hp_per_floor":[68,67,49,48,44,44,9,9,9,9,31,38,30,30,52,26,63,54,42,44,44,47,0,0],"gold":200,"neow_bonus":"BOSS_RELIC","is_daily":false,"chose_seed":false,"campfire_upgraded":1,"win_rate":0.0,"timestamp":1609278319,"path_taken":["M","M","?","M","M","R","E","?","T","$","R","M","?","?","R","BOSS","M","M","M","$","M","E"],"items_purchased_type":["Card","Card","Card"],"build_version":"2020-12-22","purchased_purges":1,"victory":false,"max_hp_per_floor":[75,75,75,75,75,75,75,75,75,75,75,75,75,75,75,75,75,75,75,75,75,75,75,75],"relic_stats":{"Sozu":2,"counters":[13,74],"Golden Idol":64,"Blue Candle":[0],"Black Star":1,"obtain_stats":[{"Sozu":17,"Golden Idol":3,"Blue Candle":14,"Oddly Smooth Stone":7,"Black Star":0,"Odd Mushroom":13,"Cracked Core":0,"Akabeko":9,"Meat on the Bone":7},{"Sozu":8,"Golden Idol":2,"Blue Candle":7,"Oddly Smooth Stone":5,"Black Star":0,"Odd Mushroom":7,"Cracked Core":0,"Akabeko":5,"Meat on the Bone":5},{"Sozu":37,"Golden Idol":6,"Blue Candle":29,"Oddly Smooth Stone":21,"Black Star":0,"Odd Mushroom":29,"Cracked Core":0,"Akabeko":21,"Meat on the Bone":21}],"Meat on the Bone":60},"card_choices":[{"not_picked":["Aggregate","Conserve Battery"],"picked":"Ball Lightning","floor":1.0},{"not_picked":["Steam","Gash"],"picked":"Streamline","floor":2.0},{"not_picked":["Go for the Eyes","Redo"],"picked":"Coolheaded","floor":4.0},{"not_picked":["Storm","FTL"],"picked":"Reinforced Body","floor":5.0},{"not_picked":["Rebound","Sunder"],"picked":"Chaos","floor":7.0},{"not_picked":["Recycle","Leap"],"picked":"Consume","floor":12.0},{"not_picked":["All For One","Reboot"],"picked":"Rainbow","floor":16.0},{"not_picked":["Turbo+1","Rebound","Conserve Battery"],"picked":"SKIP","floor":18.0},{"not_picked":["Scrape+1","Steam","Compile Driver"],"picked":"SKIP","floor":19.0},{"not_picked":["Chaos","Streamline+1"],"picked":"Defragment+1","floor":20},{"not_picked":["Go for the Eyes","Multi-Cast"],"picked":"Defragment","floor":22}],"player_experience":433100,"relics_obtained":[{"floor":7.0,"key":"Oddly Smooth Stone"},{"floor":7.0,"key":"Meat on the Bone"},{"floor":9.0,"key":"Akabeko"},{"floor":13.0,"key":"Odd Mushroom"},{"floor":14.0,"key":"Blue Candle"}],"event_choices":[{"damage_healed":0.0,"max_hp_gain":0.0,"max_hp_loss":0.0,"gold_gain":0.0,"event_name":"Golden Idol","player_choice":"Take Damage","floor":3.0,"gold_loss":0.0,"damage_taken":18.0,"relics_obtained":["Golden Idol"]},{"damage_healed":0.0,"max_hp_gain":0.0,"max_hp_loss":0.0,"gold_gain":0.0,"event_name":"Dead Adventurer","player_choice":"Searched \u00271\u0027 times","floor":8.0,"gold_loss":0.0,"damage_taken":0.0},{"damage_healed":0.0,"max_hp_gain":0.0,"max_hp_loss":0.0,"gold_gain":0.0,"event_name":"Mushrooms","player_choice":"Fought Mushrooms","floor":13.0,"gold_loss":0.0,"damage_taken":0.0}],"is_beta":false,"boss_relics":[{"not_picked":["Pandora\u0027s Box","Runic Pyramid"],"picked":"Sozu"}],"items_purged_floors":[10],"is_endless":false,"potions_floor_spawned":[1,2,13,16,18,20],"killed_by":"Book of Stabbing","ascension_level":7}}