{"host":"ji1fk25fd1ga4ji1","time":1609238469,"event":{"mods":["2.2 Compatiblity","BaseMod","Colored Map","DeckTracker","Minty Spire (QoL Compilation)","Permanent Neow","Quick Restart","StSLib","SuperFastMode"],"gold_per_floor":[116,130,150,150,150,150,180,180,180,105,105,133,162,62,62,166,166,183,383,398,409,129,142,142,171,171,186,186,105,105,125,125,220,220,233,253,263,113,163,194,19,19,19,44,44,69,69,104,104,104],"floor_reached":51,"playtime":995,"items_purged":["Strike_R","Defend_R","Strike_R","Defend_R","Defend_R"],"score":928,"play_id":"98fa2023-11fa-443c-8afc-ff02a93e167b","local_time":"20201229194109","is_ascension_mode":true,"campfire_choices":[{"data":"Sword Boomerang","floor":6.0,"key":"SMITH"},{"data":"Inflame","floor":8.0,"key":"SMITH"},{"data":"Limit Break","floor":11.0,"key":"SMITH"},{"floor":15.0,"key":"REST"},{"data":"Sword Boomerang","floor":24.0,"key":"SMITH"},{"data":"Heavy Blade","floor":30,"key":"SMITH"},{"data":"1","floor":32,"key":"LIFT"},{"data":"2","floor":42,"key":"LIFT"},{"data":"3","floor":45,"key":"LIFT"},{"data":"Battle Trance","floor":49,"key":"SMITH"}],"circlet_count":0,"master_deck":["Strike_R","Strike_R","Defend_R","Bash","Limit Break+1","Sword Boomerang+1","Power Through","Battle Trance+1","Inflame+1","Disarm","Shrug It Off+1","Inflame+1","Sword Boomerang+1","Inflame","Heavy Blade+1","Reaper","Seeing Red+1"],"relics":["Burning Blood","Bird Faced Urn","Girya","Odd Mushroom","Bag of Marbles","Cursed Key","DollysMirror","Blue Candle","FaceOfCleric","Runic Cube","Mango","Sundial","Turnip","HornCleat","Juzu Bracelet"],"acts_visited":["Exordium","TheCity","TheBeyond"],"potions_floor_usage":[50],"damage_taken":[{"damage":0.0,"enemies":"Small Slimes","floor":1.0,"turns":4.0},{"damage":5.0,"enemies":"Jaw Worm","floor":2.0,"turns":4.0},{"damage":4.0,"enemies":"2 Louse","floor":3.0,"turns":3.0},{"damage":25.0,"enemies":"Lagavulin","floor":7.0,"turns":9.0},{"damage":7.0,"enemies":"The Mushroom Lair","floor":12.0,"turns":5.0},{"damage":41.0,"enemies":"Gremlin Nob","floor":13.0,"turns":5.0},{"damage":4.0,"enemies":"Hexaghost","floor":16.0,"turns":6.0},{"damage":13.0,"enemies":"Spheric Guardian","floor":18.0,"turns":5.0},{"damage":10.0,"enemies":"2 Thieves","floor":20.0,"turns":4.0},{"damage":6.0,"enemies":"Shelled Parasite and Fungi","floor":21.0,"turns":4.0},{"damage":10.0,"enemies":"3 Cultists","floor":23.0,"turns":4.0},{"damage":12.0,"enemies":"Book of Stabbing","floor":25.0,"turns":3.0},{"damage":1,"enemies":"Centurion and Healer","floor":27,"turns":3},{"damage":14,"enemies":"Snake Plant","floor":31,"turns":6},{"damage":17,"enemies":"Champ","floor":33,"turns":3},{"damage":20,"enemies":"3 Shapes","floor":35,"turns":4},{"damage":6,"enemies":"Orb Walker","floor":36,"turns":3},{"damage":29,"enemies":"4 Shapes","floor":37,"turns":6},{"damage":10,"enemies":"Mind Bloom Boss Battle","floor":39,"turns":4},{"damage":53,"enemies":"Reptomancer","floor":40,"turns":6},{"damage":17,"enemies":"Giant Head","floor":44,"turns":4},{"damage":0,"enemies":"Reptomancer","floor":46,"turns":3},{"damage":11,"enemies":"Giant Head","floor":48,"turns":5},{"damage":66,"enemies":"Awakened One","floor":50,"turns":4}],"seed_played":"-7391451165278669580","potions_obtained":[{"floor":3.0,"key":"Explosive Potion"},{"floor":12.0,"key":"Weak Potion"},{"floor":13.0,"key":"BlessingOfTheForge"},{"floor":16.0,"key":"EntropicBrew"},{"floor":23.0,"key":"Swift Potion"}],"is_trial":false,"path_per_floor":["M","M","M","?","?","R","E","R","T","$","R","?","E","$","R","B",null,"M","?","M","M","$","M","R","E","T","M","?","$","R","M","R","B",null,"M","M","M","$","?","E","$","R","T","E","R","E","?","E","R","B",null],"character_chosen":"IRONCLAD","items_purchased":["DollysMirror","Reaper"],"campfire_rested":1,"item_purchase_floors":[22,29],"current_hp_per_floor":[62,63,65,70,63,63,44,44,44,44,44,45,12,12,37,41,85,78,78,76,78,78,78,78,76,76,85,85,85,85,86,86,76,87,88,89,90,90,103,95,95,95,95,91,91,104,104,109,109,73],"gold":104,"neow_bonus":"THREE_RARE_CARDS","is_daily":false,"chose_seed":false,"campfire_upgraded":6,"win_rate":0.0,"timestamp":1609238469,"path_taken":["M","M","M","?","?","R","E","R","T","$","R","?","E","$","R","BOSS","M","?","M","?","$","M","R","E","T","M","?","$","R","M","R","BOSS","M","M","?","$","?","E","$","R","T","E","R","E","?","E","R","BOSS"],"items_purchased_type":["Relic","Card"],"build_version":"2020-12-22","purchased_purges":5,"victory":true,"max_hp_per_floor":[80,80,80,85,85,85,85,85,85,85,85,85,85,85,85,85,85,85,85,85,85,85,85,85,85,85,85,85,85,85,86,86,87,87,88,89,90,90,105,106,106,106,106,107,107,108,108,109,109,110],"card_choices":[{"not_picked":["Juggernaut","Demon Form"],"picked":"Limit Break","floor":0.0},{"not_picked":["Perfected Strike","Pommel Strike"],"picked":"Sword Boomerang","floor":1.0},{"not_picked":["Warcry","Headbutt"],"picked":"Power Through","floor":2.0},{"not_picked":["Carnage","Headbutt"],"picked":"Battle Trance","floor":3.0},{"not_picked":["Dropkick","Clothesline"],"picked":"Inflame","floor":7.0},{"not_picked":["Pummel","Havoc"],"picked":"Disarm","floor":12.0},{"not_picked":["Cleave","Dropkick","Anger"],"picked":"SKIP","floor":13.0},{"not_picked":["Power Through","Disarm+1"],"picked":"Shrug It Off+1","floor":18.0},{"not_picked":["Iron Wave","Clash+1","Perfected Strike"],"picked":"SKIP","floor":20.0},{"not_picked":["Body Slam","Perfected Strike+1","Armaments"],"picked":"SKIP","floor":21.0},{"not_picked":["Headbutt","Infernal Blade"],"picked":"Sword Boomerang","floor":23.0},{"not_picked":["Twin Strike","Battle Trance"],"picked":"Inflame","floor":25.0},{"not_picked":["Flame Barrier+1","Clothesline"],"picked":"Heavy Blade","floor":27},{"not_picked":["Metallicize","Clothesline","Heavy Blade"],"picked":"SKIP","floor":31},{"not_picked":["Dropkick","Rage+1","Body Slam"],"picked":"SKIP","floor":35},{"not_picked":["Ghostly Armor+1","Hemokinesis"],"picked":"Seeing Red+1","floor":36},{"not_picked":["Carnage","Shockwave+1","Dual Wield"],"picked":"SKIP","floor":37},{"not_picked":["Hemokinesis+1","Armaments+1","Rage+1"],"picked":"SKIP","floor":40},{"not_picked":["Havoc","Fiend Fire","Entrench"],"picked":"SKIP","floor":44},{"not_picked":["Clothesline+1","True Grit","Headbutt"],"picked":"SKIP","floor":46},{"not_picked":["Wild Strike","Flex","Fire Breathing"],"picked":"SKIP","floor":48}],"player_experience":1229959,"relics_obtained":[{"floor":7.0,"key":"Bird Faced Urn"},{"floor":9.0,"key":"Girya"},{"floor":12.0,"key":"Odd Mushroom"},{"floor":13.0,"key":"Bag of Marbles"},{"floor":25.0,"key":"Blue Candle"},{"floor":39,"key":"Mango"},{"floor":40,"key":"Sundial"},{"floor":44,"key":"Turnip"},{"floor":46,"key":"HornCleat"},{"floor":48,"key":"Juzu Bracelet"}],"event_choices":[{"damage_healed":0.0,"max_hp_gain":5.0,"max_hp_loss":0.0,"gold_gain":0.0,"event_name":"Big Fish","player_choice":"Donut","floor":4.0,"gold_loss":0.0,"damage_taken":0.0},{"cards_removed":["Strike_R"],"damage_healed":0.0,"max_hp_gain":0.0,"max_hp_loss":0.0,"gold_gain":0.0,"event_name":"Golden Wing","player_choice":"Card Removal","floor":5.0,"gold_loss":0.0,"damage_taken":7.0},{"damage_healed":0.0,"max_hp_gain":0.0,"max_hp_loss":0.0,"gold_gain":0.0,"event_name":"Mushrooms","player_choice":"Fought Mushrooms","floor":12.0,"gold_loss":0.0,"damage_taken":0.0},{"damage_healed":0.0,"max_hp_gain":0.0,"max_hp_loss":0.0,"gold_gain":250.0,"event_name":"The Joust","player_choice":"Bet on Owner","floor":19.0,"gold_loss":50.0,"damage_taken":0.0},{"damage_healed":0,"gold_gain":0,"player_choice":"Trade","damage_taken":0,"relics_obtained":["FaceOfCleric"],"max_hp_gain":0,"max_hp_loss":0,"event_name":"FaceTrader","floor":28,"gold_loss":0},{"damage_healed":0,"gold_gain":0,"player_choice":"Fight","damage_taken":0,"max_hp_gain":0,"max_hp_loss":0,"event_name":"MindBloom","floor":39,"gold_loss":0},{"damage_healed":0,"gold_gain":0,"player_choice":"Memory 1","damage_taken":0,"max_hp_gain":0,"max_hp_loss":0,"event_name":"SensoryStone","floor":47,"gold_loss":0}],"is_beta":false,"boss_relics":[{"not_picked":["Black Blood","Runic Dome"],"picked":"Cursed Key"},{"not_picked":["Runic Pyramid","Snecko Eye"],"picked":"Runic Cube"}],"items_purged_floors":[10,14,22,38,41],"is_endless":false,"potions_floor_spawned":[3,12,13,16,21,23,27,39,44],"ascension_level":1}}