{"host":"a5zr8hf2yymwt50u","time":1609249024,"event":{"mods":["BaseMod","Colored Map","Minty Spire (QoL Compilation)","StSLib","The Bug Knight"],"gold_per_floor":[118,129,79,179,190,220,145,179,232,232,8,8,8,36,36,36,36],"floor_reached":16,"playtime":950,"items_purged":["HollowMod:QuickDashStart"],"score":108,"play_id":"5f7c4f09-0122-4073-ad55-bd73958e5d62","local_time":"20201229223704","is_ascension_mode":false,"campfire_choices":[{"data":"HollowMod:NewLittleFool","floor":10,"key":"SMITH"},{"data":"HollowMod:ElderbugsWisdom","floor":13,"key":"SMITH"},{"data":"HollowMod:HeavyBlow","floor":15,"key":"SMITH"}],"circlet_count":0,"master_deck":["HollowMod:NailStrikeStart","HollowMod:NailStrikeStart","HollowMod:NailStrikeStart","HollowMod:QuickDashStart","HollowMod:QuickDashStart","HollowMod:QuickDashStart","HollowMod:FocusHealStart","HollowMod:PogoStrike","HollowMod:ElderbugsWisdom+1","HollowMod:NewLittleFool+1","HollowMod:CloakDash","HollowMod:VengefulSpirit","HollowMod:CycloneSlash","HollowMod:HeavyBlow+1"],"relics":["HollowMod:VesselMask","Mummified Hand","CeramicFish","Pen Nib","Membership Card","Lantern"],"acts_visited":["Exordium"],"potions_floor_usage":[8],"damage_taken":[{"damage":0,"enemies":"Small Slimes","floor":1,"turns":4},{"damage":7,"enemies":"2 Louse","floor":2,"turns":3},{"damage":1,"enemies":"Cultist","floor":5,"turns":4},{"damage":49,"enemies":"Gremlin Nob","floor":6,"turns":5},{"damage":13,"enemies":"Lagavulin","floor":8,"turns":8},{"damage":6,"enemies":"Lots of Slimes","floor":14,"turns":2},{"damage":25,"enemies":"The Guardian","floor":16,"turns":13}],"seed_played":"-3017285425750259298","potions_obtained":[{"floor":5,"key":"PowerPotion"},{"floor":8,"key":"LiquidBronze"}],"is_trial":false,"path_per_floor":["M","M","?","?","M","E","$","E","T","R","$","$","R","M","R","B"],"character_chosen":"THE_BUGKNIGHT","items_purchased":["Membership Card","Lantern"],"campfire_rested":0,"item_purchase_floors":[11,11],"current_hp_per_floor":[75,74,74,74,75,26,26,13,13,13,13,13,13,13,13,0,0],"gold":36,"neow_bonus":"ONE_RANDOM_RARE_CARD","is_daily":false,"chose_seed":false,"campfire_upgraded":3,"win_rate":0.0,"timestamp":1609249024,"path_taken":["M","M","?","?","?","E","$","E","T","R","?","$","R","M","R","BOSS"],"items_purchased_type":["Relic","Relic"],"build_version":"2020-12-22","purchased_purges":1,"victory":false,"max_hp_per_floor":[75,75,75,75,75,75,75,75,75,75,75,75,75,75,75,75,75],"card_choices":[{"not_picked":["HollowMod:InfectionAssault","HollowMod:ShapeofUnn"],"picked":"HollowMod:NewLittleFool","floor":1},{"not_picked":["HollowMod:ShadowDash","HollowMod:GoodIntentions"],"picked":"HollowMod:CloakDash","floor":2},{"not_picked":["HollowMod:GoodIntentions","HollowMod:HowlingWraiths"],"picked":"HollowMod:VengefulSpirit","floor":5},{"not_picked":["HollowMod:SoulEater","HollowMod:HeavyBlow","HollowMod:ShadowDash"],"picked":"SKIP","floor":6},{"not_picked":["HollowMod:SoulEater","HollowMod:SoulVessel"],"picked":"HollowMod:CycloneSlash","floor":8},{"not_picked":["HollowMod:BlackTendrils","HollowMod:PureNailStrike"],"picked":"HollowMod:HeavyBlow","floor":14}],"player_experience":215831,"relics_obtained":[{"floor":6,"key":"Mummified Hand"},{"floor":8,"key":"CeramicFish"},{"floor":9,"key":"Pen Nib"}],"event_choices":[{"cards_removed":["HollowMod:NailStrikeStart"],"damage_healed":0,"gold_gain":0,"player_choice":"Card Removal","damage_taken":0,"max_hp_gain":0,"max_hp_loss":0,"event_name":"The Cleric","floor":3,"gold_loss":50},{"damage_healed":0,"gold_gain":100,"player_choice":"Pray","damage_taken":0,"max_hp_gain":0,"max_hp_loss":0,"event_name":"Golden Shrine","floor":4,"gold_loss":0}],"is_beta":false,"boss_relics":[],"items_purged_floors":[7],"is_endless":false,"potions_floor_spawned":[5,8],"killed_by":"The Guardian","ascension_level":0}}