{"host":"od099uxc49ip1k8b","time":1609283226,"event":{"mods":["AchievementEnabler","Act Like it!","BaseMod","Downfall","Friendly Minions","Gensokyo","Hermit","Highlight Path","Infinite Spire","Koishi","KomeijiMod","Marisa????????","Minty Spire (QoL Compilation)","Quick Restart","Rare Cards Sparkle","Reimu??????","Remilia??????","Replay The Spire","StSLib","Td1madao Mod","The Administrix","The Alterego","The Animator","The Cursed","The Gatherer","The Servant 0.9.4","The Wild Card","Waifu the Spire","WarShipGirlsR/????R mod","Yohane!","Yuyuko"],"gold_per_floor":[119,129,141,154,174,174,194,194,245,171,20,47,47,61,61,165,165,165,165],"floor_reached":18,"playtime":1625,"items_purged":["rmod:maingunfire"],"score":164,"play_id":"91bfb1d9-871b-4f53-a58f-cc8b3d2be8ac","local_time":"20201229180706","is_ascension_mode":false,"campfire_choices":[{"data":"rmod:diamondstrike","floor":6.0,"key":"SMITH"},{"data":"rmod:unsinkable","floor":8.0,"key":"SMITH"},{"floor":15.0,"key":"DIG"}],"circlet_count":0,"master_deck":["rmod:strick","rmod:strick","rmod:strick","rmod:strick","rmod:defend","rmod:defend","rmod:defend+1","rmod:defend","rmod:basicallowance","rmod:unsinkable+1","rmod:aviationdawn","rmod:diamondstrike+1","rmod:unsinkable","rmod:guardianhero","rmod:royalracing","rmod:highspeedmaneuver","rmod:ridicule"],"relics":["rmod:firstchargereward","infinitespire:Satchel","Shovel","Eternal Feather","Runic Pyramid"],"acts_visited":["Exordium","TheCity"],"potions_floor_usage":[],"damage_taken":[{"damage":0.0,"enemies":"infinitespire:Voidling","floor":1.0,"turns":5.0},{"damage":0.0,"enemies":"Cultist","floor":2.0,"turns":4.0},{"damage":0.0,"enemies":"Small Slimes","floor":3.0,"turns":3.0},{"damage":0.0,"enemies":"3 Louse","floor":4.0,"turns":3.0},{"damage":2.0,"enemies":"Looter","floor":5.0,"turns":3.0},{"damage":0.0,"enemies":"2 Fungi Beasts","floor":7.0,"turns":3.0},{"damage":2.0,"enemies":"3 Sentries","floor":12.0,"turns":6.0},{"damage":0.0,"enemies":"Exordium Thugs","floor":14.0,"turns":4.0},{"damage":4.0,"enemies":"Hexaghost","floor":16.0,"turns":12.0},{"damage":0,"enemies":"Shell Parasite","floor":18,"turns":2}],"seed_played":"5207740176788391955","potions_obtained":[{"floor":1.0,"key":"Adrenaline Potion"},{"floor":5.0,"key":"SteroidPotion"},{"floor":12.0,"key":"Adrenaline Potion"},{"floor":16.0,"key":"LiquidMemories"}],"is_trial":false,"path_per_floor":["M","M","M","M","M","R","M","R","T","$","$","E","?","M","R","B",null,"M"],"character_chosen":"PRAEFECT","items_purchased":["rmod:guardianhero","rmod:royalracing"],"campfire_rested":0,"item_purchase_floors":[10,11],"current_hp_per_floor":[75,75,75,75,73,73,73,73,73,73,73,71,71,71,71,67,75,75,75],"gold":165,"neow_bonus":"RANDOM_EVENT","is_daily":false,"chose_seed":false,"campfire_upgraded":2,"win_rate":0.0,"timestamp":1609283226,"path_taken":["M","M","M","M","?","R","M","R","T","?","$","E","?","M","R","BOSS","M"],"items_purchased_type":["Card","Card"],"build_version":"2020-12-22","purchased_purges":1,"victory":false,"max_hp_per_floor":[75,75,75,75,75,75,75,75,75,75,75,75,75,75,75,75,75,75,75],"card_choices":[{"not_picked":["rmod:spoils","rmod:fuelsupply"],"picked":"rmod:unsinkable","floor":1.0},{"not_picked":["rmod:victimresponsibility","rmod:highspeedshooting"],"picked":"rmod:aviationdawn","floor":2.0},{"not_picked":["rmod:bulid","rmod:tearstotiara"],"picked":"rmod:diamondstrike","floor":3.0},{"not_picked":["rmod:aluminumsupply","rmod:capitalist","rmod:supriseattacks"],"picked":"SKIP","floor":4.0},{"not_picked":["rmod:ammunitionsupply","rmod:slowdown"],"picked":"rmod:unsinkable","floor":5.0},{"not_picked":["rmod:expedition","rmod:chargemoney","rmod:steelsupply"],"picked":"SKIP","floor":7.0},{"not_picked":["rmod:supportescort","rmod:combined","rmod:wolves"],"picked":"SKIP","floor":12.0},{"not_picked":["rmod:unsinkable","rmod:victimresponsibility"],"picked":"rmod:highspeedmaneuver","floor":14.0},{"not_picked":["rmod:timeschanged","rmod:highspeedmaneuver"],"picked":"rmod:ridicule","floor":16.0}],"player_experience":182088,"relics_obtained":[{"floor":9.0,"key":"infinitespire:Satchel"},{"floor":12.0,"key":"Shovel"},{"floor":15.0,"key":"Eternal Feather"}],"event_choices":[{"damage_healed":0.0,"max_hp_gain":0.0,"max_hp_loss":0.0,"gold_gain":0.0,"event_name":"FaceTrader","player_choice":"Leave","floor":13.0,"gold_loss":0.0,"damage_taken":0.0}],"is_beta":false,"boss_relics":[{"not_picked":["Replay:Bronze Core","Replay:Wanted Poster"],"picked":"Runic Pyramid"}],"items_purged_floors":[11],"is_endless":false,"potions_floor_spawned":[1,5,12,16],"killed_by":"Shell Parasite","ascension_level":0}}