{"host":"ejlkif6fbtpy1quk","time":1609279386,"event":{"mods":["BaseMod","Bestiary","BetterRewards","Minty Spire (QoL Compilation)","Shop Mod","StSLib","Uncapped"],"gold_per_floor":[11,29,29,48,48,48,58,93,93,122,122,156,156,170,170,269,269,287,287,17,37,37,37],"floor_reached":22,"playtime":905,"items_purged":[],"score":214,"play_id":"670d7343-89f7-4777-bc6a-8a7b7df82f80","local_time":"20201229230306","is_ascension_mode":true,"campfire_choices":[{"data":"Spot Weakness","floor":6,"key":"SMITH"},{"floor":11,"key":"REST"},{"floor":13,"key":"REST"},{"floor":15,"key":"REST"}],"circlet_count":0,"master_deck":["Strike_R","Strike_R","Strike_R","Strike_R","Strike_R","Defend_R","Defend_R","Defend_R","Defend_R","Bash","Twin Strike","Cleave","Spot Weakness+1","Cleave","Inflame+1","Panacea","Seeing Red"],"relics":["Burning Blood","Unceasing Top","Paper Frog","Kunai","Mercury Hourglass","Darkstone Periapt","Frozen Egg 2","Black Star","Membership Card"],"acts_visited":["Exordium","TheCity"],"potions_floor_usage":[10,16,16],"damage_taken":[{"damage":0,"enemies":"Small Slimes","floor":1,"turns":3},{"damage":0,"enemies":"Cultist","floor":2,"turns":2},{"damage":0,"enemies":"2 Louse","floor":4,"turns":2},{"damage":0,"enemies":"Large Slime","floor":7,"turns":4},{"damage":44,"enemies":"Lagavulin","floor":8,"turns":6},{"damage":17,"enemies":"3 Sentries","floor":10,"turns":3},{"damage":24,"enemies":"Lagavulin","floor":12,"turns":4},{"damage":2,"enemies":"Blue Slaver","floor":14,"turns":2},{"damage":6,"enemies":"Slime Boss","floor":16,"turns":7},{"damage":25,"enemies":"2 Thieves","floor":18,"turns":3},{"damage":32,"enemies":"Shell Parasite","floor":21,"turns":4},{"damage":30,"enemies":"Chosen and Byrds","floor":22,"turns":4}],"seed_played":"1918433864279498956","potions_obtained":[{"floor":1,"key":"LiquidBronze"},{"floor":10,"key":"ElixirPotion"},{"floor":12,"key":"Fire Potion"},{"floor":14,"key":"BlessingOfTheForge"}],"is_trial":false,"path_per_floor":["M","M","?","M","?","R","M","E","T","E","R","E","R","M","R","B",null,"M","?","$","M","M"],"character_chosen":"IRONCLAD","items_purchased":["Inflame+1","Membership Card","Panacea"],"campfire_rested":3,"item_purchase_floors":[20,20,20],"current_hp_per_floor":[80,80,80,80,73,73,79,41,41,30,54,36,60,64,80,80,80,61,53,53,27,0,0],"gold":37,"neow_bonus":"ONE_RARE_RELIC","is_daily":false,"chose_seed":false,"campfire_upgraded":1,"win_rate":0.0,"timestamp":1609279386,"path_taken":["M","M","?","M","?","R","M","E","T","E","R","E","R","M","R","BOSS","M","?","$","M","M"],"items_purchased_type":["Card","Relic","Card"],"build_version":"2020-12-22","purchased_purges":0,"victory":false,"max_hp_per_floor":[80,80,80,80,80,80,80,80,80,80,80,80,80,80,80,80,80,80,80,80,80,80,80],"card_choices":[{"not_picked":["Heavy Blade","Warcry"],"picked":"Twin Strike","floor":1},{"not_picked":["Body Slam","Havoc"],"picked":"Cleave","floor":2},{"not_picked":["True Grit","Warcry"],"picked":"Spot Weakness","floor":4},{"not_picked":["Sever Soul","Clothesline"],"picked":"Cleave","floor":7},{"not_picked":["Warcry","Armaments","Perfected Strike"],"picked":"SKIP","floor":8},{"not_picked":["Sentinel","Blood for Blood","Combust"],"picked":"SKIP","floor":10},{"not_picked":["Perfected Strike","Bludgeon","Warcry"],"picked":"SKIP","floor":12},{"not_picked":["Iron Wave","Headbutt","Clash"],"picked":"SKIP","floor":14},{"not_picked":["Feel No Pain+1","Entrench","Pommel Strike"],"picked":"SKIP","floor":18},{"not_picked":["Flex","Clothesline"],"picked":"Seeing Red","floor":21}],"player_experience":80868,"relics_obtained":[{"floor":8,"key":"Kunai"},{"floor":9,"key":"Mercury Hourglass"},{"floor":10,"key":"Darkstone Periapt"},{"floor":12,"key":"Frozen Egg 2"}],"event_choices":[{"damage_healed":0,"gold_gain":0,"player_choice":"Ignored","damage_taken":0,"max_hp_gain":0,"max_hp_loss":0,"event_name":"Golden Idol","floor":3,"gold_loss":0},{"damage_healed":0,"gold_gain":0,"player_choice":"Success","damage_taken":7,"relics_obtained":["Paper Frog"],"max_hp_gain":0,"max_hp_loss":0,"event_name":"Scrap Ooze","floor":5,"gold_loss":0},{"damage_healed":0,"gold_gain":0,"player_choice":"Damaged","damage_taken":8,"max_hp_gain":0,"max_hp_loss":0,"event_name":"Wheel of Change","floor":19,"gold_loss":0}],"is_beta":false,"boss_relics":[{"not_picked":["Mark of Pain","Empty Cage"],"picked":"Black Star"}],"items_purged_floors":[],"is_endless":false,"potions_floor_spawned":[1,10,12,14],"killed_by":"Chosen and Byrds","ascension_level":1}}