{"host":"l9d4bclu8pwa3q15","time":1609232539,"event":{"mods":["Act Like it!","BaseMod","Better Altar","Better Match","Better Note","Better Sensory Stone","Better Skull","BetterRewards","Colored Map","Colored Powertips","Downfall","Emptier Cage","Gensokyo","GifTheSpireLib","Keyboard Shortcuts","Koishi","KomeijiMod","Lobotomy","LobotomyExtend","Minty Spire (QoL Compilation)","Quick Restart","Rare Cards Sparkle","Relic Sorter","Remilia_Scarlet Moed（蕾米莉亚・斯卡雷特）3.3.5","Replay The Spire","Spicy Shops","StSLib","The Alterego","UnlockEverythingMod","Waifu the Spire","WarShipGirlsR/战舰少女R mod","Yakumo Yukari mod","Youmu（魂魄妖梦）","Yuyuko"],"gold_per_floor":[99,115,115,130,40,40,64,164,14,0,0,16,16,1,17,17,17,17],"floor_reached":16,"playtime":882,"items_purged":["Regret"],"score":113,"play_id":"d134dee1-be7b-4c24-914b-6c1a9f5bb516","local_time":"20201229170219","is_ascension_mode":false,"campfire_choices":[{"floor":1,"key":"RECALL"},{"floor":6,"key":"REST"},{"data":"Slimebound:LevelUp","floor":9,"key":"SMITH"},{"data":"Slimebound:AcidTongue","floor":11,"key":"SMITH"}],"circlet_count":0,"master_deck":["Slimebound:Strike_Slimebound+1","Slimebound:Strike_Slimebound","Slimebound:Strike_Slimebound","Slimebound:Tackle+1","Slimebound:Defend_Slimebound","Slimebound:Defend_Slimebound+1","Slimebound:Defend_Slimebound","Slimebound:Defend_Slimebound","Slimebound:Split","Slimebound:CorrosiveSpit","Slimebound:LevelUp+1","Slimebound:GoopSpray","Slimebound:AcidTongue+1","Slimebound:Chomp","Slimebound:DuplicatedForm","Slimebound:SlimeSlap","Slimebound:Gluttony","Slimebound:GoopSpray"],"relics":["Slimebound:AbsorbEndCombat","LetterFromLob","downfall:GremlinWheel","downfall:HeartBlessingRed","downfall:HeartBlessingBlue"],"acts_visited":["Exordium"],"potions_floor_usage":[16],"damage_taken":[{"damage":17,"enemies":"Small Slimes","floor":2,"turns":3},{"damage":12,"enemies":"2 Louse","floor":4,"turns":2},{"damage":19,"enemies":"downfall:FleeingMerchant","floor":5,"turns":4},{"damage":42,"enemies":"downfall:FleeingMerchant","floor":8,"turns":4},{"damage":22,"enemies":"downfall:FleeingMerchant","floor":10,"turns":4},{"damage":13,"enemies":"Cultist","floor":12,"turns":3},{"damage":45,"enemies":"downfall:FleeingMerchant","floor":14,"turns":4},{"damage":46,"enemies":"Large Slime","floor":15,"turns":3},{"damage":54,"enemies":"downfall:Defect","floor":16,"turns":4}],"seed_played":"-5886068257931820836","potions_obtained":[{"floor":12,"key":"BlessingOfTheForge"}],"is_trial":false,"path_per_floor":["R","M","?","M","$","R","T","?","R","$","R","M","?","$","M","B"],"character_chosen":"SLIMEBOUND","items_purchased":[],"campfire_rested":1,"item_purchase_floors":[],"current_hp_per_floor":[66,60,60,52,45,64,64,34,76,66,66,65,65,55,36,0,0,0],"gold":17,"neow_bonus":"TEN_PERCENT_HP_BONUS","is_daily":false,"chose_seed":false,"campfire_upgraded":2,"win_rate":0.0,"timestamp":1609232539,"path_taken":["R","M","?","M","$","R","T","?","R","$","R","?","?","$","M","BOSS"],"items_purchased_type":[],"build_version":"2020-12-22","purchased_purges":1,"victory":false,"max_hp_per_floor":[66,66,66,66,66,66,66,66,76,76,76,76,76,76,76,76,76,76],"card_choices":[{"not_picked":["Slimebound:ComboTackle","Slimebound:LeechEnergy"],"picked":"Slimebound:LevelUp","floor":2},{"not_picked":["Slimebound:SplitBruiser","Slimebound:GrowthPunch"],"picked":"Slimebound:GoopSpray","floor":4},{"not_picked":["Slimebound:SamplingLick","Slimebound:SplitMire"],"picked":"Slimebound:AcidTongue","floor":5},{"not_picked":["Slimebound:SplitAcid","Slimebound:PressTheAttack"],"picked":"Slimebound:Chomp","floor":10},{"not_picked":["Slimebound:SamplingLick","Slimebound:RollThrough"],"picked":"Slimebound:DuplicatedForm","floor":12},{"not_picked":[],"picked":"Slimebound:SlimeSlap","floor":13},{"not_picked":["Slimebound:SamplingLick","Slimebound:SplitMire"],"picked":"Slimebound:Gluttony","floor":14},{"not_picked":["Slimebound:ComboTackle","Slimebound:SplitMire"],"picked":"Slimebound:GoopSpray","floor":15}],"player_experience":83147,"relics_obtained":[{"floor":2,"key":"LetterFromLob"},{"floor":8,"key":"downfall:GremlinWheel"}],"event_choices":[{"damage_healed":32,"gold_gain":0,"player_choice":"Full Heal","damage_taken":0,"max_hp_gain":0,"max_hp_loss":0,"event_name":"Wheel of Change","floor":9,"gold_loss":0}],"is_beta":false,"boss_relics":[],"items_purged_floors":[5],"is_endless":false,"potions_floor_spawned":[12],"killed_by":"downfall:Defect","ascension_level":0}}