{"host":"tb9sfv97irhb8jsq","time":1609263494,"event":{"mods":["Aspiration","BaseMod","Better Altar","Better Match","Better Note","Better Skull","Better Third Choice","BetterRewards","Colored Powertips","Colorless Booster Pack","Conspire","Dota2Spire","Energized Spire","Exacting","GifTheSpireLib","Halation","Hubris","Infinite Spire","Minty Spire (QoL Compilation)","RatMod","Replay The Spire","Shop Mod","Spicy Shops","Spikes Relics","StSLib","Stuff the Spire","SuperFastMode","Trackpad","vexMod"],"gold_per_floor":[19,33,51,69,69,103,114,141,141,161,178,178,143,163,163,268,268,280,314,325,340,360,360,389,389,389,389,421,30,43,56,56,160,160,173,173,186,186,200,229,229,246,246,246,246,274,290,303,303,303],"floor_reached":51,"playtime":2196,"items_purged":[],"score":1194,"play_id":"03e3e2d9-497c-4f44-b34a-6eddbc89bbfb","local_time":"20201229203814","is_ascension_mode":true,"campfire_choices":[{"data":"Demon Form","floor":15,"key":"SMITH"},{"data":"Offering","floor":23,"key":"SMITH"},{"data":"Intimidate","floor":27,"key":"SMITH"},{"data":"Battle Trance","floor":32,"key":"SMITH"},{"data":"Flex","floor":41,"key":"SMITH"},{"data":"Impervious","floor":44,"key":"SMITH"},{"floor":49,"key":"REST"}],"circlet_count":0,"master_deck":["Strike_R","Strike_R","Strike_R","Defend_R","Defend_R","Defend_R","Defend_R","Bash","ReplayTheSpireMod:Limb From Limb+1","Bloodletting","ReplayTheSpireMod:Limb From Limb+1","Intimidate+1","Thunderclap","Disarm","Flex+1","Ghostly Armor","Shrug It Off","Demon Form+1","Offering+1","StuffTheSpire:Slingshot","Invigoration+1","Carnage","Infernal Blade+1","Whirlwind","StuffTheSpire:Slingshot+1","ReplayTheSpireMod:Limb From Limb+1","Cleave","Battle Trance+1","conspire:Purge","Spot Weakness+1","Headbutt","Dark Embrace+1","Impervious+1","Thinking Ahead","Violence","Impatience","Wild Strike+1","Sword Boomerang+1","Battle Trance+1"],"relics":["Burning Blood","hubris:Towel","Dota2Spire:BattleFury","Oddly Smooth Stone","halation:SelfBoilingWater","trackpad:AdjectivePendant","StuffTheSpire:ModemDavis","StuffTheSpire:ForceGauntlet","Unceasing Top","Red Mask","Lee\u0027s Waffle","Replay:Bottled Eggs","Philosopher\u0027s Stone","Pantograph","Dota2Spire:AssaultCuirass","Bronze Scales"],"acts_visited":["Exordium","TheCity","TheBeyond"],"potions_floor_usage":[6,8,8,28,40,46,46],"damage_taken":[{"damage":4,"enemies":"Small Slimes","floor":1,"turns":4},{"damage":8,"enemies":"Jaw Worm","floor":2,"turns":4},{"damage":3,"enemies":"Cultist","floor":3,"turns":2},{"damage":8,"enemies":"Exordium Wildlife","floor":4,"turns":3},{"damage":3,"enemies":"Gremlin Nob","floor":6,"turns":2},{"damage":27,"enemies":"Large Slime","floor":7,"turns":5},{"damage":14,"enemies":"Lagavulin","floor":8,"turns":4},{"damage":4,"enemies":"Gremlin Gang","floor":10,"turns":2},{"damage":3,"enemies":"2 Fungi Beasts","floor":11,"turns":2},{"damage":0,"enemies":"Large Slime","floor":14,"turns":3},{"damage":12,"enemies":"The Guardian","floor":16,"turns":7},{"damage":7,"enemies":"Shell Parasite","floor":18,"turns":2},{"damage":3,"enemies":"Spheric Guardian","floor":19,"turns":2},{"damage":39,"enemies":"Centurion and Healer","floor":20,"turns":5},{"damage":11,"enemies":"Snake Plant","floor":21,"turns":1},{"damage":17,"enemies":"Shelled Parasite and Fungi","floor":22,"turns":2},{"damage":13,"enemies":"Gremlin Leader","floor":24,"turns":3},{"damage":6,"enemies":"Masked Bandits","floor":28,"turns":2},{"damage":11,"enemies":"Snecko","floor":30,"turns":3},{"damage":0,"enemies":"Snake Plant","floor":31,"turns":1},{"damage":18,"enemies":"conspire:MysteriousRune","floor":33,"turns":3},{"damage":0,"enemies":"Orb Walker","floor":35,"turns":2},{"damage":0,"enemies":"3 Shapes","floor":37,"turns":1},{"damage":49,"enemies":"Spire Growth","floor":39,"turns":3},{"damage":9,"enemies":"Giant Head","floor":40,"turns":2},{"damage":6,"enemies":"3 Darklings","floor":42,"turns":2},{"damage":48,"enemies":"R_Hoarder","floor":46,"turns":5},{"damage":18,"enemies":"Jaw Worm Horde","floor":47,"turns":1},{"damage":12,"enemies":"Maw","floor":48,"turns":3},{"damage":82,"enemies":"Awakened One","floor":50,"turns":6}],"seed_played":"200655198476323520","potions_obtained":[{"floor":1,"key":"Weak Potion"},{"floor":6,"key":"PowerPotion"},{"floor":7,"key":"LifebloodPotion"},{"floor":8,"key":"FairyPotion"},{"floor":19,"key":"Fire Potion"},{"floor":20,"key":"SkillPotion"},{"floor":28,"key":"BlessingOfTheForge"},{"floor":33,"key":"CultistPotion"},{"floor":38,"key":"PowerPotion"},{"floor":42,"key":"AttackPotion"},{"floor":47,"key":"Fire Potion"}],"is_trial":false,"path_per_floor":["M","M","M","M","?","E","M","E","T","M","M","$","?","M","R","B",null,"M","M","M","M","M","R","E","?","T","R","?","$","M","M","R","B",null,"M","?","M","?","M","E","R","M","T","R","?","E","M","M","R","B",null],"character_chosen":"IRONCLAD","items_purchased":["Lee\u0027s Waffle","Replay:Bottled Eggs"],"campfire_rested":1,"item_purchase_floors":[29,29],"current_hp_per_floor":[74,72,75,73,73,76,55,47,47,49,52,52,72,78,78,72,78,77,80,47,42,31,31,24,24,24,24,24,87,82,87,87,75,84,87,87,87,87,44,41,41,41,41,41,31,53,41,35,61,10],"gold":303,"neow_bonus":"REMOVE_TWO","is_daily":false,"chose_seed":false,"campfire_upgraded":6,"win_rate":0.0,"timestamp":1609263494,"path_taken":["M","M","M","M","?","E","M","E","T","M","M","$","?","M","R","BOSS","M","M","M","M","M","R","E","?","T","R","?","$","M","M","R","BOSS","M","?","M","?","?","E","R","M","T","R","?","E","M","M","R","BOSS"],"items_purchased_type":["Relic","Relic"],"build_version":"2020-12-22","purchased_purges":0,"victory":true,"max_hp_per_floor":[80,80,80,80,80,80,80,80,80,80,80,80,80,80,80,80,80,80,80,80,80,80,80,80,80,80,80,80,87,87,87,87,87,87,87,87,87,87,87,87,87,87,87,87,87,87,87,87,87,87],"card_choices":[{"not_picked":["Perfected Strike","Fire Breathing"],"picked":"ReplayTheSpireMod:Limb From Limb","floor":1},{"not_picked":["Massacre","Anger"],"picked":"Bloodletting","floor":2},{"not_picked":["Sever Soul","Run Through"],"picked":"ReplayTheSpireMod:Limb From Limb","floor":3},{"not_picked":["StuffTheSpire:Pyroclast","Absolvement"],"picked":"Intimidate","floor":4},{"not_picked":["Clash","ReplayTheSpireMod:Strike From Hell"],"picked":"Thunderclap","floor":6},{"not_picked":["Heavy Blade","Warcry"],"picked":"Disarm","floor":7},{"not_picked":["Anger","Thunderclap"],"picked":"Flex","floor":8},{"not_picked":["Warcry","Body Slam"],"picked":"Ghostly Armor","floor":10},{"not_picked":["Havoc","Replay:Undeath\u0027s Touch"],"picked":"Shrug It Off","floor":11},{"not_picked":["Havoc","StuffTheSpire:Incineration"],"picked":"Demon Form","floor":14},{"not_picked":["Exhume","conspire:HitWhereItHurts"],"picked":"Offering","floor":16},{"not_picked":["Perfected Strike","Run Through"],"picked":"StuffTheSpire:Slingshot","floor":18},{"not_picked":["Pommel Strike","Shrug It Off"],"picked":"Invigoration+1","floor":19},{"not_picked":["ReplayReversal+1","hubris:ReadiedAction"],"picked":"Carnage","floor":20},{"not_picked":["Second Wind","Dark Embrace"],"picked":"Infernal Blade+1","floor":21},{"not_picked":["Perfected Strike+1","Heavy Blade"],"picked":"Whirlwind","floor":22},{"not_picked":["StuffTheSpire:RagingBull","Anger"],"picked":"StuffTheSpire:Slingshot+1","floor":24},{"not_picked":["Cleave","Twin Strike+1"],"picked":"ReplayTheSpireMod:Limb From Limb","floor":28},{"not_picked":["Carnage","StuffTheSpire:RockThrow"],"picked":"Cleave","floor":30},{"not_picked":["StuffTheSpire:Incineration","Cleave"],"picked":"Battle Trance","floor":31},{"not_picked":["Corruption","Demonic Infusion"],"picked":"conspire:Purge","floor":33},{"not_picked":["Whirlwind","Run Through"],"picked":"Rage+1","floor":35},{"not_picked":["Invigoration+1","Dark Embrace+1"],"picked":"Spot Weakness+1","floor":37},{"not_picked":["conspire:Charge+1","Sever Soul+1"],"picked":"Headbutt","floor":39},{"not_picked":["StuffTheSpire:Incineration","Twin Strike+1"],"picked":"Dark Embrace+1","floor":40},{"not_picked":["Warcry","Absolvement"],"picked":"Impervious","floor":42},{"not_picked":["Mind Blast","CBP: ChaoticOffering"],"picked":"Thinking Ahead","floor":45},{"not_picked":["Panacea","ReplayTheSpireMod:Uncanny Aura"],"picked":"Violence","floor":45},{"not_picked":["CBP: MannCoSupplyCrateSeries3","Survey Options"],"picked":"Impatience","floor":45},{"not_picked":["Body Slam","Shrug It Off"],"picked":"Wild Strike+1","floor":46},{"not_picked":["Clash","Sentinel+1"],"picked":"Sword Boomerang+1","floor":47},{"not_picked":["Whirlwind+1","Sword Boomerang"],"picked":"Battle Trance+1","floor":48}],"player_experience":398464,"relics_obtained":[{"floor":6,"key":"Dota2Spire:BattleFury"},{"floor":8,"key":"Oddly Smooth Stone"},{"floor":9,"key":"halation:SelfBoilingWater"},{"floor":11,"key":"trackpad:AdjectivePendant"},{"floor":24,"key":"StuffTheSpire:ForceGauntlet"},{"floor":26,"key":"Unceasing Top"},{"floor":28,"key":"Red Mask"},{"floor":40,"key":"Pantograph"},{"floor":43,"key":"Dota2Spire:AssaultCuirass"},{"floor":46,"key":"Bronze Scales"}],"event_choices":[{"damage_healed":20,"gold_gain":0,"player_choice":"Healed","damage_taken":0,"max_hp_gain":0,"max_hp_loss":0,"event_name":"The Cleric","floor":13,"gold_loss":35},{"cards_removed":["Offering"],"damage_healed":0,"gold_gain":0,"player_choice":"Give","damage_taken":0,"max_hp_gain":0,"max_hp_loss":0,"event_name":"betterNote:BetterNote","floor":25,"gold_loss":0,"cards_obtained":["None"]},{"damage_healed":0,"gold_gain":0,"player_choice":"Fought Bandits","damage_taken":0,"max_hp_gain":0,"max_hp_loss":0,"event_name":"Masked Bandits","floor":28,"gold_loss":0},{"cards_removed":["Rage"],"damage_healed":0,"gold_gain":0,"player_choice":"Removed Skill","damage_taken":0,"max_hp_gain":0,"max_hp_loss":0,"event_name":"Falling","floor":36,"gold_loss":0},{"damage_healed":0,"gold_gain":0,"player_choice":"Got Potions","damage_taken":0,"max_hp_gain":0,"max_hp_loss":0,"event_name":"Lab","floor":38,"gold_loss":0},{"damage_healed":0,"gold_gain":0,"player_choice":"Memory 3","damage_taken":10,"max_hp_gain":0,"max_hp_loss":0,"event_name":"SensoryStone","floor":45,"gold_loss":0}],"is_beta":false,"boss_relics":[{"not_picked":["Astrolabe","trackpad:DemonHeart"],"picked":"StuffTheSpire:ModemDavis"},{"not_picked":["Honey Jar","StuffTheSpire:Kangaroo"],"picked":"Philosopher\u0027s Stone"}],"items_purged_floors":[],"is_endless":false,"potions_floor_spawned":[1,6,7,8,19,20,24,28,33,37,42,47],"ascension_level":9}}