{"host":"0ydzwspkajt4brzd","time":1609239379,"event":{"mods":["AchievementEnabler","BaseMod","Colored Map","DeckTracker","Googly Eyes","Highlight Path","Minty Spire (QoL Compilation)","Quick Restart","Random Character Button","Rare Cards Sparkle"],"gold_per_floor":[111,125,136,148,168,168,203,203,228,228,242,242,242,267,267,267,267],"floor_reached":16,"playtime":808,"items_purged":[],"score":168,"play_id":"2bbc6459-39bd-4305-8e8d-761ecea2f72e","local_time":"20201229025619","is_ascension_mode":true,"campfire_choices":[{"data":"Flame Barrier","floor":6.0,"key":"SMITH"},{"floor":8.0,"key":"REST"},{"data":"Shrug It Off","floor":10.0,"key":"SMITH"},{"data":"Thunderclap","floor":13.0,"key":"SMITH"},{"data":"Searing Blow","floor":15.0,"key":"SMITH"}],"circlet_count":0,"master_deck":["AscendersBane","Strike_R","Strike_R","Strike_R","Strike_R","Strike_R","Defend_R","Defend_R","Defend_R","Defend_R","Bash+1","Flame Barrier+1","Shrug It Off+1","Thunderclap+1","Searing Blow+1"],"relics":["Burning Blood","Ornamental Fan","Smiling Mask","FaceOfCleric","Nunchaku"],"acts_visited":["Exordium"],"potions_floor_usage":[16],"damage_taken":[{"damage":9.0,"enemies":"Jaw Worm","floor":1.0,"turns":4.0},{"damage":6.0,"enemies":"Cultist","floor":2.0,"turns":4.0},{"damage":10.0,"enemies":"Small Slimes","floor":3.0,"turns":5.0},{"damage":9.0,"enemies":"3 Louse","floor":4.0,"turns":5.0},{"damage":31.0,"enemies":"Exordium Thugs","floor":5.0,"turns":7.0},{"damage":40.0,"enemies":"Gremlin Nob","floor":7.0,"turns":6.0},{"damage":9.0,"enemies":"Gremlin Gang","floor":11.0,"turns":6.0},{"damage":29.0,"enemies":"3 Sentries","floor":14.0,"turns":13.0},{"damage":0,"enemies":"Slime Boss","floor":16,"turns":3}],"seed_played":"8411181683278877207","potions_obtained":[{"floor":3.0,"key":"Explosive Potion"},{"floor":4.0,"key":"Fruit Juice"},{"floor":7.0,"key":"ElixirPotion"},{"floor":14.0,"key":"GamblersBrew"}],"is_trial":false,"path_per_floor":["M","M","M","M","M","R","E","R","T","R","M","?","R","E","R","B"],"character_chosen":"IRONCLAD","items_purchased":[],"campfire_rested":1,"item_purchase_floors":[],"current_hp_per_floor":[69,69,65,62,37,37,8,33,33,33,30,30,30,8,8,8,8],"gold":267,"neow_bonus":"UPGRADE_CARD","is_daily":false,"chose_seed":false,"campfire_upgraded":4,"win_rate":0.0,"timestamp":1609239379,"path_taken":["M","M","M","M","M","R","E","R","T","R","M","?","R","E","R","BOSS"],"items_purchased_type":[],"build_version":"2020-12-22","purchased_purges":0,"victory":false,"max_hp_per_floor":[80,80,80,80,80,80,85,85,85,85,85,85,85,86,86,86,86],"card_choices":[{"not_picked":["Clash","Clothesline","Feel No Pain"],"picked":"SKIP","floor":1.0},{"not_picked":["Infernal Blade","Anger","Armaments"],"picked":"SKIP","floor":2.0},{"not_picked":["Seeing Red","Anger"],"picked":"Flame Barrier","floor":3.0},{"not_picked":["Rage","Sever Soul","Heavy Blade"],"picked":"SKIP","floor":4.0},{"not_picked":["Headbutt","Pummel"],"picked":"Shrug It Off","floor":5.0},{"not_picked":["Warcry","Twin Strike"],"picked":"Thunderclap","floor":7.0},{"not_picked":["Rampage","Rupture","Second Wind"],"picked":"SKIP","floor":11.0},{"not_picked":["Carnage","Brutality"],"picked":"Searing Blow","floor":14.0}],"player_experience":371012,"relics_obtained":[{"floor":7.0,"key":"Ornamental Fan"},{"floor":9.0,"key":"Smiling Mask"},{"floor":14.0,"key":"Nunchaku"}],"event_choices":[{"damage_healed":0.0,"max_hp_gain":0.0,"max_hp_loss":0.0,"gold_gain":0.0,"event_name":"FaceTrader","player_choice":"Trade","floor":12.0,"gold_loss":0.0,"damage_taken":0.0,"relics_obtained":["FaceOfCleric"]}],"is_beta":false,"boss_relics":[],"items_purged_floors":[],"is_endless":false,"potions_floor_spawned":[3,4,7,14],"killed_by":"Slime Boss","ascension_level":10}}