{"host":"mx2iyrct7w7eds2b","time":1609225633,"event":{"mods":["BaseMod","GungeonMod","Luminous","Minty Spire (QoL Compilation)","Red Circlet Mod","StSLib","Waifu the Spire","WarShipGirlsR/’ΩΩ¢…Ÿ≈ÆR mod","Yakumo Yukari mod"],"gold_per_floor":[111,11,26,36,36,36,36,36,117,155,24,24,49,49,49,175,175,198,48,62,62,81,115,115,115,115],"floor_reached":25,"playtime":1362,"items_purged":[],"score":244,"play_id":"518e6f9b-a410-4003-aeb4-3534194d0c59","local_time":"20201229150713","is_ascension_mode":false,"campfire_choices":[{"data":"Luminous:Light_Wash_Luminous","floor":6.0,"key":"SMITH"},{"floor":8.0,"key":"REST"},{"data":"Luminous:Dusk_Guard_Luminous","floor":12.0,"key":"SMITH"},{"floor":15.0,"key":"REST"},{"floor":24,"key":"REST"}],"circlet_count":0,"master_deck":["Luminous:Light_Flash_Shower","Luminous:Light_Flash_Shower","Luminous:Light_Flash_Shower","Luminous:Dark_Abyssal_Drop","Luminous:Dark_Abyssal_Drop","Luminous:Dark_Abyssal_Drop","Luminous:Defend_Luminous","Luminous:Defend_Luminous","Luminous:Defend_Luminous","Luminous:Defend_Luminous","Luminous:Switch_Luminous","Luminous:Light_Glare","Luminous:Light_Wash_Luminous+1","Luminous:Light_Disperse","Luminous:Dusk_Guard_Luminous+1","Luminous:Ethereal_Form_Luminous","Luminous:Balance_Baptism","Necronomicurse","Luminous:Lunar_Tide_Luminous","Luminous:Photic_Meditation_Luminous+1"],"relics":["Luminous:MirrorRelic","NeowsBlessing","Golden Idol","Mercury Hourglass","Centennial Puzzle","DemoMod:AgedBell","SacredBark","DemoMod:WeirdEgg","Necronomicon","Vajra"],"acts_visited":["Exordium","TheCity"],"potions_floor_usage":[22,23,23],"damage_taken":[{"damage":0.0,"enemies":"2 Louse","floor":1.0,"turns":2.0},{"damage":0.0,"enemies":"Small Slimes","floor":3.0,"turns":1.0},{"damage":0.0,"enemies":"Cultist","floor":4.0,"turns":1.0},{"damage":18.0,"enemies":"3 Sentries","floor":10.0,"turns":7.0},{"damage":4.0,"enemies":"Blue Slaver","floor":13.0,"turns":3.0},{"damage":52.0,"enemies":"Slime Boss","floor":16.0,"turns":15.0},{"damage":31.0,"enemies":"3 Byrds","floor":18.0,"turns":7.0},{"damage":7.0,"enemies":"2 Thieves","floor":20.0,"turns":4.0},{"damage":0,"enemies":"3 Cultists","floor":22,"turns":6},{"damage":0,"enemies":"Book of Stabbing","floor":23,"turns":6},{"damage":51,"enemies":"Gremlin Leader","floor":25,"turns":3}],"seed_played":"-5309662620025275296","potions_obtained":[{"floor":3.0,"key":"Fire Potion"},{"floor":10.0,"key":"DemoMod:LeadSkinPotion"},{"floor":20.0,"key":"BlessingOfTheForge"}],"is_trial":false,"path_per_floor":["M","$","M","M","?","R","?","R","T","E","?","R","M","$","R","B",null,"M","$","M","?","M","E","R","E"],"character_chosen":"LuminousClass","items_purchased":["Luminous:Light_Wash_Luminous","SpeedPotion","DemoMod:WeirdEgg"],"campfire_rested":3,"item_purchase_floors":[2,2,19],"current_hp_per_floor":[75,75,75,75,57,57,57,75,75,57,57,57,53,53,75,23,75,44,44,37,21,21,21,43,0,0],"gold":115,"neow_bonus":"THREE_ENEMY_KILL","is_daily":false,"chose_seed":false,"campfire_upgraded":2,"win_rate":0.0,"timestamp":1609225633,"path_taken":["M","$","M","M","?","R","?","R","T","E","?","R","?","$","R","BOSS","M","$","M","?","M","E","R","E"],"items_purchased_type":["Card","Potion","Relic"],"build_version":"2020-12-22","purchased_purges":0,"victory":false,"max_hp_per_floor":[75,75,75,75,75,75,75,75,75,75,75,75,75,75,75,75,75,75,75,75,75,75,75,75,75,75],"card_choices":[{"not_picked":["Luminous:Accumulation_Luminous","Luminous:Darks_Surge_Luminous"],"picked":"Luminous:Light_Glare","floor":1.0},{"not_picked":["Luminous:Dark_Raid","Luminous:Light_Gather","Luminous:Mana_Overload_Luminous"],"picked":"SKIP","floor":3.0},{"not_picked":["Luminous:Light_Gather","Luminous:Magic_Accelerate_Luminous"],"picked":"Luminous:Light_Disperse","floor":4.0},{"not_picked":["Luminous:Dark_Dim_Erosion","Luminous:Dark_Pressure_Void"],"picked":"Luminous:Dusk_Guard_Luminous","floor":10.0},{"not_picked":["Luminous:Dark_Pressure_Void","Luminous:Concentrate_Luminous"],"picked":"Luminous:Ethereal_Form_Luminous","floor":13.0},{"not_picked":["Luminous:Balance_Aether_Conduit","Luminous:Arcane_Rage_Luminous"],"picked":"Luminous:Balance_Baptism","floor":16.0},{"not_picked":["Luminous:Reverse_Spell_Luminous+1","Luminous:Accumulation_Luminous","Luminous:Light_Sylvan_Lance"],"picked":"SKIP","floor":18.0},{"not_picked":["Luminous:Light_Gather+1","Luminous:Hero_Will_Luminous","Luminous:Phantom_Treasure_Luminous"],"picked":"SKIP","floor":20.0},{"not_picked":["Luminous:Concentrate_Luminous","Luminous:Light_Wash_Luminous+1"],"picked":"Luminous:Lunar_Tide_Luminous","floor":22},{"not_picked":["Luminous:Shadow_Shell_Luminous+1","Luminous:Light_Glare"],"picked":"Luminous:Photic_Meditation_Luminous+1","floor":23}],"player_experience":147856,"relics_obtained":[{"floor":9.0,"key":"Mercury Hourglass"},{"floor":10.0,"key":"Centennial Puzzle"},{"floor":21.0,"key":"Necronomicon"},{"floor":23,"key":"Vajra"}],"event_choices":[{"damage_healed":0.0,"max_hp_gain":0.0,"max_hp_loss":0.0,"gold_gain":0.0,"event_name":"Golden Idol","player_choice":"Take Damage","floor":5.0,"gold_loss":0.0,"damage_taken":18.0,"relics_obtained":["Golden Idol"]},{"damage_healed":0.0,"max_hp_gain":0.0,"max_hp_loss":0.0,"gold_gain":0.0,"event_name":"Liars Game","player_choice":"Ignored","floor":7.0,"gold_loss":0.0,"damage_taken":0.0},{"damage_healed":0.0,"max_hp_gain":0.0,"max_hp_loss":0.0,"gold_gain":0.0,"event_name":"WeMeetAgain","player_choice":"Paid Gold","floor":11.0,"gold_loss":131.0,"damage_taken":0.0,"relics_obtained":["DemoMod:AgedBell"]},{"damage_healed":0.0,"max_hp_gain":0.0,"max_hp_loss":0.0,"gold_gain":0.0,"event_name":"Cursed Tome","player_choice":"Obtained Book","floor":21.0,"gold_loss":0.0,"damage_taken":16.0}],"is_beta":false,"boss_relics":[{"not_picked":["Empty Cage","Astrolabe"],"picked":"SacredBark"}],"items_purged_floors":[],"is_endless":false,"potions_floor_spawned":[3,10,16,20],"killed_by":"Gremlin Leader","ascension_level":0}}