{"host":"08z5bj28eube4vug","time":1609246078,"event":{"mods":["2.2 Compatiblity","Abigail Mod","Act Like it!","BaseMod","Beaked The Cultist","Bestiary","Friendly Minions","Gensokyo","GungeonMod","Hallownest","Kiyohime????","Koishi","Lobotomy","Marisa????????","Minty Spire (QoL Compilation)","Prisma Mod","Remilia??????","Replay The Spire","StSLib","Td1madao Mod","The Alterego","The Bug Knight","The Jungle","The Sage","The Senshi","The Servant 0.9.4","Waifu the Spire","WarShipGirlsR/????R mod","Yuri Mod"],"gold_per_floor":[117,132,132,147,55,5,25,5,5,5,38,38,316,336,336,336,336],"floor_reached":16,"playtime":1004,"items_purged":[],"score":124,"play_id":"3ef6a7a7-1a17-47ce-8fa0-3e35c934bde3","local_time":"20201229154758","is_ascension_mode":true,"campfire_choices":[{"floor":15,"key":"REST"}],"circlet_count":0,"master_deck":["Strike_MRS","Strike_MRS","Strike_MRS","Strike_MRS","Defend_MRS","Defend_MRS","Defend_MRS","Defend_MRS","MasterSpark","UpSweep","Finesse","SporeBomb","BlazeAway","Gensokyo:CrescentMoonSlash","6A","Hallownest:curseDreamersLament","Gensokyo:BlessingOfFortitude+1","MilkyWay+1","BlazeAway+1","DeepEcoloBomb"],"relics":["MiniHakkero","ReplayTheSpireMod:CursedCoin","Toxic Egg 2","Boot","Bird Faced Urn","ReplayFunnel"],"acts_visited":["Exordium"],"potions_floor_usage":[11,13,16],"damage_taken":[{"damage":2,"enemies":"Gensokyo:2_Kodama","floor":1,"turns":3},{"damage":2,"enemies":"Gensokyo:3_Fairies","floor":2,"turns":3},{"damage":0,"enemies":"Gensokyo:Python","floor":4,"turns":2},{"damage":6,"enemies":"Gensokyo:Kitsune","floor":7,"turns":3},{"damage":10,"enemies":"Gensokyo:Mamizou","floor":11,"turns":5},{"damage":30,"enemies":"Gensokyo:Aya","floor":13,"turns":7},{"damage":3,"enemies":"Gensokyo:2_Rabbits","floor":14,"turns":2},{"damage":37,"enemies":"Gensokyo:Yukari","floor":16,"turns":7}],"seed_played":"6891444152154219215","potions_obtained":[{"floor":1,"key":"FearPotion"},{"floor":2,"key":"ColorlessPotion"},{"floor":11,"key":"SkillPotion"}],"is_trial":false,"path_per_floor":["M","M","?","M","$","?","M","COS","T","?","E","$","E","M","R","B"],"character_chosen":"MARISA","items_purchased":["ReplayTheSpireMod:CursedCoin","Toxic Egg 2"],"campfire_rested":1,"item_purchase_floors":[5,5],"current_hp_per_floor":[73,71,60,60,60,60,54,54,54,54,44,44,14,11,33,0,0],"gold":336,"neow_bonus":"RANDOM_COLORLESS","is_daily":false,"chose_seed":false,"campfire_upgraded":0,"win_rate":0.0,"timestamp":1609246078,"path_taken":["M","?","?","M","?","?","M","COS","T","?","E","?","E","M","R","BOSS"],"items_purchased_type":["Relic","Relic"],"build_version":"2020-12-22","purchased_purges":0,"victory":false,"max_hp_per_floor":[75,75,75,75,75,75,75,75,75,75,75,75,75,75,75,75,75],"card_choices":[{"not_picked":["ReplayTheSpireMod:Uncanny Aura","Specialist"],"picked":"Finesse","floor":0},{"not_picked":["ShootingEcho","EnergyFlow"],"picked":"SporeBomb","floor":1},{"not_picked":["LuminesStrike","UnstableBomb"],"picked":"BlazeAway","floor":2},{"not_picked":["IllusionStar","PropBag"],"picked":"6A","floor":4},{"not_picked":["OneTimeOff+1","DarkSpark"],"picked":"MilkyWay+1","floor":7},{"not_picked":["6A","SprinkleStarSeal+1"],"picked":"BlazeAway+1","floor":11},{"not_picked":["6A","UnstableBomb","EnergyFlow"],"picked":"SKIP","floor":13},{"not_picked":["RefractionSpark","GasGiant+1"],"picked":"DeepEcoloBomb","floor":14}],"player_experience":721809,"relics_obtained":[{"floor":9,"key":"Boot"},{"floor":11,"key":"Bird Faced Urn"},{"floor":13,"key":"ReplayFunnel"}],"event_choices":[],"is_beta":false,"boss_relics":[],"items_purged_floors":[],"is_endless":false,"potions_floor_spawned":[1,2,11],"killed_by":"Gensokyo:Yukari","ascension_level":3}}