{"host":"pletss163z7s8pvv","time":1609222702,"event":{"mods":["AchievementEnabler","BaseMod","Colored Map","Colored Powertips","Minty Spire (QoL Compilation)"],"gold_per_floor":[114,129,6,181,181,211,61,61,61,91,91,91,106,127,127,227,227,242,202,15,30,45,45,75,75,100,29,128,143,143,143,143,143,143],"floor_reached":33,"playtime":780,"items_purged":[],"score":319,"play_id":"385c1d82-9ded-4df1-9f99-3cf0654fde22","local_time":"20201229001822","daily_mods":["Allstar","Red Cards","Night Terrors"],"is_ascension_mode":false,"campfire_choices":[{"floor":8,"key":"REST"},{"floor":12,"key":"REST"},{"data":"Mind Blast","floor":15,"key":"SMITH"},{"floor":23,"key":"REST"},{"floor":25,"key":"REST"},{"data":"Berserk","floor":30,"key":"SMITH"},{"data":"Double Tap","floor":32,"key":"SMITH"}],"circlet_count":0,"master_deck":["Strike_P","Strike_P","Strike_P","Defend_P","Defend_P","Defend_P","Defend_P","Eruption","Vigilance","Purity","Thinking Ahead","Mind Blast+1","Trip","Secret Weapon","FollowUp","WaveOfTheHand+1","Prostrate","Havoc","JustLucky","Anger","Cleave+1","Flex","Rampage","Twin Strike","Double Tap+1","EmptyFist+1","Dropkick","Iron Wave+1","Iron Wave","Berserk+1","Sword Boomerang","Perfected Strike+1","Flame Barrier","ClearTheMind+1"],"relics":["PureWater","Pocketwatch","Bag of Marbles","Dream Catcher","Happy Flower","NlothsMask","Odd Mushroom","SlaversCollar","Oddly Smooth Stone","TeardropLocket"],"acts_visited":["Exordium","TheCity"],"potions_floor_usage":[16,16,16,33,33,33],"damage_taken":[{"damage":16,"enemies":"Jaw Worm","floor":1,"turns":5},{"damage":7,"enemies":"2 Louse","floor":2,"turns":2},{"damage":28,"enemies":"Lagavulin","floor":6,"turns":4},{"damage":32,"enemies":"Gremlin Nob","floor":10,"turns":3},{"damage":0,"enemies":"Cultist","floor":13,"turns":3},{"damage":5,"enemies":"The Mushroom Lair","floor":14,"turns":3},{"damage":0,"enemies":"Slime Boss","floor":16,"turns":5},{"damage":8,"enemies":"Shell Parasite","floor":18,"turns":3},{"damage":8,"enemies":"2 Thieves","floor":21,"turns":3},{"damage":24,"enemies":"Centurion and Healer","floor":22,"turns":2},{"damage":37,"enemies":"Gremlin Leader","floor":24,"turns":5},{"damage":17,"enemies":"Shelled Parasite and Fungi","floor":29,"turns":3},{"damage":30,"enemies":"Champ","floor":33,"turns":9}],"seed_played":"6838610760785432018","potions_obtained":[{"floor":1,"key":"ColorlessPotion"},{"floor":10,"key":"Dexterity Potion"},{"floor":14,"key":"Ancient Potion"},{"floor":16,"key":"FearPotion"},{"floor":18,"key":"SkillPotion"},{"floor":29,"key":"Fire Potion"}],"is_trial":false,"path_per_floor":["M","M","$","?","?","E","$","R","T","E","?","R","M","?","R","B",null,"M","?","$","M","M","R","E","R","T","$","?","M","R","?","R","B"],"character_chosen":"WATCHER","items_purchased":["Prostrate","Havoc","JustLucky","Bag of Marbles","Oddly Smooth Stone","Dropkick","Flame Barrier"],"campfire_rested":4,"item_purchase_floors":[3,3,3,7,20,20,27],"current_hp_per_floor":[56,49,49,49,42,14,14,67,67,35,35,62,62,57,57,57,62,54,54,54,46,22,57,20,52,52,52,52,35,35,35,35,5,5],"gold":143,"neow_bonus":"","is_daily":true,"chose_seed":false,"campfire_upgraded":3,"win_rate":0.0,"timestamp":1609222702,"path_taken":["M","M","$","?","?","E","$","R","T","E","?","R","?","?","R","BOSS","M","?","$","M","?","R","E","R","T","?","?","M","R","?","R","BOSS"],"items_purchased_type":["Card","Card","Card","Relic","Relic","Card","Card"],"build_version":"2020-12-22","purchased_purges":0,"victory":false,"max_hp_per_floor":[72,72,72,72,72,72,72,67,67,67,67,62,62,62,62,62,62,62,62,62,62,62,57,57,52,52,52,52,52,52,52,52,52,52],"card_choices":[{"not_picked":["Anger","SashWhip"],"picked":"FollowUp","floor":1},{"not_picked":["Havoc","CutThroughFate"],"picked":"WaveOfTheHand","floor":2},{"not_picked":["Second Wind","ConjureBlade"],"picked":"Anger","floor":6},{"not_picked":["Sentinel","Shrug It Off"],"picked":"Cleave","floor":10},{"not_picked":["EmptyBody","Perseverance"],"picked":"Flex","floor":12},{"not_picked":["Rupture","Halt"],"picked":"Rampage","floor":13},{"not_picked":["Battle Trance","MentalFortress"],"picked":"Twin Strike","floor":14},{"not_picked":["Corruption","Limit Break"],"picked":"Double Tap","floor":16},{"not_picked":["WindmillStrike","PathToVictory"],"picked":"EmptyFist+1","floor":18},{"not_picked":["EmptyFist+1","SignatureMove"],"picked":"Iron Wave+1","floor":21},{"not_picked":["Heavy Blade","Ghostly Armor"],"picked":"Iron Wave","floor":22},{"not_picked":["Hemokinesis","Anger"],"picked":"Berserk","floor":23},{"not_picked":["Body Slam","Protect"],"picked":"Sword Boomerang","floor":24},{"not_picked":["Evaluate","Fasting2+1"],"picked":"Perfected Strike+1","floor":25},{"not_picked":["Halt","Armaments"],"picked":"ClearTheMind+1","floor":29}],"player_experience":402208,"relics_obtained":[{"floor":6,"key":"Pocketwatch"},{"floor":9,"key":"Dream Catcher"},{"floor":10,"key":"Happy Flower"},{"floor":14,"key":"Odd Mushroom"},{"floor":24,"key":"TeardropLocket"}],"event_choices":[{"damage_healed":0,"gold_gain":175,"player_choice":"AGREE","damage_taken":0,"max_hp_gain":0,"max_hp_loss":0,"event_name":"Liars Game","floor":4,"gold_loss":0,"cards_obtained":["Doubt"]},{"cards_removed":["Doubt"],"damage_healed":0,"gold_gain":0,"player_choice":"Card Removal","damage_taken":7,"max_hp_gain":0,"max_hp_loss":0,"event_name":"Golden Wing","floor":5,"gold_loss":0},{"damage_healed":0,"gold_gain":0,"player_choice":"Trade","damage_taken":0,"relics_obtained":["NlothsMask"],"max_hp_gain":0,"max_hp_loss":0,"event_name":"FaceTrader","floor":11,"gold_loss":0},{"damage_healed":0,"gold_gain":0,"player_choice":"Fought Mushrooms","damage_taken":0,"max_hp_gain":0,"max_hp_loss":0,"event_name":"Mushrooms","floor":14,"gold_loss":0},{"damage_healed":0,"gold_gain":0,"player_choice":"Upgraded Two","damage_taken":0,"max_hp_gain":0,"max_hp_loss":0,"event_name":"Designer","floor":19,"gold_loss":40,"cards_upgraded":["Cleave","WaveOfTheHand"]},{"damage_healed":0,"gold_gain":99,"player_choice":"Stole From Cult","damage_taken":0,"max_hp_gain":0,"max_hp_loss":0,"event_name":"Nest","floor":28,"gold_loss":0},{"cards_removed":["Strike_P"],"damage_healed":0,"gold_gain":0,"player_choice":"Purged","damage_taken":0,"max_hp_gain":0,"max_hp_loss":0,"event_name":"Purifier","floor":31,"gold_loss":0}],"is_beta":false,"boss_relics":[{"not_picked":["Empty Cage","Astrolabe"],"picked":"SlaversCollar"}],"items_purged_floors":[],"is_endless":false,"potions_floor_spawned":[1,10,14,16,18,29],"killed_by":"Champ","ascension_level":0}}