{"host":"r5cycnjhcbwgkpkf","time":1609277759,"event":{"mods":["2.2 Compatiblity","AchievementEnabler","BaseMod","Bestiary","Better Match","Better Note","Better Skull","Better Third Choice","BetterRewards","Colored Map","Colored Powertips","Downfall","Infinite Spire","Minty Spire (QoL Compilation)","Replay The Spire","Spicy Shops","StSLib"],"gold_per_floor":[109,184,184,200,214,214,244,244,269,306,306,306,29,46,46,119,119,148,16,16,27,27,27,27,50,50,62,18,29,29,44,44,117,117,141,141,150,159,176,176,176,176,176,202,218,218,237,95,95,95,95],"floor_reached":50,"playtime":2437,"items_purged":["Strike_R","Strike_R","Strike_R","Guardian:Aged"],"score":1156,"play_id":"d3ba7a6c-bb24-4927-adbf-7e806bcf3425","local_time":"20201229133559","is_ascension_mode":true,"campfire_choices":[{"data":"Rampage","floor":6.0,"key":"SMITH"},{"floor":8.0,"key":"REST"},{"data":"Berserk","floor":11.0,"key":"SMITH"},{"floor":15.0,"key":"REST"},{"floor":23.0,"key":"REST"},{"data":"Heavy Blade","floor":30.0,"key":"SMITH"},{"floor":32.0,"key":"REST"},{"floor":40.0,"key":"REST"},{"floor":42.0,"key":"REST"},{"floor":46.0,"key":"REST"},{"floor":49.0,"key":"REST"}],"circlet_count":0,"master_deck":["AscendersBane","Strike_R","Defend_R","Defend_R","Bash","Rampage+1","Shrug It Off","Spot Weakness+1","Berserk+1","ReplayTheSpireMod:Muscle Training+1","Rampage+1","Headbutt","Headbutt","Heavy Blade+1","Dropkick","Replay:BasicMightCard","Writhe","Uppercut","Sword Boomerang"],"relics":["Burning Blood","Pocketwatch","Bag of Marbles","Lizard Tail","Replay:Mystery Machine","CeramicFish","ReplayTheSpireMod:Lightbulb","DollysMirror","Empty Cage","Brimstone","Red Skull","ReplayTheSpireMod:CursedCoin","Ring of Chaos","Garlic","Guide Book"],"acts_visited":["Exordium","TheCity","TheBeyond"],"potions_floor_usage":[50,50],"damage_taken":[{"damage":1.0,"enemies":"Small Slimes","floor":1.0,"turns":3.0},{"damage":0.0,"enemies":"2 Louse","floor":4.0,"turns":2.0},{"damage":7.0,"enemies":"infinitespire:Voidling","floor":5.0,"turns":3.0},{"damage":22.0,"enemies":"Lagavulin","floor":7.0,"turns":5.0},{"damage":10.0,"enemies":"Gremlin Nob","floor":10.0,"turns":3.0},{"damage":14.0,"enemies":"Large Slime","floor":14.0,"turns":4.0},{"damage":44.0,"enemies":"Fading Forest","floor":16.0,"turns":11.0},{"damage":34.0,"enemies":"3 Byrds","floor":18.0,"turns":5.0},{"damage":1.0,"enemies":"Chosen","floor":21.0,"turns":3.0},{"damage":5.0,"enemies":"Snecko","floor":25.0,"turns":3.0},{"damage":14.0,"enemies":"Sentry and Sphere","floor":27.0,"turns":3.0},{"damage":31.0,"enemies":"Cultist and Chosen","floor":29.0,"turns":4.0},{"damage":7.0,"enemies":"Centurion and Healer","floor":31.0,"turns":3.0},{"damage":76.0,"enemies":"Collector","floor":33.0,"turns":6.0},{"damage":57.0,"enemies":"3 Darklings","floor":35.0,"turns":5.0},{"damage":20.0,"enemies":"3 Shapes","floor":39.0,"turns":3.0},{"damage":2.0,"enemies":"Maw","floor":44.0,"turns":4.0},{"damage":37.0,"enemies":"Jaw Worm Horde","floor":45.0,"turns":4.0},{"damage":2.0,"enemies":"Transient","floor":47.0,"turns":6.0},{"damage":82,"enemies":"Replay:Hell Engine","floor":50,"turns":4}],"seed_played":"5566717022199483871","potions_obtained":[{"floor":4.0,"key":"Fire Potion"},{"floor":7.0,"key":"DuplicationPotion"},{"floor":12.0,"key":"BlessingOfTheForge"},{"floor":18.0,"key":"Swift Potion"},{"floor":31.0,"key":"LifebloodPotion"},{"floor":33.0,"key":"Block Potion"},{"floor":47.0,"key":"Energy Potion"}],"is_trial":false,"path_per_floor":["M","?","?","M","M","R","E","R","T","E","R","?","$","M","R","B",null,"M","$","?","M","?","R","?","M","T","M","$","M","R","M","R","B",null,"M","$","?","?","M","R","?","R","T","M","M","R","M","$","R","B"],"character_chosen":"IRONCLAD","items_purchased":["Rampage","Pocketwatch","Bag of Marbles","Lizard Tail","Shrug It Off","DollysMirror","Brimstone","Headbutt","ReplayTheSpireMod:CursedCoin","Block Potion","Guide Book","Elixir"],"campfire_rested":8,"item_purchase_floors":[0,0,0,0,0,13,19,19,28,28,48,48],"current_hp_per_floor":[49,38,38,44,48,48,32,54,54,50,50,50,50,42,64,54,70,42,42,42,47,47,69,69,70,70,62,62,37,37,36,58,43,67,16,16,16,31,17,39,39,61,61,65,34,56,60,60,75,0,0],"gold":95,"neow_bonus":"","is_daily":false,"chose_seed":false,"campfire_upgraded":3,"win_rate":0.0,"timestamp":1609277759,"path_taken":["M","?","?","M","?","R","E","R","T","E","R","?","$","?","R","BOSS","M","$","?","M","?","R","?","M","T","M","?","?","R","M","R","BOSS","M","$","?","?","M","R","?","R","T","M","M","R","M","$","R","BOSS"],"items_purchased_type":["Card","Relic","Relic","Relic","Card","Relic","Relic","Card","Relic","Potion","Relic","Potion"],"build_version":"2020-12-22","purchased_purges":4,"victory":false,"max_hp_per_floor":[75,75,75,75,75,75,75,75,75,75,75,75,75,75,75,75,75,75,75,75,75,75,75,75,75,75,75,75,75,75,75,75,75,75,75,75,75,75,75,75,75,75,75,75,75,75,75,75,75,75,75],"card_choices":[{"not_picked":["ReplayTheSpireMod:Strike From Hell","Evolve","Thunderclap"],"picked":"SKIP","floor":1.0},{"not_picked":["Flex","Cleave"],"picked":"Spot Weakness","floor":4.0},{"not_picked":["Shrug It Off","Blood for Blood","Evolve"],"picked":"SKIP","floor":5.0},{"not_picked":["Rampage","Thunderclap"],"picked":"Berserk","floor":7.0},{"not_picked":["Warcry","Dark Embrace"],"picked":"ReplayTheSpireMod:Muscle Training","floor":10.0},{"not_picked":["Sentinel","Armaments","Hemogenesis"],"picked":"SKIP","floor":14.0},{"not_picked":["Body Slam","ReplayTheSpireMod:Strike From Hell"],"picked":"Headbutt","floor":18.0},{"not_picked":["Anger","Flame Barrier","Run Through"],"picked":"SKIP","floor":21.0},{"not_picked":["Evolve","Headbutt+1"],"picked":"Heavy Blade","floor":25.0},{"not_picked":["Searing Blow","Pommel Strike","Run Through"],"picked":"SKIP","floor":27.0},{"not_picked":["Clash","Heavy Blade","Burning Pact+1"],"picked":"SKIP","floor":29.0},{"not_picked":["Searing Blow","Armaments","True Grit"],"picked":"SKIP","floor":31.0},{"not_picked":["Twin Strike","infinitespire:OneForAll+1"],"picked":"Dropkick","floor":35.0},{"not_picked":["The Bomb","expansioncontent:DefensiveStance"],"picked":"Replay:BasicMightCard","floor":37.0},{"not_picked":["infinitespire:OneForAll","Clothesline","Fire Breathing"],"picked":"SKIP","floor":39.0},{"not_picked":["ReplayTheSpireMod:Corrosion Curse+1","ReplayTheSpireMod:Strike From Hell+1"],"picked":"Uppercut","floor":44.0},{"not_picked":["True Grit","ReplayReversal","ReplayTheSpireMod:Strike From Hell"],"picked":"SKIP","floor":45.0},{"not_picked":["ReplayTheSpireMod:Stacked+1","Seeing Red"],"picked":"Sword Boomerang","floor":47.0}],"player_experience":392656,"relics_obtained":[{"floor":7.0,"key":"Replay:Mystery Machine"},{"floor":9.0,"key":"CeramicFish"},{"floor":10.0,"key":"ReplayTheSpireMod:Lightbulb"},{"floor":26.0,"key":"Red Skull"},{"floor":43.0,"key":"Garlic"}],"event_choices":[{"damage_healed":0.0,"max_hp_gain":0.0,"max_hp_loss":0.0,"gold_gain":75.0,"event_name":"betterThird:BetterGoop","player_choice":"Gold","floor":2.0,"gold_loss":0.0,"damage_taken":11.0},{"cards_removed":["Defend_R"],"damage_healed":0.0,"max_hp_gain":0.0,"max_hp_loss":0.0,"gold_gain":0.0,"event_name":"Bonfire Elementals","player_choice":"Offered Basic","floor":3.0,"gold_loss":0.0,"damage_taken":0.0},{"damage_healed":0.0,"max_hp_gain":0.0,"max_hp_loss":0.0,"gold_gain":0.0,"event_name":"Lab","player_choice":"Got Potions","floor":12.0,"gold_loss":0.0,"damage_taken":0.0},{"damage_healed":0.0,"max_hp_gain":0.0,"max_hp_loss":0.0,"gold_gain":0.0,"event_name":"The Mausoleum","player_choice":"Ignored","floor":24.0,"gold_loss":0.0,"damage_taken":0.0},{"damage_healed":0.0,"max_hp_gain":0.0,"max_hp_loss":0.0,"gold_gain":0.0,"event_name":"SensoryStone","player_choice":"Memory 1","floor":37.0,"gold_loss":0.0,"damage_taken":0.0},{"damage_healed":15.0,"max_hp_gain":0.0,"max_hp_loss":0.0,"gold_gain":0.0,"event_name":"Winding Halls","player_choice":"Writhe","floor":38.0,"gold_loss":0.0,"damage_taken":0.0,"cards_obtained":["Writhe"]},{"damage_healed":0.0,"max_hp_gain":0.0,"max_hp_loss":0.0,"gold_gain":0.0,"event_name":"Mysterious Sphere","player_choice":"Ignored","floor":41.0,"gold_loss":0.0,"damage_taken":0.0}],"is_beta":false,"boss_relics":[{"not_picked":["Runic Dome","Runic Pyramid"],"picked":"Empty Cage"},{"not_picked":["Replay:Grab Bag","Snecko Eye"],"picked":"Ring of Chaos"}],"items_purged_floors":[0,0,13,28],"is_endless":false,"potions_floor_spawned":[4,7,14,18,21,29,31,33,44,47],"killed_by":"Replay:Hell Engine","ascension_level":17}}