{"host":"svab9sudlrudptws","time":1609243503,"event":{"mods":["BaseMod","Colored Powertips","Minty Spire (QoL Compilation)","Robot Space Explorer","Shade Mod","StSLib","The Blackbeard","The Marked","The Mystic","The Necromancer","The Poker Player","The Servant 0.9.4","TheFirefly"],"gold_per_floor":[119,136,154,173,173,201,219,246,246,246,256,256,267,267,267,365,365,378,81,93,112,130,155,172,172,172,172,200,219,249,263,263,368,368,386,401,401,90,110,143,143,169,169,195,207,221,93,108,108,108,108,108,13,56,56,56],"floor_reached":55,"playtime":6174,"items_purged":["RobotSpaceExplorer:Strike"],"score":978,"play_id":"221c8d03-3466-41aa-a078-9c9d64892fbe","local_time":"20201229140503","is_ascension_mode":true,"campfire_choices":[{"floor":10,"key":"REST"},{"data":"RobotSpaceExplorer:PowerCollector","floor":15,"key":"SMITH"},{"floor":25,"key":"REST"},{"floor":27,"key":"REST"},{"data":"RobotSpaceExplorer:Blaster","floor":32,"key":"SMITH"},{"floor":49,"key":"RECALL"},{"data":"RobotSpaceExplorer:MiniBoosters","floor":52,"key":"SMITH"}],"circlet_count":0,"master_deck":["RobotSpaceExplorer:Strike","RobotSpaceExplorer:Defend","RobotSpaceExplorer:Defend","RobotSpaceExplorer:Defend","RobotSpaceExplorer:Defend","RobotSpaceExplorer:Scan","RobotSpaceExplorer:MiniLasers","RobotSpaceExplorer:DoubleBlock","RobotSpaceExplorer:MiniBoosters","RobotSpaceExplorer:MetalStrike","RobotSpaceExplorer:ShovelStrike","RobotSpaceExplorer:FrostMissile","RobotSpaceExplorer:MiniBoosters+1","RobotSpaceExplorer:PowerCollector+1","RobotSpaceExplorer:MiniDrones","RobotSpaceExplorer:Autoloader","RobotSpaceExplorer:Blaster+1","RobotSpaceExplorer:GlueShot","RobotSpaceExplorer:Probe+1","RobotSpaceExplorer:FreezeRay","RobotSpaceExplorer:MiniDrones","RobotSpaceExplorer:Fix","RobotSpaceExplorer:ScrapShield+1","RobotSpaceExplorer:Counterblock+1","RobotSpaceExplorer:GearShield","RobotSpaceExplorer:Scanner","RobotSpaceExplorer:ScrapMissile","RobotSpaceExplorer:ShockMissile","RobotSpaceExplorer:Fix+1","RobotSpaceExplorer:ScrapMissile","RobotSpaceExplorer:LuckyStrike","Parasite","RobotSpaceExplorer:FreezeRay","RobotSpaceExplorer:TrailblazerForm"],"relics":["RobotSpaceExplorer:RoboCore","Dream Catcher","Letter Opener","Anchor","SlaversCollar","PreservedInsect","RobotSpaceExplorer:SlideRule","Blood Vial","Sundial","Ornamental Fan","Calipers","RobotSpaceExplorer:Reprocessor","Membership Card","Toy Ornithopter","Nunchaku","Boot","CeramicFish","Gremlin Horn","Kunai","RobotSpaceExplorer:ClockworkSextant"],"acts_visited":["Exordium","TheCity","TheBeyond","TheEnding"],"potions_floor_usage":[6,8,13,16,21,22,30,33,36,39,40,50,54,55,55,55,55,55,55],"damage_taken":[{"damage":0,"enemies":"Cultist","floor":1,"turns":4},{"damage":1,"enemies":"Jaw Worm","floor":2,"turns":6},{"damage":0,"enemies":"2 Louse","floor":3,"turns":3},{"damage":8,"enemies":"Gremlin Gang","floor":4,"turns":8},{"damage":31,"enemies":"Lagavulin","floor":6,"turns":11},{"damage":0,"enemies":"Blue Slaver","floor":7,"turns":4},{"damage":9,"enemies":"3 Sentries","floor":8,"turns":8},{"damage":3,"enemies":"Exordium Thugs","floor":11,"turns":5},{"damage":0,"enemies":"Gremlin Gang","floor":13,"turns":1},{"damage":2,"enemies":"The Guardian","floor":16,"turns":11},{"damage":8,"enemies":"3 Byrds","floor":18,"turns":7},{"damage":0,"enemies":"Shell Parasite","floor":20,"turns":8},{"damage":11,"enemies":"3 Cultists","floor":21,"turns":4},{"damage":15,"enemies":"Snake Plant","floor":22,"turns":3},{"damage":24,"enemies":"Slavers","floor":23,"turns":6},{"damage":0,"enemies":"Centurion and Healer","floor":24,"turns":3},{"damage":4,"enemies":"Gremlin Leader","floor":28,"turns":5},{"damage":9,"enemies":"Snecko","floor":29,"turns":5},{"damage":8,"enemies":"Slavers","floor":30,"turns":5},{"damage":3,"enemies":"Snake Plant","floor":31,"turns":4},{"damage":18,"enemies":"Automaton","floor":33,"turns":8},{"damage":18,"enemies":"3 Shapes","floor":35,"turns":6},{"damage":0,"enemies":"3 Darklings","floor":36,"turns":2},{"damage":32,"enemies":"4 Shapes","floor":39,"turns":5},{"damage":0,"enemies":"Reptomancer","floor":40,"turns":5},{"damage":2,"enemies":"Nemesis","floor":42,"turns":5},{"damage":13,"enemies":"Writhing Mass","floor":44,"turns":7},{"damage":42,"enemies":"Spire Growth","floor":45,"turns":6},{"damage":28,"enemies":"Sphere and 2 Shapes","floor":46,"turns":6},{"damage":0,"enemies":"3 Darklings","floor":48,"turns":4},{"damage":28,"enemies":"Time Eater","floor":50,"turns":8},{"damage":32,"enemies":"Shield and Spear","floor":54,"turns":6},{"damage":91,"enemies":"The Heart","floor":55,"turns":6}],"seed_played":"8984917645806843593","potions_obtained":[{"floor":4,"key":"FearPotion"},{"floor":6,"key":"AttackPotion"},{"floor":8,"key":"Block Potion"},{"floor":12,"key":"RobotSpaceExplorer:RecyclePotion"},{"floor":12,"key":"DistilledChaos"},{"floor":12,"key":"Explosive Potion"},{"floor":13,"key":"Fire Potion"},{"floor":18,"key":"RobotSpaceExplorer:LiquidFusion"},{"floor":22,"key":"Strength Potion"},{"floor":29,"key":"Strength Potion"},{"floor":31,"key":"Dexterity Potion"},{"floor":33,"key":"RobotSpaceExplorer:RecyclePotion"},{"floor":39,"key":"Regen Potion"},{"floor":42,"key":"Strength Potion"},{"floor":44,"key":"Fire Potion"},{"floor":54,"key":"EntropicBrew"}],"is_trial":false,"path_per_floor":["M","M","M","M","?","E","M","E","T","R","M","?","M","?","R","B",null,"M","$","M","M","M","E","M","R","T","R","E","M","E","M","R","B",null,"M","M","?","$","M","E","?","E","T","M","M","M","$","M","R","B",null,"R","$","E","B"],"character_chosen":"RobotSpaceExplorer","items_purchased":["PreservedInsect","RobotSpaceExplorer:SlideRule","Membership Card","Toy Ornithopter","Nunchaku","Kunai","AttackPotion","RobotSpaceExplorer:FreezeRay"],"campfire_rested":3,"item_purchase_floors":[19,19,38,38,38,47,53,53],"current_hp_per_floor":[75,74,74,66,66,35,35,26,26,48,45,45,45,45,45,43,67,59,59,59,48,33,9,11,33,33,55,57,54,48,51,51,35,65,53,61,61,61,42,69,69,73,73,62,28,12,12,24,24,9,59,59,59,44,0,0],"gold":56,"neow_bonus":"TRANSFORM_CARD","is_daily":false,"chose_seed":false,"campfire_upgraded":3,"win_rate":0.0,"timestamp":1609243503,"path_taken":["M","M","M","?","?","E","M","E","T","R","?","?","?","?","R","BOSS","M","$","M","M","?","E","M","R","T","R","E","?","E","M","R","BOSS","M","?","?","?","?","E","?","E","T","M","M","M","$","M","R","BOSS","R","$","E","BOSS"],"items_purchased_type":["Relic","Relic","Relic","Relic","Relic","Relic","Potion","Card"],"build_version":"2020-12-22","purchased_purges":1,"victory":false,"max_hp_per_floor":[75,75,75,75,75,75,75,75,75,75,75,75,75,75,75,75,75,75,75,75,75,75,75,75,75,75,75,75,75,75,75,75,75,75,75,75,75,75,75,75,75,75,75,75,75,75,75,75,75,75,75,75,75,75,75,75],"card_choices":[{"not_picked":["RobotSpaceExplorer:SurgingShield","RobotSpaceExplorer:Pulsar","RobotSpaceExplorer:Ammunition"],"picked":"SKIP","floor":1},{"not_picked":["RobotSpaceExplorer:FranticSearch","RobotSpaceExplorer:ShovelStrike"],"picked":"RobotSpaceExplorer:MiniBoosters","floor":2},{"not_picked":["RobotSpaceExplorer:SurgingShield","RobotSpaceExplorer:Pulsar","RobotSpaceExplorer:ShockKick"],"picked":"SKIP","floor":3},{"not_picked":["RobotSpaceExplorer:IronShell","RobotSpaceExplorer:Smokescreen"],"picked":"RobotSpaceExplorer:MetalStrike","floor":4},{"not_picked":["RobotSpaceExplorer:SurgingStrike","RobotSpaceExplorer:Jetpack"],"picked":"RobotSpaceExplorer:FrostMissile","floor":6},{"not_picked":["RobotSpaceExplorer:FrostMissile","RobotSpaceExplorer:SwiftStep"],"picked":"RobotSpaceExplorer:MiniBoosters","floor":7},{"not_picked":["RobotSpaceExplorer:Probe","RobotSpaceExplorer:RigExplosive"],"picked":"RobotSpaceExplorer:PowerCollector","floor":8},{"not_picked":["RobotSpaceExplorer:Calculate","RobotSpaceExplorer:GlueShot"],"picked":"RobotSpaceExplorer:MiniDrones","floor":10},{"not_picked":["RobotSpaceExplorer:BigMissile","RobotSpaceExplorer:ShovelStrike","RobotSpaceExplorer:SlimeMissile"],"picked":"SKIP","floor":11},{"not_picked":["RobotSpaceExplorer:Probe","RobotSpaceExplorer:DoubleBlock"],"picked":"RobotSpaceExplorer:Autoloader","floor":13},{"not_picked":["RobotSpaceExplorer:Explosion","RobotSpaceExplorer:Wormhole"],"picked":"RobotSpaceExplorer:Blaster","floor":16},{"not_picked":["RobotSpaceExplorer:ImprovisedAttack","RobotSpaceExplorer:Ammunition"],"picked":"RobotSpaceExplorer:GlueShot","floor":18},{"not_picked":["RobotSpaceExplorer:Smokescreen","RobotSpaceExplorer:FrostMissile"],"picked":"RobotSpaceExplorer:Probe+1","floor":20},{"not_picked":["RobotSpaceExplorer:PlasmaMissile","RobotSpaceExplorer:Counterblock+1"],"picked":"RobotSpaceExplorer:FreezeRay","floor":21},{"not_picked":["RobotSpaceExplorer:GlueShot","RobotSpaceExplorer:DroneSwarm"],"picked":"RobotSpaceExplorer:MiniDrones","floor":22},{"not_picked":["RobotSpaceExplorer:ImprovisedAttack","RobotSpaceExplorer:Ammunition","RobotSpaceExplorer:SwiftStep"],"picked":"SKIP","floor":23},{"not_picked":["RobotSpaceExplorer:Counterblock","RobotSpaceExplorer:DoubleBlock"],"picked":"RobotSpaceExplorer:Fix","floor":24},{"not_picked":["RobotSpaceExplorer:SurgingShield","RobotSpaceExplorer:ShockKick"],"picked":"RobotSpaceExplorer:ScrapShield+1","floor":25},{"not_picked":["RobotSpaceExplorer:SurgingShield","RobotSpaceExplorer:SlimeMissile"],"picked":"RobotSpaceExplorer:Counterblock+1","floor":27},{"not_picked":["RobotSpaceExplorer:SurgingStrike","RobotSpaceExplorer:DoubleFind","RobotSpaceExplorer:TurboDodge"],"picked":"SKIP","floor":28},{"not_picked":["RobotSpaceExplorer:FranticSearch+1","RobotSpaceExplorer:MetalStrike"],"picked":"RobotSpaceExplorer:GearShield","floor":29},{"not_picked":["RobotSpaceExplorer:SlimeMissile","RobotSpaceExplorer:DoubleBlock"],"picked":"RobotSpaceExplorer:Scanner","floor":30},{"not_picked":["RobotSpaceExplorer:Pulsar","RobotSpaceExplorer:SurgingShield+1"],"picked":"RobotSpaceExplorer:ScrapMissile","floor":31},{"not_picked":["RobotSpaceExplorer:DroneSwarm","RobotSpaceExplorer:Comet"],"picked":"RobotSpaceExplorer:ShockMissile","floor":33},{"not_picked":["RobotSpaceExplorer:ShockKick+1","RobotSpaceExplorer:SurgingStrike"],"picked":"RobotSpaceExplorer:Fix+1","floor":35},{"not_picked":["RobotSpaceExplorer:ShockKick","RobotSpaceExplorer:Pulsar"],"picked":"RobotSpaceExplorer:ScrapMissile","floor":36},{"not_picked":["RobotSpaceExplorer:SurgingStrike+1","RobotSpaceExplorer:FrostMissile+1"],"picked":"RobotSpaceExplorer:LuckyStrike","floor":39},{"not_picked":["RobotSpaceExplorer:GlueSpray+1","RobotSpaceExplorer:MetalStrike+1","RobotSpaceExplorer:Fix"],"picked":"SKIP","floor":40},{"not_picked":["RobotSpaceExplorer:MetalStrike","RobotSpaceExplorer:SurgingStrike","RobotSpaceExplorer:ShovelStrike+1"],"picked":"SKIP","floor":42},{"not_picked":["RobotSpaceExplorer:StunGrenade+1","RobotSpaceExplorer:ImprovisedAttack+1","RobotSpaceExplorer:SwiftStep+1"],"picked":"SKIP","floor":44},{"not_picked":["RobotSpaceExplorer:Calculate+1","RobotSpaceExplorer:DoubleBlock+1","RobotSpaceExplorer:ShockKick+1"],"picked":"SKIP","floor":45},{"not_picked":["RobotSpaceExplorer:Ammunition","RobotSpaceExplorer:SurgingShield","RobotSpaceExplorer:SelfCleaning+1"],"picked":"SKIP","floor":46},{"not_picked":["RobotSpaceExplorer:Jetpack","RobotSpaceExplorer:Electroshield","RobotSpaceExplorer:ImprovisedAttack+1"],"picked":"SKIP","floor":48},{"not_picked":["RobotSpaceExplorer:SelfCleaning","RobotSpaceExplorer:Calculate"],"picked":"RobotSpaceExplorer:TrailblazerForm","floor":54}],"player_experience":1671157,"relics_obtained":[{"floor":6,"key":"Dream Catcher"},{"floor":6,"key":"Letter Opener"},{"floor":8,"key":"Anchor"},{"floor":23,"key":"Blood Vial"},{"floor":26,"key":"Sundial"},{"floor":28,"key":"Ornamental Fan"},{"floor":30,"key":"Calipers"},{"floor":40,"key":"Boot"},{"floor":42,"key":"CeramicFish"},{"floor":43,"key":"Gremlin Horn"},{"floor":54,"key":"RobotSpaceExplorer:ClockworkSextant"}],"event_choices":[{"damage_healed":0,"gold_gain":0,"player_choice":"2 cards matched","damage_taken":0,"max_hp_gain":0,"max_hp_loss":0,"event_name":"Match and Keep!","floor":5,"gold_loss":0,"cards_obtained":["RobotSpaceExplorer:ShovelStrike","RobotSpaceExplorer:LuckyFind"]},{"damage_healed":0,"gold_gain":0,"player_choice":"Got Potions","damage_taken":0,"max_hp_gain":0,"max_hp_loss":0,"event_name":"Lab","floor":12,"gold_loss":0},{"cards_removed":["RobotSpaceExplorer:Strike"],"damage_healed":0,"gold_gain":0,"player_choice":"Purged","damage_taken":0,"max_hp_gain":0,"max_hp_loss":0,"event_name":"Purifier","floor":14,"gold_loss":0},{"damage_healed":0,"gold_gain":0,"player_choice":"Ignored","damage_taken":0,"max_hp_gain":0,"max_hp_loss":0,"event_name":"SecretPortal","floor":37,"gold_loss":0},{"damage_healed":0,"gold_gain":0,"player_choice":"Ignored","damage_taken":0,"max_hp_gain":0,"max_hp_loss":0,"event_name":"Tomb of Lord Red Mask","floor":41,"gold_loss":0}],"is_beta":false,"boss_relics":[{"not_picked":["Runic Dome","Coffee Dripper"],"picked":"SlaversCollar"},{"not_picked":["Black Star","Runic Pyramid"],"picked":"RobotSpaceExplorer:Reprocessor"}],"items_purged_floors":[53],"is_endless":false,"potions_floor_spawned":[4,6,8,13,18,22,29,31,33,39,42,44,45,46,54],"killed_by":"The Heart","ascension_level":5}}