{"host":"raai0vtvcfkt8csp","time":1609274070,"event":{"mods":["2.2 Compatiblity","AchievementEnabler","BaseMod","Block Reminder","DeckTracker","Defective Defect","GifTheSpireLib","Minty Spire (QoL Compilation)","Quick Restart","Random Character Button","Rare Cards Sparkle","StSLib","Unceasing Turn Reminder"],"gold_per_floor":[109,126,145,145,163,198,198,211,211,228,228,263,263,289,289,394,394,406,406,57,74,85,85,117,131,209,242,24,41,69,86,86,181,181,194,206,256,273,273,304,304,330,357,357,57,57,77,92,92,92,92,92,43,72,72,72],"floor_reached":55,"playtime":3000,"items_purged":[],"score":1004,"play_id":"708e776e-c8d2-41a8-98ee-55b72b62c5bb","local_time":"20201229213430","is_ascension_mode":true,"campfire_choices":[{"floor":7,"key":"REST"},{"floor":13,"key":"REST"},{"data":"SignatureMove","floor":15,"key":"SMITH"},{"floor":23,"key":"RECALL"},{"data":"MasterReality","floor":32,"key":"SMITH"},{"data":"Devotion","floor":41,"key":"SMITH"},{"data":"LikeWater","floor":49,"key":"SMITH"},{"data":"Study","floor":52,"key":"SMITH"}],"circlet_count":0,"master_deck":["Eruption","Vigilance","SashWhip","Swivel","SignatureMove+1","DeceiveReality","Protect","Halt","ClearTheMind+1","FearNoEvil","SpiritShield+1","Meditate+1","LikeWater+1","Study+1","SashWhip","LikeWater+1","Vengeance+1","JustLucky","Perseverance+1","FlurryOfBlows","PathToVictory+1","EmptyMind+1","Prostrate+1","WaveOfTheHand+1","Evaluate+1","MasterReality+1","PathToVictory+1","Sanctity+1","Devotion+1","PathToVictory+1","EmptyBody+1","Good Instincts+1","PathToVictory+1","Weave","Parasite","FollowUp+1","PathToVictory+1","MentalFortress"],"relics":["Runic Dome","MealTicket","Ice Cream","Toxic Egg 2","Thread and Needle","Pandora\u0027s Box","Anchor","Toolbox","Strawberry","TeardropLocket","Kunai","Strange Spoon","Eternal Feather","VioletLotus","Dead Branch","TungstenRod","Bag of Marbles","Blood Vial","Damaru","InkBottle","Art of War"],"acts_visited":["Exordium","TheCity","TheBeyond","TheEnding"],"potions_floor_usage":[36,40,50],"damage_taken":[{"damage":22,"enemies":"Jaw Worm","floor":1,"turns":2},{"damage":0,"enemies":"Cultist","floor":2,"turns":2},{"damage":0,"enemies":"2 Louse","floor":3,"turns":2},{"damage":6,"enemies":"Exordium Thugs","floor":5,"turns":3},{"damage":22,"enemies":"3 Sentries","floor":6,"turns":8},{"damage":0,"enemies":"Blue Slaver","floor":8,"turns":2},{"damage":0,"enemies":"Looter","floor":10,"turns":5},{"damage":0,"enemies":"Lagavulin","floor":12,"turns":4},{"damage":0,"enemies":"Gremlin Nob","floor":14,"turns":2},{"damage":46,"enemies":"Hexaghost","floor":16,"turns":6},{"damage":34,"enemies":"3 Byrds","floor":18,"turns":8},{"damage":0,"enemies":"Shell Parasite","floor":21,"turns":4},{"damage":1,"enemies":"3 Cultists","floor":22,"turns":6},{"damage":0,"enemies":"Slavers","floor":24,"turns":5},{"damage":7,"enemies":"Centurion and Healer","floor":25,"turns":6},{"damage":0,"enemies":"Book of Stabbing","floor":27,"turns":7},{"damage":0,"enemies":"Snecko","floor":29,"turns":2},{"damage":0,"enemies":"Slavers","floor":30,"turns":9},{"damage":7,"enemies":"Chosen and Byrds","floor":31,"turns":8},{"damage":34,"enemies":"Automaton","floor":33,"turns":10},{"damage":1,"enemies":"3 Shapes","floor":35,"turns":5},{"damage":2,"enemies":"Orb Walker","floor":36,"turns":4},{"damage":0,"enemies":"Mind Bloom Boss Battle","floor":37,"turns":8},{"damage":0,"enemies":"Spire Growth","floor":38,"turns":4},{"damage":46,"enemies":"Reptomancer","floor":40,"turns":5},{"damage":1,"enemies":"Giant Head","floor":42,"turns":8},{"damage":0,"enemies":"Writhing Mass","floor":47,"turns":5},{"damage":1,"enemies":"Sphere and 2 Shapes","floor":48,"turns":5},{"damage":39,"enemies":"Awakened One","floor":50,"turns":14},{"damage":56,"enemies":"Shield and Spear","floor":54,"turns":6},{"damage":41,"enemies":"The Heart","floor":55,"turns":2}],"seed_played":"-802702667166067745","potions_obtained":[{"floor":2,"key":"Weak Potion"},{"floor":3,"key":"EssenceOfSteel"},{"floor":6,"key":"BlessingOfTheForge"},{"floor":36,"key":"Fruit Juice"},{"floor":37,"key":"LiquidBronze"},{"floor":42,"key":"Energy Potion"}],"is_trial":false,"path_per_floor":["M","M","M","?","M","E","R","M","T","M","?","E","R","E","R","B",null,"M","?","$","M","M","R","E","M","T","E","$","M","E","M","R","B",null,"M","M","?","M","?","E","R","E","T","?","$","T","M","M","R","B",null,"R","$","E","B"],"character_chosen":"WATCHER","items_purchased":["Anchor","Toolbox","FlurryOfBlows","MasterReality","Strange Spoon","Blood Vial","Damaru","PathToVictory+1"],"campfire_rested":2,"item_purchase_floors":[20,20,20,28,28,45,45,53],"current_hp_per_floor":[50,50,50,50,44,22,43,43,43,43,29,29,50,50,50,4,72,38,38,53,53,52,52,59,52,52,52,67,67,67,60,75,41,79,78,81,81,81,81,35,53,52,52,52,67,67,69,70,84,45,84,84,84,28,0,0],"gold":72,"neow_bonus":"BOSS_RELIC","is_daily":false,"chose_seed":false,"campfire_upgraded":5,"win_rate":0.0,"timestamp":1609274070,"path_taken":["M","M","M","?","M","E","R","?","T","M","?","E","R","E","R","BOSS","M","?","$","M","M","R","E","?","T","E","$","M","E","M","R","BOSS","M","M","?","M","?","E","R","E","T","?","?","?","?","M","R","BOSS","R","$","E","BOSS"],"items_purchased_type":["Relic","Relic","Card","Card","Relic","Relic","Relic","Card"],"build_version":"2020-12-22","purchased_purges":0,"victory":false,"max_hp_per_floor":[72,72,72,72,72,72,72,72,72,72,72,72,72,72,72,72,72,72,72,72,72,72,72,79,79,79,79,79,79,79,79,79,79,79,79,84,84,84,84,84,84,84,84,84,84,84,84,84,84,84,84,84,84,84,84,84],"card_choices":[{"not_picked":["Protect","ClearTheMind"],"picked":"SashWhip","floor":1},{"not_picked":["ThirdEye","PathToVictory"],"picked":"Ragnarok","floor":2},{"not_picked":["Weave","ClearTheMind"],"picked":"Swivel","floor":3},{"not_picked":["CrushJoints","Fasting2"],"picked":"DeceiveReality","floor":5},{"not_picked":["SashWhip","SignatureMove"],"picked":"Protect","floor":6},{"not_picked":["Tantrum","CarveReality","WindmillStrike"],"picked":"SKIP","floor":8},{"not_picked":["Nirvana","EmptyBody"],"picked":"Halt","floor":10},{"not_picked":["FlyingSleeves","WheelKick"],"picked":"ClearTheMind+1","floor":12},{"not_picked":["CutThroughFate","Consecrate"],"picked":"FearNoEvil","floor":14},{"not_picked":["Brilliance","Blasphemy+1"],"picked":"SpiritShield+1","floor":16},{"not_picked":["JustLucky","CrushJoints","Crescendo+1"],"picked":"SKIP","floor":18},{"not_picked":["Study","JustLucky"],"picked":"PathToVictory+1","floor":21},{"not_picked":["Halt+1","FlurryOfBlows"],"picked":"EmptyMind+1","floor":22},{"not_picked":["ClearTheMind+1","Collect+1"],"picked":"Prostrate+1","floor":24},{"not_picked":["EmptyMind+1","Protect+1"],"picked":"WaveOfTheHand+1","floor":25},{"not_picked":["Perseverance+1","ClearTheMind+1"],"picked":"Evaluate+1","floor":27},{"not_picked":["EmptyMind+1","Consecrate","CarveReality"],"picked":"SKIP","floor":29},{"not_picked":["JustLucky+1","BowlingBash+1"],"picked":"PathToVictory+1","floor":30},{"not_picked":["CarveReality","CutThroughFate"],"picked":"Sanctity+1","floor":31},{"not_picked":["MasterReality","ConjureBlade+1"],"picked":"Devotion","floor":33},{"not_picked":["Swivel+1","CutThroughFate"],"picked":"PathToVictory+1","floor":35},{"not_picked":["FlurryOfBlows","CutThroughFate+1","FollowUp+1"],"picked":"SKIP","floor":36},{"not_picked":["Nirvana+1","ThirdEye+1"],"picked":"EmptyBody+1","floor":37},{"not_picked":["FearNoEvil","FlyingSleeves+1","CrushJoints"],"picked":"SKIP","floor":38},{"not_picked":["Transmutation+1","Master of Strategy+1"],"picked":"Good Instincts+1","floor":39},{"not_picked":["Evaluate+1","Indignation+1"],"picked":"PathToVictory+1","floor":40},{"not_picked":["Crescendo+1","Halt+1"],"picked":"Weave","floor":42},{"not_picked":["FlurryOfBlows","Study","Halt+1"],"picked":"SKIP","floor":47},{"not_picked":["EmptyBody+1","CutThroughFate"],"picked":"FollowUp+1","floor":48},{"not_picked":["Consecrate","Prostrate+1"],"picked":"MentalFortress","floor":54}],"player_experience":506005,"relics_obtained":[{"floor":6,"key":"MealTicket"},{"floor":9,"key":"Ice Cream"},{"floor":12,"key":"Toxic Egg 2"},{"floor":14,"key":"Thread and Needle"},{"floor":24,"key":"Strawberry"},{"floor":26,"key":"TeardropLocket"},{"floor":27,"key":"Kunai"},{"floor":30,"key":"Eternal Feather"},{"floor":37,"key":"Dead Branch"},{"floor":40,"key":"TungstenRod"},{"floor":42,"key":"Bag of Marbles"},{"floor":46,"key":"InkBottle"},{"floor":54,"key":"Art of War"}],"event_choices":[{"cards_removed":["Ragnarok"],"damage_healed":0,"gold_gain":0,"player_choice":"Took Card","damage_taken":0,"max_hp_gain":0,"max_hp_loss":0,"event_name":"NoteForYourself","floor":4,"gold_loss":0,"cards_obtained":["SignatureMove"]},{"damage_healed":0,"gold_gain":0,"player_choice":"Entered Light","damage_taken":14,"max_hp_gain":0,"max_hp_loss":0,"event_name":"Shining Light","floor":11,"gold_loss":0,"cards_upgraded":["Strike_P","Strike_P"]},{"damage_healed":0,"gold_gain":0,"player_choice":"Forge","damage_taken":0,"max_hp_gain":0,"max_hp_loss":0,"event_name":"Accursed Blacksmith","floor":19,"gold_loss":0,"cards_upgraded":["LikeWater"]},{"damage_healed":0,"gold_gain":0,"player_choice":"Fight","damage_taken":0,"max_hp_gain":0,"max_hp_loss":0,"event_name":"MindBloom","floor":37,"gold_loss":0},{"damage_healed":0,"gold_gain":0,"player_choice":"Memory 1","damage_taken":0,"max_hp_gain":0,"max_hp_loss":0,"event_name":"SensoryStone","floor":39,"gold_loss":0},{"damage_healed":0,"gold_gain":0,"player_choice":"Ignored","damage_taken":0,"max_hp_gain":0,"max_hp_loss":0,"event_name":"Mysterious Sphere","floor":44,"gold_loss":0}],"is_beta":false,"boss_relics":[{"not_picked":["SacredBark","Sozu"],"picked":"Pandora\u0027s Box"},{"not_picked":["Calling Bell","Black Star"],"picked":"VioletLotus"}],"items_purged_floors":[],"is_endless":false,"potions_floor_spawned":[2,3,6,8,10,14,18,21,24,27,33,36,37,42,48],"killed_by":"The Heart","ascension_level":1}}