{"host":"yvxwvf4t2vu8n8lg","time":1609243728,"event":{"mods":["BaseMod","Downfall","Hermit","Marisa£®ÏF”Í°°ƒß¿Ì…≥£©","Minty Spire (QoL Compilation)","Prisma Mod","Reimu£®≤©¿ˆ¡È√Œ£©","Remilia£®¿Ÿ√◊¿Ú—«£©","Replay The Spire","StSLib","The Alterego","The Cursed","The Servant 0.9.4","WarShipGirlsR/’ΩΩ¢…Ÿ≈ÆR mod","Yakumo Yukari mod","Youmu£®ªÍ∆«—˝√Œ£©","Yuyuko"],"gold_per_floor":[111,124,134,150,150,181,181,195,195,227,227,227,239,257,257,358,358,376,376,393,409,22,22,56,56,107,122,82,7,20,39,39,39,39],"floor_reached":33,"playtime":1677,"items_purged":["Strike_R"],"score":306,"play_id":"6e1d8d86-90cd-4157-87bd-0b6a08753ed6","local_time":"20201229200848","is_ascension_mode":false,"campfire_choices":[{"data":"Flex","floor":7,"key":"SMITH"},{"data":"ReplayTheSpireMod:Muscle Training","floor":11,"key":"SMITH"},{"data":"ReplayTheSpireMod:Limb From Limb","floor":15,"key":"SMITH"},{"data":"Offering","floor":23,"key":"SMITH"},{"data":"Flex","floor":25,"key":"SMITH"},{"data":"Inflame","floor":32,"key":"SMITH"}],"circlet_count":0,"master_deck":["Strike_R","Strike_R","Defend_R","Defend_R","Twin Strike","Sword Boomerang","Flex+1","Run Through","Survivor","Neutralize","ReplayTheSpireMod:Corrosion Curse","Thunderclap","ReplayTheSpireMod:Muscle Training+1","ReplayTheSpireMod:Limb From Limb+1","Offering+1","Warcry+1","Replay:Undeath\u0027s Touch","Flex+1","Warcry+1","Flex","Inflame+1"],"relics":["Burning Blood","Happy Flower","Chameleon Ring","Pen Nib","Empty Cage","FossilizedHelix","Divine Protection","Replay:Towering Pillar of Hats","Bronze Scales","ZunR:ReiMu"],"acts_visited":["Exordium","TheCity"],"potions_floor_usage":[10,16,16,20,24,24,31,33],"damage_taken":[{"damage":0,"enemies":"Small Slimes","floor":1,"turns":3},{"damage":6,"enemies":"Cultist","floor":2,"turns":3},{"damage":0,"enemies":"2 Louse","floor":3,"turns":3},{"damage":2,"enemies":"Large Slime","floor":4,"turns":6},{"damage":38,"enemies":"Lagavulin","floor":6,"turns":8},{"damage":16,"enemies":"Lots of Slimes","floor":8,"turns":5},{"damage":0,"enemies":"Gremlin Nob","floor":10,"turns":2},{"damage":5,"enemies":"Blue Slaver","floor":13,"turns":2},{"damage":6,"enemies":"Large Slime","floor":14,"turns":5},{"damage":28,"enemies":"The Guardian","floor":16,"turns":8},{"damage":7,"enemies":"Chosen","floor":18,"turns":3},{"damage":5,"enemies":"3 Byrds","floor":20,"turns":4},{"damage":31,"enemies":"Sentry and Sphere","floor":21,"turns":4},{"damage":7,"enemies":"Slavers","floor":24,"turns":2},{"damage":0,"enemies":"Snake Plant","floor":27,"turns":2},{"damage":6,"enemies":"Chosen and Byrds","floor":30,"turns":3},{"damage":0,"enemies":"3 Cultists","floor":31,"turns":2},{"damage":67,"enemies":"Pondfish","floor":33,"turns":10}],"seed_played":"6956114147676438313","potions_obtained":[{"floor":3,"key":"GrandPatriotsElixir:ReiMu"},{"floor":6,"key":"Energy Potion"},{"floor":10,"key":"LifebloodPotion"},{"floor":14,"key":"Elixir"},{"floor":16,"key":"SkillPotion"},{"floor":20,"key":"Elixir"},{"floor":27,"key":"Explosive Potion"}],"is_trial":false,"path_per_floor":["M","M","M","M","?","E","R","M","T","E","R","?","M","M","R","B",null,"M","T","M","M","$","R","E","R","T","M","?","?","M","M","R","B"],"character_chosen":"IRONCLAD","items_purchased":["Fire Potion","Divine Protection"],"campfire_rested":0,"item_purchase_floors":[22,22],"current_hp_per_floor":[80,80,80,80,80,48,48,38,38,44,44,44,45,45,45,23,80,79,79,80,55,55,55,54,54,54,60,60,60,60,66,66,0,0],"gold":39,"neow_bonus":"","is_daily":false,"chose_seed":false,"campfire_upgraded":6,"win_rate":0.0,"timestamp":1609243728,"path_taken":["M","M","M","M","?","E","R","M","T","E","R","?","M","M","R","BOSS","M","?","M","M","$","R","E","R","T","M","?","?","M","M","R","BOSS"],"items_purchased_type":["Potion","Relic"],"build_version":"2020-12-22","purchased_purges":1,"victory":false,"max_hp_per_floor":[80,80,80,80,80,80,80,80,80,80,80,80,80,80,80,80,80,80,80,80,80,80,80,80,80,80,80,80,80,80,80,80,80,80],"card_choices":[{"not_picked":["Flame Barrier","Iron Wave"],"picked":"Twin Strike","floor":1},{"not_picked":["Body Slam","Entrench"],"picked":"Sword Boomerang","floor":2},{"not_picked":["Whirlwind","Second Wind"],"picked":"Flex","floor":3},{"not_picked":["Reckless Charge","Perfected Strike"],"picked":"Run Through","floor":4},{"not_picked":["Armaments","Clash"],"picked":"ReplayTheSpireMod:Corrosion Curse","floor":6},{"not_picked":["Barricade","ReplayTheSpireMod:Strike From Hell"],"picked":"Thunderclap","floor":8},{"not_picked":["ReplayTheSpireMod:Stacked","Replay:Undeath\u0027s Touch"],"picked":"ReplayTheSpireMod:Muscle Training","floor":10},{"not_picked":["ReplayTheSpireMod:Muscle Training","Iron Wave"],"picked":"ReplayTheSpireMod:Limb From Limb","floor":13},{"not_picked":["Fire Breathing","Combust","Run Through"],"picked":"SKIP","floor":14},{"not_picked":["Bludgeon","Fiend Fire"],"picked":"Offering","floor":16},{"not_picked":["True Grit+1","Perfected Strike"],"picked":"Warcry+1","floor":18},{"not_picked":["ReplayTheSpireMod:Strike From Hell","Thunderclap"],"picked":"Replay:Undeath\u0027s Touch","floor":20},{"not_picked":["Thunderclap+1","Perfected Strike","Whirlwind"],"picked":"SKIP","floor":21},{"not_picked":["Thunderclap","True Grit+1"],"picked":"Flex","floor":24},{"not_picked":["Anger+1","Second Wind"],"picked":"Warcry+1","floor":27},{"not_picked":["Rampage","Run Through"],"picked":"Flex","floor":30},{"not_picked":["Juggernaut","ReplayTheSpireMod:Strike From Hell+1"],"picked":"Inflame","floor":31}],"player_experience":0,"relics_obtained":[{"floor":6,"key":"Happy Flower"},{"floor":9,"key":"Chameleon Ring"},{"floor":10,"key":"Pen Nib"},{"floor":19,"key":"FossilizedHelix"},{"floor":24,"key":"Replay:Towering Pillar of Hats"},{"floor":26,"key":"Bronze Scales"}],"event_choices":[{"cards_removed":["Strike_R"],"damage_healed":0,"gold_gain":0,"player_choice":"Purged","damage_taken":0,"max_hp_gain":0,"max_hp_loss":0,"event_name":"Purifier","floor":12,"gold_loss":0},{"damage_healed":0,"gold_gain":0,"player_choice":"π∫¬Ú…Òæ∆","damage_taken":0,"relics_obtained":["ZunR:ReiMu"],"max_hp_gain":0,"max_hp_loss":0,"event_name":"ZunEvent","floor":28,"gold_loss":40},{"cards_removed":["Strike_R"],"damage_healed":0,"gold_gain":0,"player_choice":"Gave Gold","damage_taken":0,"max_hp_gain":0,"max_hp_loss":0,"event_name":"Beggar","floor":29,"gold_loss":75}],"is_beta":false,"boss_relics":[{"not_picked":["Snecko Eye","Coffee Dripper"],"picked":"Empty Cage"}],"items_purged_floors":[22],"is_endless":false,"potions_floor_spawned":[3,6,10,14,16,20,27],"killed_by":"Pondfish","ascension_level":0}}