{"host":"b0hh64pqctf46s8m","time":1609274600,"event":{"mods":["Act Like it!","BaseMod","Bestiary","CCEM","CapriCore","ChefMod","Conspire","Curses Come First","Displayed Cursed Tome","Dota2Spire","Downfall","Ekko","Elementarium","Fireblade Mod","Hallownest","Hermit","Hubris","Infinite Spire","Jess\u0027s Bottle","JesterMod","Jorbs\u0027s Wanderer Trilogy","Lobotomy","Luminous","Menagerie","Minty Spire (QoL Compilation)","Pale of the Ancients","Permanent Neow","Relic Stats","Replay The Spire","Robot Space Explorer","Shade Mod","StSLib","The Blue Laboratory","The Dragon Tamer","The Immortal","The Marked","TheLocksmith","TheSwordswoman","TheVacant","TheWitcher","UnlockEverythingMod","Wandering Minibosses","??????REMEMod","????"],"gold_per_floor":[111,111,91,108,126,126,155,155,155,155,166,184,217,237,237,237,237],"floor_reached":16,"playtime":581,"items_purged":[],"score":137,"play_id":"18346954-7e3f-4a35-8a59-4c1f8770d93b","local_time":"20201229124320","is_ascension_mode":false,"campfire_choices":[{"data":"Luminous:Dark_Apocalypse","floor":6,"key":"SMITH"},{"data":"Luminous:Light_Sylvan_Lance","floor":8,"key":"SMITH"},{"data":"Luminous:Light_Disperse","floor":10,"key":"SMITH"},{"data":"Blasphemy","floor":15,"key":"SMITH"}],"circlet_count":0,"master_deck":["Luminous:Light_Flash_Shower","Luminous:Light_Flash_Shower","Luminous:Dark_Abyssal_Drop","Luminous:Dark_Abyssal_Drop","Luminous:Dark_Abyssal_Drop","Luminous:Defend_Luminous","Luminous:Defend_Luminous","Luminous:Defend_Luminous","Luminous:Defend_Luminous","Luminous:Switch_Luminous+1","Blasphemy+1","Luminous:Light_Sylvan_Lance+1","Luminous:Dark_Apocalypse+1","Luminous:Light_Disperse+1","Luminous:Magic_Guard_Luminous","Luminous:Balance_Ender"],"relics":["Luminous:MirrorRelic","REME_ComplimentaryCards","hubris:64BitClover","CCEMRelics:D6","conspire:DeflatedDodgeball"],"acts_visited":["Exordium"],"potions_floor_usage":[13,16],"damage_taken":[{"damage":7,"enemies":"Small Slimes","floor":1,"turns":6},{"damage":7,"enemies":"Jaw Worm","floor":4,"turns":3},{"damage":0,"enemies":"Cultist","floor":5,"turns":3},{"damage":12,"enemies":"Gremlin Nob","floor":7,"turns":4},{"damage":10,"enemies":"Large Slime","floor":11,"turns":4},{"damage":7,"enemies":"2 Fungi Beasts","floor":12,"turns":3},{"damage":0,"enemies":"Lagavulin","floor":13,"turns":6},{"damage":1,"enemies":"3 Louse","floor":14,"turns":2},{"damage":24,"enemies":"Slime Boss","floor":16,"turns":9}],"seed_played":"6648703454900256171","potions_obtained":[{"floor":3,"key":"ColorlessPotion"},{"floor":4,"key":"blueLaboratory:BottleOfVodka"},{"floor":7,"key":"Strength Potion"},{"floor":14,"key":"blueLaboratory:HummingbirdPotion"}],"is_trial":false,"path_per_floor":["M","?","?","M","M","R","E","R","T","R","M","M","E","M","R","B"],"character_chosen":"LuminousClass","items_purchased":[],"campfire_rested":0,"item_purchase_floors":[],"current_hp_per_floor":[68,61,61,54,54,54,42,42,42,42,32,25,25,24,24,0,0],"gold":237,"neow_bonus":"UPGRADE_CARD","is_daily":false,"chose_seed":false,"campfire_upgraded":4,"win_rate":0.0,"timestamp":1609274600,"path_taken":["M","?","?","?","M","R","E","R","T","R","M","M","E","M","R","BOSS"],"items_purchased_type":[],"build_version":"2020-12-22","purchased_purges":0,"victory":false,"max_hp_per_floor":[75,75,75,75,75,75,75,75,75,75,75,75,75,75,75,75,75],"relic_stats":{"counters":[9,40],"obtain_stats":[{"hubris:64BitClover":7,"CCEMRelics:D6":9,"Luminous:MirrorRelic":0,"conspire:DeflatedDodgeball":13,"REME_ComplimentaryCards":0},{"hubris:64BitClover":4,"CCEMRelics:D6":4,"Luminous:MirrorRelic":0,"conspire:DeflatedDodgeball":7,"REME_ComplimentaryCards":0},{"hubris:64BitClover":16,"CCEMRelics:D6":16,"Luminous:MirrorRelic":0,"conspire:DeflatedDodgeball":29,"REME_ComplimentaryCards":0}]},"card_choices":[{"not_picked":["Luminous:Sympathy_Luminous","Luminous:Chase_Spell_Luminous"],"picked":"Luminous:Light_Sylvan_Lance","floor":1},{"not_picked":["Luminous:Fast_Spell_Luminous","Luminous:Light_Sylvan_Lance","Luminous:Lights_Protection_Luminous"],"picked":"SKIP","floor":4},{"not_picked":["Luminous:Accumulation_Luminous","Luminous:Light_Spectral_Light"],"picked":"Luminous:Dark_Apocalypse","floor":5},{"not_picked":["Luminous:Light_Sylvan_Lance","Luminous:Dark_Crescendo_Luminous"],"picked":"Luminous:Light_Disperse","floor":7},{"not_picked":["Luminous:Light_Sylvan_Lance","Luminous:Light_Glare"],"picked":"Luminous:Magic_Guard_Luminous","floor":11},{"not_picked":["Luminous:Blinding_Pillar_Luminous","Luminous:Light_Glare"],"picked":"Luminous:Balance_Ender","floor":12},{"not_picked":["Luminous:Sympathy_Luminous","Luminous:Light_Glare","Luminous:Concentrate_Luminous"],"picked":"SKIP","floor":13},{"not_picked":["Luminous:Light_Wash_Luminous","Luminous:Mirror_Force_Luminous","Luminous:Dark_Raid"],"picked":"SKIP","floor":14}],"player_experience":1409982,"relics_obtained":[{"floor":7,"key":"hubris:64BitClover"},{"floor":9,"key":"CCEMRelics:D6"},{"floor":13,"key":"conspire:DeflatedDodgeball"}],"event_choices":[{"cards_removed":["Luminous:Light_Flash_Shower"],"damage_healed":0,"gold_gain":0,"player_choice":"Card Removal","damage_taken":7,"max_hp_gain":0,"max_hp_loss":0,"event_name":"Golden Wing","floor":2,"gold_loss":0},{"damage_healed":0,"gold_gain":0,"player_choice":"Bought 1 Potion","damage_taken":0,"max_hp_gain":0,"max_hp_loss":0,"event_name":"The Woman in Blue","floor":3,"gold_loss":0}],"is_beta":false,"boss_relics":[],"items_purged_floors":[],"is_endless":false,"potions_floor_spawned":[4,7,14],"killed_by":"Slime Boss","ascension_level":0}}