{"host":"6vv0uythevi5qk1w","time":1609238678,"event":{"mods":["Act Like it!","BaseMod","Downfall","Gensokyo","Minty Spire (QoL Compilation)","Remilia£®¿Ÿ√◊¿Ú—«£©","StSLib"],"gold_per_floor":[114,64,77,177,190,215,231,263,308,161,212,212,242,260,260,356,356,375,625,635,253,264,264,290,308,334,367,367,387,54,89,89,189,189,602,620,630,272,288,288,569,569,615,627,652,978,1008,1030,1042,1054,1066,1078,106,133,133],"floor_reached":56,"playtime":4059,"items_purged":["Defend_P","Defend_P","Strike_P"],"score":1922,"play_id":"bd87f6ed-a10e-4477-b22f-3385590feb32","local_time":"20201229184438","is_ascension_mode":true,"campfire_choices":[{"data":"Adaptation","floor":12.0,"key":"SMITH"},{"floor":15.0,"key":"REST"},{"data":"Apotheosis","floor":23.0,"key":"SMITH"},{"data":"InnerPeace","floor":28.0,"key":"SMITH"},{"floor":32.0,"key":"REST"},{"floor":40.0,"key":"RECALL"},{"data":"InnerPeace","floor":42.0,"key":"SMITH"},{"data":"Purity","floor":49,"key":"SMITH"},{"data":"Tantrum","floor":52,"key":"SMITH"}],"circlet_count":0,"master_deck":["AscendersBane","Strike_P+1","Strike_P","Strike_P","Defend_P","Eruption","Vigilance","Crescendo","ClearTheMind","InnerPeace+1","InnerPeace+1","Tantrum+1","Adaptation+1","FearNoEvil","FlurryOfBlows","Vault","Apotheosis+1","Purity+1","WheelKick+1","ThirdEye+1","ForeignInfluence+1","DeusExMachina","Vault","Venomology","sneckomod:SnakeSap+1","Prostrate","Brilliance+1"],"relics":["VioletLotus","ScarletDevilRocket","Yang","MealTicket","Bag of Marbles","Philosopher\u0027s Stone","Boot","Potion Belt","Gremlin Horn","PrismaticShard","Anchor","Runic Pyramid","Molten Egg 2","Dream Catcher","Toolbox","Prayer Wheel","MawBank","Centennial Puzzle","Old Coin","ClockworkSouvenir","Bottled Tornado","Whetstone","Art of War"],"acts_visited":["Exordium","Exordium","Gensokyo:Gensokyoer","TheEnding"],"potions_floor_usage":[48,50,54,55,55,55,55],"damage_taken":[{"damage":11.0,"enemies":"Jaw Worm","floor":1.0,"turns":5.0},{"damage":3.0,"enemies":"2 Louse","floor":3.0,"turns":2.0},{"damage":1.0,"enemies":"Cultist","floor":5.0,"turns":3.0},{"damage":32.0,"enemies":"Gremlin Nob","floor":6.0,"turns":3.0},{"damage":1.0,"enemies":"Exordium Thugs","floor":7.0,"turns":4.0},{"damage":14.0,"enemies":"3 Sentries","floor":8.0,"turns":6.0},{"damage":0.0,"enemies":"Gremlin Nob","floor":13.0,"turns":3.0},{"damage":0.0,"enemies":"Exordium Wildlife","floor":14.0,"turns":2.0},{"damage":5.0,"enemies":"Hexaghost","floor":16.0,"turns":4.0},{"damage":3.0,"enemies":"Gensokyo:AngelMirror","floor":18.0,"turns":2.0},{"damage":0.0,"enemies":"Gensokyo:CosmicMonolith","floor":20.0,"turns":1.0},{"damage":32.0,"enemies":"Gensokyo:Wraith","floor":22.0,"turns":4.0},{"damage":3.0,"enemies":"Gensokyo:Reisen","floor":24.0,"turns":3.0},{"damage":24.0,"enemies":"Gensokyo:Slime_Group","floor":25.0,"turns":3.0},{"damage":0.0,"enemies":"Gensokyo:Koishi","floor":27.0,"turns":2.0},{"damage":0.0,"enemies":"Gensokyo:Swordslinger","floor":29.0,"turns":2.0},{"damage":0.0,"enemies":"Gensokyo:Tenshi","floor":31.0,"turns":2.0},{"damage":2.0,"enemies":"Gensokyo:Eiki","floor":33.0,"turns":5.0},{"damage":9.0,"enemies":"Gensokyo:3_Bats","floor":35.0,"turns":4.0},{"damage":0.0,"enemies":"Gensokyo:AncientGuardian","floor":36.0,"turns":3.0},{"damage":0.0,"enemies":"Gensokyo:4_Bats","floor":37.0,"turns":2.0},{"damage":0.0,"enemies":"Gensokyo:3_Boulders","floor":39.0,"turns":4.0},{"damage":0.0,"enemies":"Gensokyo:Marisa","floor":41.0,"turns":3.0},{"damage":0.0,"enemies":"Gensokyo:AtlasGolem","floor":45.0,"turns":4.0},{"damage":0.0,"enemies":"Gensokyo:4_Bats","floor":46.0,"turns":3.0},{"damage":0,"enemies":"Gensokyo:SeedOfUnknown","floor":47,"turns":5},{"damage":0,"enemies":"Gensokyo:3_Boulders","floor":48,"turns":3},{"damage":7,"enemies":"Gensokyo:Yuyuko","floor":50,"turns":3},{"damage":0,"enemies":"Shield and Spear","floor":54,"turns":3},{"damage":12,"enemies":"The Heart","floor":55,"turns":5}],"seed_played":"-8274697416660988606","potions_obtained":[{"floor":3.0,"key":"SpeedPotion"},{"floor":5.0,"key":"Strength Potion"},{"floor":7.0,"key":"BlessingOfTheForge"},{"floor":13.0,"key":"Dexterity Potion"},{"floor":16.0,"key":"Fire Potion"},{"floor":18.0,"key":"hexamod:EctoCoolerPotion"},{"floor":22.0,"key":"SkillPotion"},{"floor":33.0,"key":"Fire Potion"},{"floor":37.0,"key":"SneckoOil"},{"floor":45.0,"key":"Strength Potion"},{"floor":46.0,"key":"Dexterity Potion"},{"floor":47,"key":"Regen Potion"}],"is_trial":false,"path_per_floor":["M","?","M","?","M","E","M","E","T","$","T","R","E","M","R","B",null,"M","?","M","$","M","R","E","M","T","E","R","M","COS","E","R","B",null,"M","M","M","COS","M","R","E","R","T","?","M","M","M","M","R","B",null,"R","$","E","B",null],"character_chosen":"WATCHER","items_purchased":["FearNoEvil","Apotheosis","Purity","ClockworkSouvenir","Bottled Tornado","Whetstone","Swift Potion","SkillPotion","Prostrate","Brilliance+1"],"campfire_rested":2,"item_purchase_floors":[10,21,21,53,53,53,53,53,53,53],"current_hp_per_floor":[54,54,51,51,50,18,17,3,3,3,3,3,3,3,24,19,59,56,56,56,68,36,36,33,9,9,9,9,9,9,9,29,27,58,49,49,49,49,49,49,49,49,49,49,49,49,49,58,58,58,66,66,68,68,56],"gold":133,"neow_bonus":"BOSS_RELIC","is_daily":false,"chose_seed":false,"campfire_upgraded":6,"win_rate":0.0,"timestamp":1609238678,"path_taken":["M","?","M","?","M","E","?","E","T","?","?","R","E","M","R","BOSS","M","?","M","?","M","R","E","M","T","E","R","M","COS","E","R","BOSS","M","M","M","COS","M","R","E","R","T","?","M","M","M","?","R","BOSS","R","$","E","BOSS"],"items_purchased_type":["Card","Card","Card","Relic","Relic","Relic","Potion","Potion","Card","Card"],"build_version":"2020-12-22","purchased_purges":3,"victory":true,"max_hp_per_floor":[72,72,72,72,72,72,72,72,72,72,72,72,72,72,72,72,72,72,68,68,68,68,68,68,68,68,68,68,68,68,68,68,68,68,68,68,68,68,68,68,68,68,68,68,68,68,68,68,68,68,68,68,68,68,68],"card_choices":[{"not_picked":["Consecrate","Worship"],"picked":"Crescendo","floor":1.0},{"not_picked":["EmptyFist","MentalFortress"],"picked":"ClearTheMind","floor":3.0},{"not_picked":["Vengeance","WindmillStrike"],"picked":"InnerPeace","floor":5.0},{"not_picked":["LikeWater","SignatureMove"],"picked":"InnerPeace","floor":6.0},{"not_picked":["FlyingSleeves","CrushJoints"],"picked":"Tantrum","floor":7.0},{"not_picked":["InnerPeace","LikeWater"],"picked":"Adaptation","floor":8.0},{"not_picked":["ThirdEye","Halt"],"picked":"FlurryOfBlows","floor":13.0},{"not_picked":["SignatureMove","BowlingBash","CarveReality"],"picked":"SKIP","floor":14.0},{"not_picked":["Alpha","Blasphemy"],"picked":"Vault","floor":16.0},{"not_picked":["FlyingSleeves","Protect","PathToVictory"],"picked":"SKIP","floor":18.0},{"not_picked":["ReachHeaven","WindmillStrike","Swivel"],"picked":"SKIP","floor":20.0},{"not_picked":["ReachHeaven","WindmillStrike","Swivel"],"picked":"SKIP","floor":20.0},{"not_picked":["ReachHeaven","WindmillStrike","Swivel"],"picked":"SKIP","floor":20.0},{"not_picked":["ThirdEye","Protect","CarveReality"],"picked":"SKIP","floor":22.0},{"not_picked":["PathToVictory","ThirdEye"],"picked":"WheelKick","floor":24.0},{"not_picked":["EmptyFist","FlyingSleeves"],"picked":"ThirdEye+1","floor":25.0},{"not_picked":["EmptyBody","FlurryOfBlows","Collect"],"picked":"SKIP","floor":27.0},{"not_picked":["SpiritShield","ClearTheMind"],"picked":"ForeignInfluence+1","floor":29.0},{"not_picked":["Stack","champ:FocusedDefense"],"picked":"DeusExMachina","floor":31.0},{"not_picked":["Brilliance","ConjureBlade"],"picked":"Vault","floor":35.0},{"not_picked":["Quick Slash+1","VampireFantasy+1","champ:BladeFlurry+1"],"picked":"SKIP","floor":35.0},{"not_picked":["Wild Strike+1","hexamod:FirstSeal","hexamod:HeatShield+1"],"picked":"SKIP","floor":36.0},{"not_picked":["Slimebound:FirmFortitude+1","champ:Haymaker+1","RedRainbow+1"],"picked":"SKIP","floor":37.0},{"not_picked":["DiffusionOfMisfortune+1","Slimebound:ViciousTackle+1"],"picked":"Venomology","floor":39.0},{"not_picked":["FlurryOfBlows+1","Slimebound:SplitBruiser","hexamod:SpectersWail+1"],"picked":"SKIP","floor":41.0},{"not_picked":["DeceiveReality+1","sneckomod:UnknownClassShop Special+1","hexamod:NightmareStrike+1"],"picked":"SKIP","floor":45.0},{"not_picked":["Flying Knee+1","Cloak And Dagger","champ:DefensiveShout"],"picked":"SKIP","floor":45.0},{"not_picked":["SpiritShield","FlurryOfBlows+1","AfternoonTea+1"],"picked":"SKIP","floor":46.0},{"not_picked":["Slimebound:SplitMire+1","Slimebound:FinishingTackle+1","Guardian:VentSteam"],"picked":"SKIP","floor":46.0},{"not_picked":["sneckomod:UnknownClassGREEN+1","Sweeping Beam+1"],"picked":"sneckomod:SnakeSap+1","floor":47},{"not_picked":["BloodyMagicSquare","StarOfDavid+1","Headbutt+1"],"picked":"SKIP","floor":47},{"not_picked":["champ:Riposte","hexamod:SoulSteal+1","hexamod:ShieldOfDarkness"],"picked":"SKIP","floor":48},{"not_picked":["sneckomod:UnknownClassLunar","FTL+1","Whirlwind+1"],"picked":"SKIP","floor":48},{"not_picked":["champ:Riposte","hexamod:SoulSteal+1","hexamod:ShieldOfDarkness"],"picked":"SKIP","floor":48},{"not_picked":["sneckomod:UnknownClassLunar","FTL+1","Whirlwind+1"],"picked":"SKIP","floor":48},{"not_picked":["Eviscerate+1","champ:FalseCounter","Halt"],"picked":"SKIP","floor":54}],"player_experience":451746,"relics_obtained":[{"floor":6.0,"key":"ScarletDevilRocket"},{"floor":8.0,"key":"Yang"},{"floor":11.0,"key":"MealTicket"},{"floor":13.0,"key":"Bag of Marbles"},{"floor":24.0,"key":"Boot"},{"floor":26.0,"key":"Potion Belt"},{"floor":27.0,"key":"Gremlin Horn"},{"floor":31.0,"key":"Anchor"},{"floor":41.0,"key":"Prayer Wheel"},{"floor":43.0,"key":"MawBank"},{"floor":54,"key":"Art of War"}],"event_choices":[{"cards_removed":["Defend_P"],"damage_healed":0.0,"max_hp_gain":0.0,"max_hp_loss":0.0,"gold_gain":0.0,"event_name":"The Cleric","player_choice":"Card Removal","floor":2.0,"gold_loss":50.0,"damage_taken":0.0},{"damage_healed":0.0,"max_hp_gain":0.0,"max_hp_loss":0.0,"gold_gain":100.0,"event_name":"Golden Shrine","player_choice":"Pray","floor":4.0,"gold_loss":0.0,"damage_taken":0.0}],"is_beta":false,"boss_relics":[{"not_picked":["Snecko Eye","SacredBark"],"picked":"Philosopher\u0027s Stone"},{"not_picked":["Busted Crown","Coffee Dripper"],"picked":"Runic Pyramid"}],"items_purged_floors":[10,21,53],"is_endless":false,"potions_floor_spawned":[3,5,7,13,16,18,22,33,37,45,46,47,54],"ascension_level":10}}