{"host":"65dpobb9v2rptxk4","time":1609215617,"event":{"mods":["BaseMod","Downfall","Minty Spire (QoL Compilation)","Relic Stats","StSLib"],"gold_per_floor":[99,99,99,156,156,156,209,134,163,163,148,165,90,125,142,237,237,237,237,237,237],"floor_reached":19,"playtime":893,"items_purged":[],"score":177,"play_id":"c3b9970f-26fc-41fd-82b4-0f75c271d66f","local_time":"20201228232017","is_ascension_mode":true,"campfire_choices":[{"floor":1,"key":"RECALL"},{"data":"champ:FocusedDefense","floor":8,"key":"SMITH"},{"data":"champ:ViciousMockery","floor":13,"key":"SMITH"},{"data":"champ:DancingMaster","floor":18,"key":"SMITH"}],"circlet_count":0,"master_deck":["champ:Strike","champ:Strike","champ:Strike","champ:Defend","champ:Defend","champ:Defend","champ:Execute","champ:Taunt","champ:TornadoPunch","champ:Control","champ:FocusedDefense+1","champ:CrownThrow","champ:ShieldWall","champ:ViciousMockery+1","champ:Duel","champ:DancingMaster+1"],"relics":["champ:ChampionCrown","downfall:HeartsMalice","Vajra","Anchor","downfall:HeartBlessingRed","Singing Bowl","Orichalcum","downfall:HeartBlessingGreen","Mercury Hourglass","Cursed Key"],"acts_visited":["Exordium","TheCity"],"potions_floor_usage":[],"damage_taken":[{"damage":0,"enemies":"Small Slimes","floor":2,"turns":1},{"damage":0,"enemies":"3 Sentries","floor":4,"turns":1},{"damage":0,"enemies":"Cultist","floor":6,"turns":1},{"damage":32,"enemies":"Gremlin Nob","floor":9,"turns":4},{"damage":12,"enemies":"downfall:FleeingMerchant","floor":11,"turns":4},{"damage":0,"enemies":"2 Louse","floor":12,"turns":1},{"damage":16,"enemies":"3 Sentries","floor":14,"turns":5},{"damage":0,"enemies":"Exordium Wildlife","floor":15,"turns":2},{"damage":15,"enemies":"downfall:Silent","floor":16,"turns":7},{"damage":0,"enemies":"3 Byrds","floor":19,"turns":1}],"seed_played":"7440887325837192823","potions_obtained":[{"floor":4,"key":"Dexterity Potion"},{"floor":9,"key":"DuplicationPotion"},{"floor":14,"key":"BlessingOfTheForge"}],"is_trial":false,"path_per_floor":["R","M","?","?","?","M","T","R","E","?","$","M","R","E","M","B",null,"R","M"],"character_chosen":"THE_CHAMP","items_purchased":[],"campfire_rested":0,"item_purchase_floors":[],"current_hp_per_floor":[90,90,90,90,90,90,90,90,75,72,68,68,68,64,64,61,92,92,92,92,92],"gold":237,"neow_bonus":"THREE_ENEMY_KILL","is_daily":false,"chose_seed":false,"campfire_upgraded":3,"win_rate":0.0,"timestamp":1609215617,"path_taken":["R","M","?","?","?","?","T","R","E","?","?","M","R","E","M","BOSS","R","M"],"items_purchased_type":[],"build_version":"2020-12-22","purchased_purges":0,"victory":false,"max_hp_per_floor":[90,90,90,90,90,90,90,90,90,90,90,90,90,92,92,92,92,92,92,92,92],"relic_stats":{"Singing Bowl":2,"counters":[10,24],"Orichalcum":[36],"Cursed Key":0,"obtain_stats":[{"Anchor":7,"downfall:HeartBlessingRed":8,"Singing Bowl":9,"Vajra":4,"champ:ChampionCrown":0,"downfall:HeartsMalice":0,"downfall:HeartBlessingGreen":13,"Orichalcum":10,"Cursed Key":17,"Mercury Hourglass":14},{"Anchor":3,"downfall:HeartBlessingRed":3,"Singing Bowl":4,"Vajra":1,"champ:ChampionCrown":0,"downfall:HeartsMalice":0,"downfall:HeartBlessingGreen":6,"Orichalcum":4,"Cursed Key":9,"Mercury Hourglass":7},{"Anchor":0,"downfall:HeartBlessingRed":0,"Singing Bowl":4,"Vajra":0,"champ:ChampionCrown":0,"downfall:HeartsMalice":0,"downfall:HeartBlessingGreen":9,"Orichalcum":4,"Cursed Key":23,"Mercury Hourglass":14}],"Mercury Hourglass":[30]},"card_choices":[{"not_picked":["champ:FanOfKnives","champ:RecklessLeap"],"picked":"champ:TornadoPunch","floor":2},{"not_picked":["champ:Haymaker","champ:DefensiveShout"],"picked":"champ:Control","floor":4},{"not_picked":["champ:Haymaker","champ:BerserkersShout"],"picked":"champ:FocusedDefense","floor":6},{"not_picked":["champ:IronFortress","champ:Backstep"],"picked":"champ:CrownThrow","floor":9},{"not_picked":["champ:BladeFlurry","champ:EnGarde"],"picked":"champ:ShieldWall","floor":11},{"not_picked":["champ:StanceDance","champ:BladeFlurry"],"picked":"champ:ViciousMockery","floor":12},{"not_picked":["champ:GladiatorsShout","champ:HeartStrike","champ:BerserkersShout"],"picked":"Singing Bowl","floor":14},{"not_picked":["champ:Backstep","champ:BladeFlurry"],"picked":"champ:Duel","floor":15},{"not_picked":["champ:CheapShot","champ:HeavySlash"],"picked":"champ:DancingMaster","floor":16}],"player_experience":393620,"relics_obtained":[{"floor":7,"key":"Anchor"},{"floor":9,"key":"Singing Bowl"},{"floor":14,"key":"Mercury Hourglass"}],"event_choices":[{"cards_removed":["champ:Defend"],"damage_healed":0,"gold_gain":0,"player_choice":"Card Removal","damage_taken":0,"max_hp_gain":0,"max_hp_loss":0,"event_name":"The Cleric","floor":3,"gold_loss":0},{"cards_removed":["champ:Strike"],"damage_healed":0,"gold_gain":0,"player_choice":"Purged","damage_taken":0,"max_hp_gain":0,"max_hp_loss":0,"event_name":"Purifier","floor":5,"gold_loss":0},{"damage_healed":0,"gold_gain":0,"player_choice":"Success","damage_taken":3,"relics_obtained":["Orichalcum"],"max_hp_gain":0,"max_hp_loss":0,"event_name":"Scrap Ooze","floor":10,"gold_loss":0}],"is_beta":false,"boss_relics":[{"not_picked":["Runic Dome","Busted Crown"],"picked":"Cursed Key"}],"items_purged_floors":[],"is_endless":false,"potions_floor_spawned":[4,9,14,15],"killed_by":"3 Byrds","ascension_level":1}}