{"host":"5cnm2qapaqj5mmu7","time":1609259593,"event":{"mods":["BaseMod","Bestiary","Colored Map","Minty Spire (QoL Compilation)","StSLib"],"gold_per_floor":[114,128,140,140,155,188,188,188,188,188,288,329,348,118,118,239,302,321,24,24,39,138,138,174,193,242,263,281,281,281,302,302,421,421,436,436,27,360,360,360,360],"floor_reached":40,"playtime":2466,"items_purged":["Strike_G","Writhe"],"score":545,"play_id":"806a2dab-faf9-4ac2-8ae6-1ba244284aec","local_time":"20201229173313","is_ascension_mode":true,"campfire_choices":[{"data":"Envenom","floor":7.0,"key":"SMITH"},{"floor":10.0,"key":"REST"},{"floor":15.0,"key":"REST"},{"floor":23,"key":"REST"},{"floor":30,"key":"REST"},{"data":"Well Laid Plans","floor":32,"key":"SMITH"}],"circlet_count":0,"master_deck":["Strike_G","Strike_G","Strike_G","Defend_G+1","Defend_G+1","Defend_G","Defend_G","Defend_G","Survivor+1","Neutralize","Terror","Footwork","Well Laid Plans+1","Quick Slash","Envenom+1","Noxious Fumes","Catalyst","Malaise","Dagger Spray","Deflect","Bane","Dodge and Roll+1","Glass Knife","Setup+1"],"relics":["Ring of the Snake","NeowsBlessing","War Paint","Lizard Tail","StrikeDummy","InkBottle","Bag of Preparation","Tiny House","TungstenRod","Pen Nib","Toy Ornithopter","Cursed Key","Snake Skull","Omamori"],"acts_visited":["Exordium","TheCity","TheBeyond"],"potions_floor_usage":[24,27,28,29,33],"damage_taken":[{"damage":0.0,"enemies":"Cultist","floor":1.0,"turns":1.0},{"damage":0.0,"enemies":"2 Louse","floor":2.0,"turns":1.0},{"damage":0.0,"enemies":"Small Slimes","floor":3.0,"turns":1.0},{"damage":22.0,"enemies":"Exordium Thugs","floor":5.0,"turns":6.0},{"damage":18.0,"enemies":"Gremlin Nob","floor":6.0,"turns":3.0},{"damage":5.0,"enemies":"Lagavulin","floor":12.0,"turns":7.0},{"damage":0.0,"enemies":"Large Slime","floor":13.0,"turns":5.0},{"damage":17,"enemies":"The Guardian","floor":16,"turns":10},{"damage":16,"enemies":"Spheric Guardian","floor":18,"turns":8},{"damage":11,"enemies":"Shell Parasite","floor":21,"turns":7},{"damage":35,"enemies":"Book of Stabbing","floor":24,"turns":8},{"damage":3,"enemies":"Snecko","floor":25,"turns":6},{"damage":21,"enemies":"Sentry and Sphere","floor":27,"turns":9},{"damage":21,"enemies":"Centurion and Healer","floor":28,"turns":8},{"damage":0,"enemies":"Shelled Parasite and Fungi","floor":29,"turns":1},{"damage":7,"enemies":"Snake Plant","floor":31,"turns":6},{"damage":42,"enemies":"Automaton","floor":33,"turns":12},{"damage":27,"enemies":"3 Darklings","floor":35,"turns":5},{"damage":73,"enemies":"Reptomancer","floor":40,"turns":4}],"seed_played":"-2250750569363974885","potions_obtained":[{"floor":1.0,"key":"SteroidPotion"},{"floor":3.0,"key":"CultistPotion"},{"floor":16,"key":"LiquidMemories"},{"floor":17,"key":"DuplicationPotion"},{"floor":18,"key":"ColorlessPotion"},{"floor":27,"key":"SmokeBomb"},{"floor":31,"key":"Regen Potion"}],"is_trial":false,"path_per_floor":["M","M","M","?","M","E","R","?","T","R","?","E","M","$","R","B",null,"M","$","?","M","?","R","E","M","T","M","M","M","R","M","R","B",null,"M","?","$","?","?","E"],"character_chosen":"THE_SILENT","items_purchased":["Bag of Preparation","TungstenRod","Snake Skull","Omamori"],"campfire_rested":4,"item_purchase_floors":[14,19,37,37],"current_hp_per_floor":[70,70,70,58,36,18,18,18,18,37,37,32,32,32,51,34,62,46,46,46,35,35,56,21,18,18,2,24,29,50,43,43,21,58,31,49,49,49,49,0,0],"gold":360,"neow_bonus":"THREE_ENEMY_KILL","is_daily":false,"chose_seed":false,"campfire_upgraded":2,"win_rate":0.0,"timestamp":1609259593,"path_taken":["M","?","M","?","M","E","R","?","T","R","?","E","?","$","R","BOSS","M","$","?","M","?","R","E","M","T","M","M","M","R","M","R","BOSS","M","?","$","?","?","E"],"items_purchased_type":["Relic","Relic","Relic","Relic"],"build_version":"2020-12-22","purchased_purges":2,"victory":false,"max_hp_per_floor":[70,70,70,70,70,70,70,65,65,65,65,65,65,65,65,65,70,70,70,70,70,70,70,70,70,70,70,70,70,70,70,70,70,70,70,70,70,70,70,70,70],"card_choices":[{"not_picked":["Flechettes","Infinite Blades"],"picked":"Terror","floor":1.0},{"not_picked":["Sucker Punch","Blade Dance"],"picked":"Footwork","floor":2.0},{"not_picked":["Accuracy","Choke"],"picked":"Well Laid Plans","floor":3.0},{"not_picked":["Prepared","Tactician"],"picked":"Quick Slash","floor":5.0},{"not_picked":["Cloak And Dagger","Setup"],"picked":"Envenom","floor":6.0},{"not_picked":["Sucker Punch","Deadly Poison"],"picked":"Noxious Fumes","floor":12.0},{"not_picked":["All Out Attack","Dodge and Roll"],"picked":"Catalyst","floor":13.0},{"not_picked":["Venomology","Glass Knife"],"picked":"Malaise","floor":16},{"not_picked":["Distraction","Choke"],"picked":"Dagger Spray","floor":17},{"not_picked":["Leg Sweep","Outmaneuver"],"picked":"Deflect","floor":18},{"not_picked":["Dagger Spray+1","Dagger Throw","Dash"],"picked":"SKIP","floor":21},{"not_picked":["Bane+1","Blade Dance","Poisoned Stab+1"],"picked":"SKIP","floor":24},{"not_picked":["Distraction","Predator","Slice"],"picked":"SKIP","floor":25},{"not_picked":["Dagger Throw","Blade Dance"],"picked":"Dodge and Roll+1","floor":27},{"not_picked":["Dagger Throw","Outmaneuver","PiercingWail"],"picked":"SKIP","floor":28},{"not_picked":["Choke","Accuracy","Grand Finale"],"picked":"SKIP","floor":31},{"not_picked":["Phantasmal Killer","Tools of the Trade"],"picked":"Glass Knife","floor":33},{"not_picked":["PiercingWail","Outmaneuver+1"],"picked":"Setup+1","floor":35}],"player_experience":538647,"relics_obtained":[{"floor":6.0,"key":"Lizard Tail"},{"floor":9.0,"key":"StrikeDummy"},{"floor":12.0,"key":"InkBottle"},{"floor":24,"key":"Pen Nib"},{"floor":26,"key":"Toy Ornithopter"}],"event_choices":[{"damage_healed":0.0,"max_hp_gain":0.0,"max_hp_loss":0.0,"gold_gain":0.0,"event_name":"Scrap Ooze","player_choice":"Success","floor":4.0,"gold_loss":0.0,"damage_taken":12.0,"relics_obtained":["War Paint"]},{"damage_healed":0.0,"max_hp_gain":0.0,"max_hp_loss":5.0,"gold_gain":0.0,"event_name":"Golden Idol","player_choice":"Lose Max HP","floor":8.0,"gold_loss":0.0,"damage_taken":0.0,"relics_obtained":["Golden Idol"]},{"damage_healed":0.0,"max_hp_gain":0.0,"max_hp_loss":0.0,"gold_gain":100.0,"event_name":"Golden Shrine","player_choice":"Pray","floor":11.0,"gold_loss":0.0,"damage_taken":0.0},{"damage_healed":0,"gold_gain":0,"player_choice":"Read","damage_taken":0,"max_hp_gain":0,"max_hp_loss":0,"event_name":"The Library","floor":20,"gold_loss":0,"cards_obtained":["Bane"]},{"damage_healed":0,"gold_gain":99,"player_choice":"Stole From Cult","damage_taken":0,"max_hp_gain":0,"max_hp_loss":0,"event_name":"Nest","floor":22,"gold_loss":0},{"damage_healed":18,"gold_gain":0,"player_choice":"Writhe","damage_taken":0,"max_hp_gain":0,"max_hp_loss":0,"event_name":"Winding Halls","floor":36,"gold_loss":0,"cards_obtained":["Writhe"]},{"damage_healed":0,"gold_gain":333,"player_choice":"Gave Idol","damage_taken":0,"max_hp_gain":0,"max_hp_loss":0,"event_name":"The Moai Head","floor":38,"relics_lost":["Golden Idol"],"gold_loss":0},{"cards_removed":["Strike_G"],"damage_healed":0,"gold_gain":0,"player_choice":"Removed Attack","damage_taken":0,"max_hp_gain":0,"max_hp_loss":0,"event_name":"Falling","floor":39,"gold_loss":0}],"is_beta":false,"boss_relics":[{"not_picked":["Pandora\u0027s Box","Snecko Eye"],"picked":"Tiny House"},{"not_picked":["Black Star","Astrolabe"],"picked":"Cursed Key"}],"items_purged_floors":[14,37],"is_endless":false,"potions_floor_spawned":[1,3,16,18,27,31],"killed_by":"Reptomancer","ascension_level":5}}