{"host":"d9m9v0h6vo0edadb","time":1609229312,"event":{"mods":["BaseMod","Hermit","Keyboard Shortcuts","Minty Spire (QoL Compilation)","StSLib","SuperFastMode","The Cursed"],"gold_per_floor":[114,132,132,147,160,160,192,192,192,217,10,36,36,48,48,48,48],"floor_reached":16,"playtime":259,"items_purged":["Strike_G"],"score":240,"play_id":"e5006a86-1aed-4753-bc26-f609c32563fb","local_time":"20201229170832","is_ascension_mode":true,"campfire_choices":[{"data":"Bouncing Flask","floor":6.0,"key":"SMITH"},{"data":"Crippling Poison","floor":8.0,"key":"SMITH"},{"floor":15.0,"key":"REST"}],"circlet_count":0,"master_deck":["AscendersBane","Strike_G","Defend_G","Defend_G","Defend_G","Defend_G","Defend_G","Survivor","Neutralize","Sucker Punch","Poisoned Stab","Bouncing Flask+1","Venomology","Crippling Poison+1","Backflip","Escape Plan"],"relics":["Ring of the Snake","Incense Burner","Kunai","StrikeDummy","Membership Card","Bronze Scales"],"acts_visited":["Exordium"],"potions_floor_usage":[16,16],"damage_taken":[{"damage":9.0,"enemies":"Cultist","floor":1.0,"turns":5.0},{"damage":0.0,"enemies":"Small Slimes","floor":2.0,"turns":3.0},{"damage":0.0,"enemies":"2 Louse","floor":4.0,"turns":3.0},{"damage":0.0,"enemies":"Red Slaver","floor":5.0,"turns":3.0},{"damage":12.0,"enemies":"Lagavulin","floor":7.0,"turns":6.0},{"damage":15.0,"enemies":"Gremlin Nob","floor":10.0,"turns":4.0},{"damage":3.0,"enemies":"Lagavulin","floor":12.0,"turns":5.0},{"damage":4.0,"enemies":"Lots of Slimes","floor":14.0,"turns":2.0},{"damage":30,"enemies":"Slime Boss","floor":16,"turns":9}],"seed_played":"-7178869140658017698","potions_obtained":[{"floor":2.0,"key":"Fire Potion"},{"floor":7.0,"key":"Dexterity Potion"},{"floor":12.0,"key":"GamblersBrew"},{"floor":14.0,"key":"Energy Potion"}],"is_trial":false,"path_per_floor":["M","M","?","M","M","R","E","R","T","E","$","E","?","M","R","B"],"character_chosen":"THE_SILENT","items_purchased":["Membership Card","Backflip"],"campfire_rested":1,"item_purchase_floors":[11,11],"current_hp_per_floor":[50,50,43,43,43,43,31,31,31,16,16,13,13,9,28,0,0],"gold":48,"neow_bonus":"TRANSFORM_CARD","is_daily":false,"chose_seed":false,"campfire_upgraded":2,"win_rate":0.0,"timestamp":1609229312,"path_taken":["M","M","?","M","M","R","E","R","T","E","$","E","?","?","R","BOSS"],"items_purchased_type":["Relic","Card"],"build_version":"2020-12-22","purchased_purges":1,"victory":false,"max_hp_per_floor":[66,66,66,66,66,66,66,66,66,66,66,66,66,66,66,66,66],"card_choices":[{"not_picked":["Acrobatics","Bane"],"picked":"Poisoned Stab","floor":1.0},{"not_picked":["Flying Knee","Underhanded Strike"],"picked":"Bouncing Flask","floor":2.0},{"not_picked":["Underhanded Strike","Accuracy","Dash"],"picked":"SKIP","floor":4.0},{"not_picked":["Bane","Distraction"],"picked":"Venomology","floor":5.0},{"not_picked":["Reflex","Quick Slash"],"picked":"Crippling Poison","floor":7.0},{"not_picked":["Underhanded Strike","Backstab","Quick Slash"],"picked":"SKIP","floor":10.0},{"not_picked":["Calculated Gamble","Concentrate"],"picked":"Escape Plan","floor":12.0},{"not_picked":["Dagger Throw","Blur","Quick Slash"],"picked":"SKIP","floor":14.0}],"player_experience":944322,"relics_obtained":[{"floor":7.0,"key":"Incense Burner"},{"floor":9.0,"key":"Kunai"},{"floor":10.0,"key":"StrikeDummy"},{"floor":12.0,"key":"Bronze Scales"}],"event_choices":[{"cards_removed":["Strike_G"],"damage_healed":0.0,"max_hp_gain":0.0,"max_hp_loss":0.0,"gold_gain":0.0,"event_name":"Golden Wing","player_choice":"Card Removal","floor":3.0,"gold_loss":0.0,"damage_taken":7.0},{"cards_removed":["Strike_G"],"damage_healed":0.0,"max_hp_gain":0.0,"max_hp_loss":0.0,"gold_gain":0.0,"event_name":"Purifier","player_choice":"Purged","floor":13.0,"gold_loss":0.0,"damage_taken":0.0}],"is_beta":false,"boss_relics":[],"items_purged_floors":[11],"is_endless":false,"potions_floor_spawned":[2,7,12,14],"killed_by":"Slime Boss","ascension_level":20}}