{"host":"z9grmtg2w0nmz8n1","time":1609205393,"event":{"mods":["Aspiration","Bard","BaseMod","Beaked The Cultist","Better Altar","Better Match","Better Note","Better Sensory Stone","Better Skull","Better Third Choice","BetterRewards","CCEM","Colored Map","Conspire","Downfall","GifTheSpireLib","Googly Eyes","Halation","Hermit","Highlight Path","Hubris","Hunter ??","Jedi Mod","Jorbs\u0027s Wanderer Trilogy","Mad Scientist","Marisa????????","Minty Spire (QoL Compilation)","Permanent Neow","Replay The Spire","Shade Mod","Shop Mod","Spicy Shops","StSLib","Stuff the Spire","The Bug Knight","The Construct","The Necromancer","The Runesmith","The Witch"],"gold_per_floor":[117,129,62,72,86,86,113,113,113,129,129,129,160,179,179,277,277,296,296,296,315,315,315],"floor_reached":22,"playtime":994,"items_purged":[],"score":234,"play_id":"573d8319-42bf-4ab6-b766-e0f8eac66258","local_time":"20201228232953","is_ascension_mode":true,"campfire_choices":[{"floor":6,"key":"RECALL"},{"data":"Noxious Fumes","floor":15,"key":"SMITH"}],"circlet_count":0,"master_deck":["Strike_G","Strike_G","Strike_G","Strike_G","Strike_G","Defend_G","Defend_G","Defend_G","Defend_G","Defend_G","Survivor","Dagger Spray","Sucker Punch","Noxious Fumes+1","Poisoned Stab","Backflip","jedi:pocketpoison","jedi:unstablefumes+1","jedi:studypoison"],"relics":["Ring of the Snake","aspiration:DSix","The Courier","GremlinMask","Dream Catcher","halation:PlatinumPhoenix","Bloody Idol"],"acts_visited":["Exordium","TheCity"],"potions_floor_usage":[12,16,18],"damage_taken":[{"damage":0,"enemies":"2 Louse","floor":1,"turns":3},{"damage":0,"enemies":"Cultist","floor":2,"turns":4},{"damage":0,"enemies":"conspire:RoseBush","floor":4,"turns":4},{"damage":1,"enemies":"2 Fungi Beasts","floor":5,"turns":4},{"damage":14,"enemies":"Lagavulin","floor":7,"turns":7},{"damage":4,"enemies":"Blue Slaver","floor":10,"turns":5},{"damage":0,"enemies":"3 Louse","floor":12,"turns":2},{"damage":0,"enemies":"HollowMod:MossKnight","floor":13,"turns":6},{"damage":0,"enemies":"Exordium Wildlife","floor":14,"turns":3},{"damage":30,"enemies":"Slime Boss","floor":16,"turns":8},{"damage":4,"enemies":"2 Thieves","floor":18,"turns":3},{"damage":27,"enemies":"conspire:FuzzyDice","floor":21,"turns":6},{"damage":17,"enemies":"Shelled Parasite and Fungi","floor":22,"turns":2}],"seed_played":"1461300782193342871","potions_obtained":[{"floor":1,"key":"SmokeBomb"},{"floor":5,"key":"Milkshake"},{"floor":14,"key":"AttackPotion"},{"floor":16,"key":"Toxic Potion"}],"is_trial":false,"path_per_floor":["M","M","$","M","M","R","E","?","T","M","?","M","E","M","R","B",null,"M","?","?","M","M"],"character_chosen":"THE_SILENT","items_purchased":["Noxious Fumes"],"campfire_rested":0,"item_purchase_floors":[3],"current_hp_per_floor":[70,70,70,70,69,69,55,55,55,51,51,51,51,51,51,21,70,66,66,31,9,0,0],"gold":315,"neow_bonus":"DSIX","is_daily":false,"chose_seed":false,"campfire_upgraded":1,"win_rate":0.0,"timestamp":1609205393,"path_taken":["M","M","$","M","M","R","E","?","T","?","?","M","E","M","R","BOSS","M","?","?","M","M"],"items_purchased_type":["Card"],"build_version":"2020-12-22","purchased_purges":0,"victory":false,"max_hp_per_floor":[70,70,70,70,70,70,70,70,70,70,70,70,70,70,70,70,70,70,70,70,70,70,70],"card_choices":[{"not_picked":["Distraction","Skewer"],"picked":"Dagger Spray","floor":1},{"not_picked":["Replay:Poison Smokescreen","Sneak Up"],"picked":"Sucker Punch","floor":2},{"not_picked":["Distraction","Finisher"],"picked":"Poisoned Stab","floor":4},{"not_picked":["StuffTheSpire:Injection","StuffTheSpire:DoubleShiv"],"picked":"Backflip","floor":5},{"not_picked":["Atom Bomb","Underhanded Strike","Terror"],"picked":"SKIP","floor":7},{"not_picked":["Eviscerate","Outmaneuver"],"picked":"jedi:pocketpoison","floor":10},{"not_picked":["hubris:TrickCloak","StuffTheSpire:Python","hubris:SlightOfHand"],"picked":"SKIP","floor":13},{"not_picked":["StuffTheSpire:Python","Bane","jedi:rejectivetoxin"],"picked":"SKIP","floor":14},{"not_picked":["Storm of Steel","Glass Knife"],"picked":"jedi:studypoison","floor":16},{"not_picked":["Flechettes","Sucker Punch","StuffTheSpire:ClusterCrunch"],"picked":"SKIP","floor":18},{"not_picked":["Flying Knee+1","StuffTheSpire:Injection","Bane"],"picked":"SKIP","floor":21}],"player_experience":738083,"relics_obtained":[{"floor":7,"key":"The Courier"},{"floor":13,"key":"Dream Catcher"}],"event_choices":[{"damage_healed":0,"gold_gain":0,"player_choice":"Trade","damage_taken":0,"relics_obtained":["GremlinMask"],"max_hp_gain":0,"max_hp_loss":0,"event_name":"FaceTrader","floor":8,"gold_loss":0},{"cards_removed":["jedi:pocketpoison"],"damage_healed":0,"gold_gain":0,"player_choice":"Give","damage_taken":0,"max_hp_gain":0,"max_hp_loss":0,"event_name":"betterNote:BetterNote","floor":19,"gold_loss":0,"cards_obtained":["Strike_G"]},{"damage_healed":0,"gold_gain":0,"player_choice":" Idol ","damage_taken":35,"relics_obtained":["Bloody Idol"],"max_hp_gain":66,"max_hp_loss":31,"event_name":"betterAltar:BetterAltar","floor":20,"potions_obtained":[],"relics_lost":[],"gold_loss":0}],"is_beta":false,"boss_relics":[{"not_picked":["beaked:MawFillet","hubris:TerracottaHorce"],"picked":"halation:PlatinumPhoenix"}],"items_purged_floors":[],"is_endless":false,"potions_floor_spawned":[1,5,12,14,16],"killed_by":"Shelled Parasite and Fungi","ascension_level":1}}