{"host":"b0hh64pqctf46s8m","time":1609278170,"event":{"mods":["Act Like it!","BaseMod","Bestiary","CCEM","CapriCore","ChefMod","Conspire","Curses Come First","Displayed Cursed Tome","Dota2Spire","Downfall","Ekko","Elementarium","Fireblade Mod","Hallownest","Hermit","Hubris","Infinite Spire","Jess\u0027s Bottle","JesterMod","Jorbs\u0027s Wanderer Trilogy","Lobotomy","Luminous","Menagerie","Minty Spire (QoL Compilation)","Pale of the Ancients","Permanent Neow","Relic Stats","Replay The Spire","Robot Space Explorer","Shade Mod","StSLib","The Blue Laboratory","The Dragon Tamer","The Immortal","The Marked","TheLocksmith","TheSwordswoman","TheVacant","TheWitcher","UnlockEverythingMod","Wandering Minibosses","??????REMEMod","????"],"gold_per_floor":[109,38,58,77,77,104,104,104,104,104],"floor_reached":8,"playtime":1061,"items_purged":[],"score":81,"play_id":"38539e8b-ea4e-419d-b123-c05672db6299","local_time":"20201229134250","is_ascension_mode":false,"metric_token":2835,"campfire_choices":[{"data":"DTMod:ForkedFire","floor":7,"key":"SMITH"}],"dtmod_dragon_data":[44,50,-1,-1,0,0],"circlet_count":0,"master_deck":["DTMod:Strike","DTMod:Strike","DTMod:Strike","DTMod:Strike","DTMod:DoubleHit","DTMod:TargetDefense","DTMod:TargetDefense","DTMod:TargetDefense","DTMod:TargetDefense","DTMod:SwitchingTactic","Slimebound:OozeBath","MeatLantern","DTMod:ForkedFire+1","DTMod:SneakAttack","DTMod:Punisher"],"relics":["DTMod:PactStone","REME_ComplimentaryCards","CogitoBucket","Nunchaku"],"acts_visited":["Menagerie:Menagerie"],"potions_floor_usage":[6],"damage_taken":[{"damage":0,"enemies":"Menagerie:WhisperingWraith","floor":1,"turns":3},{"damage":40,"enemies":"Menagerie:MonstrousExperiment","floor":3,"turns":2},{"damage":0,"enemies":"Menagerie:StygianBoar","floor":4,"turns":3},{"damage":0,"enemies":"Menagerie:MaskedSummoner","floor":6,"turns":6},{"damage":45,"enemies":"Menagerie:Hydra","floor":8,"turns":4}],"seed_played":"-4220253741304960971","potions_obtained":[{"floor":1,"key":"Dota2Spire:HealingSalve"},{"floor":6,"key":"blueLaboratory:TrueEctoplasm"}],"is_trial":false,"path_per_floor":["M","$","M","M","?","E","R","E"],"character_chosen":"THE_DT","items_purchased":["DTMod:ForkedFire"],"campfire_rested":0,"item_purchase_floors":[2],"current_hp_per_floor":[45,45,5,5,5,20,20,0,0,0],"gold":104,"neow_bonus":"","is_daily":false,"chose_seed":false,"campfire_upgraded":1,"win_rate":0.0,"timestamp":1609278170,"path_taken":["M","$","M","M","?","E","R","E"],"items_purchased_type":["Card"],"build_version":"2020-12-22","purchased_purges":0,"victory":false,"max_hp_per_floor":[45,45,45,45,45,45,45,45,45,45],"relic_stats":{"Nunchaku":[0],"counters":[5,18],"obtain_stats":[{"CogitoBucket":0,"Nunchaku":6,"DTMod:PactStone":0,"REME_ComplimentaryCards":0},{"CogitoBucket":0,"Nunchaku":4,"DTMod:PactStone":0,"REME_ComplimentaryCards":0},{"CogitoBucket":0,"Nunchaku":14,"DTMod:PactStone":0,"REME_ComplimentaryCards":0}]},"card_choices":[{"not_picked":["OSAHOGD","VoidDream"],"picked":"MeatLantern","floor":1},{"not_picked":["DTMod:Cover","DTMod:Dissolve","DTMod:BizarreTactic"],"picked":"SKIP","floor":1},{"not_picked":["DTMod:Cover","DTMod:Dissolve","DTMod:BizarreTactic"],"picked":"SKIP","floor":1},{"not_picked":["DTMod:MagicField","DTMod:BlueScale"],"picked":"DTMod:SneakAttack","floor":3},{"not_picked":["DTMod:BurningEnergy","DTMod:Dissolve","DTMod:BizarreTactic"],"picked":"SKIP","floor":4},{"not_picked":["DTMod:Coolant","DTMod:WarmUp"],"picked":"DTMod:Punisher","floor":6}],"player_experience":1412204,"relics_obtained":[{"floor":6,"key":"Nunchaku"}],"event_choices":[{"damage_healed":0,"gold_gain":0,"player_choice":"Ignored","damage_taken":0,"max_hp_gain":0,"max_hp_loss":0,"event_name":"Menagerie:SpiderNest","floor":5,"gold_loss":0}],"is_beta":false,"boss_relics":[],"items_purged_floors":[],"is_endless":false,"potions_floor_spawned":[1,6],"killed_by":"Menagerie:Hydra","ascension_level":0}}