{"host":"s9oaroyyjdd3e4af","time":1609211529,"event":{"mods":["BaseMod","Colored Powertips","Minty Spire (QoL Compilation)"],"gold_per_floor":[119,130,143,160,235,265,265,284,309,328,328,344,344,0,0,95,145,160,173,183,183,20,20,36,71,117,136,154,166,166,181,181,278,278,288,308,318,51,61,161,161,191,191,42,42,52,62,112,112,112],"floor_reached":51,"playtime":3431,"items_purged":[],"score":757,"play_id":"28fbedf1-69cf-40fb-900c-e38ccb7f8637","local_time":"20201228221209","is_ascension_mode":false,"campfire_choices":[{"floor":7,"key":"REST"},{"data":"Inflame","floor":15,"key":"SMITH"},{"data":"Apotheosis","floor":23,"key":"SMITH"},{"floor":30,"key":"REST"},{"data":"Whirlwind","floor":32,"key":"SMITH"},{"floor":41,"key":"REST"},{"data":"Limit Break","floor":45,"key":"SMITH"},{"data":"Dark Shackles","floor":49,"key":"SMITH"}],"circlet_count":0,"master_deck":["Strike_R","Strike_R","Strike_R","Strike_R","Strike_R","Defend_R","Defend_R+1","Defend_R","Defend_R+1","Bash","Headbutt","Spot Weakness+1","Iron Wave","Shockwave+1","Power Through","Feel No Pain","Flex","Rage","Inflame+1","Dark Shackles+1","Seeing Red","Feed","Thunderclap","Anger","Sword Boomerang","Dropkick","Apotheosis+1","Carnage","Havoc+1","Inflame+1","Whirlwind+1","Disarm+1","Anger","Limit Break+1","Pommel Strike+1","Headbutt","Disarm","Blind","Parasite","Burning Pact+1","Flex+1","Bloodletting","Rampage+1","Carnage"],"relics":["Burning Blood","Regal Pillow","Orichalcum","Ancient Tea Set","Membership Card","PreservedInsect","Tiny House","Bag of Preparation","War Paint","Red Skull","SlaversCollar","Calipers","TheAbacus","Bronze Scales","Eternal Feather","ClockworkSouvenir","Vajra","Ice Cream"],"acts_visited":["Exordium","TheCity","TheBeyond"],"potions_floor_usage":[6,16,16,16,25,25,29,33,33,33,35,50,50],"damage_taken":[{"damage":5,"enemies":"Small Slimes","floor":1,"turns":4},{"damage":8,"enemies":"2 Louse","floor":2,"turns":2},{"damage":10,"enemies":"Cultist","floor":3,"turns":4},{"damage":14,"enemies":"3 Louse","floor":4,"turns":5},{"damage":26,"enemies":"Lagavulin","floor":6,"turns":6},{"damage":14,"enemies":"Gremlin Gang","floor":8,"turns":7},{"damage":3,"enemies":"2 Fungi Beasts","floor":10,"turns":4},{"damage":2,"enemies":"Red Slaver","floor":12,"turns":5},{"damage":30,"enemies":"Hexaghost","floor":16,"turns":10},{"damage":42,"enemies":"Spheric Guardian","floor":18,"turns":6},{"damage":13,"enemies":"3 Byrds","floor":19,"turns":7},{"damage":14,"enemies":"Cultist and Chosen","floor":20,"turns":5},{"damage":39,"enemies":"Sentry and Sphere","floor":24,"turns":8},{"damage":18,"enemies":"Book of Stabbing","floor":25,"turns":4},{"damage":3,"enemies":"Snake Plant","floor":27,"turns":4},{"damage":13,"enemies":"Cultist and Chosen","floor":28,"turns":7},{"damage":4,"enemies":"Shelled Parasite and Fungi","floor":29,"turns":5},{"damage":18,"enemies":"Snake Plant","floor":31,"turns":4},{"damage":62,"enemies":"Automaton","floor":33,"turns":9},{"damage":54,"enemies":"3 Shapes","floor":35,"turns":5},{"damage":5,"enemies":"Orb Walker","floor":36,"turns":3},{"damage":38,"enemies":"Transient","floor":37,"turns":5},{"damage":11,"enemies":"Writhing Mass","floor":39,"turns":7},{"damage":0,"enemies":"Reptomancer","floor":42,"turns":3},{"damage":12,"enemies":"4 Shapes","floor":46,"turns":4},{"damage":31,"enemies":"Jaw Worm Horde","floor":47,"turns":5},{"damage":0,"enemies":"Mind Bloom Boss Battle","floor":48,"turns":5},{"damage":116,"enemies":"Donu and Deca","floor":50,"turns":8}],"seed_played":"3480367576818998866","potions_obtained":[{"floor":2,"key":"Ancient Potion"},{"floor":3,"key":"PowerPotion"},{"floor":4,"key":"Block Potion"},{"floor":8,"key":"Energy Potion"},{"floor":17,"key":"Strength Potion"},{"floor":19,"key":"Ancient Potion"},{"floor":25,"key":"Explosive Potion"},{"floor":27,"key":"Weak Potion"},{"floor":29,"key":"Fruit Juice"},{"floor":31,"key":"Block Potion"},{"floor":35,"key":"BloodPotion"},{"floor":37,"key":"FairyPotion"},{"floor":47,"key":"DuplicationPotion"},{"floor":48,"key":"SpeedPotion"}],"is_trial":false,"path_per_floor":["M","M","M","M","?","E","R","M","T","M","?","M","?","$","R","B",null,"M","M","M","?","$","R","M","E","T","M","M","M","R","M","R","B",null,"M","M","M","$","M","?","R","E","T","$","R","M","M","?","R","B",null],"character_chosen":"IRONCLAD","items_purchased":["Membership Card","Inflame","PreservedInsect","Dark Shackles","Seeing Red","Apotheosis","Bag of Preparation","Blind","Calipers","TheAbacus","ClockworkSouvenir","Vajra"],"campfire_rested":3,"item_purchase_floors":[14,14,14,14,14,22,22,38,38,38,44,44],"current_hp_per_floor":[80,78,74,66,55,35,74,66,66,69,74,78,78,78,78,54,90,54,50,45,96,96,96,63,51,51,54,47,54,99,87,87,31,101,73,74,42,42,37,37,82,88,88,88,101,99,74,80,104,37],"gold":112,"neow_bonus":"RANDOM_COMMON_RELIC","is_daily":false,"chose_seed":false,"campfire_upgraded":5,"win_rate":0.0,"timestamp":1609211529,"path_taken":["M","M","M","M","?","E","R","M","T","M","?","M","?","$","R","BOSS","M","M","?","?","$","R","M","E","T","M","M","M","R","M","R","BOSS","M","M","?","$","M","?","R","E","T","$","R","?","M","?","R","BOSS"],"items_purchased_type":["Relic","Card","Relic","Card","Card","Card","Relic","Card","Relic","Relic","Relic","Relic"],"build_version":"2020-12-22","purchased_purges":0,"victory":true,"max_hp_per_floor":[80,80,80,80,80,80,80,80,80,80,85,85,85,85,85,85,90,90,93,96,96,96,96,96,96,96,96,96,101,101,101,101,101,101,101,101,101,101,101,101,101,101,101,101,101,105,105,105,105,105],"card_choices":[{"not_picked":["Twin Strike","Pommel Strike"],"picked":"Headbutt","floor":1},{"not_picked":["Heavy Blade","Twin Strike"],"picked":"Spot Weakness","floor":2},{"not_picked":["Twin Strike","Reckless Charge"],"picked":"Iron Wave","floor":3},{"not_picked":["Metallicize","Flex"],"picked":"Shockwave","floor":4},{"not_picked":["Impervious","Havoc"],"picked":"Power Through","floor":6},{"not_picked":["Headbutt","Warcry"],"picked":"Feel No Pain","floor":8},{"not_picked":["Entrench","True Grit"],"picked":"Flex","floor":10},{"not_picked":["Heavy Blade","Blood for Blood"],"picked":"Rage","floor":12},{"not_picked":["Bludgeon","Impervious"],"picked":"Feed","floor":16},{"not_picked":["Cleave","Clash"],"picked":"Thunderclap","floor":17},{"not_picked":["Iron Wave","Feel No Pain"],"picked":"Anger","floor":18},{"not_picked":["Warcry","Clash"],"picked":"Sword Boomerang","floor":19},{"not_picked":["Hemokinesis","Feel No Pain+1"],"picked":"Dropkick","floor":20},{"not_picked":["Hemokinesis","Combust"],"picked":"Carnage","floor":24},{"not_picked":["Armaments","Bludgeon"],"picked":"Havoc+1","floor":25},{"not_picked":["Clash","Headbutt"],"picked":"Inflame+1","floor":27},{"not_picked":["Sever Soul","Armaments"],"picked":"Whirlwind","floor":28},{"not_picked":["Dual Wield","Warcry"],"picked":"Disarm+1","floor":29},{"not_picked":["Battle Trance+1","Armaments+1"],"picked":"Anger","floor":31},{"not_picked":["Bludgeon","Impervious"],"picked":"Limit Break","floor":33},{"not_picked":["Heavy Blade","Combust+1"],"picked":"Pommel Strike+1","floor":35},{"not_picked":["Hemokinesis","Combust"],"picked":"Headbutt","floor":36},{"not_picked":["Sword Boomerang","Warcry"],"picked":"Disarm","floor":37},{"not_picked":["Perfected Strike+1","Hemokinesis+1"],"picked":"Burning Pact+1","floor":39},{"not_picked":["Rupture","Power Through"],"picked":"Flex+1","floor":42},{"not_picked":["Uppercut+1","Cleave"],"picked":"Bloodletting","floor":46},{"not_picked":["Searing Blow","Body Slam+1"],"picked":"Rampage+1","floor":47},{"not_picked":["True Grit","Perfected Strike"],"picked":"Carnage","floor":48}],"player_experience":697777,"relics_obtained":[{"floor":6,"key":"Orichalcum"},{"floor":9,"key":"Ancient Tea Set"},{"floor":25,"key":"War Paint"},{"floor":26,"key":"Red Skull"},{"floor":42,"key":"Bronze Scales"},{"floor":43,"key":"Eternal Feather"},{"floor":48,"key":"Ice Cream"}],"event_choices":[{"damage_healed":0,"gold_gain":75,"player_choice":"Gather Gold","damage_taken":11,"max_hp_gain":0,"max_hp_loss":0,"event_name":"World of Goop","floor":5,"gold_loss":0},{"damage_healed":0,"gold_gain":0,"player_choice":"Donut","damage_taken":0,"max_hp_gain":5,"max_hp_loss":0,"event_name":"Big Fish","floor":11,"gold_loss":0},{"damage_healed":0,"gold_gain":0,"player_choice":"Upgraded","damage_taken":0,"max_hp_gain":0,"max_hp_loss":0,"event_name":"Upgrade Shrine","floor":13,"gold_loss":0,"cards_upgraded":["Spot Weakness"]},{"damage_healed":51,"gold_gain":0,"player_choice":"Full Heal","damage_taken":0,"max_hp_gain":0,"max_hp_loss":0,"event_name":"Wheel of Change","floor":21,"gold_loss":0},{"damage_healed":0,"gold_gain":100,"player_choice":"Pray","damage_taken":0,"max_hp_gain":0,"max_hp_loss":0,"event_name":"Golden Shrine","floor":40,"gold_loss":0},{"damage_healed":0,"gold_gain":0,"player_choice":"Fight","damage_taken":0,"max_hp_gain":0,"max_hp_loss":0,"event_name":"MindBloom","floor":48,"gold_loss":0}],"is_beta":false,"boss_relics":[{"not_picked":["Mark of Pain","Sozu"],"picked":"Tiny House"},{"not_picked":["Snecko Eye","Runic Pyramid"],"picked":"SlaversCollar"}],"items_purged_floors":[],"is_endless":false,"potions_floor_spawned":[2,3,4,8,10,19,25,27,29,31,35,37,47,48],"ascension_level":0}}