{"host":"tch6k55kfxnw5l94","time":1609250868,"event":{"mods":["BaseMod","Downfall","Luminous","Minty Spire (QoL Compilation)","Replay The Spire","StSLib","The Caster","The Marked","Yuyuko"],"gold_per_floor":[113,9999,9999,9999,9964,9997,8869,8894,8944,8944,8995,8995,7670,7692,7692,7809,7809,7843,7843,7843,7886,6914,6973,6264,6307,6380,6451,6451,6451,6518,6552,6552,6669,6669,6698,6112,6112,6162,6213,6213,6308,6345,6345,6345,5235,5235,5235,5267,5267,5279,5279,5279,4307,4395,4429],"floor_reached":56,"playtime":2052,"items_purged":["Luminous:Light_Flash_Shower","Luminous:Light_Flash_Shower","ReplayTheSpireMod:Splinters","Luminous:Light_Flash_Shower","Luminous:Defend_Luminous","Luminous:Defend_Luminous"],"score":1712,"play_id":"1cc9e7f8-1f7a-421a-96dd-6305d0287086","local_time":"20201229090748","is_ascension_mode":false,"campfire_choices":[{"data":"Luminous:Fast_Spell_Luminous","floor":10,"key":"SMITH"},{"data":"Luminous:Dark_Arcane_Pitch","floor":12,"key":"SMITH"},{"data":"expansioncontent:StudyTheSpire","floor":15,"key":"SMITH"},{"floor":28,"key":"RECALL"},{"data":"Luminous:Lania_Blessing_Luminous","floor":32,"key":"SMITH"},{"data":"Luminous:Abyss_Heart_Luminous","floor":40,"key":"SMITH"},{"data":"Thinking Ahead","floor":44,"key":"SMITH"},{"data":"Luminous:Switch_Luminous","floor":46,"key":"SMITH"},{"data":"Luminous:Light_Track","floor":49,"key":"SMITH"},{"data":"Luminous:Lunar_Tide_Luminous","floor":52,"key":"SMITH"}],"circlet_count":0,"master_deck":["Luminous:Dark_Abyssal_Drop","Luminous:Dark_Abyssal_Drop","Luminous:Dark_Abyssal_Drop+1","Luminous:Defend_Luminous+1","Luminous:Defend_Luminous+1","Luminous:Switch_Luminous+1","Luminous:Light_Glare+1","Luminous:Light_Gather","Luminous:Fast_Spell_Luminous+1","Luminous:Flash_Blink_Luminous","Luminous:Dark_Arcane_Pitch+1","Luminous:Light_Spectral_Light","Thinking Ahead+1","Luminous:Light_Sylvan_Lance","Luminous:Balance_Aether_Conduit","Luminous:Light_Glare+1","expansioncontent:StudyTheSpire+1","Luminous:Sympathy_Luminous","Luminous:Light_Sylvan_Lance","Luminous:Light_Track+1","Luminous:Light_Sylvan_Lance","Luminous:Lania_Blessing_Luminous+1","CurseOfTheBell","Luminous:Light_Sylvan_Lance","Luminous:Magic_Accelerate_Luminous+1","Apotheosis+1","Luminous:Photic_Meditation_Luminous","Luminous:Concentrate_Luminous+1","Master of Strategy+1","Survey Options+1","Dark Shackles+1","Luminous:Dark_Crescendo_Luminous","Pot Of Greed+1","Pot Of Greed+1","Pot Of Greed+1","Luminous:Concentrate_Luminous+1","Pot Of Greed+1","Luminous:Magic_Boost_Luminous+1","Luminous:Dark_Raid","Luminous:Dark_Pressure_Void","Luminous:Abyss_Heart_Luminous+1","Luminous:Dark_Raid+1","Luminous:Arcane_Rage_Luminous+1","Luminous:Magic_Accelerate_Luminous+1","Luminous:Flash_Blink_Luminous+1","Luminous:Balance_Ender+1","Luminous:Lunar_Tide_Luminous+1","Luminous:Armageddon_Luminous+1","Jack Of All Trades+1","Pot Of Greed+1","Luminous:Light_Ray_of_Redemption+1","Luminous:Light_Gather+1","Luminous:Lunar_Tide_Luminous+1","Luminous:Light_Sylvan_Lance+1","Luminous:Flash_Blink_Luminous+1","Luminous:Dark_Arcane_Pitch+1","Luminous:Balance_Ender+1","Master of Strategy+1","Luminous:Freud_Wisdom1_Luminous+1"],"relics":["Luminous:MirrorRelic","Bag of Marbles","HandDrill","WingedGreaves","Replay:Bandana","Potion Belt","Onion Ring","DollysMirror","Peace Pipe","Pear","Calling Bell","Bag of Preparation","Replay:Accelerometer","Pocketwatch","Omamori","Toxic Egg 2","ReplayTheSpireMod:ShopPack","Pen Nib","Lantern","Grinning Jar","Cauldron","Golden Egg","Garlic","Ancient Tea Set","Durian","ReplayTheSpireMod:DimensionalGlitch","BargainBundle","PreservedInsect","Anchor","Unceasing Top","TheAbacus","Incense Burner","Strawberry","ReplayTheSpireMod:Ring of Addiction","SacredBark","Toy Ornithopter","Orrery","Replay:PocketPolymizer","Simple Rune","Replay:Baseball"],"acts_visited":["Exordium","TheCity","TheBeyond","TheEnding"],"potions_floor_usage":[11,16,16,23,23,23,27,27,30,33,33,33,33,33,42,42,50,50,50,50,50,54,55,55],"damage_taken":[{"damage":2,"enemies":"Small Slimes","floor":1,"turns":4},{"damage":9,"enemies":"Lagavulin","floor":6,"turns":10},{"damage":0,"enemies":"2 Louse","floor":8,"turns":2},{"damage":15,"enemies":"Gremlin Nob","floor":11,"turns":4},{"damage":0,"enemies":"Jaw Worm","floor":14,"turns":1},{"damage":0,"enemies":"Slime Boss","floor":16,"turns":1},{"damage":0,"enemies":"Spheric Guardian","floor":18,"turns":1},{"damage":9,"enemies":"Slavers","floor":23,"turns":2},{"damage":0,"enemies":"Chosen","floor":25,"turns":1},{"damage":0,"enemies":"Book of Stabbing","floor":27,"turns":4},{"damage":5,"enemies":"Slavers","floor":30,"turns":4},{"damage":0,"enemies":"Snake Plant","floor":31,"turns":1},{"damage":0,"enemies":"Collector","floor":33,"turns":1},{"damage":0,"enemies":"Orb Walker","floor":35,"turns":1},{"damage":0,"enemies":"3 Darklings","floor":38,"turns":1},{"damage":0,"enemies":"Maw","floor":39,"turns":4},{"damage":0,"enemies":"R_Hoarder","floor":41,"turns":2},{"damage":18,"enemies":"4 Shapes","floor":42,"turns":1},{"damage":0,"enemies":"Jaw Worm Horde","floor":48,"turns":1},{"damage":0,"enemies":"Time Eater","floor":50,"turns":5},{"damage":0,"enemies":"Shield and Spear","floor":54,"turns":2},{"damage":4,"enemies":"The Heart","floor":55,"turns":9}],"seed_played":"-8043442278393376832","potions_obtained":[{"floor":14,"key":"Explosive Potion"},{"floor":16,"key":"Dexterity Potion"},{"floor":21,"key":"Explosive Potion"},{"floor":21,"key":"SkillPotion"},{"floor":23,"key":"Swift Potion"},{"floor":24,"key":"EntropicBrew"},{"floor":24,"key":"Slimebound:ThreeZeroPotion"},{"floor":24,"key":"SteroidPotion"},{"floor":31,"key":"Block Potion"},{"floor":33,"key":"Explosive Potion"}],"is_trial":false,"path_per_floor":["M","?","?","?","?","E","$","M","T","R","E","R","$","M","R","B",null,"M","?","?","?","$","E","$","M","T","E","R","?","E","M","R","B",null,"M","$","?","M","M","R","E","M","T","R","$","R","?","M","R","B",null,"R","$","E","B",null],"character_chosen":"LuminousClass","items_purchased":["HandDrill","WingedGreaves","Replay:Bandana","PowerPotion","SteroidPotion","Luminous:Flash_Blink_Luminous","Luminous:Dark_Arcane_Pitch","Luminous:Light_Spectral_Light","Thinking Ahead","DollysMirror","Peace Pipe","Pear","expansioncontent:StudyTheSpire","Luminous:Sympathy_Luminous","Luminous:Light_Sylvan_Lance","Swift Potion","LiquidMemories","Energy Potion","Luminous:Light_Track","Omamori","Toxic Egg 2","ReplayTheSpireMod:ShopPack","Apotheosis+1","Luminous:Photic_Meditation_Luminous","Luminous:Concentrate_Luminous+1","Swift Potion","Lantern","Grinning Jar","Cauldron","Luminous:Concentrate_Luminous+1","Luminous:Magic_Boost_Luminous+1","BargainBundle","PreservedInsect","Anchor","Luminous:Flash_Blink_Luminous+1","Luminous:Balance_Ender","PowerPotion","Energy Potion","LiquidMemories","TheAbacus","Incense Burner","Strawberry","AttackPotion","SkillPotion","Jack Of All Trades+1","Luminous:Light_Ray_of_Redemption","Luminous:Light_Gather","Orrery","Replay:PocketPolymizer","Simple Rune","Master of Strategy+1","AttackPotion","ColorlessPotion","LifebloodPotion"],"campfire_rested":0,"item_purchase_floors":[7,7,7,7,7,7,7,7,7,13,13,13,13,13,13,13,13,13,13,22,22,22,22,22,22,22,24,24,24,24,24,36,36,36,36,36,36,36,36,45,45,45,45,45,45,45,45,53,53,53,53,53,53,53],"current_hp_per_floor":[73,73,78,62,80,71,71,71,71,71,61,61,71,71,71,71,90,90,90,90,90,90,81,81,81,81,81,81,81,87,87,87,87,95,95,95,95,95,95,95,95,77,77,77,84,84,84,84,84,102,102,102,102,100,99],"gold":4429,"neow_bonus":"THREE_CARDS","is_daily":false,"chose_seed":false,"campfire_upgraded":9,"win_rate":0.0,"timestamp":1609250868,"path_taken":["M","?","?","?","?","E","?","?","T","R","E","R","$","M","R","BOSS","M","?","?","?","?","E","$","M","T","E","R","?","E","M","R","BOSS","M","$","?","?","M","R","E","M","T","R","$","R","?","M","R","BOSS","R","$","E","BOSS"],"items_purchased_type":["Relic","Relic","Relic","Potion","Potion","Card","Card","Card","Card","Relic","Relic","Relic","Card","Card","Card","Potion","Potion","Potion","Card","Relic","Relic","Relic","Card","Card","Card","Potion","Relic","Relic","Relic","Card","Card","Relic","Relic","Relic","Card","Card","Potion","Potion","Potion","Relic","Relic","Relic","Potion","Potion","Card","Card","Card","Relic","Relic","Relic","Card","Potion","Potion","Potion"],"build_version":"2020-12-22","purchased_purges":6,"victory":true,"max_hp_per_floor":[75,75,80,80,80,80,80,80,80,80,80,80,90,90,90,90,90,90,90,90,90,90,90,90,90,90,90,90,90,95,95,95,95,95,95,95,95,95,95,95,95,95,95,95,102,102,102,102,102,102,102,102,102,100,100],"card_choices":[{"not_picked":["Luminous:Light_Gather","Luminous:Concentrate_Luminous"],"picked":"Luminous:Light_Glare","floor":0},{"not_picked":["Luminous:Blinding_Pillar_Luminous","Luminous:Dark_Extract"],"picked":"Luminous:Light_Gather","floor":1},{"not_picked":["Luminous:Dusk_Guard_Luminous","Luminous:Accumulation_Luminous"],"picked":"Luminous:Fast_Spell_Luminous","floor":6},{"not_picked":["Luminous:Light_Disperse","Luminous:Light_Gather"],"picked":"Luminous:Light_Sylvan_Lance","floor":8},{"not_picked":["Luminous:Hero_Will_Luminous","Luminous:Magic_Boost_Luminous"],"picked":"Luminous:Balance_Aether_Conduit","floor":11},{"not_picked":["Luminous:Mana_Well_Luminous","Luminous:Hero_Will_Luminous"],"picked":"Luminous:Light_Sylvan_Lance","floor":14},{"not_picked":["Luminous:Erosion_Luminous","Luminous:Date_of_Light_Luminous"],"picked":"Luminous:Lania_Blessing_Luminous","floor":16},{"not_picked":["Luminous:Dark_Dim_Erosion","Luminous:Dark_Apocalypse"],"picked":"Luminous:Light_Sylvan_Lance","floor":18},{"not_picked":["Luminous:Blinding_Pillar_Luminous","Luminous:Abyss_Heart_Luminous"],"picked":"Luminous:Magic_Accelerate_Luminous+1","floor":21},{"not_picked":["expansioncontent:DashGenerateEvil","Panache"],"picked":"Master of Strategy","floor":22},{"not_picked":["Replay:SS_fish_2","expansioncontent:ManipulateTime"],"picked":"Survey Options","floor":22},{"not_picked":["expansioncontent:Hexaburn","expansioncontent:SlimeTackle"],"picked":"Dark Shackles","floor":22},{"not_picked":["Luminous:Darks_Surge_Luminous+1","Luminous:Hero_Will_Luminous+1"],"picked":"Luminous:Dark_Crescendo_Luminous","floor":23},{"not_picked":["Luminous:Light_Glare","Luminous:Light_Gather"],"picked":"Luminous:Dark_Raid","floor":25},{"not_picked":["Luminous:Light_Gather","Luminous:Dark_Pressure_Void","Luminous:Accumulation_Luminous+1"],"picked":"SKIP","floor":27},{"not_picked":["Luminous:Light_Gather","Luminous:Accumulation_Luminous+1"],"picked":"Luminous:Dark_Pressure_Void","floor":27},{"not_picked":["Luminous:Light_Glare","Luminous:Accumulation_Luminous+1"],"picked":"Luminous:Abyss_Heart_Luminous","floor":30},{"not_picked":["Luminous:Accumulation_Luminous+1","Luminous:Light_Disperse+1"],"picked":"Luminous:Dark_Raid+1","floor":31},{"not_picked":["Luminous:Equalize_Luminous+1","Luminous:Ethereal_Form_Luminous"],"picked":"Luminous:Arcane_Rage_Luminous+1","floor":33},{"not_picked":["Luminous:Light_Gather","Luminous:Accumulation_Luminous+1"],"picked":"Luminous:Magic_Accelerate_Luminous+1","floor":35},{"not_picked":["Luminous:Dark_Dim_Erosion","Luminous:Light_Gather+1","Luminous:Light_Glare"],"picked":"SKIP","floor":38},{"not_picked":["Luminous:Blinding_Pillar_Luminous+1","Luminous:Light_Gather","Luminous:Light_Disperse"],"picked":"SKIP","floor":39},{"not_picked":["Luminous:Magic_Boost_Luminous+1","Luminous:Dark_Pressure_Void+1"],"picked":"Luminous:Lunar_Tide_Luminous+1","floor":41},{"not_picked":["Luminous:Magic_Guard_Luminous+1","Luminous:Light_Wash_Luminous+1"],"picked":"Luminous:Armageddon_Luminous+1","floor":42},{"not_picked":["Luminous:Reverse_Spell_Luminous+1","Luminous:Dark_Raid+1"],"picked":"Luminous:Lunar_Tide_Luminous","floor":48},{"not_picked":["Luminous:Hero_Will_Luminous+1","Luminous:Light_Ray_of_Redemption+1"],"picked":"Luminous:Light_Sylvan_Lance+1","floor":53},{"not_picked":["Luminous:Light_Gather","Luminous:Blinding_Pillar_Luminous+1"],"picked":"Luminous:Flash_Blink_Luminous+1","floor":53},{"not_picked":["Luminous:Dark_Apocalypse","Luminous:Dark_Raid+1"],"picked":"Luminous:Dark_Arcane_Pitch+1","floor":53},{"not_picked":["Luminous:Dark_Apocalypse","Luminous:Blinding_Pillar_Luminous+1"],"picked":"Luminous:Balance_Ender","floor":53},{"not_picked":["Luminous:Blinding_Pillar_Luminous+1","Luminous:Accumulation_Luminous+1"],"picked":"Luminous:Freud_Wisdom1_Luminous+1","floor":54}],"player_experience":263741,"relics_obtained":[{"floor":6,"key":"Bag of Marbles"},{"floor":9,"key":"Potion Belt"},{"floor":11,"key":"Onion Ring"},{"floor":17,"key":"Bag of Preparation"},{"floor":17,"key":"Replay:Accelerometer"},{"floor":17,"key":"Pocketwatch"},{"floor":23,"key":"Pen Nib"},{"floor":26,"key":"Golden Egg"},{"floor":27,"key":"Garlic"},{"floor":30,"key":"Durian"},{"floor":41,"key":"Unceasing Top"},{"floor":47,"key":"ReplayTheSpireMod:Ring of Addiction"},{"floor":47,"key":"SacredBark"},{"floor":47,"key":"Toy Ornithopter"},{"floor":54,"key":"Replay:Baseball"}],"event_choices":[{"damage_healed":0,"gold_gain":0,"player_choice":"Ignored","damage_taken":0,"max_hp_gain":0,"max_hp_loss":0,"event_name":"Liars Game","floor":2,"gold_loss":0},{"damage_healed":0,"gold_gain":0,"player_choice":"Donut","damage_taken":0,"max_hp_gain":5,"max_hp_loss":0,"event_name":"Big Fish","floor":3,"gold_loss":0},{"damage_healed":0,"gold_gain":0,"player_choice":"Entered Light","damage_taken":16,"max_hp_gain":0,"max_hp_loss":0,"event_name":"Shining Light","floor":4,"gold_loss":0,"cards_upgraded":["Luminous:Light_Glare","Luminous:Defend_Luminous"]},{"damage_healed":20,"gold_gain":0,"player_choice":"Healed","damage_taken":0,"max_hp_gain":0,"max_hp_loss":0,"event_name":"The Cleric","floor":5,"gold_loss":35},{"damage_healed":0,"gold_gain":0,"player_choice":"Ignored","damage_taken":0,"max_hp_gain":0,"max_hp_loss":0,"event_name":"Vampires","floor":20,"gold_loss":0},{"damage_healed":0,"gold_gain":0,"player_choice":"Opened","damage_taken":0,"relics_obtained":["Ancient Tea Set"],"max_hp_gain":0,"max_hp_loss":0,"event_name":"The Mausoleum","floor":29,"gold_loss":0},{"damage_healed":0,"gold_gain":0,"player_choice":"0 cards matched","damage_taken":0,"max_hp_gain":0,"max_hp_loss":0,"event_name":"Match and Keep!","floor":37,"gold_loss":0,"cards_obtained":[]}],"is_beta":false,"boss_relics":[{"not_picked":["Replay:Ancient Bell","Kintsugi"],"picked":"Calling Bell"},{"not_picked":["Fusion Hammer","Cursed Key"],"picked":"ReplayTheSpireMod:DimensionalGlitch"}],"items_purged_floors":[7,13,22,24,36,45],"is_endless":false,"potions_floor_spawned":[14,16,23,31,33,38,48],"ascension_level":0}}