{"host":"mi0eibewekhugwl1","time":1609244878,"event":{"mods":["AchievementEnabler","BaseMod","Colored Map","Colored Powertips","DeckTracker","Keyboard Shortcuts","Minty Spire (QoL Compilation)","Quick Restart","Rare Cards Sparkle","Relic Stats","StSLib","SuperFastMode","everything is the same but u backflip on backflip"],"gold_per_floor":[118,98,114,39,39,39,51,51,51,51,68,68,88,88,88,88,88],"floor_reached":16,"playtime":196,"items_purged":["Strike_R"],"score":180,"play_id":"01028587-beff-497d-ae35-7e2c37995058","local_time":"20201229212758","is_ascension_mode":true,"campfire_choices":[{"data":"Wild Strike","floor":6,"key":"SMITH"},{"data":"Bash","floor":8,"key":"SMITH"},{"floor":10,"key":"REST"},{"data":"Flex","floor":12,"key":"SMITH"},{"data":"Strike_R","floor":15,"key":"SMITH"}],"circlet_count":0,"master_deck":["AscendersBane","Strike_R","Strike_R+1","Strike_R","Strike_R+1","Defend_R","Defend_R","Defend_R","Defend_R","Bash+1","Reaper+1","Wild Strike+1","Flex+1"],"relics":["Burning Blood","Toy Ornithopter"],"acts_visited":["Exordium"],"potions_floor_usage":[16],"damage_taken":[{"damage":8,"enemies":"2 Louse","floor":1,"turns":3},{"damage":7,"enemies":"Cultist","floor":3,"turns":4},{"damage":14,"enemies":"Jaw Worm","floor":7,"turns":3},{"damage":10,"enemies":"Large Slime","floor":11,"turns":5},{"damage":13,"enemies":"Red Slaver","floor":13,"turns":3},{"damage":65,"enemies":"Hexaghost","floor":16,"turns":9}],"seed_played":"-5342479568545177882","potions_obtained":[{"floor":1,"key":"ColorlessPotion"},{"floor":2,"key":"Ancient Potion"}],"is_trial":false,"path_per_floor":["M","?","M","$","?","R","M","R","T","R","M","R","M","?","R","B"],"character_chosen":"IRONCLAD","items_purchased":[],"campfire_rested":1,"item_purchase_floors":[],"current_hp_per_floor":[54,54,57,57,34,34,31,31,31,53,56,56,49,49,49,0,0],"gold":88,"neow_bonus":"THREE_RARE_CARDS","is_daily":false,"chose_seed":false,"campfire_upgraded":4,"win_rate":0.0,"timestamp":1609244878,"path_taken":["M","?","?","$","?","R","M","R","T","R","M","R","M","?","R","BOSS"],"items_purchased_type":[],"build_version":"2020-12-22","purchased_purges":1,"victory":false,"max_hp_per_floor":[75,75,75,75,75,75,75,75,75,75,75,75,75,75,75,75,75],"relic_stats":{"counters":[6,27],"obtain_stats":[{"Burning Blood":0,"Toy Ornithopter":9},{"Burning Blood":0,"Toy Ornithopter":3},{"Burning Blood":0,"Toy Ornithopter":10}],"Burning Blood":30,"Toy Ornithopter":5},"card_choices":[{"not_picked":["Brutality","Exhume"],"picked":"Reaper","floor":0},{"not_picked":["Metallicize","Combust","True Grit"],"picked":"SKIP","floor":1},{"not_picked":["Sever Soul","Second Wind"],"picked":"Wild Strike","floor":3},{"not_picked":["Dark Embrace","Sword Boomerang","Anger"],"picked":"SKIP","floor":7},{"not_picked":["Flex","Havoc","Hemokinesis"],"picked":"SKIP","floor":11},{"not_picked":["Havoc","Hemokinesis"],"picked":"Flex","floor":11},{"not_picked":["Anger","Body Slam","Sever Soul"],"picked":"SKIP","floor":13}],"player_experience":1724469,"relics_obtained":[{"floor":9,"key":"Toy Ornithopter"}],"event_choices":[{"damage_healed":0,"gold_gain":0,"player_choice":"Bought 1 Potion","damage_taken":0,"max_hp_gain":0,"max_hp_loss":0,"event_name":"The Woman in Blue","floor":2,"gold_loss":0},{"damage_healed":0,"gold_gain":0,"player_choice":"Entered Light","damage_taken":23,"max_hp_gain":0,"max_hp_loss":0,"event_name":"Shining Light","floor":5,"gold_loss":0,"cards_upgraded":["Reaper","Strike_R"]},{"damage_healed":0,"gold_gain":0,"player_choice":"Ignored","damage_taken":0,"max_hp_gain":0,"max_hp_loss":0,"event_name":"Liars Game","floor":14,"gold_loss":0}],"is_beta":false,"boss_relics":[],"items_purged_floors":[4],"is_endless":false,"potions_floor_spawned":[1,3,7],"killed_by":"Hexaghost","ascension_level":20}}