{"host":"nlbm7eld1wcqj9ez","time":1609254696,"event":{"mods":["AchievementEnabler","BaseMod","Colored Map","Colored Powertips","DeckTracker","Minty Spire (QoL Compilation)","StSLib"],"gold_per_floor":[110,185,198,213,233,258,279,279,302,302,302,321,321,337,337,441,441,466,577,589,620,632,644,682,705,741,297,297,297],"floor_reached":28,"playtime":1344,"items_purged":["Strike_R"],"score":238,"play_id":"299e67e6-24a4-4582-ba3a-8b4eb002a488","local_time":"20201229161136","is_ascension_mode":false,"campfire_choices":[{"data":"Armaments","floor":8,"key":"SMITH"},{"floor":11,"key":"REST"},{"floor":15,"key":"REST"},{"data":"Demon Form","floor":23,"key":"SMITH"}],"circlet_count":0,"master_deck":["Strike_R","Strike_R","Strike_R","Strike_R","Defend_R","Defend_R","Defend_R","Defend_R","Bash","Impervious","Armaments+1","Inflame+1","Headbutt","Flex","Sword Boomerang","Inflame","Power Through","Sword Boomerang","Demon Form+1","CurseOfTheBell","Pommel Strike","Fire Breathing+1","Twin Strike","Metallicize"],"relics":["Burning Blood","Toy Ornithopter","Odd Mushroom","Anchor","Calling Bell","MawBank","Pantograph","Magic Flower","Vajra","Gremlin Horn","Strawberry","Mercury Hourglass"],"acts_visited":["Exordium","TheCity"],"potions_floor_usage":[6,18],"damage_taken":[{"damage":8,"enemies":"Small Slimes","floor":1,"turns":5},{"damage":2,"enemies":"2 Louse","floor":3,"turns":4},{"damage":9,"enemies":"Cultist","floor":4,"turns":4},{"damage":5,"enemies":"Looter","floor":5,"turns":4},{"damage":45,"enemies":"3 Sentries","floor":6,"turns":13},{"damage":32,"enemies":"The Mushroom Lair","floor":7,"turns":6},{"damage":4,"enemies":"Gremlin Gang","floor":12,"turns":4},{"damage":11,"enemies":"Lots of Slimes","floor":14,"turns":5},{"damage":33,"enemies":"Slime Boss","floor":16,"turns":9},{"damage":45,"enemies":"3 Byrds","floor":18,"turns":8},{"damage":16,"enemies":"Chosen","floor":21,"turns":6},{"damage":50,"enemies":"Book of Stabbing","floor":24,"turns":8},{"damage":20,"enemies":"Centurion and Healer","floor":25,"turns":8},{"damage":27,"enemies":"Slavers","floor":28,"turns":3}],"seed_played":"-4898240659410909272","potions_obtained":[{"floor":3,"key":"BloodPotion"},{"floor":4,"key":"Explosive Potion"},{"floor":5,"key":"ElixirPotion"},{"floor":7,"key":"BloodPotion"},{"floor":21,"key":"ElixirPotion"}],"is_trial":false,"path_per_floor":["M","?","M","M","M","E","?","R","T","?","R","M","?","M","R","B",null,"M","?","$","M","?","R","E","M","T","$","E"],"character_chosen":"IRONCLAD","items_purchased":["Twin Strike","Metallicize","Mercury Hourglass"],"campfire_rested":2,"item_purchase_floors":[27,27,27],"current_hp_per_floor":[78,67,71,68,69,46,20,20,20,20,44,46,46,41,65,38,80,76,76,76,69,69,69,28,17,24,24,0,0],"gold":297,"neow_bonus":"ONE_RANDOM_RARE_CARD","is_daily":false,"chose_seed":false,"campfire_upgraded":2,"win_rate":0.0,"timestamp":1609254696,"path_taken":["M","?","M","M","M","E","?","R","T","?","R","M","?","M","R","BOSS","M","?","$","M","?","R","E","M","T","$","E"],"items_purchased_type":["Card","Card","Relic"],"build_version":"2020-12-22","purchased_purges":1,"victory":false,"max_hp_per_floor":[80,80,80,80,80,80,80,80,80,80,80,80,80,80,80,80,80,80,80,80,80,80,80,80,80,87,87,87,87],"card_choices":[{"not_picked":["Perfected Strike","Clothesline"],"picked":"Armaments","floor":1},{"not_picked":["Fiend Fire","Heavy Blade"],"picked":"Inflame","floor":3},{"not_picked":["Feel No Pain","Dual Wield"],"picked":"Headbutt","floor":4},{"not_picked":["Fire Breathing","Evolve","Warcry"],"picked":"SKIP","floor":5},{"not_picked":["Armaments","Battle Trance"],"picked":"Flex","floor":6},{"not_picked":["Flex","Anger"],"picked":"Sword Boomerang","floor":7},{"not_picked":["Sword Boomerang","Anger"],"picked":"Inflame","floor":12},{"not_picked":["Sever Soul","Perfected Strike"],"picked":"Sword Boomerang","floor":14},{"not_picked":["Immolate","Juggernaut"],"picked":"Demon Form","floor":16},{"not_picked":["Clash+1","Intimidate"],"picked":"Pommel Strike","floor":18},{"not_picked":["Uppercut","Iron Wave+1","Body Slam"],"picked":"SKIP","floor":21},{"not_picked":["Headbutt+1","Shrug It Off"],"picked":"Fire Breathing+1","floor":24},{"not_picked":["Inflame","Dual Wield","Clash"],"picked":"SKIP","floor":25}],"player_experience":27900,"relics_obtained":[{"floor":6,"key":"Toy Ornithopter"},{"floor":7,"key":"Odd Mushroom"},{"floor":9,"key":"Anchor"},{"floor":17,"key":"MawBank"},{"floor":17,"key":"Pantograph"},{"floor":17,"key":"Magic Flower"},{"floor":24,"key":"Gremlin Horn"},{"floor":26,"key":"Strawberry"}],"event_choices":[{"damage_healed":0,"gold_gain":75,"player_choice":"Gather Gold","damage_taken":11,"max_hp_gain":0,"max_hp_loss":0,"event_name":"World of Goop","floor":2,"gold_loss":0},{"damage_healed":0,"gold_gain":0,"player_choice":"Fought Mushrooms","damage_taken":0,"max_hp_gain":0,"max_hp_loss":0,"event_name":"Mushrooms","floor":7,"gold_loss":0},{"damage_healed":0,"gold_gain":0,"player_choice":"Grow","damage_taken":0,"max_hp_gain":0,"max_hp_loss":0,"event_name":"Living Wall","floor":10,"gold_loss":0,"cards_upgraded":["Inflame"]},{"damage_healed":0,"gold_gain":0,"player_choice":"1 cards matched","damage_taken":0,"max_hp_gain":0,"max_hp_loss":0,"event_name":"Match and Keep!","floor":13,"gold_loss":0,"cards_obtained":["Power Through"]},{"damage_healed":0,"gold_gain":99,"player_choice":"Stole From Cult","damage_taken":0,"max_hp_gain":0,"max_hp_loss":0,"event_name":"Nest","floor":19,"gold_loss":0},{"damage_healed":0,"gold_gain":0,"player_choice":"Gave Potion","damage_taken":0,"relics_obtained":["Vajra"],"max_hp_gain":0,"max_hp_loss":0,"event_name":"WeMeetAgain","floor":22,"gold_loss":0}],"is_beta":false,"boss_relics":[{"not_picked":["Fusion Hammer","Runic Pyramid"],"picked":"Calling Bell"}],"items_purged_floors":[27],"is_endless":false,"potions_floor_spawned":[3,4,5,7,16,21],"killed_by":"Slavers","ascension_level":0}}