{"host":"poshtwjux72eqzmy","time":1609258326,"event":{"mods":["BaseMod","Bestiary","Block Reminder","Colored Powertips","Highlight Path","Minty Spire (QoL Compilation)","Relic Stats","ojb\u0027s Info Mod"],"gold_per_floor":[217,217,2,2,14,49,60,89,89,99,19,19,47,14,14,14,14],"floor_reached":16,"playtime":1311,"items_purged":[],"score":290,"play_id":"4fa2d444-9c7e-4b84-b43a-dfc93700ad1f","local_time":"20201229181206","is_ascension_mode":true,"campfire_choices":[{"floor":15.0,"key":"REST"}],"circlet_count":0,"master_deck":["AscendersBane","Strike_G","Strike_G","Strike_G","Strike_G","Strike_G","Defend_G","Defend_G","Defend_G","Defend_G","Defend_G","Survivor","Neutralize+1","Heel Hook","Corpse Explosion","Crippling Poison","Sucker Punch","Calculated Gamble","Footwork","Cloak And Dagger+1","Blade Dance","Crippling Poison"],"relics":["Ring of the Snake","Smiling Mask","Kunai","PreservedInsect","Frozen Egg 2"],"acts_visited":["Exordium"],"potions_floor_usage":[],"damage_taken":[{"damage":0.0,"enemies":"2 Louse","floor":1.0,"turns":5.0},{"damage":9.0,"enemies":"Jaw Worm","floor":5.0,"turns":4.0},{"damage":31.0,"enemies":"3 Sentries","floor":6.0,"turns":5.0},{"damage":0.0,"enemies":"Cultist","floor":7.0,"turns":3.0},{"damage":19.0,"enemies":"Gremlin Nob","floor":8.0,"turns":4.0},{"damage":3.0,"enemies":"Large Slime","floor":10.0,"turns":6.0},{"damage":0.0,"enemies":"3 Sentries","floor":13.0,"turns":9.0},{"damage":1.0,"enemies":"Exordium Thugs","floor":14.0,"turns":5.0},{"damage":23,"enemies":"Slime Boss","floor":16,"turns":7}],"seed_played":"1825059218310517072","potions_obtained":[{"floor":1.0,"key":"LiquidBronze"},{"floor":6.0,"key":"Strength Potion"},{"floor":10.0,"key":"Strength Potion"},{"floor":13.0,"key":"SkillPotion"}],"is_trial":false,"path_per_floor":["M","?","$","?","M","E","M","E","T","M","$","?","E","M","R","B"],"character_chosen":"THE_SILENT","items_purchased":["Corpse Explosion","Explosive Potion","DuplicationPotion"],"campfire_rested":1,"item_purchase_floors":[3,3,11],"current_hp_per_floor":[59,59,59,64,55,24,24,5,5,2,2,2,2,1,22,0,0],"gold":14,"neow_bonus":"HUNDRED_GOLD","is_daily":false,"chose_seed":false,"campfire_upgraded":0,"win_rate":0.0,"timestamp":1609258326,"path_taken":["M","?","$","?","M","E","M","E","T","M","?","?","E","?","R","BOSS"],"items_purchased_type":["Card","Potion","Potion"],"build_version":"2020-12-22","purchased_purges":0,"victory":false,"max_hp_per_floor":[66,66,66,71,71,71,71,71,71,71,71,71,71,71,71,71,71],"relic_stats":{"counters":[9,48],"PreservedInsect":36,"Kunai":[12],"Smiling Mask":0,"obtain_stats":[{"PreservedInsect":9,"Kunai":8,"Frozen Egg 2":13,"Smiling Mask":6,"Ring of the Snake":0},{"PreservedInsect":5,"Kunai":5,"Frozen Egg 2":7,"Smiling Mask":3,"Ring of the Snake":0},{"PreservedInsect":21,"Kunai":21,"Frozen Egg 2":36,"Smiling Mask":14,"Ring of the Snake":0}],"Ring of the Snake":[18]},"card_choices":[{"not_picked":["Escape Plan","Outmaneuver"],"picked":"Heel Hook","floor":1.0},{"not_picked":["Footwork","Blade Dance"],"picked":"Crippling Poison","floor":5.0},{"not_picked":["Escape Plan","Distraction"],"picked":"Sucker Punch","floor":6.0},{"not_picked":["Bane","Infinite Blades"],"picked":"Calculated Gamble","floor":7.0},{"not_picked":["Dagger Throw","Cloak And Dagger"],"picked":"Footwork","floor":8.0},{"not_picked":["Accuracy","Escape Plan"],"picked":"Cloak And Dagger","floor":10.0},{"not_picked":["Predator","Slice"],"picked":"Blade Dance","floor":13.0},{"not_picked":["Dagger Throw","Skewer"],"picked":"Crippling Poison","floor":14.0}],"player_experience":995983,"relics_obtained":[{"floor":6.0,"key":"Smiling Mask"},{"floor":8.0,"key":"Kunai"},{"floor":9.0,"key":"PreservedInsect"},{"floor":13.0,"key":"Frozen Egg 2"}],"event_choices":[{"damage_healed":0.0,"max_hp_gain":0.0,"max_hp_loss":0.0,"gold_gain":0.0,"event_name":"Living Wall","player_choice":"Grow","floor":2.0,"gold_loss":0.0,"damage_taken":0.0,"cards_upgraded":["Neutralize"]},{"damage_healed":0.0,"max_hp_gain":5.0,"max_hp_loss":0.0,"gold_gain":0.0,"event_name":"Big Fish","player_choice":"Donut","floor":4.0,"gold_loss":0.0,"damage_taken":0.0},{"damage_healed":0.0,"max_hp_gain":0.0,"max_hp_loss":0.0,"gold_gain":0.0,"event_name":"Accursed Blacksmith","player_choice":"Forge","floor":12.0,"gold_loss":0.0,"damage_taken":0.0,"cards_upgraded":["Cloak And Dagger"]}],"is_beta":false,"boss_relics":[],"items_purged_floors":[],"is_endless":false,"potions_floor_spawned":[1,6,10,13],"killed_by":"Slime Boss","ascension_level":20}}