{"host":"x6tlfgqpy55vgxdn","time":1609220056,"event":{"mods":["AchievementEnabler","BaseMod","DeckTracker","Minty Spire (QoL Compilation)","Permanent Neow","StSLib","SuperFastMode"],"gold_per_floor":[116,135,135,85,85,117,117,152,152,152,171,171,190,216,216,311,311,324,324,338,357,357,357,386,386,386,386,46,57,57,77,77,176,176,193,193,193,206,126,126,8,22,69,69,103,121,146,146,146,146,146,146,29,56,56],"floor_reached":56,"playtime":2022,"items_purged":["Strike_B","Defend_B","Defend_B"],"score":1874,"play_id":"fc96ac0f-2fd2-4487-8960-b0e11f69f7fa","local_time":"20201229143416","is_ascension_mode":true,"campfire_choices":[{"floor":7.0,"key":"REST"},{"floor":10.0,"key":"REST"},{"data":"Electrodynamics","floor":12.0,"key":"SMITH"},{"data":"Genetic Algorithm","floor":15.0,"key":"SMITH"},{"floor":23.0,"key":"DIG"},{"floor":25.0,"key":"DIG"},{"floor":32.0,"key":"DIG"},{"floor":40.0,"key":"DIG"},{"floor":44.0,"key":"DIG"},{"floor":49.0,"key":"RECALL"},{"floor":52.0,"key":"DIG"}],"circlet_count":0,"master_deck":["AscendersBane","Strike_B+1","Defend_B","Zap","Dualcast+1","Apotheosis+1","Genetic Algorithm+1","Electrodynamics+1","Core Surge","Seek","CurseOfTheBell","Capacitor","Consume+1","Self Repair+1","Force Field+1","Creative AI","Panacea","Turbo+1","Hologram+1","Biased Cognition","Hologram+1","Finesse+1","Loop+1"],"relics":["Cracked Core","Emotion Chip","StrikeDummy","Gremlin Horn","Pen Nib","Calling Bell","Anchor","The Courier","Shovel","Nilry\u0027s Codex","Juzu Bracelet","Bottled Tornado","DataDisk","Bag of Marbles","Runic Capacitor","Toy Ornithopter","Centennial Puzzle","Inserter","Lantern","Toxic Egg 2","Vajra","War Paint","Sundial","Symbiotic Virus","Eternal Feather","Oddly Smooth Stone"],"acts_visited":["Exordium","TheCity","TheBeyond","TheEnding"],"potions_floor_usage":[54,55,55],"damage_taken":[{"damage":12.0,"enemies":"Jaw Worm","floor":1.0,"turns":3.0},{"damage":0.0,"enemies":"2 Louse","floor":2.0,"turns":2.0},{"damage":5.0,"enemies":"3 Sentries","floor":6.0,"turns":6.0},{"damage":30.0,"enemies":"Gremlin Nob","floor":8.0,"turns":5.0},{"damage":0.0,"enemies":"Small Slimes","floor":11.0,"turns":3.0},{"damage":0.0,"enemies":"Gremlin Gang","floor":13.0,"turns":1.0},{"damage":7.0,"enemies":"Lagavulin","floor":14.0,"turns":6.0},{"damage":0.0,"enemies":"Slime Boss","floor":16.0,"turns":7.0},{"damage":4.0,"enemies":"Shell Parasite","floor":18.0,"turns":4.0},{"damage":0.0,"enemies":"3 Byrds","floor":20.0,"turns":2.0},{"damage":21.0,"enemies":"Sentry and Sphere","floor":21.0,"turns":3.0},{"damage":0.0,"enemies":"Slavers","floor":24.0,"turns":3.0},{"damage":19.0,"enemies":"Snake Plant","floor":29.0,"turns":3.0},{"damage":11.0,"enemies":"Snecko","floor":31.0,"turns":7.0},{"damage":33.0,"enemies":"Collector","floor":33.0,"turns":7.0},{"damage":1.0,"enemies":"Orb Walker","floor":35.0,"turns":4.0},{"damage":14.0,"enemies":"3 Darklings","floor":38.0,"turns":3.0},{"damage":12.0,"enemies":"Jaw Worm Horde","floor":42.0,"turns":2.0},{"damage":18.0,"enemies":"Reptomancer","floor":45.0,"turns":5.0},{"damage":12.0,"enemies":"4 Shapes","floor":46.0,"turns":2.0},{"damage":3.0,"enemies":"Giant Head","floor":47.0,"turns":7.0},{"damage":37.0,"enemies":"Donu and Deca","floor":50.0,"turns":5.0},{"damage":23,"enemies":"Shield and Spear","floor":54,"turns":3},{"damage":51,"enemies":"The Heart","floor":55,"turns":9}],"seed_played":"7619944408294874722","potions_obtained":[{"floor":2.0,"key":"AttackPotion"},{"floor":11.0,"key":"PowerPotion"},{"floor":13.0,"key":"Dexterity Potion"},{"floor":18.0,"key":"DistilledChaos"},{"floor":20.0,"key":"DuplicationPotion"},{"floor":31.0,"key":"SpeedPotion"},{"floor":33.0,"key":"Regen Potion"},{"floor":38.0,"key":"ColorlessPotion"},{"floor":46.0,"key":"SpeedPotion"}],"is_trial":false,"path_per_floor":["M","M","?","?","?","E","R","E","T","R","M","R","M","E","R","B",null,"M","?","M","M","?","R","E","R","T","?","$","M","?","M","R","B",null,"M","?","?","M","$","R","$","M","T","R","E","M","E","?","R","B",null,"R","$","E","B",null],"character_chosen":"DEFECT","items_purchased":["Runic Capacitor","Toy Ornithopter","Dexterity Potion","Turbo+1","ColorlessPotion","Finesse+1"],"campfire_rested":2,"item_purchase_floors":[28,28,28,41,53,53],"current_hp_per_floor":[38,38,31,31,16,11,33,3,3,25,25,25,25,18,18,18,61,57,41,41,20,20,20,20,20,20,45,45,36,36,35,35,12,59,68,68,68,64,64,64,64,67,67,67,59,57,64,64,64,27,63,63,63,55,24],"gold":56,"neow_bonus":"RANDOM_COLORLESS_2","is_daily":false,"chose_seed":false,"campfire_upgraded":2,"win_rate":0.0,"timestamp":1609220056,"path_taken":["M","M","?","?","?","E","R","E","T","R","M","R","M","E","R","BOSS","M","?","M","M","?","R","E","R","T","?","$","M","?","M","R","BOSS","M","?","?","M","$","R","$","M","T","R","E","M","E","?","R","BOSS","R","$","E","BOSS"],"items_purchased_type":["Relic","Relic","Potion","Card","Potion","Card"],"build_version":"2020-12-22","purchased_purges":3,"victory":true,"max_hp_per_floor":[75,75,75,75,75,75,75,75,75,75,75,75,75,75,75,75,75,75,75,75,75,75,75,75,75,75,75,75,75,75,75,75,75,75,75,75,75,75,75,75,75,75,75,75,75,75,75,75,75,75,75,75,75,75,75],"card_choices":[{"not_picked":["Transmutation","Panache"],"picked":"Apotheosis","floor":0.0},{"not_picked":["Storm","Coolheaded","Lockon"],"picked":"SKIP","floor":1.0},{"not_picked":["Hologram","Sweeping Beam"],"picked":"Genetic Algorithm","floor":2.0},{"not_picked":["Static Discharge","Blizzard","Stack"],"picked":"SKIP","floor":6.0},{"not_picked":["Sweeping Beam","Blizzard"],"picked":"Electrodynamics","floor":8.0},{"not_picked":["Scrape","Undo","Leap"],"picked":"SKIP","floor":11.0},{"not_picked":["Streamline","Rebound","Static Discharge"],"picked":"SKIP","floor":13.0},{"not_picked":["Go for the Eyes","Gash"],"picked":"Core Surge","floor":14.0},{"not_picked":["Reboot","Rainbow"],"picked":"Seek","floor":16.0},{"not_picked":["Fusion","Conserve Battery"],"picked":"Capacitor","floor":18.0},{"not_picked":["Hologram","Compile Driver+1"],"picked":"Consume","floor":20.0},{"not_picked":["Storm","Ball Lightning","Conserve Battery"],"picked":"SKIP","floor":21.0},{"not_picked":["Aggregate","Double Energy+1"],"picked":"Self Repair+1","floor":24.0},{"not_picked":["Turbo","Steam","Rebound"],"picked":"SKIP","floor":29.0},{"not_picked":["Compile Driver","Streamline"],"picked":"Force Field+1","floor":31.0},{"not_picked":["Multi-Cast","Amplify"],"picked":"Creative AI","floor":33.0},{"not_picked":["Coolheaded","Compile Driver+1","Rip and Tear+1"],"picked":"SKIP","floor":35.0},{"not_picked":["Leap","Gash+1","Darkness+1"],"picked":"SKIP","floor":38.0},{"not_picked":["Doom and Gloom+1","Heatsinks+1"],"picked":"Hologram+1","floor":42.0},{"not_picked":["Cold Snap","Sweeping Beam+1"],"picked":"Biased Cognition","floor":45.0},{"not_picked":["Sweeping Beam+1","Rebound+1"],"picked":"Hologram+1","floor":46.0},{"not_picked":["Redo+1","Stack+1","Leap+1"],"picked":"SKIP","floor":47.0},{"not_picked":["Self Repair+1","Sunder"],"picked":"Loop+1","floor":54}],"player_experience":215774,"relics_obtained":[{"floor":6.0,"key":"Emotion Chip"},{"floor":8.0,"key":"StrikeDummy"},{"floor":9.0,"key":"Gremlin Horn"},{"floor":14.0,"key":"Pen Nib"},{"floor":17.0,"key":"Anchor"},{"floor":17.0,"key":"The Courier"},{"floor":17.0,"key":"Shovel"},{"floor":19.0,"key":"Nilry\u0027s Codex"},{"floor":23.0,"key":"Bottled Tornado"},{"floor":24.0,"key":"DataDisk"},{"floor":25.0,"key":"Bag of Marbles"},{"floor":32.0,"key":"Centennial Puzzle"},{"floor":40.0,"key":"Toxic Egg 2"},{"floor":43.0,"key":"Vajra"},{"floor":44.0,"key":"War Paint"},{"floor":45.0,"key":"Sundial"},{"floor":47.0,"key":"Symbiotic Virus"},{"floor":52.0,"key":"Eternal Feather"},{"floor":54,"key":"Oddly Smooth Stone"}],"event_choices":[{"cards_removed":["Defend_B"],"damage_healed":0.0,"max_hp_gain":0.0,"max_hp_loss":0.0,"gold_gain":0.0,"event_name":"Golden Wing","player_choice":"Card Removal","floor":3.0,"gold_loss":0.0,"damage_taken":7.0},{"cards_removed":["Strike_B"],"damage_healed":0.0,"max_hp_gain":0.0,"max_hp_loss":0.0,"gold_gain":0.0,"event_name":"The Cleric","player_choice":"Card Removal","floor":4.0,"gold_loss":50.0,"damage_taken":0.0},{"damage_healed":0.0,"max_hp_gain":0.0,"max_hp_loss":0.0,"gold_gain":0.0,"event_name":"Shining Light","player_choice":"Entered Light","floor":5.0,"gold_loss":0.0,"damage_taken":15.0,"cards_upgraded":["Apotheosis","Strike_B"]},{"damage_healed":0.0,"max_hp_gain":0.0,"max_hp_loss":0.0,"gold_gain":0.0,"event_name":"Cursed Tome","player_choice":"Obtained Book","floor":19.0,"gold_loss":0.0,"damage_taken":16.0},{"damage_healed":0.0,"max_hp_gain":0.0,"max_hp_loss":0.0,"gold_gain":0.0,"event_name":"The Mausoleum","player_choice":"Opened","floor":22.0,"gold_loss":0.0,"damage_taken":0.0,"relics_obtained":["Juzu Bracelet"]},{"damage_healed":25.0,"max_hp_gain":0.0,"max_hp_loss":0.0,"gold_gain":0.0,"event_name":"The Library","player_choice":"Heal","floor":27.0,"gold_loss":0.0,"damage_taken":0.0},{"cards_removed":["Strike_B"],"damage_healed":0.0,"max_hp_gain":0.0,"max_hp_loss":0.0,"gold_gain":0.0,"event_name":"Back to Basics","player_choice":"Elegance","floor":30.0,"gold_loss":0.0,"damage_taken":0.0},{"damage_healed":0.0,"max_hp_gain":0.0,"max_hp_loss":0.0,"gold_gain":0.0,"event_name":"WeMeetAgain","player_choice":"Gave Potion","floor":36.0,"gold_loss":0.0,"damage_taken":0.0,"relics_obtained":["Lantern"]},{"damage_healed":0.0,"max_hp_gain":0.0,"max_hp_loss":0.0,"gold_gain":0.0,"event_name":"Match and Keep!","player_choice":"1 cards matched","floor":37.0,"gold_loss":0.0,"damage_taken":0.0,"cards_obtained":["Panacea"]},{"damage_healed":0.0,"max_hp_gain":0.0,"max_hp_loss":0.0,"gold_gain":0.0,"event_name":"SecretPortal","player_choice":"Ignored","floor":48.0,"gold_loss":0.0,"damage_taken":0.0}],"is_beta":false,"boss_relics":[{"not_picked":["Velvet Choker","Busted Crown"],"picked":"Calling Bell"},{"not_picked":["Philosopher\u0027s Stone","FrozenCore"],"picked":"Inserter"}],"items_purged_floors":[28,39,41],"is_endless":false,"potions_floor_spawned":[2,11,13,18,20,31,33,38,46],"ascension_level":10}}