{"host":"15dd7v8o90xso62x","time":1609223180,"event":{"mods":["BaseMod","Minty Spire (QoL Compilation)","Quick Restart","StSLib","SuperFastMode"],"gold_per_floor":[110,110,185,198,198,225,225,252,275,275,275,294,307,320,320,395,395,405,405,417,219,233,233,233],"floor_reached":23,"playtime":711,"items_purged":["Strike_R"],"score":452,"play_id":"6e1f1700-34ee-435c-b42d-ab2f23bcbcbd","local_time":"20201229152620","is_ascension_mode":true,"campfire_choices":[{"data":"Bash","floor":7.0,"key":"SMITH"},{"data":"Dropkick","floor":10.0,"key":"SMITH"},{"data":"Carnage","floor":15.0,"key":"SMITH"}],"circlet_count":0,"master_deck":["AscendersBane","Strike_R","Strike_R","Strike_R","Defend_R","Defend_R","Defend_R","Bash+1","Dropkick+1","Impervious","Shrug It Off","True Grit","Flame Barrier","Carnage+1","Seeing Red","Burning Pact","Feel No Pain","Bloodletting"],"relics":["Burning Blood","NeowsBlessing","Juzu Bracelet","Shuriken","Omamori","MutagenicStrength"],"acts_visited":["Exordium","TheCity"],"potions_floor_usage":[22],"damage_taken":[{"damage":0.0,"enemies":"Jaw Worm","floor":1.0,"turns":1.0},{"damage":0.0,"enemies":"2 Louse","floor":4.0,"turns":1.0},{"damage":0.0,"enemies":"3 Sentries","floor":6.0,"turns":2.0},{"damage":35.0,"enemies":"Gremlin Nob","floor":8.0,"turns":5.0},{"damage":7.0,"enemies":"Small Slimes","floor":12.0,"turns":3.0},{"damage":5.0,"enemies":"Blue Slaver","floor":13.0,"turns":3.0},{"damage":9.0,"enemies":"2 Fungi Beasts","floor":14.0,"turns":4.0},{"damage":31.0,"enemies":"The Guardian","floor":16.0,"turns":17.0},{"damage":11.0,"enemies":"Chosen","floor":18.0,"turns":4.0},{"damage":7.0,"enemies":"3 Byrds","floor":20.0,"turns":5.0},{"damage":14,"enemies":"Centurion and Healer","floor":22,"turns":5},{"damage":84,"enemies":"Book of Stabbing","floor":23,"turns":7}],"seed_played":"5056916492334071499","potions_obtained":[{"floor":1.0,"key":"FairyPotion"},{"floor":12.0,"key":"LiquidMemories"},{"floor":18.0,"key":"SkillPotion"},{"floor":22,"key":"FairyPotion"}],"is_trial":false,"path_per_floor":["M","?","?","M","?","E","R","E","T","R","?","M","M","M","R","B",null,"M","?","M","$","M","E"],"character_chosen":"IRONCLAD","items_purchased":["Burning Pact","Feel No Pain"],"campfire_rested":0,"item_purchase_floors":[21,21],"current_hp_per_floor":[74,67,56,62,62,68,68,39,39,39,39,38,39,36,36,11,59,54,54,53,53,45,11,11],"gold":233,"neow_bonus":"THREE_ENEMY_KILL","is_daily":false,"chose_seed":false,"campfire_upgraded":3,"win_rate":0.0,"timestamp":1609223180,"path_taken":["M","?","?","M","?","E","R","E","T","R","?","M","M","M","R","BOSS","M","?","M","$","M","E"],"items_purchased_type":["Card","Card"],"build_version":"2020-12-22","purchased_purges":1,"victory":false,"max_hp_per_floor":[75,75,75,75,75,75,75,75,75,75,75,75,75,75,75,75,75,75,75,75,75,75,75,75],"card_choices":[{"not_picked":["Shrug It Off","Intimidate"],"picked":"Dropkick","floor":1.0},{"not_picked":["Intimidate","Heavy Blade","Iron Wave"],"picked":"SKIP","floor":4.0},{"not_picked":["Heavy Blade","Headbutt"],"picked":"Shrug It Off","floor":6.0},{"not_picked":["Reckless Charge","Shrug It Off","Bloodletting"],"picked":"SKIP","floor":8.0},{"not_picked":["Ghostly Armor","Metallicize"],"picked":"True Grit","floor":12.0},{"not_picked":["Perfected Strike","Sword Boomerang"],"picked":"Flame Barrier","floor":13.0},{"not_picked":["Battle Trance","Bloodletting"],"picked":"Carnage","floor":14.0},{"not_picked":["Anger","Wild Strike"],"picked":"Seeing Red","floor":18.0},{"not_picked":["Searing Blow","Whirlwind","Cleave"],"picked":"SKIP","floor":20.0},{"not_picked":["Wild Strike","Clothesline"],"picked":"Bloodletting","floor":22}],"player_experience":961136,"relics_obtained":[{"floor":6.0,"key":"Juzu Bracelet"},{"floor":8.0,"key":"Shuriken"},{"floor":9.0,"key":"Omamori"}],"event_choices":[{"cards_removed":["Strike_R"],"damage_healed":0.0,"max_hp_gain":0.0,"max_hp_loss":0.0,"gold_gain":0.0,"event_name":"Golden Wing","player_choice":"Card Removal","floor":2.0,"gold_loss":0.0,"damage_taken":7.0},{"damage_healed":0.0,"max_hp_gain":0.0,"max_hp_loss":0.0,"gold_gain":75.0,"event_name":"World of Goop","player_choice":"Gather Gold","floor":3.0,"gold_loss":0.0,"damage_taken":11.0},{"damage_healed":0.0,"max_hp_gain":0.0,"max_hp_loss":0.0,"gold_gain":0.0,"cards_transformed":["Defend_R"],"event_name":"Living Wall","player_choice":"Change","floor":5.0,"gold_loss":0.0,"damage_taken":0.0,"cards_obtained":["Impervious"]},{"damage_healed":0.0,"max_hp_gain":0.0,"max_hp_loss":0.0,"gold_gain":0.0,"event_name":"Shining Light","player_choice":"Ignored","floor":11.0,"gold_loss":0.0,"damage_taken":0.0},{"damage_healed":0.0,"max_hp_gain":0.0,"max_hp_loss":0.0,"gold_gain":0.0,"event_name":"Drug Dealer","player_choice":"Inject Mutagens","floor":19.0,"gold_loss":0.0,"damage_taken":0.0,"relics_obtained":["MutagenicStrength"]}],"is_beta":false,"boss_relics":[{"not_picked":["Snecko Eye","Fusion Hammer","Runic Dome"]}],"items_purged_floors":[21],"is_endless":false,"potions_floor_spawned":[1,12,13,18,22],"killed_by":"Book of Stabbing","ascension_level":20}}