{"host":"cbnfbo28eyz4xcn1","time":1609266812,"event":{"mods":["BaseMod","Colored Map","Colored Powertips","Infinite Spire","Minty Spire (QoL Compilation)","Replay The Spire","StSLib"],"gold_per_floor":[109,184,184,184,194,194,204,216,216,230,230,230,8,22,22,145,145,168,23,36,36,36,36,36],"floor_reached":23,"playtime":1048,"items_purged":[],"score":347,"play_id":"d101be69-4cf0-4470-9e15-cb2d70322748","local_time":"20201229193332","is_ascension_mode":true,"campfire_choices":[{"floor":6.0,"key":"REST"},{"floor":15.0,"key":"REST"}],"circlet_count":0,"master_deck":["AscendersBane","Strike_G","Strike_G","Strike_G","Strike_G+1","Strike_G","Defend_G","Defend_G","Defend_G+1","Defend_G","Defend_G","Survivor","Neutralize","ReplayTheSpireMod:Speed Training","ReplayTheSpireMod:Speed Training","Deadly Poison","Deflect","Noxious Fumes","Injury","Footwork+1","Poisoned Stab","Deflect","Poisoned Stab","Bane","Blade Dance","Phantasmal Killer","Outmaneuver","Footwork","Poisoned Stab","Deadly Poison","Acrobatics","Dagger Spray+1","infinitespire:Starlight"],"relics":["Ring of the Snake","infinitespire:PuzzleCube","The Courier","Golden Idol","Membership Card","Philosopher\u0027s Stone","Anchor"],"acts_visited":["Exordium","TheCity"],"potions_floor_usage":[16,20],"damage_taken":[{"damage":2.0,"enemies":"Cultist","floor":1.0,"turns":5.0},{"damage":0.0,"enemies":"2 Louse","floor":5.0,"turns":4.0},{"damage":6.0,"enemies":"Small Slimes","floor":7.0,"turns":4.0},{"damage":2.0,"enemies":"2 Fungi Beasts","floor":8.0,"turns":4.0},{"damage":5.0,"enemies":"Looter","floor":10.0,"turns":4.0},{"damage":5.0,"enemies":"Exordium Thugs","floor":14.0,"turns":4.0},{"damage":0,"enemies":"Fading Forest","floor":16,"turns":11},{"damage":21,"enemies":"Spheric Guardian","floor":18,"turns":6},{"damage":24,"enemies":"2 Thieves","floor":20,"turns":4},{"damage":42,"enemies":"Book of Stabbing","floor":23,"turns":3}],"seed_played":"-7484215911350141800","potions_obtained":[{"floor":5.0,"key":"SkillPotion"},{"floor":7.0,"key":"ColorlessPotion"},{"floor":8.0,"key":"Fruit Juice"},{"floor":14.0,"key":"Weak Potion"}],"is_trial":false,"path_per_floor":["M","?","?","?","M","R","M","M","T","M","?","?","$","M","R","B",null,"M","$","M","?","AVR","E"],"character_chosen":"THE_SILENT","items_purchased":["Membership Card","Footwork+1","Poisoned Stab","Deflect","Poisoned Stab","Bane","Footwork","Poisoned Stab","Anchor","Deadly Poison","Acrobatics"],"campfire_rested":2,"item_purchase_floors":[13,13,13,13,13,13,19,19,19,19,19],"current_hp_per_floor":[68,57,42,42,42,65,59,57,57,52,40,40,40,40,64,72,80,59,59,35,35,35,0,0],"gold":36,"neow_bonus":"TEN_PERCENT_HP_BONUS","is_daily":false,"chose_seed":false,"campfire_upgraded":0,"win_rate":0.0,"timestamp":1609266812,"path_taken":["M","?","?","?","M","R","M","M","T","M","?","?","$","M","R","BOSS","M","$","M","?","AVR","E"],"items_purchased_type":["Relic","Card","Card","Card","Card","Card","Card","Card","Relic","Card","Card"],"build_version":"2020-12-22","purchased_purges":0,"victory":false,"max_hp_per_floor":[77,77,77,77,77,77,77,77,77,77,77,77,77,82,82,82,82,82,82,82,82,82,82,82],"card_choices":[{"not_picked":["ReplayTheSpireMod:Tripwire","Predator"],"picked":"ReplayTheSpireMod:Speed Training","floor":1.0},{"not_picked":["Sucker Punch","Masterful Stab"],"picked":"ReplayTheSpireMod:Speed Training","floor":5.0},{"not_picked":["Setup","Sucker Punch"],"picked":"Deadly Poison","floor":7.0},{"not_picked":["Quick Slash","Flying Knee"],"picked":"Deflect","floor":8.0},{"not_picked":["ReplayTheSpireMod:Exploit Weakness","Night Terror"],"picked":"Noxious Fumes","floor":10.0},{"not_picked":["ReplayTheSpireMod:Exploit Weakness","Quick Slash"],"picked":"Blade Dance","floor":14.0},{"not_picked":["Tools of the Trade","Envenom"],"picked":"Phantasmal Killer","floor":16},{"not_picked":["Finisher","Flying Knee"],"picked":"Outmaneuver","floor":18},{"not_picked":["Blade Dance","Poisoned Stab"],"picked":"Dagger Spray+1","floor":20}],"player_experience":471361,"relics_obtained":[{"floor":9.0,"key":"infinitespire:PuzzleCube"}],"event_choices":[{"damage_healed":0.0,"max_hp_gain":0.0,"max_hp_loss":0.0,"gold_gain":75.0,"event_name":"World of Goop","player_choice":"Gather Gold","floor":2.0,"gold_loss":0.0,"damage_taken":11.0},{"damage_healed":0.0,"max_hp_gain":0.0,"max_hp_loss":0.0,"gold_gain":0.0,"event_name":"Shining Light","player_choice":"Entered Light","floor":3.0,"gold_loss":0.0,"damage_taken":15.0,"cards_upgraded":["Strike_G","Defend_G"]},{"damage_healed":0.0,"max_hp_gain":0.0,"max_hp_loss":0.0,"gold_gain":0.0,"event_name":"Golden Wing","player_choice":"Ignored","floor":4.0,"gold_loss":0.0,"damage_taken":0.0},{"damage_healed":0.0,"max_hp_gain":0.0,"max_hp_loss":0.0,"gold_gain":0.0,"event_name":"Scrap Ooze","player_choice":"Success","floor":11.0,"gold_loss":0.0,"damage_taken":12.0,"relics_obtained":["The Courier"]},{"damage_healed":0.0,"max_hp_gain":0.0,"max_hp_loss":0.0,"gold_gain":0.0,"event_name":"Golden Idol","player_choice":"Take Wound","floor":12.0,"gold_loss":0.0,"damage_taken":0.0,"relics_obtained":["Golden Idol"],"cards_obtained":["Injury"]}],"is_beta":false,"boss_relics":[{"not_picked":["Runic Dome","Replay:Bronze Core"],"picked":"Philosopher\u0027s Stone"}],"items_purged_floors":[],"is_endless":false,"potions_floor_spawned":[5,7,8,14],"killed_by":"Book of Stabbing","ascension_level":10}}