{"host":"2461dio7vetlq1z3","time":1609247186,"event":{"mods":["2.2 Compatiblity","AchievementEnabler","Aspiration","BaseMod","Better Third Choice","Friendly Minions","Hermit","Marisa????????","Minty Spire (QoL Compilation)","Relic Stats","Spicy Shops","StSLib","Waifu the Spire"],"gold_per_floor":[99,99,99,99,24,24,24,24,24,24,24,24,24,24,24,24,24,24,24,24,24,24,24,24,24,24,24,24,24,24,24,24,24,24,24],"floor_reached":34,"playtime":1474,"items_purged":["hermit:Strike_Hermit"],"score":765,"play_id":"7ea1f9b7-6a2c-4899-ba47-a4ea0d7a7250","local_time":"20201229140626","is_ascension_mode":true,"campfire_choices":[{"data":"hermit:Snapshot","floor":6,"key":"SMITH"},{"data":"hermit:HighCaliber","floor":8,"key":"SMITH"},{"data":"hermit:Combo","floor":12,"key":"SMITH"},{"floor":15,"key":"REST"},{"data":"hermit:TakeAim","floor":23,"key":"SMITH"},{"data":"hermit:Snipe","floor":28,"key":"SMITH"},{"floor":32,"key":"REST"}],"circlet_count":0,"master_deck":["AscendersBane","hermit:Strike_Hermit","hermit:Strike_Hermit","hermit:Strike_Hermit","hermit:Defend_Hermit","hermit:Defend_Hermit","hermit:Defend_Hermit","hermit:Defend_Hermit","hermit:Snapshot+1","hermit:Covet","hermit:HighCaliber+1","hermit:Combo+1","hermit:Grudge+1","hermit:Midnight","hermit:TakeAim+1","hermit:Combo","hermit:Roughhouse+1","hermit:Magnum+1","hermit:Quickdraw+1","hermit:FlashPowder","hermit:ItchyTrigger+1","hermit:WideOpen+1","hermit:Horror","hermit:Snipe+1","hermit:WideOpen+1","hermit:Spite+1","hermit:Gambit"],"relics":["Ectoplasm","Molten Egg 2","Dream Catcher","aspiration:HatOfInfinitePower","Toy Ornithopter","Regal Pillow","Bag of Preparation","Cursed Key","Red Mask","Boot","Eternal Feather","aspiration:Lifesprig","The Courier","Empty Cage"],"acts_visited":["Exordium","TheCity","TheBeyond"],"potions_floor_usage":[19,27,31],"damage_taken":[{"damage":0,"enemies":"Small Slimes","floor":1,"turns":3},{"damage":2,"enemies":"Jaw Worm","floor":2,"turns":3},{"damage":8,"enemies":"Lagavulin","floor":7,"turns":5},{"damage":10,"enemies":"3 Sentries","floor":10,"turns":5},{"damage":25,"enemies":"Lagavulin","floor":13,"turns":6},{"damage":0,"enemies":"Cultist","floor":14,"turns":3},{"damage":20,"enemies":"The Guardian","floor":16,"turns":8},{"damage":6,"enemies":"Spheric Guardian","floor":18,"turns":3},{"damage":0,"enemies":"Masked Bandits","floor":19,"turns":2},{"damage":0,"enemies":"3 Byrds","floor":20,"turns":1},{"damage":26,"enemies":"Centurion and Healer","floor":21,"turns":5},{"damage":0,"enemies":"Snecko","floor":22,"turns":3},{"damage":0,"enemies":"Gremlin Leader","floor":24,"turns":3},{"damage":0,"enemies":"Chosen and Byrds","floor":25,"turns":3},{"damage":11,"enemies":"Book of Stabbing","floor":27,"turns":4},{"damage":43,"enemies":"Gremlin Leader","floor":29,"turns":7},{"damage":1,"enemies":"Centurion and Healer","floor":31,"turns":3},{"damage":39,"enemies":"Collector","floor":33,"turns":5}],"seed_played":"6279003484368288025","potions_obtained":[{"floor":2,"key":"FearPotion"},{"floor":13,"key":"SpeedPotion"},{"floor":14,"key":"DistilledChaos"},{"floor":19,"key":"hermit:Tonic"},{"floor":25,"key":"Block Potion"},{"floor":33,"key":"Strength Potion"}],"is_trial":false,"path_per_floor":["M","M","?","?","$","R","E","R","T","E","T","R","E","M","R","B",null,"M","?","M","M","M","R","E","M","T","E","R","E","?","M","R","B",null],"character_chosen":"HERMIT","items_purchased":[],"campfire_rested":2,"item_purchase_floors":[],"current_hp_per_floor":[68,66,66,59,59,59,51,51,51,41,41,41,16,16,53,33,65,59,64,64,38,38,38,38,38,38,32,47,4,4,8,60,21,62,62],"gold":24,"neow_bonus":"BOSS_RELIC","is_daily":false,"chose_seed":false,"campfire_upgraded":5,"win_rate":0.0,"timestamp":1609247186,"path_taken":["M","M","?","?","$","R","E","R","T","E","?","R","E","M","R","BOSS","M","?","M","M","M","R","E","M","T","E","R","E","?","M","R","BOSS"],"items_purchased_type":[],"build_version":"2020-12-22","purchased_purges":1,"victory":false,"max_hp_per_floor":[75,75,75,75,75,75,75,75,75,75,75,75,75,75,75,75,75,75,75,75,75,75,75,75,75,75,75,75,75,75,75,75,75,75,75],"relic_stats":{"Dream Catcher":2,"Regal Pillow":30,"counters":[18,72],"Eternal Feather":30,"Ectoplasm":606,"Bag of Preparation":[26],"Cursed Key":1,"Boot":[2],"obtain_stats":[{"Regal Pillow":11,"aspiration:Lifesprig":29,"Eternal Feather":27,"The Courier":30,"Bag of Preparation":13,"Cursed Key":17,"Boot":24,"Empty Cage":34,"Dream Catcher":7,"Molten Egg 2":3,"Ectoplasm":0,"Red Mask":19,"aspiration:HatOfInfinitePower":9,"hermit:Momento":0,"Toy Ornithopter":10},{"Regal Pillow":4,"aspiration:Lifesprig":16,"Eternal Feather":15,"The Courier":16,"Bag of Preparation":5,"Cursed Key":7,"Boot":13,"Empty Cage":18,"Dream Catcher":3,"Molten Egg 2":2,"Ectoplasm":0,"Red Mask":9,"aspiration:HatOfInfinitePower":3,"hermit:Momento":0,"Toy Ornithopter":4},{"Regal Pillow":16,"aspiration:Lifesprig":64,"Eternal Feather":57,"The Courier":64,"Bag of Preparation":22,"Cursed Key":33,"Boot":50,"Empty Cage":72,"Dream Catcher":11,"Molten Egg 2":6,"Ectoplasm":0,"Red Mask":38,"aspiration:HatOfInfinitePower":11,"hermit:Momento":0,"Toy Ornithopter":16}],"Toy Ornithopter":15},"card_choices":[{"not_picked":["hermit:GhostlyPresence","hermit:SprayPray"],"picked":"hermit:HighCaliber","floor":1},{"not_picked":["hermit:Showdown","hermit:CalledShot"],"picked":"hermit:Combo","floor":2},{"not_picked":["hermit:FromBeyond","hermit:Feint"],"picked":"hermit:Grudge+1","floor":7},{"not_picked":["hermit:Snipe","hermit:Vantage"],"picked":"hermit:Midnight","floor":10},{"not_picked":["hermit:Glare","hermit:Maintenance"],"picked":"hermit:TakeAim","floor":13},{"not_picked":["hermit:Misfire+1","hermit:Quickdraw+1"],"picked":"hermit:Combo","floor":14},{"not_picked":["hermit:GoldenBullet+1","hermit:HoleUp"],"picked":"hermit:Roughhouse+1","floor":15},{"not_picked":["hermit:OverwhelmingPower","hermit:HighNoon"],"picked":"hermit:Magnum+1","floor":16},{"not_picked":["hermit:SprayPray+1","hermit:Determination","hermit:Misfire+1"],"picked":"SKIP","floor":18},{"not_picked":["hermit:HighCaliber+1","hermit:Roulette+1"],"picked":"hermit:Quickdraw+1","floor":19},{"not_picked":["hermit:Brawl","hermit:Roulette+1"],"picked":"hermit:FlashPowder","floor":20},{"not_picked":["hermit:Malice+1","hermit:Coalescence"],"picked":"hermit:ItchyTrigger+1","floor":21},{"not_picked":["hermit:TrackingShot+1","hermit:Desperado+1"],"picked":"hermit:WideOpen+1","floor":22},{"not_picked":["hermit:Enervate+1","hermit:Snipe"],"picked":"hermit:Horror","floor":24},{"not_picked":["hermit:Grudge+1","hermit:TrackingShot+1"],"picked":"hermit:Snipe","floor":25},{"not_picked":["hermit:LoneWolf","hermit:ItchyTrigger+1"],"picked":"hermit:WideOpen+1","floor":27},{"not_picked":["hermit:HighCaliber+1","hermit:Dissolve","hermit:Desperado+1"],"picked":"SKIP","floor":29},{"not_picked":["hermit:SprayPray+1","hermit:Desperado+1"],"picked":"hermit:Spite+1","floor":31},{"not_picked":["hermit:FinalCanter+1","hermit:EternalForm"],"picked":"hermit:Gambit","floor":33}],"player_experience":1089661,"relics_obtained":[{"floor":7,"key":"Dream Catcher"},{"floor":9,"key":"aspiration:HatOfInfinitePower"},{"floor":10,"key":"Toy Ornithopter"},{"floor":11,"key":"Regal Pillow"},{"floor":13,"key":"Bag of Preparation"},{"floor":19,"key":"Red Mask"},{"floor":24,"key":"Boot"},{"floor":27,"key":"Eternal Feather"},{"floor":29,"key":"aspiration:Lifesprig"}],"event_choices":[{"cards_removed":["Injury"],"damage_healed":0,"gold_gain":0,"player_choice":"Card Removal","damage_taken":7,"max_hp_gain":0,"max_hp_loss":0,"event_name":"Golden Wing","floor":4,"gold_loss":0},{"damage_healed":0,"gold_gain":0,"player_choice":"Fought Bandits","damage_taken":0,"max_hp_gain":0,"max_hp_loss":0,"event_name":"Masked Bandits","floor":19,"gold_loss":0},{"damage_healed":0,"gold_gain":0,"player_choice":"Opened","damage_taken":0,"relics_obtained":["The Courier"],"max_hp_gain":0,"max_hp_loss":0,"event_name":"The Mausoleum","floor":30,"gold_loss":0,"cards_obtained":["Writhe"]}],"is_beta":false,"boss_relics":[{"not_picked":["Velvet Choker","aspiration:RitualDagger"],"picked":"Cursed Key"},{"not_picked":["Runic Dome","Busted Crown"],"picked":"Empty Cage"}],"items_purged_floors":[5],"is_endless":false,"potions_floor_spawned":[2,13,14,16,19,20,24,25,33],"ascension_level":12}}