{"host":"5hj512uv6i1x1iks","time":1609279930,"event":{"mods":["BaseMod","Colored Powertips","Minty Spire (QoL Compilation)","Random Character Button","Rare Cards Sparkle","Relic Stats","StSLib","ojb\u0027s Better Paths Mod","ojb\u0027s Info Mod"],"gold_per_floor":[117,117,132,147,164,164,192,192,217,217,217,249,262,273,273,351,351,369,369,369,382,382,415,415,425,425,425,456,467,467,485,485,564,564,576,588,602,17,33,33,33,255,255,270,270,27,46,46,46],"floor_reached":48,"playtime":1384,"items_purged":[],"score":954,"play_id":"55221c4c-cb65-4b06-8fb7-88e4d5d61384","local_time":"20201229161210","is_ascension_mode":true,"campfire_choices":[{"data":"CrushJoints","floor":6,"key":"SMITH"},{"data":"Conclude","floor":10,"key":"SMITH"},{"floor":15,"key":"REST"},{"floor":30,"key":"REST"},{"floor":32,"key":"REST"},{"data":"SpiritShield","floor":40,"key":"SMITH"},{"data":"Protect","floor":45,"key":"SMITH"}],"circlet_count":0,"master_deck":["AscendersBane","Strike_P+1","Defend_P","Defend_P","Defend_P","Eruption","Vigilance","ThirdEye+1","LikeWater+1","BowlingBash+1","Conclude+1","CrushJoints+1","Protect+1","Vengeance","EmptyFist","FollowUp","FearNoEvil","CutThroughFate","Necronomicurse","WheelKick","ReachHeaven","SashWhip+1","SpiritShield+1","SandsOfTime","Wireheading+1","Parasite","Evaluate","Brilliance","CutThroughFate","LikeWater+1","Swivel"],"relics":["Astrolabe","Whetstone","Vajra","Potion Belt","Cursed Key","Necronomicon","The Courier","MutagenicStrength","Red Mask","Philosopher\u0027s Stone","Pen Nib","Centennial Puzzle","Lantern","Mercury Hourglass","DollysMirror"],"acts_visited":["Exordium","TheCity","TheBeyond"],"potions_floor_usage":[29,29,33,33,33,44],"damage_taken":[{"damage":0,"enemies":"Jaw Worm","floor":1,"turns":3},{"damage":0,"enemies":"Cultist","floor":3,"turns":3},{"damage":7,"enemies":"Small Slimes","floor":4,"turns":4},{"damage":0,"enemies":"3 Louse","floor":5,"turns":3},{"damage":29,"enemies":"3 Sentries","floor":7,"turns":5},{"damage":0,"enemies":"Lagavulin","floor":12,"turns":3},{"damage":8,"enemies":"Gremlin Gang","floor":13,"turns":2},{"damage":1,"enemies":"Blue Slaver","floor":14,"turns":3},{"damage":21,"enemies":"The Guardian","floor":16,"turns":9},{"damage":22,"enemies":"2 Thieves","floor":18,"turns":2},{"damage":12,"enemies":"Shell Parasite","floor":21,"turns":4},{"damage":26,"enemies":"Slavers","floor":23,"turns":4},{"damage":0,"enemies":"Snake Plant","floor":25,"turns":2},{"damage":12,"enemies":"Masked Bandits","floor":28,"turns":3},{"damage":4,"enemies":"Shelled Parasite and Fungi","floor":29,"turns":3},{"damage":0,"enemies":"Snecko","floor":31,"turns":2},{"damage":38,"enemies":"Champ","floor":33,"turns":7},{"damage":4,"enemies":"3 Darklings","floor":35,"turns":4},{"damage":12,"enemies":"3 Shapes","floor":36,"turns":4},{"damage":11,"enemies":"Writhing Mass","floor":37,"turns":5},{"damage":21,"enemies":"Maw","floor":39,"turns":5},{"damage":4,"enemies":"Sphere and 2 Shapes","floor":44,"turns":6},{"damage":0,"enemies":"Jaw Worm Horde","floor":47,"turns":2},{"damage":31,"enemies":"Reptomancer","floor":48,"turns":2}],"seed_played":"-8599700366760761576","potions_obtained":[{"floor":1,"key":"Fire Potion"},{"floor":2,"key":"Block Potion"},{"floor":21,"key":"BlessingOfTheForge"},{"floor":23,"key":"BlessingOfTheForge"},{"floor":29,"key":"Dexterity Potion"},{"floor":31,"key":"LiquidBronze"},{"floor":35,"key":"Explosive Potion"},{"floor":39,"key":"Regen Potion"},{"floor":44,"key":"PowerPotion"}],"is_trial":false,"path_per_floor":["M","?","M","M","M","R","E","?","T","R","$","E","M","M","R","B",null,"M","?","?","M","?","E","?","M","T","T","?","M","R","M","R","B",null,"M","M","M","$","M","R","?","?","T","M","R","$","M","E"],"character_chosen":"WATCHER","items_purchased":["Pen Nib","Centennial Puzzle","Lantern","Mercury Hourglass","Brilliance","CutThroughFate","DollysMirror"],"campfire_rested":3,"item_purchase_floors":[38,38,38,38,46,46,46],"current_hp_per_floor":[61,61,61,54,54,54,25,25,25,25,25,25,17,16,36,15,55,33,33,78,66,45,19,19,19,19,19,7,3,26,26,49,11,61,57,45,34,34,13,13,13,13,13,24,24,24,24,0,0],"gold":46,"neow_bonus":"BOSS_RELIC","is_daily":false,"chose_seed":false,"campfire_upgraded":4,"win_rate":0.0,"timestamp":1609279930,"path_taken":["M","?","M","M","?","R","E","?","T","R","?","E","M","M","R","BOSS","M","?","?","?","?","E","?","M","T","?","?","M","R","?","R","BOSS","M","M","M","$","M","R","?","?","T","M","R","?","M","E"],"items_purchased_type":["Relic","Relic","Relic","Relic","Card","Card","Relic"],"build_version":"2020-12-22","purchased_purges":0,"victory":false,"max_hp_per_floor":[68,68,68,68,68,68,68,68,68,68,68,68,68,68,68,68,68,68,68,78,78,78,78,78,78,78,78,78,78,78,78,78,78,78,78,78,78,78,78,78,78,78,78,78,78,78,78,78,78],"relic_stats":{"Centennial Puzzle":[9],"counters":[24,90],"Astrolabe":["ThirdEye","LikeWater","BowlingBash"],"Pen Nib":[3],"Necronomicon":[22],"Whetstone":["Strike_P","Strike_P"],"Cursed Key":0,"obtain_stats":[{"Potion Belt":12,"Lantern":38,"Astrolabe":0,"Vajra":9,"The Courier":23,"Pen Nib":38,"Whetstone":7,"Cursed Key":17,"Mercury Hourglass":38,"Centennial Puzzle":38,"DollysMirror":46,"MutagenicStrength":24,"Philosopher\u0027s Stone":34,"Necronomicon":22,"Red Mask":28,"PureWater":0},{"Potion Belt":6,"Lantern":20,"Astrolabe":0,"Vajra":5,"The Courier":12,"Pen Nib":20,"Whetstone":5,"Cursed Key":9,"Mercury Hourglass":20,"Centennial Puzzle":20,"DollysMirror":22,"MutagenicStrength":12,"Philosopher\u0027s Stone":17,"Necronomicon":11,"Red Mask":14,"PureWater":0},{"Potion Belt":21,"Lantern":75,"Astrolabe":0,"Vajra":18,"The Courier":45,"Pen Nib":75,"Whetstone":18,"Cursed Key":35,"Mercury Hourglass":75,"Centennial Puzzle":75,"DollysMirror":86,"MutagenicStrength":45,"Philosopher\u0027s Stone":62,"Necronomicon":41,"Red Mask":50,"PureWater":0}],"Mercury Hourglass":[60]},"card_choices":[{"not_picked":["WaveOfTheHand","FlurryOfBlows"],"picked":"Conclude","floor":1},{"not_picked":["BowlingBash","EmptyBody"],"picked":"CrushJoints","floor":3},{"not_picked":["CrushJoints","Pray"],"picked":"Protect","floor":4},{"not_picked":["Fasting2","ForeignInfluence"],"picked":"Vengeance","floor":5},{"not_picked":["JustLucky","FlyingSleeves"],"picked":"EmptyFist","floor":7},{"not_picked":["Vengeance","Swivel"],"picked":"FollowUp","floor":12},{"not_picked":["WreathOfFlame","Study"],"picked":"FearNoEvil","floor":13},{"not_picked":["EmptyBody","Weave","CarveReality"],"picked":"SKIP","floor":14},{"not_picked":["Brilliance","Omniscience"],"picked":"Blasphemy","floor":16},{"not_picked":["Evaluate","FlyingSleeves"],"picked":"CutThroughFate","floor":18},{"not_picked":["JustLucky","Nirvana+1","ClearTheMind+1"],"picked":"SKIP","floor":21},{"not_picked":["ReachHeaven","Weave"],"picked":"WheelKick","floor":23},{"not_picked":["ClearTheMind+1","Collect","Weave"],"picked":"SKIP","floor":25},{"not_picked":["BowlingBash","CutThroughFate+1"],"picked":"ReachHeaven","floor":28},{"not_picked":["ForeignInfluence","FearNoEvil"],"picked":"Halt","floor":29},{"not_picked":["ThirdEye","CutThroughFate"],"picked":"SashWhip+1","floor":31},{"not_picked":["Wish","Blasphemy"],"picked":"SpiritShield","floor":33},{"not_picked":["CrushJoints+1","ReachHeaven"],"picked":"SandsOfTime","floor":35},{"not_picked":["Crescendo+1","WindmillStrike+1"],"picked":"Wireheading+1","floor":36},{"not_picked":["Evaluate","Weave","WindmillStrike"],"picked":"SKIP","floor":37},{"not_picked":["EmptyMind","Study"],"picked":"Evaluate","floor":39},{"not_picked":["SashWhip","ThirdEye","FlyingSleeves"],"picked":"SKIP","floor":44},{"not_picked":["FlyingSleeves","PathToVictory"],"picked":"Swivel","floor":47}],"player_experience":530233,"relics_obtained":[{"floor":7,"key":"Whetstone"},{"floor":9,"key":"Vajra"},{"floor":12,"key":"Potion Belt"},{"floor":22,"key":"Necronomicon"},{"floor":23,"key":"The Courier"},{"floor":28,"key":"Red Mask"}],"event_choices":[{"damage_healed":0,"gold_gain":0,"player_choice":"Got Potions","damage_taken":0,"max_hp_gain":0,"max_hp_loss":0,"event_name":"Lab","floor":2,"gold_loss":0},{"cards_removed":["Strike_P"],"damage_healed":0,"gold_gain":0,"player_choice":"Purged","damage_taken":0,"max_hp_gain":0,"max_hp_loss":0,"event_name":"Purifier","floor":8,"gold_loss":0},{"damage_healed":0,"gold_gain":0,"player_choice":"Ignored","damage_taken":0,"max_hp_gain":0,"max_hp_loss":0,"event_name":"The Mausoleum","floor":19,"gold_loss":0},{"cards_removed":["Blasphemy"],"damage_healed":35,"gold_gain":0,"player_choice":"Offered Rare","damage_taken":0,"max_hp_gain":10,"max_hp_loss":0,"event_name":"Bonfire Elementals","floor":20,"gold_loss":0},{"damage_healed":0,"gold_gain":0,"player_choice":"Obtained Book","damage_taken":21,"max_hp_gain":0,"max_hp_loss":0,"event_name":"Cursed Tome","floor":22,"gold_loss":0},{"damage_healed":0,"gold_gain":0,"player_choice":"Inject Mutagens","damage_taken":0,"relics_obtained":["MutagenicStrength"],"max_hp_gain":0,"max_hp_loss":0,"event_name":"Drug Dealer","floor":24,"gold_loss":0},{"damage_healed":0,"gold_gain":0,"player_choice":"Fought Bandits","damage_taken":0,"max_hp_gain":0,"max_hp_loss":0,"event_name":"Masked Bandits","floor":28,"gold_loss":0},{"cards_removed":["Halt"],"damage_healed":0,"gold_gain":0,"player_choice":"Removed Skill","damage_taken":0,"max_hp_gain":0,"max_hp_loss":0,"event_name":"Falling","floor":41,"gold_loss":0},{"damage_healed":0,"gold_gain":222,"player_choice":"Wore Mask","damage_taken":0,"max_hp_gain":0,"max_hp_loss":0,"event_name":"Tomb of Lord Red Mask","floor":42,"gold_loss":0}],"is_beta":false,"boss_relics":[{"not_picked":["Velvet Choker","Black Star"],"picked":"Cursed Key"},{"not_picked":["Busted Crown","Runic Dome"],"picked":"Philosopher\u0027s Stone"}],"items_purged_floors":[],"is_endless":false,"potions_floor_spawned":[1,3,5,21,23,29,31,35,39,44],"killed_by":"Reptomancer","ascension_level":18}}