{"host":"2se5dq1do2gp0x9k","time":1609204373,"event":{"mods":["BaseMod","Block Reminder","Colored Map","Colored Powertips","Minty Spire (QoL Compilation)","Relic Stats","StSLib","SuperFastMode","Synergy Search"],"gold_per_floor":[112,126,22,32,32,32,57,71,119,119,144,161,17,0,0,0,0],"floor_reached":16,"playtime":513,"items_purged":["Strike_R","Strike_R"],"score":220,"play_id":"5e0dfcf3-bd85-4432-b036-23acae99ed97","local_time":"20201228171253","is_ascension_mode":true,"campfire_choices":[{"data":"Flex","floor":6.0,"key":"SMITH"},{"data":"Disarm","floor":10.0,"key":"SMITH"},{"data":"Armaments","floor":15.0,"key":"SMITH"}],"circlet_count":0,"master_deck":["AscendersBane","Strike_R","Strike_R","Strike_R","Defend_R","Defend_R","Defend_R","Defend_R","Bash","Pommel Strike","Flex+1","Armaments+1","Pommel Strike","Disarm+1","Anger","Headbutt","Warcry","Rage","True Grit","Feel No Pain"],"relics":["Burning Blood","NeowsBlessing","Blue Candle","Art of War","Vajra"],"acts_visited":["Exordium"],"potions_floor_usage":[],"damage_taken":[{"damage":0.0,"enemies":"Small Slimes","floor":1.0,"turns":1.0},{"damage":0.0,"enemies":"Cultist","floor":2.0,"turns":1.0},{"damage":0.0,"enemies":"2 Louse","floor":4.0,"turns":1.0},{"damage":38.0,"enemies":"Gremlin Nob","floor":7.0,"turns":4.0},{"damage":14.0,"enemies":"2 Fungi Beasts","floor":8.0,"turns":5.0},{"damage":19.0,"enemies":"Lagavulin","floor":11.0,"turns":7.0},{"damage":6.0,"enemies":"Lots of Slimes","floor":12.0,"turns":5.0},{"damage":25,"enemies":"Slime Boss","floor":16,"turns":3}],"seed_played":"741343699397110426","potions_obtained":[{"floor":1.0,"key":"FearPotion"},{"floor":4.0,"key":"Energy Potion"}],"is_trial":false,"path_per_floor":["M","M","$","M","?","R","E","M","T","R","E","M","$","?","R","B"],"character_chosen":"IRONCLAD","items_purchased":["Armaments","Feel No Pain"],"campfire_rested":0,"item_purchase_floors":[3,13],"current_hp_per_floor":[74,75,75,75,75,75,43,35,35,35,22,22,22,22,22,0,0],"gold":0,"neow_bonus":"THREE_ENEMY_KILL","is_daily":false,"chose_seed":false,"campfire_upgraded":3,"win_rate":0.0,"timestamp":1609204373,"path_taken":["M","M","$","M","?","R","E","?","T","R","E","M","?","?","R","BOSS"],"items_purchased_type":["Card","Card"],"build_version":"2020-12-22","purchased_purges":2,"victory":false,"max_hp_per_floor":[75,75,75,75,75,75,75,75,75,75,75,75,75,75,75,75,75],"relic_stats":{"counters":[8,27],"Blue Candle":[0],"Art of War":[2],"obtain_stats":[{"NeowsBlessing":0,"Blue Candle":7,"Vajra":11,"Art of War":9,"Burning Blood":0},{"NeowsBlessing":0,"Blue Candle":4,"Vajra":6,"Art of War":5,"Burning Blood":0},{"NeowsBlessing":0,"Blue Candle":7,"Vajra":19,"Art of War":12,"Burning Blood":0}],"Burning Blood":31},"card_choices":[{"not_picked":["Rampage","Havoc"],"picked":"Pommel Strike","floor":1.0},{"not_picked":["Burning Pact","Perfected Strike"],"picked":"Flex","floor":2.0},{"not_picked":["Warcry","Power Through"],"picked":"Pommel Strike","floor":4.0},{"not_picked":["Clothesline","Iron Wave"],"picked":"Headbutt","floor":7.0},{"not_picked":["Heavy Blade","Cleave"],"picked":"Warcry","floor":8.0},{"not_picked":["Immolate","Wild Strike"],"picked":"Rage","floor":11.0},{"not_picked":["Clothesline","Clash"],"picked":"True Grit","floor":12.0}],"player_experience":3640487,"relics_obtained":[{"floor":7.0,"key":"Blue Candle"},{"floor":9.0,"key":"Art of War"},{"floor":11.0,"key":"Vajra"}],"event_choices":[{"damage_healed":0.0,"max_hp_gain":0.0,"max_hp_loss":0.0,"gold_gain":0.0,"event_name":"Match and Keep!","player_choice":"2 cards matched","floor":5.0,"gold_loss":0.0,"damage_taken":0.0,"cards_obtained":["Disarm","Anger"]},{"damage_healed":0.0,"max_hp_gain":0.0,"max_hp_loss":0.0,"gold_gain":0.0,"event_name":"World of Goop","player_choice":"Left Gold","floor":14.0,"gold_loss":17.0,"damage_taken":0.0}],"is_beta":false,"boss_relics":[],"items_purged_floors":[3,13],"is_endless":false,"potions_floor_spawned":[1,4],"killed_by":"Slime Boss","ascension_level":20}}