{"host":"kncugt8qnf1emsb0","time":1609213982,"event":{"mods":["ATMod(°¢èªMod)","AchievementEnabler","Act Like it!","BaseMod","Dota2Spire","Friendly Minions","KomeijiMod","Minty Spire (QoL Compilation)","MostiFishMod","Quick Restart","RumiaBox-Â¶Ã×æ«µÄÉñÃØºÐ×Ó","Shop Mod","Spicy Shops","StSLib","TestMod","¡¾ÒÅÎï¿¨ÅÆ¡¿REMEMod"],"gold_per_floor":[173,183,200,215,225,258,292,318,390,390,416,336,663,663,663,837,837,853,853],"floor_reached":18,"playtime":913,"items_purged":[],"score":1004,"play_id":"0d678fe6-56f1-47e3-b12e-5da81501fcdc","local_time":"20201229115302","daily_mods":["SealedDeck","Vintage","Heirloom","Flight"],"is_ascension_mode":true,"campfire_choices":[{"data":"AT_MachinaRedman","floor":15.0,"key":"SMITH"}],"circlet_count":0,"master_deck":["AscendersBane","BloodCleaner","DamonLordCradle_Remiria","Tepes","Tepes","ServantFlier","DemonsDinnerFork_Remiria","DoubleEdge","YoungDemonLord","Feint","BloodSurge","AT_MachinaRedman+1","AT_EssenceShift","ScarletDestiny+1","HeartBreak_Remiria"],"relics":["ThirstyCrossSpe","DaveBox","testmod-TestBox","REME_ComplimentaryCards","AT_ATBox","Turnip","testmod-BlackFramedGlasses","FeatherPendant","SynthV:TestCard","Bottled Lightning","Dota2Spire:LinkenSphere","Calipers","Incense Burner","Dota2Spire:ShadowBlade","Blood Vial","Toy Ornithopter","AT_DeathDance","Dota2Spire:BattleFury","AT_TheCollector","testmod-MagicalMallet","AT_BellowingDragoncrestRing","AT_Manta","GreenFoldingFan","Blue Candle"],"acts_visited":["Exordium","TheCity"],"potions_floor_usage":[],"damage_taken":[{"damage":0.0,"enemies":"Small Slimes","floor":1.0,"turns":1.0},{"damage":0.0,"enemies":"Jaw Worm","floor":2.0,"turns":1.0},{"damage":7.0,"enemies":"2 Louse","floor":3.0,"turns":2.0},{"damage":0.0,"enemies":"Looter","floor":4.0,"turns":1.0},{"damage":0.0,"enemies":"2 Fungi Beasts","floor":5.0,"turns":1.0},{"damage":0.0,"enemies":"Gremlin Nob","floor":6.0,"turns":1.0},{"damage":0.0,"enemies":"3 Sentries","floor":7.0,"turns":1.0},{"damage":0.0,"enemies":"Gremlin Nob","floor":8.0,"turns":1.0},{"damage":0.0,"enemies":"Lagavulin","floor":11.0,"turns":1.0},{"damage":0.0,"enemies":"3 Sentries","floor":13.0,"turns":1.0},{"damage":0.0,"enemies":"Slime Boss","floor":16.0,"turns":1.0},{"damage":2,"enemies":"Shell Parasite","floor":18,"turns":1}],"seed_played":"-1744026595497816454","potions_obtained":[{"floor":3.0,"key":"PowerPotion"},{"floor":7.0,"key":"Block Potion"},{"floor":8.0,"key":"EntropicBrew"}],"is_trial":true,"path_per_floor":["M","M","M","M","M","E","E","E","T","?","E","$","E","T","R","B",null,"M"],"character_chosen":"RemiriaScarlet","items_purchased":["testmod-MagicalMallet"],"campfire_rested":0,"item_purchase_floors":[12],"current_hp_per_floor":[91,92,87,88,89,90,93,96,96,96,99,99,100,100,100,100,100,100,100],"gold":853,"neow_bonus":"","is_daily":false,"chose_seed":false,"campfire_upgraded":1,"win_rate":0.0,"timestamp":1609213982,"path_taken":["M","M","M","M","M","E","E","E","T","?","E","$","E","?","R","BOSS","M"],"items_purchased_type":["Relic"],"build_version":"2020-12-22","purchased_purges":0,"victory":false,"max_hp_per_floor":[100,100,100,100,100,100,100,100,100,100,100,100,100,100,100,100,100,100,100],"card_choices":[{"not_picked":["CruelSlaughter","RemiliaStalker","BathedInBlood","StigmaNizer","Impregnable"],"picked":"SKIP","floor":6.0},{"not_picked":["FateEnsemble","StigmaNizer","BodyStrengthen","TricksterDevil","DamonLordCradle_Remiria"],"picked":"SKIP","floor":7.0},{"not_picked":["NaturallyHealing","Culling","Feint","FierceSweep"],"picked":"ScarletDestiny","floor":8.0},{"not_picked":["PainBurst","Warpath","ServantFlier","TricksterDevil","BloodySuit"],"picked":"SKIP","floor":11.0},{"not_picked":["CombatMeter","BloodSurge","YoungDemonLord","FastHealing","FierceSweep"],"picked":"SKIP","floor":13.0},{"not_picked":["AllTheWorldInNightmare","StarOfDavid","MiserableFate_Remiria","FitfulNightmare"],"picked":"HeartBreak_Remiria","floor":16.0}],"player_experience":14667,"relics_obtained":[{"floor":1.0,"key":"SynthV:TestCard"},{"floor":1.0,"key":"Bottled Lightning"},{"floor":2.0,"key":"Dota2Spire:LinkenSphere"},{"floor":3.0,"key":"Calipers"},{"floor":4.0,"key":"Incense Burner"},{"floor":5.0,"key":"Dota2Spire:ShadowBlade"},{"floor":6.0,"key":"Blood Vial"},{"floor":7.0,"key":"Toy Ornithopter"},{"floor":8.0,"key":"AT_DeathDance"},{"floor":9.0,"key":"Dota2Spire:BattleFury"},{"floor":11.0,"key":"AT_TheCollector"},{"floor":13.0,"key":"AT_BellowingDragoncrestRing"},{"floor":14.0,"key":"AT_Manta"},{"floor":18,"key":"Blue Candle"}],"event_choices":[{"damage_healed":0.0,"max_hp_gain":0.0,"max_hp_loss":0.0,"gold_gain":0.0,"event_name":"Living Wall","player_choice":"Grow","floor":10.0,"gold_loss":0.0,"damage_taken":0.0,"cards_upgraded":["ScarletDestiny"]}],"is_beta":false,"boss_relics":[{"not_picked":["Astrolabe","testmod-PortableAltar"],"picked":"GreenFoldingFan"}],"items_purged_floors":[],"is_endless":true,"potions_floor_spawned":[3,7,8,11,16],"killed_by":"Shell Parasite","ascension_level":20}}