{"host":"htqwg582tjjtn9p7","time":1609235422,"event":{"mods":["2.2 Compatiblity","AchievementEnabler","Act Like it!","Aspiration","BaseMod","Better Third Choice","Colored Map","Conspire","Curses Come First","Displayed Cursed Tome","Energized Spire","Force Act Four","GifTheSpireLib","Hermit","Highlight Path","JesterMod","Mad Scientist","Minty Spire (QoL Compilation)","Pale of the Ancients","Permanent Neow","Random Character Button","Relic Stats","Replay The Spire","Robot Space Explorer","Somnambulant","Spicy Shops","Spikes Relics","StSLib","Stuff the Spire","The Blue Laboratory","The Disciple","The Dragon Tamer","The Forsaken","The Gatherer","The Judge","The Jungle","The Marked","The Runesmith","The Servant 0.9.4"],"gold_per_floor":[114,114,134,145,155,182,182,22,48,382,382,307,307,325,325,399,399,410,410,335,347,82,82,116,128,140,152,164,203,215,227,227],"floor_reached":31,"playtime":1351,"items_purged":["Pain","theForsaken:TheForsaken_Strike"],"score":516,"play_id":"7dacca38-7e26-405a-8216-e1197540143e","local_time":"20201229105022","is_ascension_mode":true,"campfire_choices":[{"data":"theForsaken:Smite","floor":7,"key":"SMITH"},{"data":"theForsaken:Smite","floor":11,"key":"SMITH"},{"data":"theForsaken:SacredOath","floor":13,"key":"SMITH"},{"data":"theForsaken:ShieldBash","floor":15,"key":"SMITH"},{"data":"theForsaken:SacredOath","floor":23,"key":"SMITH"},{"data":"theForsaken:HymnOfPatience","floor":25,"key":"SMITH"},{"data":"theForsaken:ShieldBash","floor":28,"key":"SMITH"},{"data":"theForsaken:ShieldBash","floor":30,"key":"SMITH"}],"circlet_count":0,"master_deck":["AscendersBane","theForsaken:TheForsaken_Strike","theForsaken:TheForsaken_Strike","theForsaken:TheForsaken_Defend","theForsaken:TheForsaken_Defend","theForsaken:TheForsaken_Defend","theForsaken:TheForsaken_Defend","theForsaken:Smite+1","theForsaken:Penitence","Hemokinesis","theForsaken:Smite+1","theForsaken:HymnOfPatience+1","theForsaken:SacredOath+1","theForsaken:SacredOath+1","Offering","theForsaken:ShieldBash+1","theForsaken:StoreUp+1","theForsaken:ShieldBash+1","theForsaken:ShieldBash+1"],"relics":["theForsaken:JudgementScales","aspiration:Nostalgia","m_ChemicalBlood","SpikesRelics:DaevaFist","DollysMirror","RollingBoulder","Old Coin","Runic Pyramid","WarpedTongs","Orrery","MawBank","StuffTheSpire:Wildfire","StuffTheSpire:Experiment12"],"acts_visited":["Exordium","Exordium"],"potions_floor_usage":[6,6,18,29],"damage_taken":[{"damage":9,"enemies":"Jaw Worm","floor":1,"turns":6},{"damage":2,"enemies":"Cultist","floor":3,"turns":3},{"damage":11,"enemies":"Small Slimes","floor":4,"turns":7},{"damage":24,"enemies":"3 Louse","floor":5,"turns":9},{"damage":22,"enemies":"3 Sentries","floor":6,"turns":10},{"damage":10,"enemies":"Lagavulin","floor":10,"turns":8},{"damage":3,"enemies":"Exordium Wildlife","floor":14,"turns":3},{"damage":57,"enemies":"Slime Boss","floor":16,"turns":19},{"damage":37,"enemies":"theJungle:MUSHROOMGANG","floor":18,"turns":11},{"damage":39,"enemies":"Shell Parasite","floor":21,"turns":11},{"damage":46,"enemies":"theJungle:MamaSnecko","floor":24,"turns":11},{"damage":17,"enemies":"theJungle:2_Phrogs","floor":29,"turns":9},{"damage":60,"enemies":"JungleHuntersEvent","floor":31,"turns":5}],"seed_played":"-7722057083302594172","potions_obtained":[{"floor":1,"key":"Fire Potion"},{"floor":3,"key":"Elixir"},{"floor":5,"key":"Strength Potion"},{"floor":16,"key":"AttackPotion"},{"floor":21,"key":"blueLaboratory:Moonshine"},{"floor":29,"key":"Fire Potion"}],"is_trial":false,"path_per_floor":["M","?","M","M","M","E","R","$","T","E","R","?","R","M","R","B",null,"M","?","$","M","$","R","E","R","T","$","R","E","R","?"],"character_chosen":"THE_FORSAKEN","items_purchased":["DollysMirror","Orrery"],"campfire_rested":0,"item_purchase_floors":[8,22],"current_hp_per_floor":[54,54,56,55,61,58,58,58,58,61,61,61,61,61,61,60,61,61,61,61,61,61,61,61,61,61,61,61,61,61,1,1],"gold":227,"neow_bonus":"NOSTALGIA","is_daily":false,"chose_seed":false,"campfire_upgraded":8,"win_rate":0.0,"timestamp":1609235422,"path_taken":["M","?","M","?","M","E","R","$","T","E","R","?","R","M","R","BOSS","M","?","$","?","$","R","E","R","T","?","R","E","R","?"],"items_purchased_type":["Relic","Relic"],"build_version":"2020-12-22","purchased_purges":2,"victory":false,"max_hp_per_floor":[61,61,61,61,61,61,61,61,61,61,61,61,61,61,61,61,61,61,61,61,61,61,61,61,61,61,61,61,61,61,61,61],"relic_stats":{"counters":[13,112],"MawBank":84,"obtain_stats":[{"m_ChemicalBlood":0,"aspiration:Nostalgia":0,"StuffTheSpire:Wildfire":26,"MawBank":24,"Old Coin":10,"WarpedTongs":19,"StuffTheSpire:Experiment12":29,"DollysMirror":8,"Orrery":22,"RollingBoulder":9,"SpikesRelics:DaevaFist":6,"theForsaken:JudgementScales":0,"Runic Pyramid":17},{"m_ChemicalBlood":0,"aspiration:Nostalgia":0,"StuffTheSpire:Wildfire":11,"MawBank":11,"Old Coin":6,"WarpedTongs":9,"StuffTheSpire:Experiment12":12,"DollysMirror":5,"Orrery":10,"RollingBoulder":5,"SpikesRelics:DaevaFist":5,"theForsaken:JudgementScales":0,"Runic Pyramid":8},{"m_ChemicalBlood":0,"aspiration:Nostalgia":0,"StuffTheSpire:Wildfire":98,"MawBank":98,"Old Coin":43,"WarpedTongs":76,"StuffTheSpire:Experiment12":107,"DollysMirror":35,"Orrery":87,"RollingBoulder":35,"SpikesRelics:DaevaFist":35,"theForsaken:JudgementScales":0,"Runic Pyramid":65}],"WarpedTongs":[33]},"card_choices":[{"not_picked":["theForsaken:HealingLight","theForsaken:SolarFlare"],"picked":"Hemokinesis","floor":1},{"not_picked":["theForsaken:FuryStrikes","theForsaken:ChargeAttack"],"picked":"theForsaken:HymnOfPatience","floor":3},{"not_picked":["theForsaken:WrathOfGod","theForsaken:WordsOfPestilence","theForsaken:ScorchingSunlight"],"picked":"SKIP","floor":4},{"not_picked":["theForsaken:PowerUp","theForsaken:HorrifyingStrike","theForsaken:Parry"],"picked":"SKIP","floor":5},{"not_picked":["theForsaken:WordsOfMight","Battle Trance"],"picked":"theForsaken:SacredOath","floor":6},{"not_picked":["theForsaken:PowerUp","theForsaken:ShieldBash"],"picked":"Offering","floor":10},{"not_picked":["theForsaken:CreepingInfection","theForsaken:MagicWeapon"],"picked":"theForsaken:ShieldBash","floor":14},{"not_picked":["theForsaken:QuickAttack","theForsaken:HymnOfPatience"],"picked":"theForsaken:StoreUp+1","floor":18},{"not_picked":["theForsaken:WrathOfGod","theForsaken:FuryStrikes+1","theForsaken:BountifulSunlight"],"picked":"SKIP","floor":21},{"not_picked":["theForsaken:RainingSunlight","theForsaken:FatRoll"],"picked":"theForsaken:ShieldBash","floor":22},{"not_picked":["theForsaken:TearsOfSunlight","theForsaken:MagicWeapon"],"picked":"theForsaken:ShieldBash","floor":22},{"not_picked":["theForsaken:FatRoll","theForsaken:HealingLight","theForsaken:Riposte+1"],"picked":"SKIP","floor":24},{"not_picked":["theForsaken:ChargeAttack","theForsaken:HealingLight","theForsaken:Preservation"],"picked":"SKIP","floor":29}],"player_experience":1824537,"relics_obtained":[{"floor":6,"key":"SpikesRelics:DaevaFist"},{"floor":9,"key":"RollingBoulder"},{"floor":10,"key":"Old Coin"},{"floor":24,"key":"MawBank"},{"floor":26,"key":"StuffTheSpire:Wildfire"},{"floor":29,"key":"StuffTheSpire:Experiment12"}],"event_choices":[{"damage_healed":0,"gold_gain":0,"player_choice":"1 cards matched","damage_taken":0,"max_hp_gain":0,"max_hp_loss":0,"event_name":"Match and Keep!","floor":2,"gold_loss":0,"cards_obtained":["theForsaken:Smite"]},{"cards_removed":["theForsaken:TheForsaken_Strike"],"damage_healed":0,"gold_gain":0,"player_choice":"Card Removal","damage_taken":0,"max_hp_gain":0,"max_hp_loss":0,"event_name":"The Cleric","floor":12,"gold_loss":75},{"damage_healed":0,"gold_gain":0,"player_choice":"Rummage","damage_taken":0,"relics_obtained":["WarpedTongs"],"max_hp_gain":0,"max_hp_loss":0,"event_name":"Accursed Blacksmith","floor":19,"gold_loss":0,"cards_obtained":["Pain"]}],"is_beta":false,"boss_relics":[{"not_picked":["aspiration:WatcherSkillbook","Replay:Grab Bag"],"picked":"Runic Pyramid"}],"items_purged_floors":[20,22],"is_endless":false,"potions_floor_spawned":[1,3,5,16,21,29],"killed_by":"JungleHuntersEvent","ascension_level":17}}