{"host":"k9ktbd3ums043v5c","time":1609251383,"event":{"mods":["BaseMod","GifTheSpireLib","Googly Eyes","KinomotoSakuraMod(木之本樱)","Lobotomy","LobotomyExtend","Luminous","Marisa（F雨　魔理沙）","Minty Spire (QoL Compilation)","SIMod","StSLib","SuperFastMode","The Gatherer","Yuyuko","【功能Mod】聪明的最终Boss"],"gold_per_floor":[114,126,140,156,167,167,167,167],"floor_reached":6,"playtime":935,"items_purged":[],"score":40,"play_id":"dfed29b3-f012-407d-9523-2cec8733a2d7","local_time":"20201229221623","is_ascension_mode":false,"metric_token":981,"campfire_choices":[],"circlet_count":0,"master_deck":["Gatherer:Strike_Gatherer","Gatherer:Strike_Gatherer","Gatherer:Strike_Gatherer","Gatherer:Strike_Gatherer","Gatherer:Strike_Gatherer","Gatherer:Defend_Gatherer","Gatherer:Defend_Gatherer","Gatherer:Defend_Gatherer","Gatherer:Defend_Gatherer","Gatherer:Defend_Gatherer","Gatherer:Centralize","Gatherer:FlowerWhip","Gatherer:BambuSword","Murderer","Gatherer:BigPouch","QueenBee","GalaxyChild","Gatherer:Uplift","Gatherer:Duality","Gatherer:GlowingPlant","Gatherer:Shadow","Gatherer:Light"],"relics":["Gatherer:AlchemyBag","CogitoBucket","LetterFromLob"],"acts_visited":["Exordium"],"potions_floor_usage":[],"damage_taken":[{"damage":1,"enemies":"Cultist","floor":1,"turns":3},{"damage":0,"enemies":"Small Slimes","floor":2,"turns":3},{"damage":5,"enemies":"2 Louse","floor":3,"turns":2},{"damage":0,"enemies":"2 Fungi Beasts","floor":4,"turns":3},{"damage":1,"enemies":"Large Slime","floor":5,"turns":4},{"damage":24,"enemies":"Gremlin Nob","floor":6,"turns":3}],"seed_played":"-3576477713676668671","potions_obtained":[{"floor":3,"key":"LiquidMemories"}],"is_trial":false,"path_per_floor":["M","M","M","M","M","E"],"character_chosen":"THE_GATHERER","items_purchased":[],"campfire_rested":0,"item_purchase_floors":[],"current_hp_per_floor":[71,71,66,66,65,0,0,0],"gold":167,"neow_bonus":"","is_daily":false,"chose_seed":false,"campfire_upgraded":0,"win_rate":0.0,"timestamp":1609251383,"path_taken":["M","M","?","?","M","E"],"items_purchased_type":[],"build_version":"2020-12-22","purchased_purges":0,"victory":false,"max_hp_per_floor":[72,72,72,72,72,72,72,72],"card_choices":[{"not_picked":["Gatherer:AcidicSpray","Gatherer:PotentialSlash"],"picked":"Gatherer:BambuSword","floor":1},{"not_picked":["SpiderBud","Wellcheers"],"picked":"Murderer","floor":1},{"not_picked":["Gatherer:EnergyBasket","Gatherer:ScherryThrow"],"picked":"Gatherer:BigPouch","floor":2},{"not_picked":["SpiderBud","UniverseFragment","Bloodbath"],"picked":"Singing Bowl","floor":2},{"not_picked":["VoidDream","Woodsman"],"picked":"QueenBee","floor":2},{"not_picked":["CherryBlossoms","PunishingBird"],"picked":"GalaxyChild","floor":3},{"not_picked":["Gatherer:CollectorsShot","Gatherer:Frenzy"],"picked":"Gatherer:Uplift","floor":3},{"not_picked":["Gatherer:FlamingBottle","Gatherer:OddSpoils"],"picked":"Gatherer:Duality","floor":4},{"not_picked":["Wellcheers","BigBird"],"picked":"Yin","floor":4},{"not_picked":["Gatherer:PotentialSlash","Gatherer:BalancedGrowth"],"picked":"Gatherer:GlowingPlant","floor":5}],"player_experience":26741,"relics_obtained":[{"floor":1,"key":"LetterFromLob"}],"event_choices":[],"is_beta":false,"boss_relics":[],"items_purged_floors":[],"is_endless":false,"potions_floor_spawned":[3],"killed_by":"Gremlin Nob","ascension_level":0}}