{"host":"t4s40kl3r64vu0u6","time":1609276288,"event":{"mods":["BaseMod","Colored Map","Googly Eyes","Highlight Path","Minty Spire (QoL Compilation)","READ ME - Snecko Mod","StSLib","slay the spire mod where everything is the same but ironclad has a cowboy hat"],"gold_per_floor":[118,135,147,132,151,180,180,191,217,217,228,254,311,355,367,483,495,522,534,558,582,100,128,128,128,128,128,163,8,339,339,339,438,438,449,449,33,51,51,79,79,109,136,166,166,179,179,198,198,198],"floor_reached":51,"playtime":3712,"items_purged":["Defend_G","Defend_G"],"score":1211,"play_id":"ff26b0a3-8e52-43a0-b85e-7c6388222fd9","local_time":"20201229161128","is_ascension_mode":true,"campfire_choices":[{"data":"After Image","floor":7,"key":"SMITH"},{"data":"Backstab","floor":10,"key":"SMITH"},{"data":"Envenom","floor":15,"key":"SMITH"},{"data":"Backstab","floor":25,"key":"SMITH"},{"data":"Backstab","floor":27,"key":"SMITH"},{"data":"Backstab","floor":32,"key":"SMITH"},{"data":"Masterful Stab","floor":41,"key":"SMITH"},{"floor":45,"key":"REST"},{"floor":49,"key":"REST"}],"circlet_count":0,"master_deck":["Defend_G","Defend_G","Defend_G","Survivor","Neutralize","Poisoned Stab","Backstab+1","Backstab+1","Masterful Stab+1","After Image+1","Dagger Throw","Infinite Blades","Predator","Unload","Underhanded Strike","Envenom+1","Phantasmal Killer+1","Dodge and Roll+1","Bite","Bite","Bite","Bite","Bite","Finisher+1","Backstab+1","Trip+1","Phantasmal Killer+1","Dagger Spray","Quick Slash","Blade Dance+1","Flying Knee+1","Backstab+1","Burst+1","The Bomb+1","Panache","Blade Dance+1","Footwork","Blade Dance+1","Finisher+1","Deflect+1","Blade Dance+1"],"relics":["Ring of the Snake","Toxic Egg 2","Omamori","Matryoshka","MawBank","Lantern","WristBlade","Anchor","Pen Nib","Centennial Puzzle","Shuriken","Pantograph","Oddly Smooth Stone","Old Coin","Nilry\u0027s Codex","Calling Bell","Boot","Mummified Hand","Pocketwatch","Dream Catcher","Orichalcum","Snake Skull","Potion Belt","The Courier","Sundial"],"acts_visited":["Exordium","TheCity","TheBeyond"],"potions_floor_usage":[6,16,33,33,35,42,42,46,50],"damage_taken":[{"damage":0,"enemies":"Jaw Worm","floor":1,"turns":5},{"damage":5,"enemies":"2 Louse","floor":2,"turns":3},{"damage":0,"enemies":"Small Slimes","floor":3,"turns":2},{"damage":13,"enemies":"Exordium Thugs","floor":4,"turns":4},{"damage":0,"enemies":"3 Louse","floor":5,"turns":2},{"damage":11,"enemies":"Lagavulin","floor":6,"turns":6},{"damage":0,"enemies":"Large Slime","floor":8,"turns":6},{"damage":2,"enemies":"Looter","floor":11,"turns":2},{"damage":0,"enemies":"Gremlin Nob","floor":12,"turns":3},{"damage":5,"enemies":"3 Sentries","floor":13,"turns":6},{"damage":11,"enemies":"Lagavulin","floor":14,"turns":6},{"damage":21,"enemies":"Slime Boss","floor":16,"turns":8},{"damage":3,"enemies":"Shell Parasite","floor":18,"turns":2},{"damage":3,"enemies":"Spheric Guardian","floor":20,"turns":3},{"damage":13,"enemies":"Snake Plant","floor":21,"turns":3},{"damage":13,"enemies":"Gremlin Leader","floor":23,"turns":4},{"damage":0,"enemies":"Book of Stabbing","floor":28,"turns":2},{"damage":1,"enemies":"Slavers","floor":30,"turns":3},{"damage":0,"enemies":"Collector","floor":33,"turns":2},{"damage":2,"enemies":"3 Shapes","floor":35,"turns":3},{"damage":1,"enemies":"3 Darklings","floor":38,"turns":3},{"damage":4,"enemies":"Giant Head","floor":40,"turns":5},{"damage":25,"enemies":"Nemesis","floor":42,"turns":4},{"damage":16,"enemies":"Reptomancer","floor":44,"turns":4},{"damage":0,"enemies":"Transient","floor":46,"turns":5},{"damage":9,"enemies":"Jaw Worm Horde","floor":48,"turns":3},{"damage":42,"enemies":"Donu and Deca","floor":50,"turns":5}],"seed_played":"9123765472821046765","potions_obtained":[{"floor":2,"key":"Energy Potion"},{"floor":5,"key":"Fire Potion"},{"floor":6,"key":"Energy Potion"},{"floor":8,"key":"DistilledChaos"},{"floor":14,"key":"PowerPotion"},{"floor":16,"key":"Ancient Potion"},{"floor":23,"key":"EntropicBrew"},{"floor":44,"key":"EssenceOfSteel"}],"is_trial":false,"path_per_floor":["M","M","M","M","M","E","R","M","T","R","M","E","?","E","R","B",null,"M","?","M","M","$","E","?","R","T","R","E","$","E","?","R","B",null,"M","?","$","M","?","E","R","E","T","E","R","M","T","M","R","B",null],"character_chosen":"THE_SILENT","items_purchased":["Anchor","Trip+1","Phantasmal Killer+1","Dagger Spray","Quick Slash","Oddly Smooth Stone","Panache","Blade Dance+1","Footwork"],"campfire_rested":2,"item_purchase_floors":[22,22,22,22,22,29,37,37,37],"current_hp_per_floor":[77,72,72,59,59,48,48,48,48,48,46,46,41,30,30,9,77,74,53,52,42,42,31,48,48,48,48,50,50,49,33,33,53,53,51,51,51,50,50,49,49,30,30,18,33,41,41,38,53,17],"gold":198,"neow_bonus":"TEN_PERCENT_HP_BONUS","is_daily":false,"chose_seed":false,"campfire_upgraded":7,"win_rate":0.0,"timestamp":1609276288,"path_taken":["M","M","M","M","M","E","R","M","T","R","M","E","?","E","R","BOSS","M","?","M","M","$","E","?","R","T","R","E","$","E","?","R","BOSS","M","?","$","M","?","E","R","E","T","E","R","?","?","M","R","BOSS"],"items_purchased_type":["Relic","Card","Card","Card","Card","Relic","Card","Card","Card"],"build_version":"2020-12-22","purchased_purges":2,"victory":true,"max_hp_per_floor":[77,77,77,77,77,77,77,77,77,77,77,77,77,77,77,77,77,77,53,53,53,53,53,53,53,53,53,53,53,53,53,53,53,53,53,53,53,53,53,53,53,53,53,53,53,53,53,53,53,53],"card_choices":[{"not_picked":["Dagger Throw","Backflip"],"picked":"Poisoned Stab","floor":1},{"not_picked":["Prepared","Quick Slash"],"picked":"Backstab","floor":2},{"not_picked":["Sucker Punch","Concentrate"],"picked":"Backstab","floor":3},{"not_picked":["Dodge and Roll","Quick Slash"],"picked":"Masterful Stab","floor":4},{"not_picked":["Acrobatics","Concentrate"],"picked":"After Image","floor":5},{"not_picked":["PiercingWail+1","Footwork"],"picked":"Dagger Throw","floor":6},{"not_picked":["Deadly Poison+1","Slice"],"picked":"Infinite Blades","floor":8},{"not_picked":["Acrobatics+1","Dagger Throw"],"picked":"Predator","floor":11},{"not_picked":["Tactician+1","Infinite Blades"],"picked":"Unload","floor":12},{"not_picked":["Backflip+1","Prepared+1"],"picked":"Underhanded Strike","floor":13},{"not_picked":["Flying Knee","Poisoned Stab"],"picked":"Envenom","floor":14},{"not_picked":["Tools of the Trade","Unload"],"picked":"Phantasmal Killer+1","floor":16},{"not_picked":["Backflip+1","Flechettes"],"picked":"Dodge and Roll+1","floor":18},{"not_picked":["PiercingWail+1","Sucker Punch+1"],"picked":"Finisher+1","floor":20},{"not_picked":["Heel Hook+1","Outmaneuver+1"],"picked":"Backstab","floor":21},{"not_picked":["Crippling Poison+1","Dagger Spray"],"picked":"Blade Dance+1","floor":23},{"not_picked":["Expertise+1","Dagger Spray"],"picked":"Flying Knee+1","floor":28},{"not_picked":["Corpse Explosion+1","Footwork"],"picked":"Backstab","floor":30},{"not_picked":["Doppelganger+1","Corpse Explosion+1"],"picked":"Burst+1","floor":33},{"not_picked":["Flying Knee","Quick Slash+1","Poisoned Stab+1"],"picked":"SKIP","floor":35},{"not_picked":["Jack Of All Trades+1","Chrysalis+1"],"picked":"The Bomb+1","floor":36},{"not_picked":["Dodge and Roll+1","Dagger Spray"],"picked":"Blade Dance+1","floor":38},{"not_picked":["Crippling Poison+1","Noxious Fumes+1"],"picked":"Finisher+1","floor":40},{"not_picked":["Underhanded Strike","Quick Slash+1","Skewer+1"],"picked":"SKIP","floor":42},{"not_picked":["Acrobatics+1","Bane","Distraction+1"],"picked":"SKIP","floor":44},{"not_picked":["Poisoned Stab","Flying Knee+1"],"picked":"Deflect+1","floor":45},{"not_picked":["Predator","Noxious Fumes+1"],"picked":"Blade Dance+1","floor":46},{"not_picked":["Crippling Poison+1","Underhanded Strike","Flying Knee"],"picked":"SKIP","floor":48}],"player_experience":227211,"relics_obtained":[{"floor":6,"key":"Toxic Egg 2"},{"floor":9,"key":"Omamori"},{"floor":12,"key":"Matryoshka"},{"floor":14,"key":"Lantern"},{"floor":23,"key":"Pen Nib"},{"floor":26,"key":"Centennial Puzzle"},{"floor":26,"key":"Shuriken"},{"floor":28,"key":"Pantograph"},{"floor":30,"key":"Old Coin"},{"floor":31,"key":"Nilry\u0027s Codex"},{"floor":34,"key":"Boot"},{"floor":34,"key":"Mummified Hand"},{"floor":34,"key":"Pocketwatch"},{"floor":40,"key":"Dream Catcher"},{"floor":42,"key":"Orichalcum"},{"floor":43,"key":"Snake Skull"},{"floor":43,"key":"Potion Belt"},{"floor":44,"key":"The Courier"},{"floor":47,"key":"Sundial"}],"event_choices":[{"damage_healed":0,"gold_gain":0,"player_choice":"Searched \u00272\u0027 times","damage_taken":0,"relics_obtained":["MawBank"],"max_hp_gain":0,"max_hp_loss":0,"event_name":"Dead Adventurer","floor":13,"gold_loss":0},{"damage_healed":0,"gold_gain":0,"player_choice":"Became a vampire","damage_taken":0,"max_hp_gain":0,"max_hp_loss":24,"event_name":"Vampires","floor":19,"gold_loss":0,"cards_obtained":["Bite","Bite","Bite","Bite","Bite"]},{"damage_healed":17,"gold_gain":0,"player_choice":"Heal","damage_taken":0,"max_hp_gain":0,"max_hp_loss":0,"event_name":"The Library","floor":24,"gold_loss":0},{"damage_healed":0,"gold_gain":0,"player_choice":"Obtained Book","damage_taken":16,"max_hp_gain":0,"max_hp_loss":0,"event_name":"Cursed Tome","floor":31,"gold_loss":0},{"damage_healed":0,"gold_gain":0,"player_choice":"Memory 1","damage_taken":0,"max_hp_gain":0,"max_hp_loss":0,"event_name":"SensoryStone","floor":36,"gold_loss":0},{"damage_healed":0,"gold_gain":0,"player_choice":"Ignored","damage_taken":0,"max_hp_gain":0,"max_hp_loss":0,"event_name":"SecretPortal","floor":39,"gold_loss":0}],"is_beta":false,"boss_relics":[{"not_picked":["Velvet Choker","Snecko Eye"],"picked":"WristBlade"},{"not_picked":["Astrolabe","Philosopher\u0027s Stone"],"picked":"Calling Bell"}],"items_purged_floors":[22,37],"is_endless":false,"potions_floor_spawned":[2,5,6,8,12,14,16,20,23,30,44],"ascension_level":4}}