{"host":"kw4o7b3ro2ktmmbe","time":1609237311,"event":{"mods":["BaseMod","Evolution","Minty Spire (QoL Compilation)","StSLib","The Bug Knight"],"gold_per_floor":[114,64,75,86,86,86,98,131,131,131,163,183,183,183,183,280,280,250,250,250,250,250,250,250,250,250,250,250,250,250,250,250,250,250,250,250,250,250,250,250,250,250,250,250,97,97,97,97,97,97],"floor_reached":51,"playtime":9272,"items_purged":[],"score":735,"play_id":"79e15ee0-c1c7-4d8c-9314-4b0c4c125543","local_time":"20201229232151","is_ascension_mode":false,"campfire_choices":[{"data":"HollowMod:DashSlash","floor":6.0,"key":"SMITH"},{"data":"HollowMod:CycloneSlash","floor":10.0,"key":"SMITH"},{"data":"HollowMod:Grubsong","floor":13.0,"key":"SMITH"},{"floor":15.0,"key":"REST"},{"data":"HollowMod:ZotesMagnificence","floor":23.0,"key":"SMITH"},{"floor":25.0,"key":"REST"},{"data":"HollowMod:DesolateDive","floor":27.0,"key":"SMITH"},{"floor":32.0,"key":"REST"},{"data":"1","floor":41,"key":"LIFT"},{"data":"2","floor":44,"key":"LIFT"},{"floor":49,"key":"REST"}],"circlet_count":0,"master_deck":["HollowMod:NailStrikeStart+1","HollowMod:NailStrikeStart+1","HollowMod:NailStrikeStart+1","HollowMod:NailStrikeStart+1","HollowMod:QuickDashStart+1","HollowMod:QuickDashStart+1","HollowMod:PogoStrike","HollowMod:DashSlash+1","HollowMod:CycloneSlash+1","HollowMod:Grubsong+1","HollowMod:DreamGate","HollowMod:ZotesMagnificence+1","HollowMod:DreamGate","HollowMod:HuntersJournal+1","HollowMod:FastStrike+1","HollowMod:DesolateDive+1","HollowMod:ZotesMagnificence","HollowMod:InfectedAttack+1","Madness","Madness","HollowMod:DungDefenderAura+1","HollowMod:DesolateDive+1"],"relics":["HollowMod:VesselMask","EVO:Axolotl","Dream Catcher","Vajra","Shuriken","Ectoplasm","MutagenicStrength","Art of War","Singing Bowl","Black Star","Girya","Blood Vial","Anchor","Ornamental Fan","Lee\u0027s Waffle","Darkstone Periapt","Boot","InkBottle"],"acts_visited":["Exordium","TheCity","TheBeyond"],"potions_floor_usage":[37,40,40,50,50],"damage_taken":[{"damage":3.0,"enemies":"Jaw Worm","floor":1.0,"turns":5.0},{"damage":0.0,"enemies":"2 Louse","floor":3.0,"turns":3.0},{"damage":1.0,"enemies":"Cultist","floor":4.0,"turns":3.0},{"damage":0.0,"enemies":"Exordium Wildlife","floor":7.0,"turns":3.0},{"damage":17.0,"enemies":"Lagavulin","floor":8.0,"turns":7.0},{"damage":9.0,"enemies":"Gremlin Nob","floor":11.0,"turns":4.0},{"damage":0.0,"enemies":"Looter","floor":12.0,"turns":1.0},{"damage":67.0,"enemies":"Hexaghost","floor":16.0,"turns":8.0},{"damage":10.0,"enemies":"2 Thieves","floor":18.0,"turns":3.0},{"damage":5.0,"enemies":"3 Byrds","floor":21.0,"turns":3.0},{"damage":6.0,"enemies":"3 Cultists","floor":22.0,"turns":3.0},{"damage":18.0,"enemies":"Gremlin Leader","floor":24.0,"turns":3.0},{"damage":10.0,"enemies":"Chosen and Byrds","floor":28.0,"turns":2.0},{"damage":17.0,"enemies":"Snake Plant","floor":29.0,"turns":3.0},{"damage":0.0,"enemies":"Sentry and Sphere","floor":31.0,"turns":3.0},{"damage":12.0,"enemies":"Champ","floor":33.0,"turns":5.0},{"damage":0.0,"enemies":"3 Darklings","floor":35.0,"turns":2.0},{"damage":0,"enemies":"Mind Bloom Boss Battle","floor":37,"turns":2},{"damage":0,"enemies":"Orb Walker","floor":39,"turns":1},{"damage":30,"enemies":"Nemesis","floor":40,"turns":5},{"damage":0,"enemies":"Sphere and 2 Shapes","floor":42,"turns":2},{"damage":38,"enemies":"Giant Head","floor":46,"turns":6},{"damage":0,"enemies":"Transient","floor":47,"turns":5},{"damage":14,"enemies":"HollowMod:Radiance","floor":50,"turns":6}],"seed_played":"-2499232115631016718","potions_obtained":[{"floor":4.0,"key":"BlessingOfTheForge"},{"floor":5.0,"key":"Fire Potion"},{"floor":5.0,"key":"EssenceOfSteel"},{"floor":11.0,"key":"Fire Potion"},{"floor":12.0,"key":"DuplicationPotion"},{"floor":22.0,"key":"SpeedPotion"},{"floor":24.0,"key":"Weak Potion"},{"floor":28.0,"key":"Fire Potion"},{"floor":33.0,"key":"Dexterity Potion"},{"floor":37,"key":"Dexterity Potion"},{"floor":46,"key":"Fire Potion"},{"floor":47,"key":"CultistPotion"}],"is_trial":false,"path_per_floor":["M","?","M","M","?","R","M","E","T","R","E","M","R","?","R","B",null,"M","?","?","M","M","R","E","R","T","R","M","M","?","M","R","B",null,"M","?","?","?","M","E","R","M","T","R","$","E","M","T","R","B",null],"character_chosen":"THE_BUGKNIGHT","items_purchased":["Lee\u0027s Waffle"],"campfire_rested":4,"item_purchase_floors":[45],"current_hp_per_floor":[82,82,82,82,82,82,82,71,71,71,68,68,68,61,82,21,82,78,78,78,79,73,73,65,82,82,82,80,65,65,73,90,78,90,90,90,92,80,82,54,54,56,56,56,103,67,69,69,102,90],"gold":97,"neow_bonus":"TEN_PERCENT_HP_BONUS","is_daily":false,"chose_seed":false,"campfire_upgraded":5,"win_rate":0.0,"timestamp":1609237311,"path_taken":["M","?","M","M","?","R","M","E","T","R","E","?","R","?","R","BOSS","M","?","?","?","M","R","E","R","T","R","M","M","?","M","R","BOSS","M","?","?","?","M","E","R","M","T","R","$","E","M","?","R","BOSS"],"items_purchased_type":["Relic"],"build_version":"2020-12-22","purchased_purges":0,"victory":true,"max_hp_per_floor":[82,82,82,82,82,82,82,82,82,82,82,82,82,82,82,82,82,82,82,82,82,82,82,82,82,82,82,84,86,86,88,90,90,90,90,90,92,92,94,96,96,96,96,96,103,105,105,105,107,107],"card_choices":[{"not_picked":["HollowMod:RecoilStrike","HollowMod:VengefulSpirit","HollowMod:DoubleDash"],"picked":"SKIP","floor":1.0},{"not_picked":["HollowMod:SharpenedShadows","HollowMod:WraithStrike"],"picked":"HollowMod:DashSlash","floor":3.0},{"not_picked":["HollowMod:GoodIntentions","HollowMod:SiblingsSouls"],"picked":"HollowMod:CycloneSlash","floor":4.0},{"not_picked":["HollowMod:RecoilStrike","HollowMod:MonarchWings","HollowMod:ShadowDash"],"picked":"SKIP","floor":7.0},{"not_picked":["HollowMod:DoubleDash","HollowMod:SoulStrike","HollowMod:GreatSlash"],"picked":"SKIP","floor":8.0},{"not_picked":["HollowMod:SharpenedShadows","HollowMod:LifebloodCocoon","HollowMod:TaintedHusks"],"picked":"SKIP","floor":11.0},{"not_picked":["HollowMod:VengefulVoid","HollowMod:InfectedCysts"],"picked":"HollowMod:Grubsong","floor":12.0},{"not_picked":["HollowMod:InfectedAttack","HollowMod:BlackTendrils"],"picked":"HollowMod:DreamGate","floor":15.0},{"not_picked":["HollowMod:MidwifesHunger","HollowMod:NewInfectedGuardian"],"picked":"HollowMod:ZotesMagnificence","floor":16.0},{"not_picked":["HollowMod:WraithStrike","HollowMod:SoulStrike","HollowMod:SiblingsSouls"],"picked":"SKIP","floor":18.0},{"not_picked":["HollowMod:HowlingWraiths","HollowMod:SoulStrike+1"],"picked":"HollowMod:DreamGate","floor":21.0},{"not_picked":["HollowMod:ShadowDash","HollowMod:WraithStrike"],"picked":"HollowMod:HuntersJournal+1","floor":22.0},{"not_picked":["HollowMod:SharpenedNail","HollowMod:ElderbugsWisdom"],"picked":"HollowMod:FastStrike+1","floor":24.0},{"not_picked":["HollowMod:CornifersMapStart","HollowMod:ShadowDash"],"picked":"HollowMod:DesolateDive","floor":25.0},{"not_picked":["HollowMod:HuntersJournal","HollowMod:CoiledNail","HollowMod:DescendingDark"],"picked":"Singing Bowl","floor":28.0},{"not_picked":["HollowMod:MothsMistake","HollowMod:SharpenedShadows+1","HollowMod:SoulSplash"],"picked":"Singing Bowl","floor":29.0},{"not_picked":["HollowMod:SoulStrike","HollowMod:NewLittleFool","HollowMod:DoubleDash"],"picked":"Singing Bowl","floor":31.0},{"not_picked":["HollowMod:SoulShaman","HollowMod:ChannelNail","HollowMod:MothsMistake"],"picked":"Singing Bowl","floor":32.0},{"not_picked":["HollowMod:AwokenDreamNail","HollowMod:NewInfectedGuardian"],"picked":"HollowMod:ZotesMagnificence","floor":33.0},{"not_picked":["HollowMod:InfectionAssault","HollowMod:ChannelNail"],"picked":"HollowMod:InfectedAttack+1","floor":35.0},{"not_picked":["HollowMod:ChannelNail+1","HollowMod:SoulSplash+1","HollowMod:CycloneSlash"],"picked":"Singing Bowl","floor":37},{"not_picked":["HollowMod:CornifersMapStart+1","HollowMod:NewInfectedGuardian","HollowMod:LifebloodCocoon+1"],"picked":"Singing Bowl","floor":39},{"not_picked":["HollowMod:CornifersMapStart","HollowMod:WraithStrike","HollowMod:SoulSplash"],"picked":"Singing Bowl","floor":40},{"not_picked":["HollowMod:SiblingsSouls+1","HollowMod:DesolateDive"],"picked":"HollowMod:DungDefenderAura+1","floor":42},{"not_picked":["HollowMod:NewLittleFool","HollowMod:DescendingDark+1","HollowMod:SoulEater"],"picked":"Singing Bowl","floor":46},{"not_picked":["HollowMod:DashSlash","HollowMod:VengefulVoid"],"picked":"HollowMod:DesolateDive+1","floor":47},{"not_picked":["HollowMod:PureNailStrike+1","HollowMod:SiblingsSouls+1","HollowMod:NewLittleFool"],"picked":"Singing Bowl","floor":49}],"player_experience":1771482,"relics_obtained":[{"floor":8.0,"key":"Dream Catcher"},{"floor":9.0,"key":"Vajra"},{"floor":11.0,"key":"Shuriken"},{"floor":24.0,"key":"Art of War"},{"floor":26.0,"key":"Singing Bowl"},{"floor":37,"key":"Girya"},{"floor":40,"key":"Blood Vial"},{"floor":40,"key":"Anchor"},{"floor":43,"key":"Ornamental Fan"},{"floor":46,"key":"Darkstone Periapt"},{"floor":46,"key":"Boot"},{"floor":48,"key":"InkBottle"}],"event_choices":[{"cards_removed":["HollowMod:QuickDashStart"],"damage_healed":0.0,"max_hp_gain":0.0,"max_hp_loss":0.0,"gold_gain":0.0,"event_name":"The Cleric","player_choice":"Card Removal","floor":2.0,"gold_loss":50.0,"damage_taken":0.0},{"damage_healed":0.0,"max_hp_gain":0.0,"max_hp_loss":0.0,"gold_gain":0.0,"event_name":"Lab","player_choice":"Got Potions","floor":5.0,"gold_loss":0.0,"damage_taken":0.0},{"cards_removed":["HollowMod:QuickDashStart"],"damage_healed":0.0,"max_hp_gain":0.0,"max_hp_loss":0.0,"gold_gain":0.0,"event_name":"Golden Wing","player_choice":"Card Removal","floor":14.0,"gold_loss":0.0,"damage_taken":7.0},{"damage_healed":0.0,"max_hp_gain":0.0,"max_hp_loss":0.0,"gold_gain":0.0,"event_name":"Drug Dealer","player_choice":"Inject Mutagens","floor":19.0,"gold_loss":0.0,"damage_taken":0.0,"relics_obtained":["MutagenicStrength"]},{"damage_healed":0.0,"max_hp_gain":0.0,"max_hp_loss":0.0,"gold_gain":100.0,"event_name":"Golden Shrine","player_choice":"Pray","floor":20.0,"gold_loss":0.0,"damage_taken":0.0},{"damage_healed":0.0,"max_hp_gain":0.0,"max_hp_loss":0.0,"gold_gain":0.0,"event_name":"Back to Basics","player_choice":"Simplicity","floor":30.0,"gold_loss":0.0,"damage_taken":0.0,"cards_upgraded":["HollowMod:NailStrikeStart","HollowMod:NailStrikeStart","HollowMod:NailStrikeStart","HollowMod:NailStrikeStart","HollowMod:QuickDashStart","HollowMod:QuickDashStart"]},{"damage_healed":0,"gold_gain":0,"player_choice":"Fight","damage_taken":0,"max_hp_gain":0,"max_hp_loss":0,"event_name":"MindBloom","floor":37,"gold_loss":0},{"damage_healed":0,"gold_gain":0,"player_choice":"Embrace Madness","damage_taken":12,"max_hp_gain":0,"max_hp_loss":0,"event_name":"Winding Halls","floor":38,"gold_loss":0,"cards_obtained":["Madness","Madness"]}],"is_beta":false,"boss_relics":[{"not_picked":["Runic Pyramid","Empty Cage"],"picked":"Ectoplasm"},{"not_picked":["Snecko Eye","Tiny House"],"picked":"Black Star"}],"items_purged_floors":[],"is_endless":false,"potions_floor_spawned":[4,7,11,12,22,24,28,33,37,46,47],"ascension_level":0}}