{"host":"bc298c4gavna5tx2","time":1609252111,"event":{"mods":["ATMod(°¢èªMod)","Act Like it!","BaseMod","Challenge The Spire","Minty Spire (QoL Compilation)","MostiFishMod","Quick Restart","Spicy Shops","StSLib","¡¾¹¦ÄÜMod¡¿»ìãçÖ®»·ÐÞ¸´²¹¶¡","¡¾ÒÅÎï¿¨ÅÆ¡¿REMEMod"],"gold_per_floor":[118,118,135,135,135,135,198,211,211,211,246,5,63,81,81,208,208,221,239,239,258,105,105,139,139,139,168,187,204,214,227,227,325,325,356,367,367,221,221,221,271,323,323,349,363,363,363,374,374,394,394,394,76,105,105],"floor_reached":56,"playtime":1918,"items_purged":[],"score":1594,"play_id":"22f239f9-c11d-4713-bb4d-03176f408108","local_time":"20201229222831","is_ascension_mode":true,"campfire_choices":[{"data":"Eruption","floor":6.0,"key":"SMITH"},{"data":"AT_ChampionStep","floor":10.0,"key":"SMITH"},{"data":"AT_ChampionStep","floor":15.0,"key":"SMITH"},{"floor":23.0,"key":"RECALL"},{"data":"MostiFishMod:StarLaLaLa","floor":25.0,"key":"SMITH"},{"data":"MostiFishMod:Nomercy","floor":32.0,"key":"SMITH"},{"data":"Ragnarok","floor":40.0,"key":"SMITH"},{"data":"Metamorphosis","floor":46.0,"key":"SMITH"},{"floor":49,"key":"REST"},{"data":"AT_RealFormLess","floor":52,"key":"SMITH"}],"circlet_count":0,"master_deck":["Strike_P","Strike_P+1","Strike_P","Strike_P","Defend_P","Defend_P","Defend_P","Defend_P","Eruption+1","Vigilance","AT_MachinaRedman+1","AT_ChampionStep+1","AT_ChampionStep+1","AT_RealFormLess+1","MostiFishMod:StarLaLaLa+1","PathToVictory","MostiFishMod:Dust","MostiFishMod:Nomercy+1","Ragnarok+1","Metamorphosis+1","REME_Flogging"],"relics":["HolyWater","REME_ComplimentaryCards","AT_ATBox","DaveBox","SynthV:C4","Anchor","SynthV:TestCard","Yang","Turnip","REME_LimitBreaker","Letter Opener","Matryoshka","Ornamental Fan","AT_TrinityForce","AT_ChloranthyRing","AT_RedNoBalance","TeardropLocket","Shuriken","Bottled Tornado","HandDrill","Ice Cream","ArrowTower","AT_ArchangelStaff","Regal Pillow","AT_BladeRuinedKing","AT_ForceNature"],"acts_visited":["Exordium","TheCity","TheBeyond","TheEnding"],"potions_floor_usage":[47,55,55,55],"damage_taken":[{"damage":0.0,"enemies":"2 Louse","floor":1.0,"turns":3.0},{"damage":7.0,"enemies":"Jaw Worm","floor":3.0,"turns":3.0},{"damage":15.0,"enemies":"Gremlin Nob","floor":7.0,"turns":3.0},{"damage":0.0,"enemies":"Small Slimes","floor":8.0,"turns":2.0},{"damage":0.0,"enemies":"Lagavulin","floor":11.0,"turns":3.0},{"damage":0.0,"enemies":"Gremlin Nob","floor":13.0,"turns":2.0},{"damage":0.0,"enemies":"Exordium Thugs","floor":14.0,"turns":1.0},{"damage":32.0,"enemies":"The Guardian","floor":16.0,"turns":4.0},{"damage":0.0,"enemies":"2 Thieves","floor":18.0,"turns":2.0},{"damage":2.0,"enemies":"Spheric Guardian","floor":19.0,"turns":3.0},{"damage":2.0,"enemies":"Cultist and Chosen","floor":21.0,"turns":2.0},{"damage":21.0,"enemies":"REME_1_Revenger","floor":24.0,"turns":3.0},{"damage":0.0,"enemies":"Slavers","floor":27.0,"turns":2.0},{"damage":0.0,"enemies":"Snake Plant","floor":28.0,"turns":2.0},{"damage":4.0,"enemies":"Centurion and Healer","floor":29.0,"turns":2.0},{"damage":0.0,"enemies":"Chosen and Byrds","floor":30.0,"turns":2.0},{"damage":0.0,"enemies":"Cultist and Chosen","floor":31.0,"turns":1.0},{"damage":10.0,"enemies":"Champ","floor":33.0,"turns":4.0},{"damage":0.0,"enemies":"3 Darklings","floor":35.0,"turns":2.0},{"damage":0.0,"enemies":"3 Shapes","floor":36.0,"turns":1.0},{"damage":17.0,"enemies":"Nemesis","floor":41.0,"turns":3.0},{"damage":25.0,"enemies":"2 Orb Walkers","floor":42.0,"turns":4.0},{"damage":0.0,"enemies":"Giant Head","floor":44.0,"turns":1.0},{"damage":0.0,"enemies":"Jaw Worm Horde","floor":45.0,"turns":1.0},{"damage":0,"enemies":"Maw","floor":47,"turns":1},{"damage":8,"enemies":"Writhing Mass","floor":48,"turns":2},{"damage":28,"enemies":"Donu and Deca","floor":50,"turns":4},{"damage":0,"enemies":"Shield and Spear","floor":54,"turns":1},{"damage":62,"enemies":"The Heart","floor":55,"turns":4}],"seed_played":"-3319598664020765584","potions_obtained":[{"floor":3.0,"key":"REME_GoldPotion"},{"floor":14.0,"key":"REME_GoldPotion"},{"floor":16.0,"key":"Ambrosia"},{"floor":19.0,"key":"Fire Potion"},{"floor":20.0,"key":"PowerPotion"},{"floor":28.0,"key":"SkillPotion"},{"floor":33.0,"key":"BlessingOfTheForge"},{"floor":35.0,"key":"Strength Potion"},{"floor":45.0,"key":"SmokeBomb"},{"floor":48,"key":"BlessingOfTheForge"},{"floor":54,"key":"Weak Potion"}],"is_trial":false,"path_per_floor":["M","?","M","T","?","R","E","M","T","R","E","$","?","M","R","B",null,"M","M","?","M","$","R","E","R","T","E","M","M","M","M","R","B",null,"M","M","?","$","?","R","E","?","T","E","M","R","M","M","R","B",null,"R","$","E","B",null],"character_chosen":"WATCHER","items_purchased":["Matryoshka","AT_ChloranthyRing","HandDrill","REME_Flogging","AT_BladeRuinedKing"],"campfire_rested":1,"item_purchase_floors":[12,22,38,53,53],"current_hp_per_floor":[72,72,65,65,51,51,36,36,36,36,36,36,36,36,36,8,72,72,70,70,68,68,68,47,47,47,36,36,32,36,36,36,26,72,36,36,36,36,36,36,19,11,11,43,36,36,36,28,64,36,72,72,72,72,14],"gold":105,"neow_bonus":"RANDOM_COMMON_RELIC","is_daily":false,"chose_seed":false,"campfire_upgraded":8,"win_rate":0.0,"timestamp":1609252111,"path_taken":["M","?","M","?","?","R","E","M","T","R","E","$","?","?","R","BOSS","M","M","?","M","$","R","E","R","T","E","M","M","M","M","R","BOSS","M","?","?","$","?","R","E","?","T","E","M","R","M","M","R","BOSS","R","$","E","BOSS"],"items_purchased_type":["Relic","Relic","Relic","Card","Relic"],"build_version":"2020-12-22","purchased_purges":0,"victory":true,"max_hp_per_floor":[72,72,72,72,72,72,72,72,72,72,72,72,72,72,72,72,72,72,72,72,72,72,72,72,72,72,72,72,72,72,72,72,72,72,72,72,72,72,72,72,72,72,72,72,72,72,72,72,72,72,72,72,72,72,72],"card_choices":[{"not_picked":["Crescendo","Consecrate","Halt"],"picked":"SKIP","floor":1.0},{"not_picked":["Study","LikeWater","SashWhip","ClearTheMind","EmptyBody"],"picked":"SKIP","floor":3.0},{"not_picked":["REME_Repentance","CutThroughFate","MentalFortress","WaveOfTheHand","Evaluate"],"picked":"SKIP","floor":7.0},{"not_picked":["Prostrate","ClearTheMind","REME_Repentance","CrushJoints"],"picked":"AT_ChampionStep","floor":8.0},{"not_picked":["Prostrate","MostiFishMod:Disappear","REME_MusicOfDeath","BowlingBash"],"picked":"AT_ChampionStep","floor":11.0},{"not_picked":["WheelKick","ClearTheMind","REME_Repentance","Adaptation"],"picked":"AT_RealFormLess","floor":14.0},{"not_picked":["Omniscience","AT_IrregularMenstruation","Alpha","Wish"],"picked":"MostiFishMod:StarLaLaLa","floor":16.0},{"not_picked":["Protect","EmptyBody","BowlingBash","Conclude"],"picked":"PathToVictory","floor":18.0},{"not_picked":["SashWhip+1","Consecrate","FollowUp","CarveReality","TalkToTheHand"],"picked":"SKIP","floor":19.0},{"not_picked":["Crescendo","SashWhip","EmptyBody","FlurryOfBlows+1","Pray"],"picked":"SKIP","floor":21.0},{"not_picked":["FollowUp","JustLucky+1","Nirvana","MentalFortress"],"picked":"MostiFishMod:Dust","floor":24.0},{"not_picked":["SashWhip","Evaluate","CrushJoints","FollowUp+1","Indignation+1"],"picked":"SKIP","floor":27.0},{"not_picked":["FlyingSleeves","WheelKick","Evaluate","ClearTheMind"],"picked":"MostiFishMod:Nomercy","floor":28.0},{"not_picked":["EmptyFist","WheelKick+1","EmptyBody","Vengeance","MostiFishMod:Clarity"],"picked":"SKIP","floor":29.0},{"not_picked":["AT_OneInchPunch","AT_DivineConfetti","JustLucky","Pray","EmptyFist"],"picked":"SKIP","floor":30.0},{"not_picked":["Weave+1","Study","Vengeance","FollowUp+1","Nirvana"],"picked":"SKIP","floor":31.0},{"not_picked":["REME_WorshipGod","MostiFishMod:DisColor","Blasphemy","MostiFishMod:Disappear"],"picked":"Ragnarok","floor":33.0},{"not_picked":["ClearTheMind","SashWhip","SignatureMove","TalkToTheHand+1","EmptyFist"],"picked":"SKIP","floor":35.0},{"not_picked":["AT_OneInchPunch","Prostrate+1","Evaluate","Halt","MostiFishMod:Moonprays"],"picked":"SKIP","floor":36.0},{"not_picked":["PanicButton","Sadistic Nature","AT_LightSaberMaster","REME_ShortnessOfBreath"],"picked":"Metamorphosis","floor":39.0},{"not_picked":["FlurryOfBlows","EmptyFist+1","FollowUp","Nirvana","Halt"],"picked":"SKIP","floor":41.0},{"not_picked":["MostiFishMod:DisColor","JustLucky","Evaluate+1","BowlingBash","FlurryOfBlows+1"],"picked":"SKIP","floor":44.0},{"not_picked":["Conclude","FlurryOfBlows+1","AT_ChampionStep+1","ReachHeaven+1","MostiFishMod:FlowState+1"],"picked":"SKIP","floor":45.0},{"not_picked":["Ragnarok","WheelKick+1","ReachHeaven+1","JustLucky+1","WaveOfTheHand+1"],"picked":"SKIP","floor":48},{"not_picked":["REME_EmptyShield","AT_SoftenMuscles+1","Collect+1","MostiFishMod:PathToVictory+1","REME_Repentance+1"],"picked":"SKIP","floor":54}],"player_experience":74790,"relics_obtained":[{"floor":1.0,"key":"SynthV:TestCard"},{"floor":4.0,"key":"Yang"},{"floor":7.0,"key":"Turnip"},{"floor":9.0,"key":"REME_LimitBreaker"},{"floor":11.0,"key":"Letter Opener"},{"floor":13.0,"key":"Ornamental Fan"},{"floor":24.0,"key":"AT_SilverBalance"},{"floor":26.0,"key":"TeardropLocket"},{"floor":26.0,"key":"Shuriken"},{"floor":27.0,"key":"Bottled Tornado"},{"floor":41.0,"key":"Ice Cream"},{"floor":42.0,"key":"ArrowTower"},{"floor":43.0,"key":"AT_ArchangelStaff"},{"floor":44.0,"key":"Regal Pillow"},{"floor":54,"key":"AT_ForceNature"}],"event_choices":[{"damage_healed":0.0,"max_hp_gain":0.0,"max_hp_loss":0.0,"gold_gain":0.0,"event_name":"Living Wall","player_choice":"Grow","floor":2.0,"gold_loss":0.0,"damage_taken":0.0,"cards_upgraded":["AT_MachinaRedman"]},{"damage_healed":0.0,"max_hp_gain":0.0,"max_hp_loss":0.0,"gold_gain":0.0,"event_name":"Shining Light","player_choice":"Entered Light","floor":5.0,"gold_loss":0.0,"damage_taken":14.0,"cards_upgraded":["Strike_P","MostiFishMod:IntelligentEquipment"]},{"damage_healed":0.0,"max_hp_gain":0.0,"max_hp_loss":0.0,"gold_gain":0.0,"event_name":"Dead Adventurer","player_choice":"Searched \u00271\u0027 times","floor":13.0,"gold_loss":0.0,"damage_taken":0.0},{"damage_healed":0.0,"max_hp_gain":0.0,"max_hp_loss":0.0,"gold_gain":0.0,"event_name":"Lab","player_choice":"Got Potions","floor":20.0,"gold_loss":0.0,"damage_taken":0.0},{"cards_removed":["MostiFishMod:IntelligentEquipment"],"damage_healed":0.0,"max_hp_gain":0.0,"max_hp_loss":0.0,"gold_gain":0.0,"event_name":"Falling","player_choice":"Removed Power","floor":37.0,"gold_loss":0.0,"damage_taken":0.0},{"damage_healed":0.0,"max_hp_gain":0.0,"max_hp_loss":0.0,"gold_gain":0.0,"event_name":"SensoryStone","player_choice":"Memory 1","floor":39.0,"gold_loss":0.0,"damage_taken":0.0},{"damage_healed":0.0,"max_hp_gain":0.0,"max_hp_loss":0.0,"gold_gain":0.0,"event_name":"Mysterious Sphere","player_choice":"Fight","floor":42.0,"gold_loss":0.0,"damage_taken":0.0}],"is_beta":false,"boss_relics":[{"not_picked":["Sozu","SlaversCollar"],"picked":"AT_TrinityForce"},{"not_picked":["Runic Dome","REME_ChargedStone"],"picked":"HolyWater"}],"items_purged_floors":[],"is_endless":false,"potions_floor_spawned":[3,14,16,19,21,28,33,35,45,47,48,54],"ascension_level":3}}