{"host":"xrbxyo513dr24h85","time":1609275462,"event":{"mods":["BaseMod","Better Third Choice","Colored Map","Downfall","Googly Eyes","Halation","Hubris","Lobotomy","Minty Spire (QoL Compilation)","Random Character Button","Relic Stats","Replay The Spire","Retaliation","StSLib","The Blue Laboratory"],"gold_per_floor":[116,129,139,153,171,200,89,89,89,103,116,116,150,165,165,267,267,248,262,279,279,232,258,258,258,258,258,211,226,241,252,252,350,350,361,361,361,380,397,397,397,515,515,515,356,356,117,151,151,151],"floor_reached":51,"playtime":1911,"items_purged":[],"score":586,"play_id":"202aeadc-cfd5-414c-ab56-a8c087e7da48","local_time":"20201229125742","is_ascension_mode":false,"campfire_choices":[{"data":"Metallicize","floor":8,"key":"SMITH"},{"floor":40,"key":"RECALL"},{"data":"Demon Form","floor":44,"key":"SMITH"},{"data":"Limit Break","floor":46,"key":"SMITH"}],"circlet_count":0,"master_deck":["Strike_R+1","Strike_R+1","Strike_R+1","Strike_R+1","Strike_R+1","Defend_R+1","Defend_R+1","Defend_R+1","Defend_R+1","Bash","ReplayTheSpireMod:Strike From Hell","Iron Wave","DDmod:UnstoppableAttack","Twin Strike","DDmod:RapidStrikeAttack","Sword Boomerang","Metallicize+1","Thunderclap+1","Sword Boomerang","Rampage","DDmod:SpikeInjectionSkill","Thunderclap","Thunderclap","Cleave+1","DDmod:UnstoppableAttack+1","Flex","DDmod:SpikeMailSkill","DDmod:SpikedSkill","Demon Form+1","ReplayTheSpireMod:Limb From Limb+1","Eclipse","DDmod:SpikedSkill+1","Pummel","Limit Break+1","Shrug It Off+1","DDmod:SpikedSkill"],"relics":["Burning Blood","Eternal Feather","DDmod:StuhbiRelic","Thread and Needle","SlaversCollar","Champion Belt","Meat on the Bone","hubris:PeanutButter","Ooze Armor","hubris:Icosahedron","hubris:IronBody","Kunai","Blue Candle"],"acts_visited":["Exordium","TheCity","TheBeyond"],"potions_floor_usage":[6,16,16,16,23,30,33,50,50,50],"damage_taken":[{"damage":8,"enemies":"Jaw Worm","floor":1,"turns":4},{"damage":9,"enemies":"Cultist","floor":2,"turns":4},{"damage":4,"enemies":"2 Louse","floor":3,"turns":3},{"damage":4,"enemies":"Exordium Wildlife","floor":4,"turns":3},{"damage":16,"enemies":"Large Slime","floor":5,"turns":5},{"damage":30,"enemies":"Gremlin Nob","floor":6,"turns":5},{"damage":14,"enemies":"Blue Slaver","floor":10,"turns":4},{"damage":12,"enemies":"Exordium Wildlife","floor":11,"turns":3},{"damage":31,"enemies":"Replay:BlueRogue","floor":13,"turns":8},{"damage":1,"enemies":"Looter","floor":14,"turns":4},{"damage":54,"enemies":"Fading Forest","floor":16,"turns":11},{"damage":18,"enemies":"2 Thieves","floor":18,"turns":4},{"damage":26,"enemies":"Shell Parasite","floor":19,"turns":10},{"damage":27,"enemies":"Chosen and Byrds","floor":20,"turns":8},{"damage":6,"enemies":"Slavers","floor":23,"turns":4},{"damage":0,"enemies":"3 Cultists","floor":29,"turns":6},{"damage":19,"enemies":"Shelled Parasite and Fungi","floor":30,"turns":9},{"damage":7,"enemies":"Centurion and Healer","floor":31,"turns":15},{"damage":39,"enemies":"Champ","floor":33,"turns":17},{"damage":0,"enemies":"Orb Walker","floor":35,"turns":3},{"damage":18,"enemies":"3 Darklings","floor":38,"turns":4},{"damage":26,"enemies":"Spire Growth","floor":39,"turns":5},{"damage":0,"enemies":"4 Shapes","floor":42,"turns":3},{"damage":4,"enemies":"Nemesis","floor":48,"turns":7},{"damage":74,"enemies":"Replay:Hell Engine","floor":50,"turns":10}],"seed_played":"-3678446379959468057","potions_obtained":[{"floor":4,"key":"PowerPotion"},{"floor":11,"key":"Doom Potion"},{"floor":12,"key":"blueLaboratory:LimitlessPotion"},{"floor":12,"key":"blueLaboratory:HeartbeatPotion"},{"floor":16,"key":"Fruit Juice"},{"floor":19,"key":"ColorlessPotion"},{"floor":29,"key":"BlessingOfTheForge"},{"floor":35,"key":"blueLaboratory:BottledHope"},{"floor":38,"key":"Elixir"},{"floor":48,"key":"DistilledChaos"}],"is_trial":false,"path_per_floor":["M","M","M","M","M","E","$","R","T","M","M","?","E","M","R","B",null,"M","M","M","?","$","E","R","T","T","?","$","M","M","M","R_BF","B",null,"M","?","?","M","M","R","?","M","T","R","$","R","$","E","R_BF","B",null],"character_chosen":"IRONCLAD","items_purchased":["Metallicize","Thunderclap+1","Flex","DDmod:SpikedSkill","Limit Break","Kunai"],"campfire_rested":0,"item_purchase_floors":[7,7,22,28,45,47],"current_hp_per_floor":[78,75,80,80,74,54,54,63,63,59,53,53,32,41,53,24,85,73,59,44,44,44,55,70,70,70,70,70,81,72,76,85,56,85,85,85,85,73,68,85,85,85,85,85,85,85,85,85,85,46],"gold":151,"neow_bonus":"THREE_CARDS","is_daily":false,"chose_seed":false,"campfire_upgraded":3,"win_rate":0.0,"timestamp":1609275462,"path_taken":["M","M","M","M","M","E","$","R","T","M","M","?","E","M","R","BOSS","M","?","M","?","$","E","R","?","T","?","?","?","M","M","R_BF","BOSS","M","?","?","?","M","R","?","M","T","R","$","R","$","E","R_BF","BOSS"],"items_purchased_type":["Card","Card","Card","Card","Card","Relic"],"build_version":"2020-12-22","purchased_purges":0,"victory":true,"max_hp_per_floor":[80,80,80,80,80,80,80,80,80,80,80,80,80,80,80,85,85,85,85,85,85,85,85,85,85,85,85,85,85,85,85,85,85,85,85,85,85,85,85,85,85,85,85,85,85,85,85,85,85,85],"relic_stats":{"counters":[25,159],"Blue Candle":[0],"Eternal Feather":62,"Champion Belt":[66],"Kunai":[10],"obtain_stats":[{"Blue Candle":48,"Eternal Feather":6,"Thread and Needle":13,"halation:StarCompass":41,"Burning Blood":0,"SlaversCollar":17,"DDmod:StuhbiRelic":9,"hubris:Icosahedron":36,"Ooze Armor":34,"hubris:PeanutButter":26,"hubris:IronBody":43,"Champion Belt":23,"Kunai":47,"Meat on the Bone":25},{"Blue Candle":24,"Eternal Feather":6,"Thread and Needle":9,"halation:StarCompass":22,"Burning Blood":0,"SlaversCollar":11,"DDmod:StuhbiRelic":6,"hubris:Icosahedron":20,"Ooze Armor":19,"hubris:PeanutButter":15,"hubris:IronBody":23,"Champion Belt":15,"Kunai":23,"Meat on the Bone":15},{"Blue Candle":149,"Eternal Feather":24,"Thread and Needle":39,"halation:StarCompass":139,"Burning Blood":0,"SlaversCollar":54,"DDmod:StuhbiRelic":24,"hubris:Icosahedron":130,"Ooze Armor":127,"hubris:PeanutButter":80,"hubris:IronBody":142,"Champion Belt":80,"Kunai":142,"Meat on the Bone":80}],"Burning Blood":129,"Meat on the Bone":12},"card_choices":[{"not_picked":["hubris:ReadiedAction","Searing Blow"],"picked":"ReplayTheSpireMod:Strike From Hell","floor":0},{"not_picked":["Clothesline","Searing Blow"],"picked":"Iron Wave","floor":1},{"not_picked":["Shrug It Off","Clothesline"],"picked":"DDmod:UnstoppableAttack","floor":2},{"not_picked":["DDmod:RapidStrikeAttack","Clothesline"],"picked":"DDmod:EasePowerCard","floor":3},{"not_picked":["Body Slam","DDmod:AllInSkill"],"picked":"Twin Strike","floor":4},{"not_picked":["DDmod:PokeAttack","Defy Death"],"picked":"DDmod:RapidStrikeAttack","floor":5},{"not_picked":["Blood for Blood","Body Slam"],"picked":"Sword Boomerang","floor":6},{"not_picked":["Dropkick","Anger"],"picked":"Sword Boomerang","floor":10},{"not_picked":["Disarm","True Grit"],"picked":"Rampage","floor":11},{"not_picked":["Second Wind","Brutality"],"picked":"DDmod:SpikeInjectionSkill","floor":13},{"not_picked":["DDmod:PokeAttack","Hemokinesis"],"picked":"Thunderclap","floor":14},{"not_picked":["ReplayTheSpireMod:Strike From Hell","Wild Strike"],"picked":"Thunderclap","floor":18},{"not_picked":["Iron Wave+1","Run Through"],"picked":"Cleave+1","floor":19},{"not_picked":["Cleave+1","Headbutt"],"picked":"DDmod:UnstoppableAttack+1","floor":20},{"not_picked":["Flex+1","DDmod:CallousedSkill"],"picked":"DDmod:SpikeMailSkill","floor":23},{"not_picked":["Defy Death","Perfected Strike+1","Headbutt"],"picked":"SKIP","floor":29},{"not_picked":["Havoc","Bloodletting","Wild Strike+1"],"picked":"SKIP","floor":30},{"not_picked":["Fiend Fire","Dropkick","DDmod:CallousedSkill"],"picked":"SKIP","floor":31},{"not_picked":["Double Tap","Brutality"],"picked":"Demon Form","floor":33},{"not_picked":["Dark Embrace+1","Disarm+1"],"picked":"ReplayTheSpireMod:Limb From Limb+1","floor":35},{"not_picked":["Bloodletting+1","Rampage+1"],"picked":"DDmod:SpikedSkill+1","floor":38},{"not_picked":["Replay:Undeath\u0027s Touch","Rampage"],"picked":"Pummel","floor":39},{"not_picked":["ReplayTheSpireMod:Strike From Hell","DDmod:EasePowerCard+1","Flex"],"picked":"SKIP","floor":42},{"not_picked":["Replay:Undeath\u0027s Touch","ReplayReversal"],"picked":"Shrug It Off+1","floor":48}],"player_experience":1154515,"relics_obtained":[{"floor":6,"key":"Eternal Feather"},{"floor":9,"key":"DDmod:StuhbiRelic"},{"floor":13,"key":"Thread and Needle"},{"floor":23,"key":"Champion Belt"},{"floor":25,"key":"Meat on the Bone"},{"floor":26,"key":"hubris:PeanutButter"},{"floor":43,"key":"hubris:IronBody"},{"floor":48,"key":"Blue Candle"}],"event_choices":[{"damage_healed":0,"gold_gain":0,"player_choice":"Got Potions","damage_taken":0,"max_hp_gain":0,"max_hp_loss":0,"event_name":"Lab","floor":12,"gold_loss":0},{"damage_healed":0,"gold_gain":0,"player_choice":"Ignored","damage_taken":0,"max_hp_gain":0,"max_hp_loss":0,"event_name":"Ghosts","floor":21,"gold_loss":0},{"damage_healed":0,"gold_gain":0,"player_choice":"Simplicity","damage_taken":0,"max_hp_gain":0,"max_hp_loss":9,"event_name":"betterThird:BetterWriting","floor":27,"gold_loss":0},{"damage_healed":0,"gold_gain":0,"cards_transformed":["DDmod:EasePowerCard"],"player_choice":"Transformed","damage_taken":0,"max_hp_gain":0,"max_hp_loss":0,"event_name":"Transmorgrifier","floor":37,"gold_loss":0,"cards_obtained":["Eclipse"]}],"is_beta":false,"boss_relics":[{"not_picked":["Replay:Ancient Bell","Fusion Hammer"],"picked":"SlaversCollar"},{"not_picked":["Kintsugi","halation:MonkeysPaw"],"picked":"Ooze Armor"}],"items_purged_floors":[],"is_endless":false,"potions_floor_spawned":[4,11,13,14,16,19,29,35,38,48],"ascension_level":0}}