{"host":"hdafziggwnbzqpcb","time":1609229628,"event":{"mods":["BaseMod","Better Vampires","Colored Map","Colored Powertips","Curses Come First","Duelist Mod","GifTheSpireLib","Hero for Fun","Minty Spire (QoL Compilation)","Quick Restart","Rare Cards Sparkle","Relic Stats","Spicy Shops","StSLib","The Bug Knight","The Cursed","The Marked","The Senshi","The Wild Card","TheHero"],"gold_per_floor":[13,13,23,35,0,0,0,28,28,41,41,41,41,54,54,158,158,178,191,116,41,41,69,69,85,85,100,112,112,39,54,54,151,151,169,180,180,180,180,180,190,206,286,31,57,136,11,46,46,46],"floor_reached":51,"playtime":2386,"items_purged":["theSenshi:SailorKick","theSenshi:NeptunesGrace","theSenshi:SailorMarsAssists"],"score":920,"play_id":"55d5108e-4188-4550-87c6-bd425406c55c","local_time":"20201229001348","is_ascension_mode":true,"campfire_choices":[{"data":"theSenshi:MoonPrismPowerMakeUp","floor":6.0,"key":"SMITH"},{"data":"theSenshi:MoonCrisisMakeUp","floor":12.0,"key":"SMITH"},{"data":"theSenshi:MoonPrincessHalation","floor":15.0,"key":"SMITH"},{"data":"theSenshi:MoonTiaraMagic","floor":29.0,"key":"SMITH"},{"data":"theSenshi:SailorJupiterAssists","floor":32.0,"key":"SMITH"},{"data":"theSenshi:SilverMoonCrystalPowerKiss","floor":40.0,"key":"SMITH"},{"floor":49,"key":"REST"}],"circlet_count":0,"master_deck":["theSenshi:SailorKick+1","theSenshi:RoseThrow","theSenshi:MoonPrismPowerMakeUp+1","theSenshi:SchoolBag","theSenshi:SailorJupiterAssists+1","theSenshi:LateForSchool","theSenshi:MoonCrisisMakeUp+1","theSenshi:MoonPrincessHalation+1","theSenshi:SailorMercuryAssists","theSenshi:MoonTiaraMagic+1","theSenshi:SilverMoonCrystalPowerKiss+1","Swift Strike","theSenshi:MoonCosmicPowerMakeUp+1","theSenshi:MoonPrismPowerMakeUp+1","theSenshi:StarlightHoneymoonTherapyKiss","theSenshi:TallSilhouette+1"],"relics":["theSenshi:TransformationBroochRelic","Akabeko","Sozu","Bottled Lightning","Bag of Preparation","Ice Cream","theSenshi:EternalSailorFukuRelic","Bottled Tornado","DollysMirror","Unceasing Top","Mummified Hand","Mercury Hourglass"],"acts_visited":["Exordium","TheCity","TheBeyond"],"potions_floor_usage":[],"damage_taken":[{"damage":3.0,"enemies":"Jaw Worm","floor":1.0,"turns":3.0},{"damage":0.0,"enemies":"2 Louse","floor":3.0,"turns":3.0},{"damage":0.0,"enemies":"Cultist","floor":4.0,"turns":3.0},{"damage":18.0,"enemies":"Lagavulin","floor":8.0,"turns":6.0},{"damage":0.0,"enemies":"Looter","floor":10.0,"turns":2.0},{"damage":4.0,"enemies":"Large Slime","floor":14.0,"turns":6.0},{"damage":11.0,"enemies":"Hexaghost","floor":16.0,"turns":6.0},{"damage":8.0,"enemies":"Chosen","floor":18.0,"turns":2.0},{"damage":7.0,"enemies":"Shell Parasite","floor":19.0,"turns":2.0},{"damage":11.0,"enemies":"Book of Stabbing","floor":23.0,"turns":3.0},{"damage":0.0,"enemies":"Snecko","floor":25.0,"turns":3.0},{"damage":0.0,"enemies":"Chosen and Byrds","floor":27.0,"turns":3.0},{"damage":0.0,"enemies":"3 Cultists","floor":28.0,"turns":3.0},{"damage":10.0,"enemies":"Shelled Parasite and Fungi","floor":31.0,"turns":4.0},{"damage":13.0,"enemies":"Automaton","floor":33.0,"turns":6.0},{"damage":8.0,"enemies":"3 Darklings","floor":35.0,"turns":5.0},{"damage":0.0,"enemies":"3 Shapes","floor":36.0,"turns":3.0},{"damage":33.0,"enemies":"3 Darklings","floor":41.0,"turns":5.0},{"damage":5,"enemies":"Spire Growth","floor":42,"turns":3},{"damage":9,"enemies":"Giant Head","floor":45,"turns":5},{"damage":18,"enemies":"Reptomancer","floor":48,"turns":3},{"damage":23,"enemies":"Time Eater","floor":50,"turns":4}],"seed_played":"-876032461058918642","potions_obtained":[{"floor":1.0,"key":"Fruit Juice"},{"floor":14.0,"key":"SteroidPotion"},{"floor":16.0,"key":"Strength Potion"}],"is_trial":false,"path_per_floor":["M","?","M","M","?","R","T","E","T","M","$","R","$","M","R","B",null,"M","M","?","$","?","E","?","M","T","M","M","R","$","M","R","B",null,"M","M","?","?","?","R","M","M","T","$","E","T","$","E","R","B",null],"character_chosen":"THE_SENSHI","items_purchased":["Ice Cream","DollysMirror"],"campfire_rested":1,"item_purchase_floors":[30,44],"current_hp_per_floor":[77,61,61,61,80,80,80,62,62,62,62,62,62,58,58,47,80,72,65,65,65,65,54,54,54,54,54,54,54,54,44,44,31,80,72,72,72,72,62,62,29,24,24,24,15,15,15,20,44,21],"gold":46,"neow_bonus":"REMOVE_TWO","is_daily":false,"chose_seed":false,"campfire_upgraded":6,"win_rate":0.0,"timestamp":1609229628,"path_taken":["M","?","M","M","?","R","?","E","T","M","?","R","$","?","R","BOSS","M","M","?","$","?","E","?","M","T","M","?","R","$","M","R","BOSS","M","M","?","?","?","R","M","M","T","?","E","?","$","E","R","BOSS"],"items_purchased_type":["Relic","Relic"],"build_version":"2020-12-22","purchased_purges":3,"victory":true,"max_hp_per_floor":[80,80,80,80,80,80,80,80,80,80,80,80,80,80,80,80,80,80,80,80,80,80,80,80,80,80,80,80,80,80,80,80,80,80,80,80,80,80,80,80,80,80,80,80,80,80,80,80,80,80],"relic_stats":{"Sozu":8,"counters":[22,83],"Mummified Hand":[11],"Bag of Preparation":[22],"obtain_stats":[{"Sozu":17,"Ice Cream":30,"theSenshi:EternalSailorFukuRelic":34,"theSenshi:TransformationBroochRelic":0,"DollysMirror":44,"Mummified Hand":46,"Bag of Preparation":26,"Bottled Lightning":23,"Bottled Tornado":43,"Akabeko":8,"Unceasing Top":45,"Mercury Hourglass":48},{"Sozu":7,"Ice Cream":13,"theSenshi:EternalSailorFukuRelic":15,"theSenshi:TransformationBroochRelic":0,"DollysMirror":19,"Mummified Hand":20,"Bag of Preparation":11,"Bottled Lightning":10,"Bottled Tornado":19,"Akabeko":4,"Unceasing Top":20,"Mercury Hourglass":21},{"Sozu":29,"Ice Cream":45,"theSenshi:EternalSailorFukuRelic":55,"theSenshi:TransformationBroochRelic":0,"DollysMirror":71,"Mummified Hand":76,"Bag of Preparation":39,"Bottled Lightning":36,"Bottled Tornado":71,"Akabeko":15,"Unceasing Top":76,"Mercury Hourglass":79}],"Unceasing Top":[2],"Mercury Hourglass":[9]},"card_choices":[{"not_picked":["theSenshi:InTheNickOfTime","theSenshi:MoonKick","theSenshi:SupersonicWaves"],"picked":"SKIP","floor":1.0},{"not_picked":["theSenshi:SailorPlanetAttack","theSenshi:Sidestep"],"picked":"theSenshi:SchoolBag","floor":3.0},{"not_picked":["theSenshi:EncouragingSpeech","theSenshi:SailorChibiMoonAssists"],"picked":"theSenshi:SailorJupiterAssists","floor":4.0},{"not_picked":["theSenshi:LunaSensingAllies","theSenshi:SailorNeptuneAssists"],"picked":"theSenshi:LateForSchool","floor":8.0},{"not_picked":["theSenshi:YouCanTalk","theSenshi:MoonPrincessHalation"],"picked":"theSenshi:MoonCrisisMakeUp","floor":10.0},{"not_picked":["theSenshi:KlutzyLuck","theSenshi:UranusStrength"],"picked":"theSenshi:MoonPrincessHalation","floor":14.0},{"not_picked":["theSenshi:SailorVenusAssists","theSenshi:HesSoDreamy","theSenshi:SailorMarsAssists"],"picked":"SKIP","floor":18.0},{"not_picked":["theSenshi:GatheringStrength","theSenshi:MoonSpiralHeartAttack","theSenshi:SupersonicWaves"],"picked":"SKIP","floor":19.0},{"not_picked":["theSenshi:CrisisMakeUp","theSenshi:MoonsReflection","theSenshi:SailorMarsAssists+1"],"picked":"SKIP","floor":23.0},{"not_picked":["theSenshi:MoonPower","theSenshi:EncouragingSpeech+1","theSenshi:SailorMarsAssists+1"],"picked":"SKIP","floor":25.0},{"not_picked":["theSenshi:MoonKick","theSenshi:MoonSpiralHeartAttack"],"picked":"theSenshi:SailorMercuryAssists","floor":27.0},{"not_picked":["theSenshi:SupersonicWaves","theSenshi:SailorMarsAssists"],"picked":"theSenshi:MoonTiaraMagic","floor":28.0},{"not_picked":["theSenshi:Sidestep+1","theSenshi:SailorMarsAssists","theSenshi:LateForSchool"],"picked":"SKIP","floor":31.0},{"not_picked":["theSenshi:FatedKiss","theSenshi:InTheNameOfTheMoon"],"picked":"theSenshi:SilverMoonCrystalPowerKiss","floor":33.0},{"not_picked":["theSenshi:TuxedoSmokingBomber","theSenshi:MoonKick+1","theSenshi:SchoolBag"],"picked":"SKIP","floor":35.0},{"not_picked":["theSenshi:LunaWiseMentor","theSenshi:NeptunesGrace","theSenshi:SailorStarFighterAssists"],"picked":"SKIP","floor":36.0},{"not_picked":["Blind","Dramatic Entrance"],"picked":"Swift Strike","floor":39.0},{"not_picked":["theSenshi:MoonSpiralHeartAttack+1","theSenshi:MercurysCunning"],"picked":"theSenshi:MoonCosmicPowerMakeUp+1","floor":41.0},{"not_picked":["theSenshi:MoonSpiralHeartAttack","theSenshi:LunasBite+1","theSenshi:EncouragingSpeech"],"picked":"SKIP","floor":42},{"not_picked":["theSenshi:MoonTiaraMagic+1","theSenshi:KlutzyLuck+1"],"picked":"theSenshi:StarlightHoneymoonTherapyKiss","floor":45},{"not_picked":["theSenshi:MoonKick+1","theSenshi:MoonTiaraMagic+1"],"picked":"theSenshi:TallSilhouette+1","floor":48}],"player_experience":682509,"relics_obtained":[{"floor":8.0,"key":"Akabeko"},{"floor":23.0,"key":"Bottled Lightning"},{"floor":26.0,"key":"Bag of Preparation"},{"floor":43,"key":"Bottled Tornado"},{"floor":45,"key":"Unceasing Top"},{"floor":46,"key":"Mummified Hand"},{"floor":48,"key":"Mercury Hourglass"}],"event_choices":[{"damage_healed":0.0,"max_hp_gain":0.0,"max_hp_loss":0.0,"gold_gain":0.0,"event_name":"Shining Light","player_choice":"Entered Light","floor":2.0,"gold_loss":0.0,"damage_taken":16.0,"cards_upgraded":["theSenshi:SailorBlock","theSenshi:SailorKick"]},{"damage_healed":20.0,"max_hp_gain":0.0,"max_hp_loss":0.0,"gold_gain":0.0,"event_name":"The Cleric","player_choice":"Healed","floor":5.0,"gold_loss":35.0,"damage_taken":0.0},{"cards_removed":["theSenshi:SailorKick"],"damage_healed":0.0,"max_hp_gain":0.0,"max_hp_loss":0.0,"gold_gain":0.0,"event_name":"Beggar","player_choice":"Gave Gold","floor":20.0,"gold_loss":75.0,"damage_taken":0.0},{"damage_healed":0.0,"max_hp_gain":0.0,"max_hp_loss":0.0,"gold_gain":0.0,"cards_transformed":["theSenshi:SailorKick","theSenshi:SailorBlock"],"event_name":"Drug Dealer","player_choice":"Became Test Subject","floor":22.0,"gold_loss":0.0,"damage_taken":0.0,"cards_obtained":["theSenshi:SailorMarsAssists","theSenshi:NeptunesGrace"]},{"damage_healed":0.0,"max_hp_gain":0.0,"max_hp_loss":0.0,"gold_gain":0.0,"event_name":"Cursed Tome","player_choice":"Ignored","floor":24.0,"gold_loss":0.0,"damage_taken":0.0},{"damage_healed":0.0,"max_hp_gain":0.0,"max_hp_loss":0.0,"gold_gain":0.0,"event_name":"Tomb of Lord Red Mask","player_choice":"Ignored","floor":37.0,"gold_loss":0.0,"damage_taken":0.0},{"cards_removed":["theSenshi:SailorBlock"],"damage_healed":0.0,"max_hp_gain":0.0,"max_hp_loss":0.0,"gold_gain":0.0,"event_name":"Falling","player_choice":"Removed Skill","floor":38.0,"gold_loss":0.0,"damage_taken":0.0},{"damage_healed":0.0,"max_hp_gain":0.0,"max_hp_loss":0.0,"gold_gain":0.0,"event_name":"SensoryStone","player_choice":"Memory 3","floor":39.0,"gold_loss":0.0,"damage_taken":10.0}],"is_beta":false,"boss_relics":[{"not_picked":["Cursed Key","Snecko Eye"],"picked":"Sozu"},{"not_picked":["Empty Cage","Tiny House"],"picked":"theSenshi:EternalSailorFukuRelic"}],"items_purged_floors":[21,44,47],"is_endless":false,"potions_floor_spawned":[1,14,16,19,25,27,33,35,41,42,48],"ascension_level":2}}