{"host":"sav7uxregyirlf69","time":1609238996,"event":{"mods":["AchievementEnabler","BaseMod","Colored Map","DeckTracker","Keyboard Shortcuts","Minty Spire (QoL Compilation)","READ ME - Guardian Mod","StSLib","SuperFastMode"],"gold_per_floor":[118,131,131,131,150,150,75,106,133,151,151,170,193,193,193,193,193],"floor_reached":16,"playtime":321,"items_purged":["Strike_G"],"score":204,"play_id":"2f9bc114-f16f-4096-82c2-f13971b5493e","local_time":"20201229194956","is_ascension_mode":true,"campfire_choices":[{"data":"Skewer","floor":6,"key":"SMITH"},{"floor":11,"key":"REST"},{"data":"Wraith Form v2","floor":15,"key":"SMITH"}],"circlet_count":0,"master_deck":["AscendersBane","Strike_G","Strike_G","Strike_G","Defend_G","Defend_G","Defend_G","Defend_G","Defend_G","Survivor","Neutralize","Skewer+1","Blade Dance","Adrenaline","Deadly Poison","Wraith Form v2+1"],"relics":["Ring of the Snake","Omamori","Golden Idol","Ancient Tea Set","Snake Skull"],"acts_visited":["Exordium"],"potions_floor_usage":[8,13,16],"damage_taken":[{"damage":17,"enemies":"Jaw Worm","floor":1,"turns":10},{"damage":5,"enemies":"2 Louse","floor":2,"turns":2},{"damage":1,"enemies":"Small Slimes","floor":5,"turns":4},{"damage":22,"enemies":"3 Sentries","floor":8,"turns":7},{"damage":1,"enemies":"2 Fungi Beasts","floor":10,"turns":3},{"damage":2,"enemies":"3 Louse","floor":12,"turns":4},{"damage":0,"enemies":"Exordium Thugs","floor":13,"turns":3},{"damage":39,"enemies":"Slime Boss","floor":16,"turns":9}],"seed_played":"5125528036795857222","potions_obtained":[{"floor":1,"key":"Energy Potion"},{"floor":2,"key":"Strength Potion"},{"floor":5,"key":"SteroidPotion"},{"floor":13,"key":"Explosive Potion"}],"is_trial":false,"path_per_floor":["M","M","?","?","M","R","$","E","T","M","R","M","M","?","R","B"],"character_chosen":"THE_SILENT","items_purchased":[],"campfire_rested":1,"item_purchase_floors":[],"current_hp_per_floor":[42,37,37,37,36,36,36,14,14,13,31,29,29,29,29,0,0],"gold":193,"neow_bonus":"RANDOM_COMMON_RELIC","is_daily":false,"chose_seed":false,"campfire_upgraded":2,"win_rate":0.0,"timestamp":1609238996,"path_taken":["M","M","?","?","M","R","?","E","T","M","R","M","M","?","R","BOSS"],"items_purchased_type":[],"build_version":"2020-12-22","purchased_purges":1,"victory":false,"max_hp_per_floor":[66,66,60,60,60,60,60,60,60,60,60,60,60,60,60,60,60],"card_choices":[{"not_picked":["Finisher","Setup"],"picked":"Skewer","floor":1},{"not_picked":["Expertise","Accuracy","Outmaneuver"],"picked":"SKIP","floor":2},{"not_picked":["Flying Knee","Caltrops","Sucker Punch"],"picked":"SKIP","floor":5},{"not_picked":["Sucker Punch","Prepared"],"picked":"Blade Dance","floor":8},{"not_picked":["Cloak And Dagger","Sucker Punch","Outmaneuver"],"picked":"SKIP","floor":10},{"not_picked":["Dagger Throw","Backflip"],"picked":"Adrenaline","floor":12},{"not_picked":["Prepared","Dagger Throw"],"picked":"Deadly Poison","floor":13}],"player_experience":1050026,"relics_obtained":[{"floor":8,"key":"Ancient Tea Set"},{"floor":9,"key":"Snake Skull"}],"event_choices":[{"damage_healed":0,"gold_gain":0,"player_choice":"Lose Max HP","damage_taken":0,"relics_obtained":["Golden Idol"],"max_hp_gain":0,"max_hp_loss":6,"event_name":"Golden Idol","floor":3,"gold_loss":0},{"damage_healed":0,"gold_gain":0,"player_choice":"Ignored","damage_taken":0,"max_hp_gain":0,"max_hp_loss":0,"event_name":"Liars Game","floor":4,"gold_loss":0},{"damage_healed":0,"gold_gain":0,"cards_transformed":["Strike_G"],"player_choice":"Change","damage_taken":0,"max_hp_gain":0,"max_hp_loss":0,"event_name":"Living Wall","floor":14,"gold_loss":0,"cards_obtained":["Wraith Form v2"]}],"is_beta":false,"boss_relics":[],"items_purged_floors":[7],"is_endless":false,"potions_floor_spawned":[1,2,5,13],"killed_by":"Slime Boss","ascension_level":20}}