{"host":"k010f1crm27ngy21","time":1609217805,"event":{"mods":["Aspiration","Bard","BaseMod","Colored Powertips","Downfall","Minty Spire (QoL Compilation)","Red Circlet Mod","Relic Stats","Replay The Spire","Shop Mod","Spicy Shops","StSLib","The Cursed","The Hierophant","The Runesmith","The Servant 0.9.4","vexMod","≤–¡Ù÷ÆŒÔ"],"gold_per_floor":[117,13,13,22,38,38,54,338,384,103,19,19,133,43,43,155,155,76,85,85,107,125,125,125,125,151,66,75,89,23,129,347,144,144],"floor_reached":33,"playtime":5717,"items_purged":["Conserve Battery"],"score":835,"play_id":"c8bd6cf0-da73-4634-9668-9f7f490516ac","local_time":"20201229125645","daily_mods":["SealedDeck","Vintage","ControlledChaos","Heirloom","Flight"],"is_ascension_mode":false,"campfire_choices":[{"data":"Crystallizer","floor":6,"key":"SMITH"},{"floor":15,"key":"REST"},{"data":"Pain","floor":32,"key":"PURGE"}],"circlet_count":0,"master_deck":["Stack","BasicCrystalCard","aspiration:Polymerization","Double Energy","FIFO Queue","FIFO Queue","Cold Snap","Glacier","Glacier","Crystallizer+1","ReplayTheSpireMod:IOU","Replay:SS_forest_2","ReplayTheSpireMod:IOU","ReplayTheSpireMod:IOU","ReplayTheSpireMod:IOU","Crystallizer","Redo","ReplayTheSpireMod:IOU","Panache","ReplayTheSpireMod:IOU","Creative AI","Ball Lightning","ReplayTheSpireMod:IOU","ReplayTheSpireMod:IOU","ReplayTheSpireMod:IOU","ReplayTheSpireMod:IOU","ReplayTheSpireMod:IOU","ReplayTheSpireMod:IOU","ReplayTheSpireMod:IOU","ReplayTheSpireMod:IOU","Decay","aspiration:Polymerization","ReplayTheSpireMod:IOU","ReplayTheSpireMod:IOU","ReplayTheSpireMod:IOU","Flash of Steel","Finesse"],"relics":["Cracked Core","Frozen Eye","Ring of Chaos","Lizard Tail","Replay:Wax Seal","Replay:WaspNest","Replay:Frozen Program","Chemical X","CeramicFish","MerchantsRug","Happy Flower","Pocketwatch","Regal Pillow","Replay:Bandana","Geode","White Beast Statue","Runesmith:AutoHammer","ReplayTheSpireMod:Shallot","Prayer Wheel","aspiration:BursterCore","PlaceholderMod:SoulofChaos","PrismaticShard","Matryoshka","Replay:Bottled Steam","ReplayTheSpireMod:Ninjato","aspiration:ArtOfWarUpgrade","PureWater","vexMod:BarristanHead","Snack Pack","Mercury Hourglass","Orichalcum","Akabeko","vexMod:FocusSash","WarpedTongs","Ancient Tea Set","DollysMirror","Pear","Lantern","Raider\u0027s Mask","Question Card","vexMod:RedPlottingStone","Bag of Marbles","Prayer Wheel"],"acts_visited":["Exordium","TheCity"],"potions_floor_usage":[29],"damage_taken":[{"damage":2,"enemies":"Cultist","floor":1,"turns":6},{"damage":0,"enemies":"2 Louse","floor":5,"turns":7},{"damage":8,"enemies":"Small Slimes","floor":7,"turns":5},{"damage":1,"enemies":"Red Slaver","floor":10,"turns":4},{"damage":22,"enemies":"Lots of Slimes","floor":11,"turns":3},{"damage":10,"enemies":"3 Louse","floor":14,"turns":5},{"damage":25,"enemies":"Hexaghost","floor":16,"turns":9},{"damage":13,"enemies":"Shell Parasite","floor":18,"turns":5},{"damage":13,"enemies":"Chosen","floor":21,"turns":5},{"damage":6,"enemies":"Centurion and Healer","floor":27,"turns":7},{"damage":8,"enemies":"Sentry and Sphere","floor":29,"turns":5},{"damage":7,"enemies":"Colosseum Slavers","floor":31,"turns":3},{"damage":33,"enemies":"Colosseum Nobs","floor":31,"turns":3},{"damage":9,"enemies":"Champ","floor":33,"turns":9}],"seed_played":"6399132050445901626","potions_obtained":[{"floor":10,"key":"Languid Potion"},{"floor":14,"key":"SmokeBomb"},{"floor":16,"key":"champ:CounterPotion"},{"floor":18,"key":"FearPotion"},{"floor":21,"key":"DuplicationPotion"},{"floor":27,"key":"Elixir"},{"floor":29,"key":"Ancient Potion"},{"floor":31,"key":"Doom Potion"},{"floor":33,"key":"ColorlessPotion"}],"is_trial":true,"path_per_floor":["M","$","?","?","M","R","M","?","T","M","M","?","$","M","R","B",null,"M","?","?","M","$","R","?","R","T","M","?","M","$","?","R","B"],"character_chosen":"DEFECT","items_purchased":["Replay:WaspNest","Replay:Frozen Program","Chemical X","CeramicFish","Crystallizer","MerchantsRug","BargainBundle","White Beast Statue","Crystallizer","Redo","Panache","Runesmith:AutoHammer","BlessingOfTheForge","Reflective Coating","Milkshake","SkillPotion","ReplayTheSpireMod:Ninjato","Art of War","aspiration:Nostalgia","vexMod:BarristanHead","Snack Pack","Lee\u0027s Waffle","DollysMirror","Pear","Lantern","Raider\u0027s Mask"],"campfire_rested":1,"item_purchase_floors":[2,2,2,2,2,2,13,13,13,13,13,13,13,13,13,13,22,22,22,22,22,22,30,30,30,30],"current_hp_per_floor":[73,73,75,75,75,75,67,67,67,66,44,37,37,27,64,39,75,62,57,60,50,91,91,94,94,94,91,94,89,102,65,85,78,78],"gold":144,"neow_bonus":"","is_daily":false,"chose_seed":false,"campfire_upgraded":1,"win_rate":0.0,"timestamp":1609217805,"path_taken":["M","$","?","?","M","R","?","?","T","?","?","?","?","M","R","BOSS","M","?","?","?","$","R","?","R","T","?","?","?","?","?","R","BOSS"],"items_purchased_type":["Relic","Relic","Relic","Relic","Card","Relic","Relic","Relic","Card","Card","Card","Relic","Potion","Potion","Potion","Potion","Relic","Relic","Relic","Relic","Relic","Relic","Relic","Relic","Relic","Relic"],"build_version":"2020-12-22","purchased_purges":1,"victory":false,"max_hp_per_floor":[75,75,75,75,75,75,75,75,75,75,75,75,75,75,75,75,75,75,78,81,84,91,91,94,94,94,97,100,103,116,119,129,129,129],"relic_stats":{"Regal Pillow":15,"Happy Flower":[21],"counters":[14,75],"CeramicFish":315,"Orichalcum":[66],"aspiration:BursterCore":[21],"Question Card":1,"Mercury Hourglass":[87],"WarpedTongs":[20],"Lizard Tail":0,"Prayer Wheel":0,"Chemical X":[4],"obtain_stats":[{"Regal Pillow":9,"Lantern":30,"CeramicFish":2,"Raider\u0027s Mask":30,"aspiration:BursterCore":17,"PrismaticShard":19,"Ancient Tea Set":29,"Frozen Eye":0,"Lizard Tail":0,"Replay:Bandana":10,"Replay:Frozen Program":2,"Matryoshka":20,"DollysMirror":30,"vexMod:RedPlottingStone":31,"Prayer Wheel":16,"aspiration:ArtOfWarUpgrade":25,"Chemical X":2,"Replay:Wax Seal":1,"Cracked Core":0,"Replay:Bottled Steam":21,"MerchantsRug":2,"BargainBundle":13,"Lee\u0027s Waffle":22,"ReplayTheSpireMod:Ninjato":22,"Pear":30,"Happy Flower":5,"aspiration:Nostalgia":22,"Ring of Chaos":0,"Replay:WaspNest":2,"Geode":11,"vexMod:FocusSash":27,"Orichalcum":26,"Question Card":31,"White Beast Statue":13,"Akabeko":26,"Mercury Hourglass":24,"WarpedTongs":28,"vexMod:BarristanHead":22,"ReplayTheSpireMod:Shallot":14,"Art of War":22,"Snack Pack":22,"Bag of Marbles":32,"Runesmith:AutoHammer":13,"PlaceholderMod:SoulofChaos":18,"PureWater":22,"Pocketwatch":7},{"Regal Pillow":3,"Lantern":11,"CeramicFish":1,"Raider\u0027s Mask":11,"aspiration:BursterCore":7,"PrismaticShard":8,"Ancient Tea Set":11,"Frozen Eye":0,"Lizard Tail":0,"Replay:Bandana":4,"Replay:Frozen Program":1,"Matryoshka":8,"DollysMirror":11,"vexMod:RedPlottingStone":13,"Prayer Wheel":7,"aspiration:ArtOfWarUpgrade":9,"Chemical X":1,"Replay:Wax Seal":1,"Cracked Core":0,"Replay:Bottled Steam":9,"MerchantsRug":1,"BargainBundle":5,"Lee\u0027s Waffle":9,"ReplayTheSpireMod:Ninjato":9,"Pear":11,"Happy Flower":2,"aspiration:Nostalgia":9,"Ring of Chaos":0,"Replay:WaspNest":1,"Geode":5,"vexMod:FocusSash":10,"Orichalcum":9,"Question Card":13,"White Beast Statue":5,"Akabeko":9,"Mercury Hourglass":9,"WarpedTongs":10,"vexMod:BarristanHead":9,"ReplayTheSpireMod:Shallot":6,"Art of War":9,"Snack Pack":9,"Bag of Marbles":13,"Runesmith:AutoHammer":5,"PlaceholderMod:SoulofChaos":8,"PureWater":9,"Pocketwatch":3},{"Regal Pillow":18,"Lantern":60,"CeramicFish":6,"Raider\u0027s Mask":60,"aspiration:BursterCore":38,"PrismaticShard":43,"Ancient Tea Set":60,"Frozen Eye":0,"Lizard Tail":0,"Replay:Bandana":22,"Replay:Frozen Program":6,"Matryoshka":43,"DollysMirror":60,"vexMod:RedPlottingStone":66,"Prayer Wheel":35,"aspiration:ArtOfWarUpgrade":48,"Chemical X":6,"Replay:Wax Seal":6,"Cracked Core":0,"Replay:Bottled Steam":48,"MerchantsRug":6,"BargainBundle":25,"Lee\u0027s Waffle":48,"ReplayTheSpireMod:Ninjato":48,"Pear":60,"Happy Flower":13,"aspiration:Nostalgia":48,"Ring of Chaos":0,"Replay:WaspNest":6,"Geode":25,"vexMod:FocusSash":55,"Orichalcum":48,"Question Card":66,"White Beast Statue":25,"Akabeko":48,"Mercury Hourglass":48,"WarpedTongs":55,"vexMod:BarristanHead":48,"ReplayTheSpireMod:Shallot":30,"Art of War":48,"Snack Pack":48,"Bag of Marbles":66,"Runesmith:AutoHammer":25,"PlaceholderMod:SoulofChaos":43,"PureWater":48,"Pocketwatch":18}],"Pocketwatch":[81]},"card_choices":[{"not_picked":["Core Surge","Biased Cognition"],"picked":"Creative AI","floor":16},{"not_picked":["Leap","Scrape+1"],"picked":"Ball Lightning","floor":19}],"player_experience":138168,"relics_obtained":[{"floor":1,"key":"Replay:Wax Seal"},{"floor":5,"key":"Happy Flower"},{"floor":7,"key":"Pocketwatch"},{"floor":9,"key":"Regal Pillow"},{"floor":10,"key":"Replay:Bandana"},{"floor":11,"key":"Geode"},{"floor":14,"key":"ReplayTheSpireMod:Shallot"},{"floor":18,"key":"PlaceholderMod:SoulofChaos"},{"floor":19,"key":"PrismaticShard"},{"floor":20,"key":"Matryoshka"},{"floor":21,"key":"Replay:Bottled Steam"},{"floor":26,"key":"Orichalcum"},{"floor":26,"key":"Akabeko"},{"floor":27,"key":"vexMod:FocusSash"},{"floor":29,"key":"Ancient Tea Set"},{"floor":31,"key":"Question Card"},{"floor":31,"key":"vexMod:RedPlottingStone"}],"event_choices":[{"damage_healed":0,"gold_gain":0,"player_choice":"1 cards matched","damage_taken":0,"max_hp_gain":0,"max_hp_loss":0,"event_name":"Match and Keep!","floor":4,"gold_loss":0,"cards_obtained":["Replay:SS_forest_2"]},{"damage_healed":0,"gold_gain":275,"player_choice":"Desecrate","damage_taken":0,"max_hp_gain":0,"max_hp_loss":0,"event_name":"Golden Shrine","floor":8,"gold_loss":0,"cards_obtained":["Regret"]},{"cards_removed":["Regret"],"damage_healed":0,"gold_gain":0,"player_choice":"Card Removal","damage_taken":7,"max_hp_gain":0,"max_hp_loss":0,"event_name":"Golden Wing","floor":12,"gold_loss":0},{"damage_healed":0,"gold_gain":0,"player_choice":"Relic","damage_taken":0,"max_hp_gain":0,"max_hp_loss":0,"event_name":"Wheel of Change","floor":20,"gold_loss":0},{"damage_healed":0,"gold_gain":0,"player_choice":"Gave Potion","damage_taken":0,"relics_obtained":["Mercury Hourglass"],"max_hp_gain":0,"max_hp_loss":0,"event_name":"WeMeetAgain","floor":24,"gold_loss":0},{"damage_healed":0,"gold_gain":0,"player_choice":"Rummage","damage_taken":0,"relics_obtained":["WarpedTongs"],"max_hp_gain":0,"max_hp_loss":0,"event_name":"Accursed Blacksmith","floor":28,"gold_loss":0,"cards_obtained":["Pain"]},{"damage_healed":0,"gold_gain":0,"player_choice":"Fight","damage_taken":0,"max_hp_gain":0,"max_hp_loss":0,"event_name":"Colosseum","floor":31,"gold_loss":0},{"damage_healed":0,"gold_gain":0,"player_choice":"Fought Nobs","damage_taken":0,"max_hp_gain":0,"max_hp_loss":0,"event_name":"Colosseum","floor":31,"gold_loss":0}],"is_beta":false,"boss_relics":[{"not_picked":["Velvet Choker","Snecko Heart"],"picked":"aspiration:BursterCore"}],"items_purged_floors":[13],"is_endless":true,"potions_floor_spawned":[10,14,16,18,21,27,29,31,31,33],"killed_by":"Champ","ascension_level":0}}