{"host":"vv4pm74vrxtrj1uw","time":1609241578,"event":{"mods":["Act Like it!","BaseMod","Minty Spire (QoL Compilation)","Rare Cards Sparkle","Spicy Shops","StSLib"],"gold_per_floor":[113,21,38,51,70,103,103,103,103,103,113,113,127,159,159,256,256,271,286,286,299,310,310,338,22,46,46,78,90,112,140,152,265,277,307,319,345,368,11,11,11],"floor_reached":40,"playtime":1937,"items_purged":[],"score":465,"play_id":"3d2b4b79-dc9b-46c4-8ffc-4f39dcdc09ac","local_time":"20201229193258","is_ascension_mode":false,"campfire_choices":[{"data":"Zap","floor":7.0,"key":"SMITH"},{"data":"Dualcast","floor":10.0,"key":"SMITH"},{"floor":12.0,"key":"REST"},{"floor":15.0,"key":"REST"},{"floor":23.0,"key":"REST"},{"data":"Apotheosis","floor":27.0,"key":"SMITH"},{"floor":32.0,"key":"REST"}],"circlet_count":0,"master_deck":["Strike_B","Strike_B","Strike_B","Strike_B","Defend_B","Defend_B","Defend_B","Defend_B","Zap+1","Dualcast+1","Rebound","Streamline","Undo","Heatsinks","Leap","Multi-Cast","Zap","Amplify","Sunder","Electrodynamics","Double Energy","Doom and Gloom+1","Conserve Battery","Melter","Conserve Battery+1","Apotheosis+1","Self Repair","Blizzard","Echo Form","CurseOfTheBell","Hologram+1","Flash of Steel","Seek","Fusion","Skim","Lockon"],"relics":["Cracked Core","NeowsBlessing","Orichalcum","Peace Pipe","Letter Opener","Bird Faced Urn","Inserter","Pantograph","Boot","MawBank","Nloth\u0027s Gift","Calling Bell","Juzu Bracelet","Meat on the Bone","Torii","Bottled Lightning"],"acts_visited":["Exordium","TheCity","TheBeyond"],"potions_floor_usage":[],"damage_taken":[{"damage":0.0,"enemies":"Small Slimes","floor":1.0,"turns":1.0},{"damage":0.0,"enemies":"Cultist","floor":3.0,"turns":1.0},{"damage":0.0,"enemies":"Jaw Worm","floor":4.0,"turns":1.0},{"damage":8.0,"enemies":"Red Slaver","floor":5.0,"turns":3.0},{"damage":25.0,"enemies":"Lagavulin","floor":6.0,"turns":6.0},{"damage":2.0,"enemies":"Gremlin Gang","floor":11.0,"turns":3.0},{"damage":7.0,"enemies":"Blue Slaver","floor":13.0,"turns":3.0},{"damage":6.0,"enemies":"Gremlin Nob","floor":14.0,"turns":3.0},{"damage":34.0,"enemies":"The Guardian","floor":16.0,"turns":11.0},{"damage":29.0,"enemies":"2 Thieves","floor":18.0,"turns":3.0},{"damage":26.0,"enemies":"Spheric Guardian","floor":19.0,"turns":6.0},{"damage":23.0,"enemies":"Shelled Parasite and Fungi","floor":21.0,"turns":5.0},{"damage":17.0,"enemies":"Snecko","floor":22.0,"turns":5.0},{"damage":17.0,"enemies":"Gremlin Leader","floor":24.0,"turns":5.0},{"damage":29.0,"enemies":"Book of Stabbing","floor":28.0,"turns":6.0},{"damage":16.0,"enemies":"Snake Plant","floor":30.0,"turns":3.0},{"damage":12.0,"enemies":"Chosen and Byrds","floor":31.0,"turns":5.0},{"damage":73.0,"enemies":"Collector","floor":33.0,"turns":11.0},{"damage":14.0,"enemies":"Orb Walker","floor":35.0,"turns":4.0},{"damage":0.0,"enemies":"3 Shapes","floor":37.0,"turns":3.0},{"damage":64,"enemies":"Transient","floor":38,"turns":5},{"damage":31,"enemies":"Giant Head","floor":40,"turns":7}],"seed_played":"-1182301145877239073","potions_obtained":[{"floor":3.0,"key":"Energy Potion"},{"floor":6.0,"key":"SteroidPotion"},{"floor":13.0,"key":"LiquidBronze"},{"floor":16.0,"key":"LiquidMemories"},{"floor":19.0,"key":"Regen Potion"},{"floor":22.0,"key":"ColorlessPotion"},{"floor":35.0,"key":"Weak Potion"},{"floor":38,"key":"Energy Potion"}],"is_trial":false,"path_per_floor":["M","?","M","M","M","E","R","?","T","R","M","R","M","E","R","B",null,"M","M","?","M","M","R","E","$","T","R","E","?","M","M","R","B",null,"M","?","M","M","$","E"],"character_chosen":"DEFECT","items_purchased":["Boot","Apotheosis","Bottled Lightning","Skim","Lockon"],"campfire_rested":4,"item_purchase_floors":[25,25,39,39,39],"current_hp_per_floor":[75,75,75,75,67,42,42,42,42,42,40,62,55,49,71,41,75,50,28,75,54,55,75,60,60,60,60,37,37,27,31,53,17,75,63,63,65,17,17,0,0],"gold":11,"neow_bonus":"THREE_ENEMY_KILL","is_daily":false,"chose_seed":false,"campfire_upgraded":3,"win_rate":0.0,"timestamp":1609241578,"path_taken":["M","?","M","?","M","E","R","?","T","R","?","R","M","E","R","BOSS","M","?","?","M","?","R","E","$","T","R","E","?","M","M","R","BOSS","M","?","M","M","$","E"],"items_purchased_type":["Relic","Card","Relic","Card","Card"],"build_version":"2020-12-22","purchased_purges":0,"victory":false,"max_hp_per_floor":[75,75,75,75,75,75,75,75,75,75,75,75,75,75,75,75,75,75,75,75,75,75,75,75,75,75,75,75,75,75,75,75,75,75,75,75,75,75,75,75,75],"card_choices":[{"not_picked":["Turbo","Defragment"],"picked":"Rebound","floor":1.0},{"not_picked":["Reprogram","Force Field"],"picked":"White Noise","floor":3.0},{"not_picked":["FTL","Conserve Battery"],"picked":"Streamline","floor":4.0},{"not_picked":["Chill","Loop"],"picked":"Undo","floor":5.0},{"not_picked":["Rebound","Loop"],"picked":"Heatsinks","floor":6.0},{"not_picked":["Streamline","Ball Lightning"],"picked":"Amplify","floor":11.0},{"not_picked":["Tempest","Turbo","Hello World"],"picked":"SKIP","floor":13.0},{"not_picked":["Beam Cell","Defragment"],"picked":"Sunder","floor":14.0},{"not_picked":["Multi-Cast","Buffer"],"picked":"Electrodynamics","floor":16.0},{"not_picked":["Sweeping Beam","Redo"],"picked":"Double Energy","floor":18.0},{"not_picked":["Gash+1","Tempest"],"picked":"Doom and Gloom+1","floor":19.0},{"not_picked":["Stack","Barrage"],"picked":"Conserve Battery","floor":21.0},{"not_picked":["Biased Cognition","Barrage"],"picked":"Melter","floor":22.0},{"not_picked":["Steam+1","Chill+1"],"picked":"Conserve Battery+1","floor":24.0},{"not_picked":["Doom and Gloom","Go for the Eyes","Beam Cell+1"],"picked":"SKIP","floor":28.0},{"not_picked":["Ball Lightning","Double Energy+1"],"picked":"Self Repair","floor":30.0},{"not_picked":["Sweeping Beam","Barrage"],"picked":"Blizzard","floor":31.0},{"not_picked":["Multi-Cast","All For One"],"picked":"Echo Form","floor":33.0},{"not_picked":["Gash+1","Rebound+1"],"picked":"Hologram+1","floor":35.0},{"not_picked":["Deep Breath","Blind"],"picked":"Flash of Steel","floor":36.0},{"not_picked":["Stack","Beam Cell+1"],"picked":"Seek","floor":37.0},{"not_picked":["Lockon","Rebound+1"],"picked":"Fusion","floor":38}],"player_experience":141836,"relics_obtained":[{"floor":6.0,"key":"Peace Pipe"},{"floor":9.0,"key":"Letter Opener"},{"floor":14.0,"key":"Bird Faced Urn"},{"floor":24.0,"key":"Pantograph"},{"floor":26.0,"key":"Vajra"},{"floor":28.0,"key":"MawBank"},{"floor":34.0,"key":"Juzu Bracelet"},{"floor":34.0,"key":"Meat on the Bone"},{"floor":34.0,"key":"Torii"}],"event_choices":[{"damage_healed":0.0,"max_hp_gain":0.0,"max_hp_loss":0.0,"gold_gain":0.0,"event_name":"WeMeetAgain","player_choice":"Paid Gold","floor":2.0,"gold_loss":92.0,"damage_taken":0.0,"relics_obtained":["Orichalcum"]},{"damage_healed":0.0,"max_hp_gain":0.0,"max_hp_loss":0.0,"gold_gain":0.0,"event_name":"Match and Keep!","player_choice":"3 cards matched","floor":8.0,"gold_loss":0.0,"damage_taken":0.0,"cards_obtained":["Leap","Multi-Cast","Zap"]},{"cards_removed":["White Noise"],"damage_healed":47.0,"max_hp_gain":0.0,"max_hp_loss":0.0,"gold_gain":0.0,"event_name":"Bonfire Elementals","player_choice":"Offered Uncommon","floor":20.0,"gold_loss":0.0,"damage_taken":0.0},{"damage_healed":0.0,"max_hp_gain":0.0,"max_hp_loss":0.0,"gold_gain":0.0,"event_name":"N\u0027loth","player_choice":"Traded Relic","floor":29.0,"relics_lost":["Vajra"],"gold_loss":0.0,"damage_taken":0.0,"relics_obtained":["Nloth\u0027s Gift"]},{"damage_healed":0.0,"max_hp_gain":0.0,"max_hp_loss":0.0,"gold_gain":0.0,"event_name":"SensoryStone","player_choice":"Memory 1","floor":36.0,"gold_loss":0.0,"damage_taken":0.0}],"is_beta":false,"boss_relics":[{"not_picked":["Fusion Hammer","FrozenCore"],"picked":"Inserter"},{"not_picked":["Runic Dome","Cursed Key"],"picked":"Calling Bell"}],"items_purged_floors":[],"is_endless":false,"potions_floor_spawned":[3,6,13,16,19,22,24,35,38],"killed_by":"Giant Head","ascension_level":0}}