{"host":"grli52lbdph2722t","time":1609226532,"event":{"mods":["AchievementEnabler","BaseMod","Downfall","Minty Spire (QoL Compilation)","Quick Restart","StSLib"],"gold_per_floor":[99,109,126,426,426,456,533,566,580,600,610,710,741,752,772,772,772,772],"floor_reached":16,"playtime":771,"items_purged":[],"score":192,"play_id":"a78af8c1-7f73-4a3d-a43a-b814fd25cdd7","local_time":"20201229082212","is_ascension_mode":true,"campfire_choices":[{"data":"champ:StrikeOfGenius","floor":1.0,"key":"SMITH"}],"circlet_count":0,"master_deck":["AscendersBane","champ:Strike","champ:Strike","champ:Strike","champ:Strike","champ:Defend","champ:Defend","champ:Defend","champ:Defend","champ:Execute","champ:Taunt","champ:StrikeOfGenius+1","champ:ShieldWall","champ:BringItOn","Slimebound:Icky","Slimebound:Icky","champ:ArenaPreparation","champ:EnchantCrown","champ:DefensiveStyle","champ:DefensiveStyle","champ:Duel","champ:Control"],"relics":["champ:ChampionCrown","InkBottle","Ornamental Fan","Akabeko","Blood Vial"],"acts_visited":["Exordium"],"potions_floor_usage":[15,15],"damage_taken":[{"damage":10.0,"enemies":"2 Louse","floor":2.0,"turns":4.0},{"damage":2.0,"enemies":"Cultist","floor":3.0,"turns":4.0},{"damage":45.0,"enemies":"3 Sentries","floor":6.0,"turns":7.0},{"damage":27.0,"enemies":"Gremlin Nob","floor":8.0,"turns":4.0},{"damage":21.0,"enemies":"Small Slimes","floor":9.0,"turns":4.0},{"damage":14.0,"enemies":"Large Slime","floor":10.0,"turns":5.0},{"damage":25.0,"enemies":"Red Slaver","floor":11.0,"turns":2.0},{"damage":20.0,"enemies":"Lagavulin","floor":13.0,"turns":6.0},{"damage":22.0,"enemies":"Gremlin Gang","floor":14.0,"turns":4.0},{"damage":24,"enemies":"3 Louse","floor":15,"turns":2},{"damage":27,"enemies":"downfall:Defect","floor":16,"turns":4}],"seed_played":"1006195270182659707","potions_obtained":[{"floor":9.0,"key":"EssenceOfSteel"},{"floor":10.0,"key":"SkillPotion"},{"floor":11.0,"key":"Energy Potion"},{"floor":13.0,"key":"Guardian:BlockOnCardUsePotion"},{"floor":14.0,"key":"Strength Potion"}],"is_trial":false,"path_per_floor":["R","M","M","?","?","E","T","E","M","M","M","?","E","M","M","B"],"character_chosen":"THE_CHAMP","items_purchased":[],"campfire_rested":0,"item_purchase_floors":[],"current_hp_per_floor":[81,73,71,71,71,36,36,32,31,31,31,31,21,23,22,0,0,0],"gold":772,"neow_bonus":"THREE_RARE_CARDS","is_daily":false,"chose_seed":false,"campfire_upgraded":1,"win_rate":0.0,"timestamp":1609226532,"path_taken":["R","M","M","?","?","E","T","E","M","M","?","?","E","M","M","BOSS"],"items_purchased_type":[],"build_version":"2020-12-22","purchased_purges":0,"victory":false,"max_hp_per_floor":[90,90,90,90,90,90,90,90,90,90,90,90,90,90,90,90,90,90],"card_choices":[{"not_picked":["champ:DancingMaster","champ:Improvising"],"picked":"champ:StrikeOfGenius","floor":0.0},{"not_picked":["champ:GladiatorsShout","champ:RisingSlash"],"picked":"champ:ShieldWall","floor":2.0},{"not_picked":["champ:Shatter","champ:Circumvent"],"picked":"champ:BringItOn","floor":3.0},{"not_picked":["champ:Riposte","champ:FanOfKnives"],"picked":"champ:ArenaPreparation","floor":6.0},{"not_picked":["champ:HeartStrike","champ:Shatter"],"picked":"champ:EnchantCrown","floor":8.0},{"not_picked":["champ:HeartStrike","champ:BerserkersShout","champ:CrookedStrike"],"picked":"SKIP","floor":9.0},{"not_picked":["champ:BringItOn","champ:Circumvent"],"picked":"champ:DefensiveStyle","floor":10.0},{"not_picked":["champ:AdrenalArmor","champ:Aggression"],"picked":"champ:DefensiveStyle","floor":11.0},{"not_picked":["champ:Circumvent","champ:CrookedStrike"],"picked":"champ:Duel","floor":13.0},{"not_picked":["champ:DefensiveShout","champ:ShieldSigil"],"picked":"champ:Control","floor":14.0},{"not_picked":["champ:AdrenalArmor","champ:FocusedGladiator","champ:StanceDance"],"picked":"SKIP","floor":15}],"player_experience":4927115,"relics_obtained":[{"floor":6.0,"key":"InkBottle"},{"floor":7.0,"key":"Ornamental Fan"},{"floor":8.0,"key":"Akabeko"},{"floor":13.0,"key":"Blood Vial"}],"event_choices":[{"cards_removed":["Decay"],"damage_healed":0.0,"max_hp_gain":0.0,"max_hp_loss":0.0,"gold_gain":0.0,"event_name":"Purifier","player_choice":"Purged","floor":5.0,"gold_loss":0.0,"damage_taken":0.0}],"is_beta":false,"boss_relics":[],"items_purged_floors":[],"is_endless":false,"potions_floor_spawned":[9,10,11,13,14],"killed_by":"downfall:Defect","ascension_level":11}}