{"host":"jksa5rawk3m4gilz","time":1609257652,"event":{"mods":["BaseMod","Colored Map","Highlight Path","Minty Spire (QoL Compilation)","Quick Restart"],"gold_per_floor":[119,119,119,119,133,165,165,165,191,216,235,310,310,342,342,415,415,432,243,243,260,274,274],"floor_reached":22,"playtime":623,"items_purged":["Strike_B"],"score":375,"play_id":"a80ec2c6-2c72-4ac7-b626-93c955302cf8","local_time":"20201229170052","is_ascension_mode":true,"campfire_choices":[{"data":"Zap","floor":8,"key":"SMITH"},{"floor":13,"key":"REST"},{"floor":15,"key":"REST"}],"circlet_count":0,"master_deck":["AscendersBane","Strike_B","Defend_B","Defend_B","Defend_B","Zap+1","Dualcast","Doom and Gloom","Amplify","Doom and Gloom","Cold Snap","Redo","Sunder","Loop","Core Surge","Capacitor","Go for the Eyes","Auto Shields"],"relics":["Cracked Core","NeowsBlessing","Blood Vial","Pantograph","Lantern","Thread and Needle","Strawberry","Nuclear Battery","Membership Card"],"acts_visited":["Exordium","TheCity"],"potions_floor_usage":[22,22],"damage_taken":[{"damage":0,"enemies":"Cultist","floor":1,"turns":1},{"damage":0,"enemies":"2 Louse","floor":5,"turns":1},{"damage":0,"enemies":"3 Sentries","floor":6,"turns":1},{"damage":31,"enemies":"Lagavulin","floor":10,"turns":5},{"damage":3,"enemies":"Small Slimes","floor":11,"turns":3},{"damage":27,"enemies":"Gremlin Nob","floor":14,"turns":4},{"damage":41,"enemies":"Slime Boss","floor":16,"turns":10},{"damage":19,"enemies":"Shell Parasite","floor":18,"turns":5},{"damage":11,"enemies":"Chosen","floor":21,"turns":5},{"damage":23,"enemies":"Centurion and Healer","floor":22,"turns":5}],"seed_played":"-3297937787012212734","potions_obtained":[{"floor":6,"key":"ColorlessPotion"},{"floor":11,"key":"SkillPotion"}],"is_trial":false,"path_per_floor":["M","$","?","$","M","E","?","R","T","E","M","?","R","E","R","B",null,"M","$","?","M","M"],"character_chosen":"DEFECT","items_purchased":["Membership Card"],"campfire_rested":2,"item_purchase_floors":[19],"current_hp_per_floor":[68,68,68,68,68,68,61,61,61,32,31,20,42,24,48,34,70,53,53,53,44,23,23],"gold":274,"neow_bonus":"THREE_ENEMY_KILL","is_daily":false,"chose_seed":false,"campfire_upgraded":1,"win_rate":0.0,"timestamp":1609257652,"path_taken":["M","$","?","?","M","E","?","R","T","E","M","?","R","E","R","BOSS","M","$","?","M","M"],"items_purchased_type":["Relic"],"build_version":"2020-12-22","purchased_purges":1,"victory":false,"max_hp_per_floor":[75,75,75,75,75,75,75,75,75,75,75,75,75,82,82,82,82,82,82,82,82,82,82],"card_choices":[{"not_picked":["Coolheaded","Cold Snap"],"picked":"Doom and Gloom","floor":1},{"not_picked":["Cold Snap","Turbo"],"picked":"Doom and Gloom","floor":5},{"not_picked":["Chaos","Steam Power"],"picked":"Cold Snap","floor":6},{"not_picked":["Ball Lightning","Static Discharge"],"picked":"Redo","floor":10},{"not_picked":["Stack","Static Discharge"],"picked":"Sunder","floor":11},{"not_picked":["Gash","Reboot"],"picked":"Loop","floor":14},{"not_picked":["Biased Cognition","Echo Form"],"picked":"Core Surge","floor":16},{"not_picked":["Steam","Turbo","Streamline+1"],"picked":"SKIP","floor":18},{"not_picked":["Beam Cell","Chaos"],"picked":"Auto Shields","floor":21},{"not_picked":["Barrage","Streamline","Rebound"],"picked":"SKIP","floor":22}],"player_experience":2089310,"relics_obtained":[{"floor":6,"key":"Blood Vial"},{"floor":9,"key":"Lantern"},{"floor":10,"key":"Thread and Needle"},{"floor":14,"key":"Strawberry"}],"event_choices":[{"damage_healed":0,"gold_gain":0,"cards_transformed":["Strike_B"],"player_choice":"Transformed","damage_taken":0,"max_hp_gain":0,"max_hp_loss":0,"event_name":"Transmorgrifier","floor":3,"gold_loss":0,"cards_obtained":["Amplify"]},{"damage_healed":0,"gold_gain":0,"player_choice":"Success","damage_taken":7,"relics_obtained":["Pantograph"],"max_hp_gain":0,"max_hp_loss":0,"event_name":"Scrap Ooze","floor":7,"gold_loss":0},{"damage_healed":0,"gold_gain":75,"player_choice":"Gather Gold","damage_taken":11,"max_hp_gain":0,"max_hp_loss":0,"event_name":"World of Goop","floor":12,"gold_loss":0},{"damage_healed":0,"gold_gain":0,"cards_transformed":["Strike_B","Defend_B"],"player_choice":"Became Test Subject","damage_taken":0,"max_hp_gain":0,"max_hp_loss":0,"event_name":"Drug Dealer","floor":20,"gold_loss":0,"cards_obtained":["Capacitor","Go for the Eyes"]}],"is_beta":false,"boss_relics":[{"not_picked":["Tiny House","Philosopher\u0027s Stone"],"picked":"Nuclear Battery"}],"items_purged_floors":[19],"is_endless":false,"potions_floor_spawned":[6,11,21],"killed_by":"Centurion and Healer","ascension_level":13}}