{"host":"6qo42zgaknezulyg","time":1609205465,"event":{"mods":["2.2 Compatiblity","BaseMod","Colored Map","Downfall","Highlight Path","Keyboard Shortcuts","Minty Spire (QoL Compilation)","Permanent Neow","Quick Restart","StSLib","SuperFastMode"],"gold_per_floor":[99,109,129,129,142,142,166,266,283,309,309,379,379,429,439,439,439,439],"floor_reached":16,"playtime":511,"items_purged":[],"score":199,"play_id":"403cb4e0-e4ff-4d1c-a2b1-3bdeec408e9a","local_time":"20201229103105","is_ascension_mode":true,"campfire_choices":[{"data":"champ:Taunt","floor":1.0,"key":"SMITH"},{"data":"champ:Execute","floor":6.0,"key":"SMITH"},{"floor":11.0,"key":"REST"},{"floor":13.0,"key":"REST"}],"circlet_count":0,"master_deck":["AscendersBane","champ:Strike","champ:Strike","champ:Strike","champ:Defend","champ:Defend","champ:Defend","champ:Defend","champ:Execute+1","champ:Taunt+1","Shame","champ:BerserkerStyle","champ:CrookedStrike"],"relics":["champ:ChampionCrown","Du-Vu Doll","Nunchaku","downfall:CloakOfManyFaces","CultistMask","FaceOfCleric","NlothsMask","GremlinMask","SsserpentHead","Akabeko"],"acts_visited":["Exordium"],"potions_floor_usage":[16,16],"damage_taken":[{"damage":14.0,"enemies":"Jaw Worm","floor":2.0,"turns":4.0},{"damage":11.0,"enemies":"Cultist","floor":3.0,"turns":3.0},{"damage":9.0,"enemies":"Small Slimes","floor":5.0,"turns":3.0},{"damage":47.0,"enemies":"downfall:FaceTrader","floor":8.0,"turns":7.0},{"damage":19.0,"enemies":"Exordium Thugs","floor":9.0,"turns":5.0},{"damage":15.0,"enemies":"3 Sentries","floor":10.0,"turns":8.0},{"damage":6.0,"enemies":"Blue Slaver","floor":12.0,"turns":4.0},{"damage":19.0,"enemies":"3 Louse","floor":15.0,"turns":5.0},{"damage":50,"enemies":"downfall:Defect","floor":16,"turns":5}],"seed_played":"-1557587752581997590","potions_obtained":[{"floor":2.0,"key":"SkillPotion"},{"floor":3.0,"key":"champ:OpenerPotion"},{"floor":10.0,"key":"Strength Potion"}],"is_trial":false,"path_per_floor":["R","M","M","?","M","R","T","?","M","E","R","M","R","?","M","B"],"character_chosen":"THE_CHAMP","items_purchased":[],"campfire_rested":2,"item_purchase_floors":[],"current_hp_per_floor":[73,64,58,58,54,54,54,22,16,8,32,32,57,57,48,0,0,0],"gold":439,"neow_bonus":"ONE_RARE_RELIC","is_daily":false,"chose_seed":false,"campfire_upgraded":2,"win_rate":0.0,"timestamp":1609205465,"path_taken":["R","M","M","?","M","R","T","?","M","E","R","?","R","?","M","BOSS"],"items_purchased_type":[],"build_version":"2020-12-22","purchased_purges":0,"victory":false,"max_hp_per_floor":[81,81,81,81,81,81,81,81,82,83,83,84,84,84,85,85,85,85],"card_choices":[{"not_picked":["champ:RageSigil","champ:SkillfulDodge","champ:DefensiveShout"],"picked":"SKIP","floor":2.0},{"not_picked":["champ:HeartStrike","champ:BerserkersShout","champ:GladiatorStyle"],"picked":"SKIP","floor":3.0},{"not_picked":["champ:BladeFlurry","champ:PerfectedStrike"],"picked":"champ:BerserkerStyle","floor":5.0},{"not_picked":["champ:FocusedDefense","champ:FlashCut"],"picked":"champ:CrookedStrike","floor":9.0},{"not_picked":["champ:ShieldSigil","champ:ShieldSlam","champ:FanOfKnives"],"picked":"SKIP","floor":10.0},{"not_picked":["champ:RageSigil","champ:FlashCut","champ:StanceDance"],"picked":"SKIP","floor":12.0},{"not_picked":["champ:BringItOn","champ:RageSigil","champ:PerfectedStrike"],"picked":"SKIP","floor":15.0}],"player_experience":1083604,"relics_obtained":[{"floor":7.0,"key":"Nunchaku"},{"floor":8.0,"key":"downfall:CloakOfManyFaces"},{"floor":10.0,"key":"Akabeko"}],"event_choices":[],"is_beta":false,"boss_relics":[],"items_purged_floors":[],"is_endless":false,"potions_floor_spawned":[2,3,10,15],"killed_by":"downfall:Defect","ascension_level":19}}