{"host":"u0f5uy314yz7olfc","time":1609243996,"event":{"mods":["AchievementEnabler","Aspiration","BaseMod","Better Altar","Better Match","Better Note","Better Sensory Stone","Better Skull","Better Third Choice","BetterRewards","Block Reminder","Colored Map","Colored Powertips","DeckTracker","Dota2Spire","Emptier Cage","Gold Saver","Highlight Path","Hubris","Infinite Spire","Marked Mod","Mimic Mod","Minty Spire (QoL Compilation)","Permanent Neow","Quick Restart","Rare Cards Sparkle","Relic Sorter","Replay The Spire","Shop Mod","StSLib","The Bladedancer","The Blue Laboratory","Watcher Patcher"],"gold_per_floor":[570,570,570,570,30,30,30,30,62,82,52,72,72,72,72],"floor_reached":14,"playtime":1071,"items_purged":[],"score":76,"play_id":"19bc28f1-e014-40ec-8ec8-68afd60124d8","local_time":"20201229191316","is_ascension_mode":false,"campfire_choices":[{"floor":6,"key":"RECALL"},{"data":"blademaster:BladeMastery","floor":8,"key":"SMITH"}],"circlet_count":0,"master_deck":["blademaster:Strike","blademaster:Strike","blademaster:Strike","blademaster:Strike","blademaster:Defend","blademaster:Defend","blademaster:Defend","blademaster:Defend","blademaster:RagingBlow","blademaster:HighVoltage","blademaster:AspectOfWind","blademaster:Flurry","blademaster:ThunderSlash","blademaster:Quickstep","blademaster:Thrust","blademaster:ParryingStrike","blademaster:Breeze","blademaster:SharpBlades","blademaster:BrainBloom","blademaster:Stability"],"relics":["blademaster:DancersAmulet","MerchantsRug","hubris:Icosahedron","ReplayTheSpireMod:TigerMarble","hubris:Towel","Dota2Spire:PowerTreads","Golden Egg","aspiration:SneckoTail","Meat on the Bone","aspiration:FrozenJewel"],"acts_visited":[],"potions_floor_usage":[12,12,12,14],"damage_taken":[{"damage":0,"enemies":"Cultist","floor":1,"turns":3},{"damage":12,"enemies":"Jaw Worm","floor":9,"turns":4},{"damage":8,"enemies":"Jaw Worm","floor":10,"turns":4},{"damage":1,"enemies":"Small Slimes","floor":12,"turns":4},{"damage":86,"enemies":"Nightmare","floor":14,"turns":12}],"seed_played":"-4711566599007746246","potions_obtained":[{"floor":10,"key":"Adrenaline Potion"},{"floor":11,"key":"EssenceOfSteel"},{"floor":11,"key":"blueLaboratory:BubblePotion"},{"floor":12,"key":"blueLaboratory:StoneskinPotion"}],"is_trial":false,"path_per_floor":["M","?","?","?","$","R","AVR","R","MIM","M","?","M","?","NM"],"character_chosen":"THE_BLADEMASTER","items_purchased":["blademaster:AspectOfWind","blademaster:Flurry","blademaster:ThunderSlash","MerchantsRug","blademaster:Quickstep","blademaster:Thrust","blademaster:BladeMastery","blademaster:Breeze","Dota2Spire:PowerTreads","Golden Egg"],"campfire_rested":0,"item_purchase_floors":[0,0,0,0,0,0,5,5,5,5],"current_hp_per_floor":[75,75,75,75,75,75,75,75,63,55,55,54,75,0,0],"gold":72,"neow_bonus":"","is_daily":false,"chose_seed":false,"campfire_upgraded":1,"win_rate":0.0,"timestamp":1609243996,"path_taken":["M","?","?","?","$","R","AVR","R","MIM","?","?","?","?","NM"],"items_purchased_type":["Card","Card","Card","Relic","Card","Card","Card","Card","Relic","Relic"],"build_version":"2020-12-22","purchased_purges":0,"victory":false,"max_hp_per_floor":[75,75,75,75,75,75,75,75,75,75,75,75,75,75,75],"card_choices":[{"not_picked":["blademaster:AspectOfWind","blademaster:SlyStabs"],"picked":"blademaster:ParryingStrike","floor":1},{"not_picked":["blademaster:ColdBlood","blademaster:DancingEdge"],"picked":"blademaster:SharpBlades","floor":9},{"not_picked":["blademaster:Safeguard","blademaster:DancingEdge"],"picked":"blademaster:BrainBloom","floor":10},{"not_picked":["blademaster:Sharpen","blademaster:AspectOfWind"],"picked":"blademaster:Stability","floor":12}],"player_experience":363072,"relics_obtained":[{"floor":3,"key":"ReplayTheSpireMod:TigerMarble"},{"floor":9,"key":"Meat on the Bone"},{"floor":9,"key":"blademaster:RandomStancePerk"},{"floor":9,"key":"aspiration:FrozenJewel"}],"event_choices":[{"damage_healed":0,"gold_gain":0,"player_choice":"Bought 2 Potions","damage_taken":0,"max_hp_gain":0,"max_hp_loss":0,"event_name":"The Woman in Blue","floor":11,"gold_loss":0},{"cards_removed":["blademaster:BladeMastery"],"damage_healed":21,"gold_gain":0,"player_choice":"Offered Uncommon","damage_taken":0,"max_hp_gain":0,"max_hp_loss":0,"event_name":"Bonfire Elementals","floor":13,"gold_loss":0}],"is_beta":false,"boss_relics":[],"items_purged_floors":[],"is_endless":false,"potions_floor_spawned":[10,12],"killed_by":"Nightmare","ascension_level":0}}