{"host":"38maufg2dcy7va3m","time":1609229717,"event":{"mods":["Act Like it!","BaseMod","Downfall","Hubris","Infinite Spire","Minty Spire (QoL Compilation)","Replay The Spire","StSLib"],"gold_per_floor":[99,109,168,188,203,203,203,203,221,239,239,239,64,64,78,174,174,99,118,118,46,63,63,88,88,108,33,46,46,61,77,89,186,186,186,201,218,238,250,276,276,276,201,219,232,247,257,257,277,277],"floor_reached":51,"playtime":4120,"items_purged":["Regret"],"score":754,"play_id":"6a93f1cf-8a76-4276-848e-412558d37c55","local_time":"20201229001517","is_ascension_mode":false,"campfire_choices":[{"floor":1,"key":"RECALL"},{"floor":6,"key":"REST"},{"floor":11,"key":"REST"},{"data":"Guardian:TwinSlam","floor":27,"key":"SMITH"},{"data":"Guardian:PrismaticBeam","floor":35,"key":"SMITH"},{"data":"Guardian:ShieldSpikes","floor":43,"key":"SMITH"}],"circlet_count":0,"master_deck":["Guardian:Strike_Guardian","Guardian:Strike_Guardian","Guardian:Strike_Guardian","Guardian:Defend_Guardian","Guardian:Defend_Guardian","Guardian:Defend_Guardian+1","Guardian:CurlUp","Guardian:TwinSlam+1","Guardian:PiercingHide+1","Guardian:SentryBeam","Guardian:PiercingHide+1","Guardian:RollAttack","Guardian:SpikerProtocol+1","Guardian:ShieldSpikes+1","Guardian:HyperBeam_Guardian","Guardian:TemporalStrike","Guardian:RefractedBeam","Guardian:BronzeOrb","Guardian:PolyBeam+1","Guardian:ChargeCore+1","Guardian:FloatingOrbs","Guardian:TemporalStrike","Guardian:CrystalBeam","Guardian:PrismaticBeam+1","Guardian:ShieldSpikes+1","Guardian:RevengeProtocol","Guardian:BronzeOrb","Guardian:ArmoredProtocol","Guardian:Recover","Guardian:Recover+1","Guardian:Emergency+1","Guardian:WalkerClaw","Guardian:PrismaticBarrier+1","Guardian:Harden","Guardian:PolyBeam+1","Parasite","Guardian:SentryBeam+1"],"relics":["Guardian:ModeShifter","Lantern","Pocketwatch","SlaversCollar","downfall:HeartBlessingRed","Nloth\u0027s Gift","hubris:BottledHeart","downfall:HeartBlessingBlue","Mummified Hand","Painkiller Herb","hubris:Metronome","Pantograph","downfall:HeartBlessingGreen"],"acts_visited":["Exordium","TheCity","TheBeyond"],"potions_floor_usage":[4,9,10,16,16,28,31,33,40,47,47,50],"damage_taken":[{"damage":0,"enemies":"2 Louse","floor":2,"turns":3},{"damage":0,"enemies":"Cultist","floor":4,"turns":3},{"damage":5,"enemies":"Small Slimes","floor":5,"turns":4},{"damage":0,"enemies":"Blue Slaver","floor":9,"turns":3},{"damage":1,"enemies":"Large Slime","floor":10,"turns":5},{"damage":4,"enemies":"downfall:FleeingMerchant","floor":13,"turns":4},{"damage":0,"enemies":"Red Slaver","floor":15,"turns":3},{"damage":3,"enemies":"downfall:Ironclad","floor":16,"turns":10},{"damage":0,"enemies":"3 Byrds","floor":19,"turns":2},{"damage":0,"enemies":"downfall:FleeingMerchant","floor":21,"turns":4},{"damage":5,"enemies":"Shell Parasite","floor":22,"turns":3},{"damage":0,"enemies":"Shelled Parasite and Fungi","floor":26,"turns":5},{"damage":0,"enemies":"Sentry and Sphere","floor":28,"turns":6},{"damage":0,"enemies":"Snecko","floor":30,"turns":5},{"damage":0,"enemies":"Cultist and Chosen","floor":31,"turns":5},{"damage":0,"enemies":"Snake Plant","floor":32,"turns":3},{"damage":0,"enemies":"downfall:Silent","floor":33,"turns":7},{"damage":0,"enemies":"3 Shapes","floor":36,"turns":3},{"damage":0,"enemies":"3 Darklings","floor":37,"turns":4},{"damage":0,"enemies":"Spire Growth","floor":38,"turns":6},{"damage":0,"enemies":"Maw","floor":39,"turns":8},{"damage":3,"enemies":"Reptomancer","floor":40,"turns":8},{"damage":0,"enemies":"Writhing Mass","floor":44,"turns":5},{"damage":0,"enemies":"Transient","floor":45,"turns":5},{"damage":0,"enemies":"Spire Growth","floor":46,"turns":3},{"damage":0,"enemies":"Sphere and 2 Shapes","floor":47,"turns":4},{"damage":0,"enemies":"Writhing Mass","floor":49,"turns":7},{"damage":0,"enemies":"downfall:Defect","floor":50,"turns":8}],"seed_played":"4573449908387602465","potions_obtained":[{"floor":2,"key":"FearPotion"},{"floor":3,"key":"Reflective Coating"},{"floor":4,"key":"sneckomod:MuddlingPotion"},{"floor":5,"key":"Fire Potion"},{"floor":19,"key":"Milkshake"},{"floor":26,"key":"champ:CounterPotion"},{"floor":30,"key":"infinitespire:BlackPotion"},{"floor":33,"key":"SpeedPotion"},{"floor":37,"key":"FairyPotion"},{"floor":39,"key":"Elixir"},{"floor":40,"key":"Milkshake"},{"floor":45,"key":"Reflective Coating"},{"floor":46,"key":"Fire Potion"},{"floor":47,"key":"sneckomod:MuddlingPotion"},{"floor":49,"key":"Doom Potion"}],"is_trial":false,"path_per_floor":["R","M","?","M","M","R","T","?","M","M","R","?","$","?","M","B",null,"R","M","?","$","M","?","T","?","M","R","M","AVR","M","M","M","B",null,"T","?","?","?","?","E","T","?","T","?","?","?","?","?","?","B",null],"character_chosen":"GUARDIAN","items_purchased":["Guardian:Gem_Purple","Fire Potion","Guardian:PolyBeam+1"],"campfire_rested":2,"item_purchase_floors":[13,13,21],"current_hp_per_floor":[80,80,48,48,43,67,67,67,67,66,80,80,76,76,76,73,80,80,80,80,80,75,1,1,1,1,1,1,1,1,1,1,1,1,1,1,1,1,1,1,1,1,1,1,1,1,1,1,1,1],"gold":277,"neow_bonus":"REMOVE_CARD","is_daily":false,"chose_seed":false,"campfire_upgraded":3,"win_rate":0.0,"timestamp":1609229717,"path_taken":["R","M","?","M","M","R","T","?","M","M","R","?","$","?","M","BOSS","R","M","?","$","?","?","T","?","M","R","M","AVR","?","M","M","BOSS","T","?","?","?","?","E","T","?","T","?","?","?","?","?","?","BOSS"],"items_purchased_type":["Card","Potion","Card"],"build_version":"2020-12-22","purchased_purges":1,"victory":true,"max_hp_per_floor":[80,80,80,80,80,80,80,80,80,80,80,80,80,80,80,80,80,80,80,80,80,80,1,1,1,1,1,1,1,1,1,1,1,1,1,1,1,1,1,1,1,1,1,1,1,1,1,1,1,1],"card_choices":[{"not_picked":["Guardian:Gem_White","Guardian:DecasProtection"],"picked":"Guardian:PiercingHide","floor":2},{"not_picked":["Guardian:Recover","Guardian:Gem_Cyan"],"picked":"Guardian:Gem_Fragmented","floor":3},{"not_picked":["Guardian:Planning","Guardian:Gem_Lightblue"],"picked":"Guardian:SentryBeam","floor":3},{"not_picked":["Guardian:Planning","Guardian:Gem_Crimson"],"picked":"Guardian:Gem_Cyan","floor":4},{"not_picked":["Guardian:Gem_Cyan","Guardian:AncientConstruct"],"picked":"Guardian:PiercingHide","floor":5},{"not_picked":["Guardian:Gem_Lightblue","Guardian:ChargeUp"],"picked":"Guardian:RollAttack","floor":9},{"not_picked":["Guardian:ChargeCore","Guardian:FloatingOrbs"],"picked":"Guardian:SpikerProtocol","floor":10},{"not_picked":["Guardian:TemporalShield","Guardian:DonusPower"],"picked":"Guardian:Gem_Lightblue","floor":13},{"not_picked":["Guardian:ChargeCore","Guardian:DonusPower"],"picked":"Guardian:ShieldSpikes","floor":15},{"not_picked":["Guardian:StasisStrike","Guardian:TimeSifter"],"picked":"Guardian:HyperBeam_Guardian","floor":16},{"not_picked":["Guardian:RollAttack","Guardian:Suspension"],"picked":"Guardian:RefractedBeam","floor":19},{"not_picked":["Guardian:CrystalBeam","Guardian:ShieldCharger"],"picked":"Guardian:BronzeOrb","floor":21},{"not_picked":["Guardian:Emergency","Guardian:Gem_Red"],"picked":"Guardian:ChargeCore+1","floor":22},{"not_picked":["Guardian:BronzeArmor","Guardian:Gem_Red"],"picked":"Guardian:FloatingOrbs","floor":26},{"not_picked":["Guardian:Gem_Cyan","Guardian:Gem_Crimson"],"picked":"Guardian:TemporalStrike","floor":28},{"not_picked":["Guardian:Incinerate","Guardian:HyperBeam_Guardian"],"picked":"Guardian:CrystalBeam","floor":30},{"not_picked":["Guardian:DecasProtection+1","Guardian:Reroute"],"picked":"Guardian:PrismaticBeam","floor":31},{"not_picked":["Guardian:ChargeCore","Guardian:Gem_Blue"],"picked":"Guardian:ShieldSpikes+1","floor":32},{"not_picked":["Guardian:SphericShield","Guardian:AncientConstruct"],"picked":"Guardian:RevengeProtocol","floor":33},{"not_picked":["Guardian:Gem_Green","Guardian:Recover"],"picked":"Guardian:BronzeOrb","floor":36},{"not_picked":["Guardian:TemporalShield","Guardian:Gem_Crimson"],"picked":"Guardian:Gem_Fragmented","floor":37},{"not_picked":["Guardian:PolyBeam+1","Guardian:FastForward"],"picked":"Guardian:ArmoredProtocol","floor":38},{"not_picked":["Guardian:ChargeCore","Guardian:PiercingHide"],"picked":"Guardian:Recover","floor":39},{"not_picked":["Guardian:Suspension","Guardian:ArmoredProtocol"],"picked":"Guardian:Recover+1","floor":40},{"not_picked":["Guardian:RefractedBeam+1","Guardian:DonusPower"],"picked":"Guardian:Emergency+1","floor":44},{"not_picked":["Guardian:Planning+1","Guardian:TemporalStrike"],"picked":"Guardian:WalkerClaw","floor":45},{"not_picked":["Guardian:Gem_Blue","Guardian:Gem_Green"],"picked":"Guardian:PrismaticBarrier+1","floor":46},{"not_picked":["Guardian:PrismaticBeam","Guardian:ExploitGems"],"picked":"Guardian:Harden","floor":47},{"not_picked":["Guardian:PrimingBeam","Guardian:MultiBeam"],"picked":"Guardian:SentryBeam+1","floor":49}],"player_experience":205868,"relics_obtained":[{"floor":3,"key":"Lantern"},{"floor":7,"key":"Pocketwatch"},{"floor":40,"key":"hubris:Metronome"},{"floor":41,"key":"Pantograph"}],"event_choices":[{"damage_healed":0,"gold_gain":0,"player_choice":"Upgraded","damage_taken":0,"max_hp_gain":0,"max_hp_loss":0,"event_name":"Upgrade Shrine","floor":42,"gold_loss":0,"cards_upgraded":["Guardian:SpikerProtocol"]},{"damage_healed":0,"gold_gain":0,"player_choice":"Copied","damage_taken":0,"max_hp_gain":0,"max_hp_loss":0,"event_name":"Duplicator","floor":48,"gold_loss":0,"cards_obtained":["Guardian:PolyBeam"]}],"is_beta":false,"boss_relics":[{"not_picked":["Calling Bell","Snecko Eye"],"picked":"SlaversCollar"},{"not_picked":["hubris:RunicObelisk","Coffee Dripper"],"picked":"Painkiller Herb"}],"items_purged_floors":[13],"is_endless":false,"potions_floor_spawned":[2,4,5,19,26,30,33,37,39,40,45,46,47,49],"ascension_level":0}}