{"host":"s9oaroyyjdd3e4af","time":1609215882,"event":{"mods":["BaseMod","Colored Powertips","Minty Spire (QoL Compilation)"],"gold_per_floor":[115,128,203,203,213,213,239,239,239,267,280,280,298,314,314,413,413,428,445,445,75,75,75,85,98,98,98,98,98,1,18,18,119,119,138,150,200,220,240,240,286,286,335,335,349,364,364,374,374,374],"floor_reached":51,"playtime":2973,"items_purged":[],"score":711,"play_id":"ab7e55b5-d3f8-4cef-bc4f-1299565d507f","local_time":"20201228232442","is_ascension_mode":false,"campfire_choices":[{"floor":6.0,"key":"REST"},{"data":"Terror","floor":12.0,"key":"SMITH"},{"data":"Footwork","floor":15.0,"key":"SMITH"},{"floor":23.0,"key":"REST"},{"data":"Noxious Fumes","floor":28.0,"key":"SMITH"},{"floor":32.0,"key":"REST"},{"floor":40.0,"key":"REST"},{"floor":42.0,"key":"REST"},{"data":"After Image","floor":44.0,"key":"SMITH"},{"floor":49,"key":"REST"}],"circlet_count":0,"master_deck":["Strike_G+1","Strike_G+1","Strike_G+1","Strike_G+1","Strike_G+1","Defend_G+1","Defend_G+1","Defend_G+1","Defend_G+1","Defend_G+1","Survivor","Neutralize","Dagger Spray","Terror+1","Footwork+1","Cloak And Dagger+1","Bouncing Flask+1","Blur+1","Poisoned Stab","Poisoned Stab","Adrenaline+1","Blade Dance+1","Footwork","Catalyst+1","Noxious Fumes+1","Concentrate+1","Distraction+1","Catalyst+1","RitualDagger","Impatience+1","Dodge and Roll+1","After Image+1","PiercingWail+1","Flying Knee+1","Noxious Fumes","Bouncing Flask+1","Sucker Punch+1","Poisoned Stab+1","Distraction+1"],"relics":["Ring of the Snake","Pen Nib","Toxic Egg 2","FaceOfCleric","Potion Belt","Toy Ornithopter","WristBlade","Mercury Hourglass","Nilry\u0027s Codex","Bottled Tornado","SacredBark","Ice Cream","Ancient Tea Set","Boot"],"acts_visited":["Exordium","TheCity","TheBeyond"],"potions_floor_usage":[50,50,50,50,50],"damage_taken":[{"damage":0.0,"enemies":"Small Slimes","floor":1.0,"turns":4.0},{"damage":0.0,"enemies":"2 Louse","floor":2.0,"turns":1.0},{"damage":0.0,"enemies":"Cultist","floor":5.0,"turns":3.0},{"damage":10.0,"enemies":"3 Sentries","floor":7.0,"turns":7.0},{"damage":12.0,"enemies":"Gremlin Nob","floor":10.0,"turns":4.0},{"damage":0.0,"enemies":"3 Louse","floor":11.0,"turns":1.0},{"damage":0.0,"enemies":"Large Slime","floor":13.0,"turns":4.0},{"damage":6.0,"enemies":"Looter","floor":14.0,"turns":3.0},{"damage":18.0,"enemies":"Hexaghost","floor":16.0,"turns":10.0},{"damage":4.0,"enemies":"Chosen","floor":18.0,"turns":4.0},{"damage":9.0,"enemies":"Shell Parasite","floor":19.0,"turns":4.0},{"damage":18.0,"enemies":"Snake Plant","floor":24.0,"turns":5.0},{"damage":2.0,"enemies":"Cultist and Chosen","floor":25.0,"turns":5.0},{"damage":15.0,"enemies":"Chosen and Byrds","floor":31.0,"turns":4.0},{"damage":22.0,"enemies":"Automaton","floor":33.0,"turns":6.0},{"damage":24.0,"enemies":"3 Shapes","floor":35.0,"turns":2.0},{"damage":14.0,"enemies":"3 Darklings","floor":36.0,"turns":4.0},{"damage":0.0,"enemies":"Mind Bloom Boss Battle","floor":37.0,"turns":4.0},{"damage":20.0,"enemies":"Transient","floor":38.0,"turns":5.0},{"damage":21.0,"enemies":"Jaw Worm Horde","floor":39.0,"turns":4.0},{"damage":16,"enemies":"Maw","floor":45,"turns":6},{"damage":12,"enemies":"Transient","floor":46,"turns":5},{"damage":20,"enemies":"Jaw Worm Horde","floor":48,"turns":3},{"damage":16,"enemies":"Time Eater","floor":50,"turns":6}],"seed_played":"-7685380586991622043","potions_obtained":[{"floor":2.0,"key":"CunningPotion"},{"floor":5.0,"key":"Regen Potion"},{"floor":11.0,"key":"Block Potion"},{"floor":18.0,"key":"EntropicBrew"},{"floor":35.0,"key":"GhostInAJar"},{"floor":37.0,"key":"Explosive Potion"},{"floor":39.0,"key":"CultistPotion"},{"floor":45,"key":"SkillPotion"}],"is_trial":false,"path_per_floor":["M","M","?","?","M","R","E","?","T","E","M","R","M","M","R","B",null,"M","M","?","$","?","R","M","M","T","?","R","?","$","M","R","B",null,"M","M","?","M","M","R","T","R","T","R","M","M","?","M","R","B",null],"character_chosen":"THE_SILENT","items_purchased":["Noxious Fumes","Mercury Hourglass","Concentrate+1","Impatience+1"],"campfire_rested":6,"item_purchase_floors":[21,21,21,30],"current_hp_per_floor":[70,70,59,59,59,70,60,60,60,49,55,55,56,51,51,39,75,72,64,64,64,48,71,67,66,66,60,60,60,60,46,70,49,81,58,50,51,32,12,37,37,62,62,62,47,36,36,17,43,53],"gold":374,"neow_bonus":"RANDOM_COMMON_RELIC","is_daily":false,"chose_seed":false,"campfire_upgraded":4,"win_rate":0.0,"timestamp":1609215882,"path_taken":["M","M","?","?","M","R","E","?","T","E","?","R","M","M","R","BOSS","M","M","?","$","?","R","M","M","T","?","R","?","?","?","R","BOSS","M","M","?","M","M","R","?","R","T","R","?","M","?","M","R","BOSS"],"items_purchased_type":["Card","Relic","Card","Card"],"build_version":"2020-12-22","purchased_purges":0,"victory":true,"max_hp_per_floor":[70,70,70,70,70,70,70,70,70,71,72,72,73,74,74,75,75,76,77,77,77,77,77,78,79,79,79,79,79,79,80,80,81,81,82,83,84,85,86,86,86,86,86,86,87,88,88,89,89,90],"card_choices":[{"not_picked":["Deflect","Tactician"],"picked":"Dagger Spray","floor":1.0},{"not_picked":["Prepared","Catalyst"],"picked":"Terror","floor":2.0},{"not_picked":["Flying Knee","Riddle With Holes"],"picked":"Footwork","floor":5.0},{"not_picked":["Caltrops","Distraction+1"],"picked":"Cloak And Dagger+1","floor":7.0},{"not_picked":["Dodge and Roll+1","Riddle With Holes"],"picked":"Bouncing Flask+1","floor":10.0},{"not_picked":["Dagger Throw","Slice"],"picked":"Blur+1","floor":11.0},{"not_picked":["Footwork","Bane"],"picked":"Poisoned Stab","floor":13.0},{"not_picked":["Prepared+1","Terror+1"],"picked":"Poisoned Stab","floor":14.0},{"not_picked":["Wraith Form v2","Storm of Steel+1"],"picked":"Adrenaline+1","floor":16.0},{"not_picked":["Quick Slash+1","Poisoned Stab+1"],"picked":"Blade Dance+1","floor":18.0},{"not_picked":["Dodge and Roll+1","Endless Agony+1"],"picked":"Footwork","floor":19.0},{"not_picked":["Deflect+1","Backflip+1"],"picked":"Distraction+1","floor":24.0},{"not_picked":["Dodge and Roll+1","Choke"],"picked":"Catalyst+1","floor":25.0},{"not_picked":["Glass Knife","Well Laid Plans"],"picked":"Dodge and Roll+1","floor":31.0},{"not_picked":["Phantasmal Killer+1","Storm of Steel+1"],"picked":"After Image","floor":33.0},{"not_picked":["Infinite Blades","Quick Slash"],"picked":"PiercingWail+1","floor":35.0},{"not_picked":["Quick Slash+1","Slice"],"picked":"Flying Knee+1","floor":36.0},{"not_picked":["Flying Knee","Well Laid Plans"],"picked":"Noxious Fumes","floor":37.0},{"not_picked":["Tactician+1","Outmaneuver+1"],"picked":"Bouncing Flask+1","floor":38.0},{"not_picked":["Bullet Time+1","Slice"],"picked":"Concentrate+1","floor":39.0},{"not_picked":["Accuracy+1","Dash"],"picked":"Sucker Punch+1","floor":45},{"not_picked":["Escape Plan+1","Slice+1"],"picked":"Poisoned Stab+1","floor":46},{"not_picked":["Infinite Blades","Calculated Gamble+1"],"picked":"Distraction+1","floor":48}],"player_experience":701208,"relics_obtained":[{"floor":7.0,"key":"Toxic Egg 2"},{"floor":9.0,"key":"Potion Belt"},{"floor":10.0,"key":"Toy Ornithopter"},{"floor":22.0,"key":"Nilry\u0027s Codex"},{"floor":26.0,"key":"Bottled Tornado"},{"floor":37.0,"key":"Ice Cream"},{"floor":41.0,"key":"Ancient Tea Set"},{"floor":43.0,"key":"Boot"}],"event_choices":[{"damage_healed":0.0,"max_hp_gain":0.0,"max_hp_loss":0.0,"gold_gain":75.0,"event_name":"World of Goop","player_choice":"Gather Gold","floor":3.0,"gold_loss":0.0,"damage_taken":11.0},{"damage_healed":0.0,"max_hp_gain":0.0,"max_hp_loss":0.0,"gold_gain":0.0,"event_name":"Golden Wing","player_choice":"Ignored","floor":4.0,"gold_loss":0.0,"damage_taken":0.0},{"damage_healed":0.0,"max_hp_gain":0.0,"max_hp_loss":0.0,"gold_gain":0.0,"event_name":"FaceTrader","player_choice":"Trade","floor":8.0,"gold_loss":0.0,"damage_taken":0.0,"relics_obtained":["FaceOfCleric"]},{"damage_healed":0.0,"max_hp_gain":0.0,"max_hp_loss":0.0,"gold_gain":0.0,"event_name":"The Library","player_choice":"Read","floor":20.0,"gold_loss":0.0,"damage_taken":0.0,"cards_obtained":["Catalyst"]},{"damage_healed":0.0,"max_hp_gain":0.0,"max_hp_loss":0.0,"gold_gain":0.0,"event_name":"Cursed Tome","player_choice":"Obtained Book","floor":22.0,"gold_loss":0.0,"damage_taken":16.0},{"damage_healed":0.0,"max_hp_gain":0.0,"max_hp_loss":0.0,"gold_gain":0.0,"event_name":"Nest","player_choice":"Joined the Cult","floor":27.0,"gold_loss":0.0,"damage_taken":6.0,"cards_obtained":["RitualDagger"]},{"damage_healed":0.0,"max_hp_gain":0.0,"max_hp_loss":0.0,"gold_gain":0.0,"event_name":"Back to Basics","player_choice":"Simplicity","floor":29.0,"gold_loss":0.0,"damage_taken":0.0,"cards_upgraded":["Strike_G","Strike_G","Strike_G","Strike_G","Strike_G","Defend_G","Defend_G","Defend_G","Defend_G","Defend_G"]},{"damage_healed":0.0,"max_hp_gain":0.0,"max_hp_loss":0.0,"gold_gain":0.0,"event_name":"MindBloom","player_choice":"Fight","floor":37.0,"gold_loss":0.0,"damage_taken":0.0},{"cards_removed":["Concentrate"],"damage_healed":0,"gold_gain":0,"player_choice":"Removed Skill","damage_taken":0,"max_hp_gain":0,"max_hp_loss":0,"event_name":"Falling","floor":47,"gold_loss":0}],"is_beta":false,"boss_relics":[{"not_picked":["Astrolabe","HoveringKite"],"picked":"WristBlade"},{"not_picked":["Sozu","Runic Pyramid"],"picked":"SacredBark"}],"items_purged_floors":[],"is_endless":false,"potions_floor_spawned":[2,5,11,18,31,35,37,39,45],"ascension_level":0}}