{"host":"1kq2ingo3j45gyyp","time":1609204908,"event":{"mods":["BaseMod","Better Note","Better Third Choice","Minty Spire (QoL Compilation)","Robot Space Explorer","StSLib"],"gold_per_floor":[114,214,66,83,96,110,110,130,130,141,161,161,179,190,190,288,288,301,313,329,329,96,96,96,121,121,133,133,148,148,160,160,262,262,280,292,292,145,198,198,213,213,237,237,251,94,106,140,140,140],"floor_reached":51,"playtime":2829,"items_purged":[],"score":770,"play_id":"980f1b14-3a05-4c44-b4f2-020c1c63fb80","local_time":"20201228202148","daily_mods":["SealedDeck"],"is_ascension_mode":false,"campfire_choices":[{"data":"RobotSpaceExplorer:StarDust","floor":7,"key":"SMITH"},{"data":"RobotSpaceExplorer:Pulsar","floor":12,"key":"SMITH"},{"data":"RobotSpaceExplorer:Pulsar","floor":15,"key":"SMITH"},{"data":"RobotSpaceExplorer:Pulsar","floor":30,"key":"SMITH"},{"data":"RobotSpaceExplorer:Pulsar","floor":32,"key":"SMITH"},{"floor":40,"key":"REST"},{"data":"RobotSpaceExplorer:TrailblazerForm","floor":42,"key":"SMITH"},{"data":"RobotSpaceExplorer:TrailblazerForm","floor":44,"key":"SMITH"},{"floor":49,"key":"REST"}],"circlet_count":0,"master_deck":["RobotSpaceExplorer:FranticSearch","RobotSpaceExplorer:Smokescreen","RobotSpaceExplorer:Fix","RobotSpaceExplorer:Pulsar+1","RobotSpaceExplorer:Pulsar+1","RobotSpaceExplorer:Pulsar+1","RobotSpaceExplorer:Pulsar+1","RobotSpaceExplorer:Pulsar","RobotSpaceExplorer:StarDust+1","Bandage Up","Insight+1","RobotSpaceExplorer:TrailblazerForm+1","RobotSpaceExplorer:TrailblazerForm+1"],"relics":["RobotSpaceExplorer:RoboCore","Lantern","Runic Dome","Art of War","Anchor","InkBottle","Nloth\u0027s Gift","Sozu","Toolbox","Peace Pipe","RobotSpaceExplorer:ClockworkSextant","Lee\u0027s Waffle","Pear"],"acts_visited":["Exordium","TheCity","TheBeyond"],"potions_floor_usage":[36,36,36],"damage_taken":[{"damage":0,"enemies":"2 Louse","floor":1,"turns":5},{"damage":0,"enemies":"Cultist","floor":4,"turns":5},{"damage":0,"enemies":"Jaw Worm","floor":5,"turns":4},{"damage":0,"enemies":"Blue Slaver","floor":6,"turns":4},{"damage":0,"enemies":"Looter","floor":8,"turns":4},{"damage":0,"enemies":"2 Fungi Beasts","floor":10,"turns":5},{"damage":31,"enemies":"Gremlin Gang","floor":11,"turns":7},{"damage":2,"enemies":"3 Louse","floor":13,"turns":5},{"damage":0,"enemies":"Blue Slaver","floor":14,"turns":4},{"damage":15,"enemies":"Slime Boss","floor":16,"turns":9},{"damage":0,"enemies":"Shell Parasite","floor":18,"turns":5},{"damage":0,"enemies":"Chosen","floor":19,"turns":5},{"damage":12,"enemies":"Sentry and Sphere","floor":20,"turns":6},{"damage":0,"enemies":"Slavers","floor":25,"turns":7},{"damage":0,"enemies":"Centurion and Healer","floor":27,"turns":7},{"damage":1,"enemies":"3 Cultists","floor":29,"turns":6},{"damage":0,"enemies":"Snake Plant","floor":31,"turns":4},{"damage":25,"enemies":"Champ","floor":33,"turns":10},{"damage":0,"enemies":"Orb Walker","floor":35,"turns":5},{"damage":3,"enemies":"3 Darklings","floor":36,"turns":33},{"damage":63,"enemies":"2 Orb Walkers","floor":39,"turns":7},{"damage":0,"enemies":"Transient","floor":41,"turns":5},{"damage":5,"enemies":"Jaw Worm Horde","floor":45,"turns":7},{"damage":7,"enemies":"3 Darklings","floor":47,"turns":8},{"damage":53,"enemies":"Reptomancer","floor":48,"turns":7},{"damage":26,"enemies":"Awakened One","floor":50,"turns":11}],"seed_played":"-1780335250578014518","potions_obtained":[{"floor":1,"key":"LiquidBronze"},{"floor":6,"key":"Strength Potion"},{"floor":8,"key":"SteroidPotion"},{"floor":11,"key":"Explosive Potion"},{"floor":20,"key":"SkillPotion"}],"is_trial":true,"path_per_floor":["M","?","$","M","M","M","R","M","T","M","M","R","M","M","R","B",null,"M","M","M","?","$","?","?","E","T","M","?","M","R","M","R","B",null,"M","M","?","$","?","R","M","R","T","R","M","$","M","E","R","B",null],"character_chosen":"RobotSpaceExplorer","items_purchased":["Lantern","Art of War","Bandage Up","Toolbox","Lee\u0027s Waffle"],"campfire_rested":2,"item_purchase_floors":[3,22,22,38,46],"current_hp_per_floor":[75,75,75,75,75,75,75,75,75,75,48,48,50,50,50,35,75,75,75,67,67,67,67,67,75,75,75,75,74,74,75,75,58,75,75,75,75,75,20,42,50,50,50,50,53,82,82,47,74,56],"gold":140,"neow_bonus":"","is_daily":false,"chose_seed":false,"campfire_upgraded":7,"win_rate":0.0,"timestamp":1609204908,"path_taken":["M","?","$","M","?","M","R","M","T","M","M","R","M","M","R","BOSS","M","M","M","?","$","?","?","E","T","M","?","M","R","?","R","BOSS","M","?","?","$","?","R","M","R","T","R","M","$","M","E","R","BOSS"],"items_purchased_type":["Relic","Relic","Card","Relic","Relic"],"build_version":"2020-12-22","purchased_purges":0,"victory":true,"max_hp_per_floor":[75,75,75,75,75,75,75,75,75,75,75,75,75,75,75,75,75,75,75,75,75,75,75,75,75,75,75,75,75,75,75,75,75,75,75,75,75,75,75,75,75,75,75,75,75,82,82,92,92,92],"card_choices":[{"not_picked":["RobotSpaceExplorer:ShovelStrike","RobotSpaceExplorer:SlimeMissile","RobotSpaceExplorer:StunGrenade"],"picked":"SKIP","floor":1},{"not_picked":["RobotSpaceExplorer:SlimeMissile","RobotSpaceExplorer:ScrapMissile","RobotSpaceExplorer:FreezingShield"],"picked":"SKIP","floor":4},{"not_picked":["RobotSpaceExplorer:Ammunition","RobotSpaceExplorer:FrostMissile","RobotSpaceExplorer:SwiftStep"],"picked":"SKIP","floor":5},{"not_picked":["RobotSpaceExplorer:ExhaustFan","RobotSpaceExplorer:LaserBurst","RobotSpaceExplorer:SlimeMissile"],"picked":"SKIP","floor":6},{"not_picked":["RobotSpaceExplorer:FrostMissile","RobotSpaceExplorer:MiniBoosters","RobotSpaceExplorer:MakeshiftVolley"],"picked":"SKIP","floor":8},{"not_picked":["RobotSpaceExplorer:SwiftStep","RobotSpaceExplorer:LaserBurst","RobotSpaceExplorer:PowerCollector"],"picked":"SKIP","floor":10},{"not_picked":["RobotSpaceExplorer:Blaster","RobotSpaceExplorer:MiniDrones","RobotSpaceExplorer:Pulsar"],"picked":"SKIP","floor":11},{"not_picked":["RobotSpaceExplorer:Probe","RobotSpaceExplorer:MiniDrones","RobotSpaceExplorer:Ammunition"],"picked":"SKIP","floor":13},{"not_picked":["RobotSpaceExplorer:FreezeRay","RobotSpaceExplorer:ImprovisedAttack","RobotSpaceExplorer:MetalStrike"],"picked":"SKIP","floor":14},{"not_picked":["RobotSpaceExplorer:Pulsar+1","RobotSpaceExplorer:Ammunition","RobotSpaceExplorer:SurgingShield"],"picked":"SKIP","floor":18},{"not_picked":["RobotSpaceExplorer:SurgingShield","RobotSpaceExplorer:GlueShot","RobotSpaceExplorer:ImprovisedAttack"],"picked":"SKIP","floor":19},{"not_picked":["RobotSpaceExplorer:Scanner","RobotSpaceExplorer:DualCore","RobotSpaceExplorer:SurgingStrike+1"],"picked":"SKIP","floor":20},{"not_picked":["RobotSpaceExplorer:ImprovisedAttack+1","RobotSpaceExplorer:LuckyStrike","RobotSpaceExplorer:Fix"],"picked":"SKIP","floor":25},{"not_picked":["RobotSpaceExplorer:Electropulse","RobotSpaceExplorer:MiniDrones","RobotSpaceExplorer:FranticSearch"],"picked":"SKIP","floor":27},{"not_picked":["RobotSpaceExplorer:Probe","RobotSpaceExplorer:ScrapShield+1","RobotSpaceExplorer:SlimeMissile+1"],"picked":"SKIP","floor":29},{"not_picked":["RobotSpaceExplorer:DoubleBlock","RobotSpaceExplorer:Counterblock","RobotSpaceExplorer:FranticSearch"],"picked":"SKIP","floor":31},{"not_picked":["RobotSpaceExplorer:Explosion","RobotSpaceExplorer:Multitool"],"picked":"RobotSpaceExplorer:TrailblazerForm","floor":33},{"not_picked":["RobotSpaceExplorer:JunkDive","RobotSpaceExplorer:StunGrenade+1","RobotSpaceExplorer:Counterblock+1"],"picked":"SKIP","floor":35},{"not_picked":["RobotSpaceExplorer:Counterblock","RobotSpaceExplorer:DoubleFind+1","RobotSpaceExplorer:MetalStrike"],"picked":"SKIP","floor":36},{"not_picked":["RobotSpaceExplorer:GlueShot+1","RobotSpaceExplorer:MiniBoosters+1"],"picked":"RobotSpaceExplorer:TrailblazerForm","floor":39},{"not_picked":["RobotSpaceExplorer:ExhaustFan+1","RobotSpaceExplorer:IronShell","RobotSpaceExplorer:Fix+1"],"picked":"SKIP","floor":41},{"not_picked":["RobotSpaceExplorer:FreezingShield+1","RobotSpaceExplorer:Probe+1","RobotSpaceExplorer:Reload+1"],"picked":"SKIP","floor":45},{"not_picked":["RobotSpaceExplorer:DualCore+1","RobotSpaceExplorer:IronShell+1","RobotSpaceExplorer:SurgingShield+1"],"picked":"SKIP","floor":47},{"not_picked":["RobotSpaceExplorer:HighVoltage","RobotSpaceExplorer:TrailblazerForm","RobotSpaceExplorer:Smokescreen"],"picked":"SKIP","floor":48}],"player_experience":808418,"relics_obtained":[{"floor":9,"key":"Nunchaku"},{"floor":25,"key":"Anchor"},{"floor":26,"key":"InkBottle"},{"floor":39,"key":"Peace Pipe"},{"floor":43,"key":"RobotSpaceExplorer:ClockworkSextant"},{"floor":48,"key":"Pear"}],"event_choices":[{"damage_healed":0,"gold_gain":100,"player_choice":"Pray","damage_taken":0,"max_hp_gain":0,"max_hp_loss":0,"event_name":"Golden Shrine","floor":2,"gold_loss":0},{"damage_healed":0,"gold_gain":0,"player_choice":"Ignored","damage_taken":0,"max_hp_gain":0,"max_hp_loss":0,"event_name":"betterNote:BetterNote","floor":21,"gold_loss":0,"cards_obtained":["Blind"]},{"damage_healed":0,"gold_gain":0,"player_choice":"Ignored","damage_taken":0,"max_hp_gain":0,"max_hp_loss":0,"event_name":"Ghosts","floor":23,"gold_loss":0},{"damage_healed":0,"gold_gain":0,"player_choice":"Insight","damage_taken":1,"max_hp_gain":0,"max_hp_loss":0,"event_name":"betterThird:BetterWriting","floor":24,"gold_loss":0,"cards_obtained":["Insight"]},{"damage_healed":0,"gold_gain":0,"player_choice":"Traded Relic","damage_taken":0,"relics_obtained":["Nloth\u0027s Gift"],"max_hp_gain":0,"max_hp_loss":0,"event_name":"N\u0027loth","floor":28,"relics_lost":["Nunchaku"],"gold_loss":0},{"cards_removed":["RobotSpaceExplorer:DoubleBlock"],"damage_healed":0,"gold_gain":0,"player_choice":"Removed Skill","damage_taken":0,"max_hp_gain":0,"max_hp_loss":0,"event_name":"Falling","floor":37,"gold_loss":0},{"damage_healed":0,"gold_gain":0,"player_choice":"Fight","damage_taken":0,"max_hp_gain":0,"max_hp_loss":0,"event_name":"Mysterious Sphere","floor":39,"gold_loss":0}],"is_beta":false,"boss_relics":[{"not_picked":["Coffee Dripper","RobotSpaceExplorer:TurboCore"],"picked":"Runic Dome"},{"not_picked":["RobotSpaceExplorer:Reprocessor","Tiny House"],"picked":"Sozu"}],"items_purged_floors":[],"is_endless":false,"potions_floor_spawned":[1,6,8,11,20,25,33,36,41],"ascension_level":0}}