{"host":"8w54i48wcuneocjq","time":1609271437,"event":{"mods":["2.2 Compatiblity","AchievementEnabler","BaseMod","DeckTracker","Minty Spire (QoL Compilation)","Random Character Button","Rare Cards Sparkle"],"gold_per_floor":[115,129,147,158,258,287,300,300,300,146,146,165,186,211,211,341,341,359,379,289,312,337,337,337,337,363,363,38,56,89,103,103,205,205,216,236,15,115,129,129,140,158,158,158,158,14,14,28,28,28,28],"floor_reached":50,"playtime":2004,"items_purged":["Defend_B","Doubt"],"score":470,"play_id":"06582288-c6e9-4eec-a65a-0ffb4f5e673e","local_time":"20201229205037","is_ascension_mode":false,"campfire_choices":[{"floor":8,"key":"REST"},{"floor":15,"key":"REST"},{"floor":23,"key":"REST"},{"data":"Double Energy","floor":25,"key":"SMITH"},{"data":"Hologram","floor":27,"key":"SMITH"},{"floor":32,"key":"REST"},{"floor":40,"key":"REST"},{"data":"Creative AI","floor":45,"key":"SMITH"},{"data":"Electrodynamics","floor":47,"key":"SMITH"},{"data":"Static Discharge","floor":49,"key":"SMITH"}],"circlet_count":0,"master_deck":["Strike_B","Strike_B","Strike_B","Strike_B","Defend_B","Defend_B+1","Defend_B","Zap","Dualcast","Sweeping Beam","Beam Cell","Electrodynamics+1","Hologram+1","Double Energy+1","Leap","Lockon","Go for the Eyes","Ball Lightning","Buffer","Aggregate","Redo+1","Leap","Static Discharge+1","Conserve Battery+1","Creative AI+1","Self Repair","Lockon+1"],"relics":["Cracked Core","NeowsBlessing","Vajra","CaptainsWheel","Bloody Idol","SacredBark","Lantern","Pantograph","Eternal Feather","Busted Crown","Membership Card","Regal Pillow","Molten Egg 2","ClockworkSouvenir"],"acts_visited":["Exordium","TheCity","TheBeyond"],"potions_floor_usage":[16,19,30,33,33,33,48,50],"damage_taken":[{"damage":0,"enemies":"Cultist","floor":1,"turns":1},{"damage":0,"enemies":"Small Slimes","floor":2,"turns":1},{"damage":0,"enemies":"2 Louse","floor":3,"turns":1},{"damage":18,"enemies":"Exordium Wildlife","floor":4,"turns":4},{"damage":19,"enemies":"Gremlin Nob","floor":6,"turns":4},{"damage":10,"enemies":"Red Slaver","floor":7,"turns":2},{"damage":12,"enemies":"3 Louse","floor":12,"turns":2},{"damage":23,"enemies":"Exordium Thugs","floor":13,"turns":3},{"damage":2,"enemies":"Blue Slaver","floor":14,"turns":3},{"damage":8,"enemies":"Slime Boss","floor":16,"turns":5},{"damage":6,"enemies":"3 Byrds","floor":18,"turns":4},{"damage":28,"enemies":"Shell Parasite","floor":19,"turns":6},{"damage":14,"enemies":"Snake Plant","floor":21,"turns":5},{"damage":4,"enemies":"3 Cultists","floor":22,"turns":3},{"damage":18,"enemies":"Shelled Parasite and Fungi","floor":29,"turns":5},{"damage":32,"enemies":"Gremlin Leader","floor":30,"turns":7},{"damage":0,"enemies":"Snecko","floor":31,"turns":4},{"damage":22,"enemies":"Collector","floor":33,"turns":10},{"damage":36,"enemies":"3 Darklings","floor":35,"turns":3},{"damage":9,"enemies":"3 Shapes","floor":36,"turns":3},{"damage":37,"enemies":"Sphere and 2 Shapes","floor":39,"turns":6},{"damage":27,"enemies":"3 Darklings","floor":41,"turns":5},{"damage":20,"enemies":"4 Shapes","floor":42,"turns":5},{"damage":26,"enemies":"Jaw Worm Horde","floor":48,"turns":5},{"damage":89,"enemies":"Time Eater","floor":50,"turns":10}],"seed_played":"-7198487823741409965","potions_obtained":[{"floor":2,"key":"GamblersBrew"},{"floor":4,"key":"Dexterity Potion"},{"floor":12,"key":"Swift Potion"},{"floor":13,"key":"ColorlessPotion"},{"floor":14,"key":"EntropicBrew"},{"floor":16,"key":"PotionOfCapacity"},{"floor":30,"key":"LiquidMemories"},{"floor":31,"key":"DistilledChaos"},{"floor":41,"key":"Fire Potion"},{"floor":48,"key":"Dexterity Potion"}],"is_trial":false,"path_per_floor":["M","M","M","M","?","E","M","R","T","$","?","M","M","M","R","B",null,"M","M","?","M","M","R","?","R","T","R","$","M","E","M","R","B",null,"M","M","$","?","M","R","M","M","T","?","R","$","R","M","R","B"],"character_chosen":"DEFECT","items_purchased":["Lockon","Static Discharge","Pantograph","Membership Card","Regal Pillow","ClockworkSouvenir","Lockon+1"],"campfire_rested":5,"item_purchase_floors":[10,28,28,37,37,46,46],"current_hp_per_floor":[75,75,75,57,57,38,28,50,50,50,50,38,15,13,35,27,75,69,41,41,27,23,45,45,45,50,50,50,37,10,15,49,57,75,44,40,40,45,13,65,43,35,35,75,75,75,75,61,75,0,0],"gold":28,"neow_bonus":"THREE_ENEMY_KILL","is_daily":false,"chose_seed":false,"campfire_upgraded":5,"win_rate":0.0,"timestamp":1609271437,"path_taken":["M","?","M","M","?","E","?","R","T","$","?","M","M","M","R","BOSS","M","M","?","?","M","R","?","R","T","R","?","M","E","M","R","BOSS","M","M","$","?","M","R","M","?","T","?","R","$","R","M","R","BOSS"],"items_purchased_type":["Card","Card","Relic","Relic","Relic","Relic","Card"],"build_version":"2020-12-22","purchased_purges":2,"victory":false,"max_hp_per_floor":[75,75,75,75,75,75,75,75,75,75,75,75,75,75,75,75,75,75,75,75,75,75,75,75,75,75,75,75,75,75,75,75,75,75,75,75,75,75,75,75,75,75,75,75,75,75,75,75,75,75,75],"card_choices":[{"not_picked":["Compile Driver","Ball Lightning"],"picked":"Sweeping Beam","floor":1},{"not_picked":["Darkness","Barrage"],"picked":"Beam Cell","floor":2},{"not_picked":["Blizzard","Glacier"],"picked":"Electrodynamics","floor":3},{"not_picked":["Hello World","Glacier"],"picked":"Hologram","floor":4},{"not_picked":["Cold Snap","Barrage"],"picked":"Double Energy","floor":6},{"not_picked":["Conserve Battery","Stack"],"picked":"Leap","floor":7},{"not_picked":["Barrage","Beam Cell"],"picked":"Go for the Eyes","floor":12},{"not_picked":["Amplify","Gash","Scrape"],"picked":"SKIP","floor":13},{"not_picked":["Loop","Sweeping Beam"],"picked":"Ball Lightning","floor":14},{"not_picked":["Amplify","Machine Learning"],"picked":"Buffer","floor":16},{"not_picked":["Leap","Consume+1"],"picked":"Aggregate","floor":18},{"not_picked":["Go for the Eyes","Ball Lightning"],"picked":"Redo+1","floor":19},{"not_picked":["Coolheaded","Reprogram+1"],"picked":"Leap","floor":21},{"not_picked":["FTL","Barrage+1","Coolheaded"],"picked":"SKIP","floor":22},{"not_picked":["FTL","Barrage+1","Coolheaded"],"picked":"SKIP","floor":22},{"not_picked":["Fusion+1","Go for the Eyes"],"picked":"Conserve Battery+1","floor":29},{"not_picked":["Auto Shields","Cold Snap","FTL"],"picked":"SKIP","floor":30},{"not_picked":["Hologram","Capacitor","FTL+1"],"picked":"SKIP","floor":31},{"not_picked":["Amplify","Rainbow"],"picked":"Creative AI","floor":33},{"not_picked":["Coolheaded"],"picked":"SKIP","floor":35},{"not_picked":["Conserve Battery"],"picked":"SKIP","floor":36},{"not_picked":["Reprogram"],"picked":"SKIP","floor":39},{"not_picked":[],"picked":"Self Repair","floor":41},{"not_picked":["Heatsinks+1"],"picked":"SKIP","floor":42},{"not_picked":["Aggregate+1"],"picked":"SKIP","floor":48}],"player_experience":6584,"relics_obtained":[{"floor":6,"key":"Vajra"},{"floor":9,"key":"CaptainsWheel"},{"floor":26,"key":"Lantern"},{"floor":30,"key":"Eternal Feather"},{"floor":43,"key":"Molten Egg 2"}],"event_choices":[{"damage_healed":0,"gold_gain":100,"player_choice":"Pray","damage_taken":0,"max_hp_gain":0,"max_hp_loss":0,"event_name":"Golden Shrine","floor":5,"gold_loss":0},{"damage_healed":0,"gold_gain":0,"player_choice":"Take Wound","damage_taken":0,"relics_obtained":["Golden Idol"],"max_hp_gain":0,"max_hp_loss":0,"event_name":"Golden Idol","floor":11,"gold_loss":0,"cards_obtained":["Injury"]},{"cards_removed":["Injury"],"damage_healed":0,"gold_gain":0,"player_choice":"Upgrade and Remove","damage_taken":0,"max_hp_gain":0,"max_hp_loss":0,"event_name":"Designer","floor":20,"gold_loss":90,"cards_upgraded":["Defend_B"]},{"damage_healed":0,"gold_gain":0,"player_choice":"Gave Idol","damage_taken":0,"relics_obtained":["Bloody Idol"],"max_hp_gain":0,"max_hp_loss":0,"event_name":"Forgotten Altar","floor":24,"relics_lost":["Golden Idol"],"gold_loss":0},{"damage_healed":0,"gold_gain":100,"player_choice":"Pray","damage_taken":0,"max_hp_gain":0,"max_hp_loss":0,"event_name":"Golden Shrine","floor":38,"gold_loss":0},{"damage_healed":40,"gold_gain":0,"player_choice":"Heal","damage_taken":0,"max_hp_gain":0,"max_hp_loss":0,"event_name":"MindBloom","floor":44,"gold_loss":0,"cards_obtained":["Doubt"]}],"is_beta":false,"boss_relics":[{"not_picked":["Astrolabe","Calling Bell"],"picked":"SacredBark"},{"not_picked":["Coffee Dripper","Runic Pyramid"],"picked":"Busted Crown"}],"items_purged_floors":[10,46],"is_endless":false,"potions_floor_spawned":[2,4,12,13,14,16,30,31,41,48],"killed_by":"Time Eater","ascension_level":0}}