{"host":"ktg5lwritr12xyhv","time":1609218009,"event":{"mods":["ATMod(阿瑾Mod)","Aspiration","BaseMod","Challenge The Spire","Conspire","Downfall","Hermit","Minty Spire (QoL Compilation)","Quick Restart","Relic Stats","Replay The Spire","Robot Space Explorer","RumiaBox-露米娅的神秘盒子","SIMod","Spicy Shops","StSLib","The Alterego","The Dragon Tamer","vexMod","篝火指南"],"gold_per_floor":[188,188,188,188,188,213,213,213,213,52,69,79,79,112,112,125,139,139,139,139],"floor_reached":18,"playtime":654,"items_purged":["Voices"],"score":133,"play_id":"9187bd4b-b76d-490b-9a76-5217f63c873c","local_time":"20201229130009","is_ascension_mode":false,"metric_token":1303,"campfire_choices":[{"data":"DTMod:WarmUp","floor":13,"key":"SMITH"},{"data":"DTMod:StunTrap","floor":15,"key":"SMITH"}],"dtmod_dragon_data":[40,50,-1,-1,0,0],"circlet_count":0,"master_deck":["DTMod:Strike","DTMod:Strike","DTMod:Strike","DTMod:Strike","DTMod:DoubleHit","DTMod:TargetDefense","DTMod:TargetDefense","DTMod:TargetDefense","DTMod:TargetDefense","DTMod:SwitchingTactic","AT_WindFlip","DTMod:SneakAttack","DTMod:Cover","DTMod:DragonDance","DTMod:QuickFly","DTMod:WarmUp+1","hexamod:Haunted","DTMod:TagTeam","DTMod:InvisibleFlame","DTMod:StunTrap+1","DTMod:Threaten"],"relics":["DTMod:PactStone","AT_ATBox","downfall:HeartsMalice","downfall:BrokenWingStatue","Ring of Searing","ReplayTheSpireMod:Ring of Challenge","Art of War","Matryoshka","ReplayTheSpireMod:CursedCoin","DTMod:BasicTextbook","Shuriken"],"acts_visited":["Exordium"],"potions_floor_usage":[14,18,18],"damage_taken":[{"damage":0,"enemies":"conspire:RoseBush","floor":2,"turns":1},{"damage":0,"enemies":"2 Louse","floor":3,"turns":1},{"damage":0,"enemies":"conspire:MimicChest","floor":6,"turns":1},{"damage":15,"enemies":"downfall:FleeingMerchant","floor":10,"turns":4},{"damage":0,"enemies":"Small Slimes","floor":11,"turns":3},{"damage":0,"enemies":"Exordium Wildlife","floor":12,"turns":2},{"damage":0,"enemies":"Gremlin Nob","floor":14,"turns":4},{"damage":0,"enemies":"Red Slaver","floor":16,"turns":2},{"damage":15,"enemies":"conspire:2 RoseBushes","floor":17,"turns":4},{"damage":28,"enemies":"downfall:Defect","floor":18,"turns":5}],"seed_played":"-2853377203865877321","potions_obtained":[{"floor":11,"key":"FearPotion"},{"floor":12,"key":"LifebloodPotion"},{"floor":14,"key":"Milkshake"},{"floor":16,"key":"Dexterity Potion"}],"is_trial":false,"path_per_floor":["R","M","M","?","?","?","PTL","PTL","T","$","M","M","R","E","R","M","M","B"],"character_chosen":"THE_DT","items_purchased":["DTMod:WarmUp","ReplayTheSpireMod:CursedCoin","DTMod:BasicTextbook"],"campfire_rested":0,"item_purchase_floors":[10,10,10],"current_hp_per_floor":[45,45,45,45,45,45,45,45,45,30,30,30,30,30,30,30,15,0,0,0],"gold":139,"neow_bonus":"THREE_ENEMY_KILL","is_daily":false,"chose_seed":false,"campfire_upgraded":2,"win_rate":0.0,"timestamp":1609218009,"path_taken":["R","M","M","?","?","?","PTL","PTL","T","$","?","M","R","E","R","M","M","BOSS"],"items_purchased_type":["Card","Relic","Relic"],"build_version":"2020-12-22","purchased_purges":1,"victory":false,"max_hp_per_floor":[45,45,45,45,45,45,45,45,45,45,45,45,45,45,45,45,45,45,45,45],"relic_stats":{"counters":[10,24],"Shuriken":[2],"Art of War":[3],"obtain_stats":[{"AT_ATBox":0,"downfall:BrokenWingStatue":4,"Matryoshka":9,"DTMod:PactStone":0,"ReplayTheSpireMod:CursedCoin":10,"Shuriken":14,"downfall:HeartsMalice":0,"DTMod:BasicTextbook":10,"Art of War":6,"ReplayTheSpireMod:Ring of Challenge":5,"Ring of Searing":5},{"AT_ATBox":0,"downfall:BrokenWingStatue":2,"Matryoshka":3,"DTMod:PactStone":0,"ReplayTheSpireMod:CursedCoin":4,"Shuriken":7,"downfall:HeartsMalice":0,"DTMod:BasicTextbook":4,"Art of War":3,"ReplayTheSpireMod:Ring of Challenge":2,"Ring of Searing":2},{"AT_ATBox":0,"downfall:BrokenWingStatue":0,"Matryoshka":0,"DTMod:PactStone":0,"ReplayTheSpireMod:CursedCoin":4,"Shuriken":13,"downfall:HeartsMalice":0,"DTMod:BasicTextbook":4,"Art of War":0,"ReplayTheSpireMod:Ring of Challenge":0,"Ring of Searing":0}]},"card_choices":[{"not_picked":["DTMod:MasterPlan","DTMod:Dissolve"],"picked":"DTMod:SneakAttack","floor":2},{"not_picked":["DTMod:Hide","DTMod:BlazingStrike"],"picked":"DTMod:Cover","floor":3},{"not_picked":["DTMod:BizarreTactic","DTMod:PurifyingFlame"],"picked":"DTMod:DragonDance","floor":6},{"not_picked":["DTMod:ShieldDrain","DTMod:FlameSlash"],"picked":"DTMod:QuickFly","floor":10},{"not_picked":["DTMod:BlueScale","DTMod:ComboAttack"],"picked":"DTMod:TagTeam","floor":11},{"not_picked":["DTMod:TagTeam","DTMod:Hide"],"picked":"DTMod:InvisibleFlame","floor":12},{"not_picked":["DTMod:Weaken","DTMod:BuildUp"],"picked":"DTMod:StunTrap","floor":14},{"not_picked":["DTMod:Feint","DTMod:FlameSlash"],"picked":"DTMod:Threaten","floor":16},{"not_picked":["DTMod:Feint","DTMod:Punisher","DTMod:Conduct"],"picked":"SKIP","floor":17}],"player_experience":200573,"relics_obtained":[{"floor":5,"key":"Ring of Searing"},{"floor":5,"key":"ReplayTheSpireMod:Ring of Challenge"},{"floor":6,"key":"Art of War"},{"floor":9,"key":"Matryoshka"},{"floor":14,"key":"Shuriken"}],"event_choices":[],"is_beta":false,"boss_relics":[],"items_purged_floors":[10],"is_endless":false,"potions_floor_spawned":[11,12,14,16],"killed_by":"downfall:Defect","ascension_level":0}}