{"host":"9l2xd2qbyxfqdc97","time":1609256121,"event":{"mods":["BaseMod","Colored Map","Highlight Path","Minty Spire (QoL Compilation)","Quick Restart"],"gold_per_floor":[118,118,137,154,154,154,171,171,171,182,107,140,160,180,180,180,180],"floor_reached":16,"playtime":389,"items_purged":["Strike_R"],"score":125,"play_id":"b4a6295d-ece5-453b-9fe0-07aaa4feefcc","local_time":"20201230003521","is_ascension_mode":true,"campfire_choices":[{"data":"Bash","floor":6,"key":"SMITH"},{"data":"Fire Breathing","floor":8,"key":"SMITH"},{"data":"Seeing Red","floor":15,"key":"SMITH"}],"circlet_count":0,"master_deck":["Strike_R","Strike_R","Strike_R","Strike_R","Defend_R","Defend_R","Defend_R","Bash+1","Warcry","Wild Strike","Fire Breathing+1","Sever Soul","Seeing Red+1","Shrug It Off","Seeing Red"],"relics":["Burning Blood","NeowsBlessing","Paper Frog","Ice Cream"],"acts_visited":["Exordium"],"potions_floor_usage":[6,7,12,16,16],"damage_taken":[{"damage":0,"enemies":"2 Louse","floor":1,"turns":1},{"damage":0,"enemies":"Cultist","floor":3,"turns":1},{"damage":0,"enemies":"Jaw Worm","floor":4,"turns":1},{"damage":19,"enemies":"Gremlin Gang","floor":7,"turns":5},{"damage":0,"enemies":"Large Slime","floor":10,"turns":5},{"damage":25,"enemies":"3 Sentries","floor":12,"turns":4},{"damage":9,"enemies":"3 Louse","floor":13,"turns":3},{"damage":11,"enemies":"Blue Slaver","floor":14,"turns":3},{"damage":49,"enemies":"The Guardian","floor":16,"turns":8}],"seed_played":"-4910397542036494107","potions_obtained":[{"floor":4,"key":"EntropicBrew"},{"floor":13,"key":"Strength Potion"}],"is_trial":false,"path_per_floor":["M","?","M","M","?","R","M","R","T","M","$","E","M","M","R","B"],"character_chosen":"IRONCLAD","items_purchased":[],"campfire_rested":0,"item_purchase_floors":[],"current_hp_per_floor":[80,80,80,80,80,80,67,67,67,73,73,54,51,46,46,0,0],"gold":180,"neow_bonus":"THREE_ENEMY_KILL","is_daily":false,"chose_seed":false,"campfire_upgraded":3,"win_rate":0.0,"timestamp":1609256121,"path_taken":["M","?","?","M","?","R","M","R","T","M","$","E","M","M","R","BOSS"],"items_purchased_type":[],"build_version":"2020-12-22","purchased_purges":1,"victory":false,"max_hp_per_floor":[80,80,80,80,80,80,80,80,80,80,80,80,80,80,80,80,80],"card_choices":[{"not_picked":["Cleave","Sword Boomerang","Ghostly Armor"],"picked":"SKIP","floor":1},{"not_picked":["Armaments","Uppercut","Thunderclap"],"picked":"SKIP","floor":3},{"not_picked":["Shrug It Off","Uppercut"],"picked":"Wild Strike","floor":4},{"not_picked":["Ghostly Armor","True Grit"],"picked":"Fire Breathing","floor":7},{"not_picked":["Combust","Body Slam"],"picked":"Sever Soul","floor":10},{"not_picked":["Pummel","Twin Strike"],"picked":"Seeing Red","floor":12},{"not_picked":["Metallicize","Body Slam"],"picked":"Shrug It Off","floor":13},{"not_picked":["Anger","Feed"],"picked":"Seeing Red","floor":14}],"player_experience":201292,"relics_obtained":[{"floor":9,"key":"Paper Frog"},{"floor":12,"key":"Ice Cream"}],"event_choices":[{"damage_healed":0,"gold_gain":0,"cards_transformed":["Defend_R"],"player_choice":"Transformed","damage_taken":0,"max_hp_gain":0,"max_hp_loss":0,"event_name":"Transmorgrifier","floor":2,"gold_loss":0,"cards_obtained":["Warcry"]},{"damage_healed":0,"gold_gain":0,"player_choice":"Bought 0 Potions","damage_taken":0,"max_hp_gain":0,"max_hp_loss":0,"event_name":"The Woman in Blue","floor":5,"gold_loss":0}],"is_beta":false,"boss_relics":[],"items_purged_floors":[11],"is_endless":false,"potions_floor_spawned":[4,13],"killed_by":"The Guardian","ascension_level":4}}