{"host":"mcdusr64esz012l0","time":1609215683,"event":{"mods":["BaseMod","Minty Spire (QoL Compilation)","Relic Stats"],"gold_per_floor":[114,114,126,0,0,0,26,43,95,121,121,132,161,175,175,251,251,268,318,82,95,42,76,76,76,76,76,126,151,151,177,177,254,254,264,0,14,14,32,59,73,73,73,98,114,133,150,177,177,177,177,177,177,14,46,46],"floor_reached":57,"playtime":3885,"items_purged":["Strike_G"],"score":2976,"play_id":"63162095-53f1-4570-86f0-d24838533408","local_time":"20201228232123","is_ascension_mode":true,"campfire_choices":[{"data":"Dash","floor":6.0,"key":"SMITH"},{"data":"Leg Sweep","floor":11.0,"key":"SMITH"},{"floor":15.0,"key":"REST"},{"floor":25.0,"key":"REST"},{"data":"Footwork","floor":27.0,"key":"SMITH"},{"data":"Footwork","floor":32.0,"key":"SMITH"},{"floor":42.0,"key":"RECALL"},{"data":"Footwork","floor":49.0,"key":"SMITH"},{"data":"Apotheosis","floor":53.0,"key":"SMITH"}],"circlet_count":0,"master_deck":["AscendersBane","Defend_G","Defend_G+1","Defend_G","Defend_G","Defend_G+1","Survivor","Neutralize","Bouncing Flask+1","Dash+1","Backflip","Poisoned Stab","Leg Sweep+1","Bane","Deflect","Backflip","Cloak And Dagger","Corpse Explosion","Bouncing Flask","Footwork+1","Footwork+1","Escape Plan","Bite","Bite","Bite","Bite","Bite","Leg Sweep","Backflip","Catalyst","Footwork+1","Apotheosis+1","Catalyst","Noxious Fumes+1","PiercingWail","Footwork","Parasite","Dodge and Roll"],"relics":["Ring of the Snake","NeowsBlessing","War Paint","Mercury Hourglass","Snake Skull","Velvet Choker","Ice Cream","Potion Belt","Pocketwatch","Nloth\u0027s Gift","Bottled Tornado","HoveringKite","Bag of Preparation","Mango","Mummified Hand","Happy Flower"],"acts_visited":["Exordium","TheCity","TheBeyond","TheEnding"],"potions_floor_usage":[56,56,56,56],"damage_taken":[{"damage":0.0,"enemies":"Jaw Worm","floor":1.0,"turns":1.0},{"damage":0.0,"enemies":"Small Slimes","floor":3.0,"turns":1.0},{"damage":0.0,"enemies":"Gremlin Nob","floor":7.0,"turns":1.0},{"damage":0.0,"enemies":"Cultist","floor":8.0,"turns":3.0},{"damage":14.0,"enemies":"3 Sentries","floor":10.0,"turns":10.0},{"damage":0.0,"enemies":"Lots of Slimes","floor":12.0,"turns":3.0},{"damage":10.0,"enemies":"Lagavulin","floor":13.0,"turns":6.0},{"damage":0.0,"enemies":"Large Slime","floor":14.0,"turns":4.0},{"damage":23.0,"enemies":"Hexaghost","floor":16.0,"turns":7.0},{"damage":9.0,"enemies":"2 Thieves","floor":18.0,"turns":3.0},{"damage":0.0,"enemies":"Chosen","floor":21.0,"turns":4.0},{"damage":18.0,"enemies":"Slavers","floor":23.0,"turns":3.0},{"damage":0.0,"enemies":"Book of Stabbing","floor":29.0,"turns":5.0},{"damage":23.0,"enemies":"Gremlin Leader","floor":31.0,"turns":9.0},{"damage":57.0,"enemies":"Champ","floor":33.0,"turns":14.0},{"damage":0.0,"enemies":"3 Shapes","floor":35.0,"turns":3.0},{"damage":21.0,"enemies":"Orb Walker","floor":37.0,"turns":3.0},{"damage":5.0,"enemies":"Spire Growth","floor":39.0,"turns":5.0},{"damage":0.0,"enemies":"Giant Head","floor":40.0,"turns":7.0},{"damage":0.0,"enemies":"Writhing Mass","floor":41.0,"turns":5.0},{"damage":6.0,"enemies":"Mind Bloom Boss Battle","floor":44.0,"turns":7.0},{"damage":10.0,"enemies":"Maw","floor":45.0,"turns":6.0},{"damage":1.0,"enemies":"3 Darklings","floor":46.0,"turns":7.0},{"damage":2.0,"enemies":"Writhing Mass","floor":47.0,"turns":5.0},{"damage":27.0,"enemies":"Nemesis","floor":48.0,"turns":7.0},{"damage":47.0,"enemies":"Time Eater","floor":50.0,"turns":16.0},{"damage":15.0,"enemies":"Awakened One","floor":51.0,"turns":19.0},{"damage":32.0,"enemies":"Shield and Spear","floor":55.0,"turns":9.0},{"damage":48,"enemies":"The Heart","floor":56,"turns":10}],"seed_played":"-2765547039919010459","potions_obtained":[{"floor":1.0,"key":"AttackPotion"},{"floor":10.0,"key":"PowerPotion"},{"floor":13.0,"key":"Fire Potion"},{"floor":18.0,"key":"Explosive Potion"},{"floor":31.0,"key":"GamblersBrew"},{"floor":33.0,"key":"LiquidBronze"},{"floor":37.0,"key":"DuplicationPotion"},{"floor":39.0,"key":"Dexterity Potion"},{"floor":40.0,"key":"AttackPotion"},{"floor":46.0,"key":"Fruit Juice"},{"floor":47.0,"key":"Dexterity Potion"},{"floor":55.0,"key":"Explosive Potion"}],"is_trial":false,"path_per_floor":["M","?","M","$","?","R","E","M","T","E","R","M","E","M","R","B",null,"M","?","$","M","$","E","?","R","T","R","?","E","?","E","R","B",null,"M","$","M","$","M","E","M","R","T","?","M","M","M","E","R","B","B",null,"R","$","E","B",null],"character_chosen":"THE_SILENT","items_purchased":["Backflip","Footwork","DollysMirror","Dexterity Potion","Footwork","Apotheosis","Dodge and Roll","SkillPotion","SpeedPotion"],"campfire_rested":2,"item_purchase_floors":[4,20,20,22,36,36,54,54,54],"current_hp_per_floor":[59,59,59,59,52,52,52,54,54,42,42,44,36,38,57,36,59,52,52,52,54,54,38,38,57,57,57,57,59,59,51,51,16,54,58,58,37,37,38,51,56,56,56,80,74,80,83,62,62,31,41,74,74,74,48,3],"gold":46,"neow_bonus":"THREE_ENEMY_KILL","is_daily":false,"chose_seed":false,"campfire_upgraded":6,"win_rate":0.0,"timestamp":1609215683,"path_taken":["M","?","M","$","?","R","E","M","T","E","R","M","E","M","R","BOSS","M","?","$","?","?","E","?","R","T","R","?","E","?","E","R","BOSS","M","$","M","$","M","E","M","R","T","?","M","M","M","E","R","BOSS","BOSS","R","$","E","BOSS"],"items_purchased_type":["Card","Card","Relic","Potion","Card","Card","Card","Potion","Potion"],"build_version":"2020-12-22","purchased_purges":1,"victory":true,"max_hp_per_floor":[66,66,66,66,66,66,66,66,66,66,66,66,66,66,66,66,66,66,66,66,66,66,66,66,66,66,66,66,66,66,66,66,66,66,66,66,66,66,66,66,66,66,66,80,80,80,85,85,85,85,85,85,85,85,85,85],"relic_stats":{"Happy Flower":[3],"counters":[29,182],"Mummified Hand":[21],"HoveringKite":[14],"Snake Skull":[297],"Nloth\u0027s Gift":4,"Bag of Preparation":[20],"War Paint":["Defend_G","Defend_G"],"obtain_stats":[{"Ice Cream":23,"Potion Belt":26,"NeowsBlessing":0,"Happy Flower":55,"Velvet Choker":17,"HoveringKite":34,"Mango":44,"Snake Skull":13,"Bag of Preparation":40,"War Paint":9,"Bottled Tornado":31,"Mercury Hourglass":10,"Blood Vial":7,"DollysMirror":20,"Mummified Hand":48,"Nloth\u0027s Gift":30,"Ring of the Snake":0,"Pocketwatch":29},{"Ice Cream":12,"Potion Belt":12,"NeowsBlessing":0,"Happy Flower":28,"Velvet Choker":9,"HoveringKite":15,"Mango":21,"Snake Skull":7,"Bag of Preparation":19,"War Paint":4,"Bottled Tornado":14,"Mercury Hourglass":5,"Blood Vial":3,"DollysMirror":10,"Mummified Hand":25,"Nloth\u0027s Gift":13,"Ring of the Snake":0,"Pocketwatch":13},{"Ice Cream":45,"Potion Belt":45,"NeowsBlessing":0,"Happy Flower":172,"Velvet Choker":35,"HoveringKite":73,"Mango":103,"Snake Skull":25,"Bag of Preparation":91,"War Paint":6,"Bottled Tornado":59,"Mercury Hourglass":16,"Blood Vial":3,"DollysMirror":38,"Mummified Hand":128,"Nloth\u0027s Gift":50,"Ring of the Snake":0,"Pocketwatch":50}],"Ring of the Snake":[58],"Mercury Hourglass":[595],"Pocketwatch":[171]},"card_choices":[{"not_picked":["Backflip","Prepared"],"picked":"Bouncing Flask","floor":1.0},{"not_picked":["Dagger Spray","Tactician"],"picked":"Dash","floor":3.0},{"not_picked":["Distraction","Deflect"],"picked":"Poisoned Stab","floor":7.0},{"not_picked":["Backstab","Prepared"],"picked":"Leg Sweep","floor":8.0},{"not_picked":["Escape Plan","Calculated Gamble"],"picked":"Bane","floor":10.0},{"not_picked":["Dagger Throw","Flying Knee"],"picked":"Deflect","floor":12.0},{"not_picked":["Deadly Poison","Dagger Throw"],"picked":"Backflip","floor":13.0},{"not_picked":["All Out Attack","Sucker Punch"],"picked":"Cloak And Dagger","floor":14.0},{"not_picked":["Night Terror","Grand Finale"],"picked":"Corpse Explosion","floor":16.0},{"not_picked":["Outmaneuver","Underhanded Strike"],"picked":"Bouncing Flask","floor":18.0},{"not_picked":["Bane","Dagger Throw","Blade Dance"],"picked":"SKIP","floor":21.0},{"not_picked":["Bane","Dagger Throw","Blade Dance"],"picked":"SKIP","floor":21.0},{"not_picked":["Expertise","Heel Hook"],"picked":"Escape Plan","floor":23.0},{"not_picked":["Infinite Blades","Cloak And Dagger"],"picked":"Leg Sweep","floor":29.0},{"not_picked":["Glass Knife","Blade Dance"],"picked":"Backflip","floor":31.0},{"not_picked":["Terror","Crippling Poison"],"picked":"Catalyst","floor":35.0},{"not_picked":["Bane","Dagger Spray","Accuracy"],"picked":"SKIP","floor":37.0},{"not_picked":["PiercingWail","Acrobatics"],"picked":"Catalyst","floor":39.0},{"not_picked":["Unload","Outmaneuver+1"],"picked":"Noxious Fumes+1","floor":40.0},{"not_picked":["Underhanded Strike","Expertise"],"picked":"PiercingWail","floor":41.0},{"not_picked":["Tactician","Flechettes","Quick Slash+1"],"picked":"SKIP","floor":45.0},{"not_picked":["Sucker Punch","Predator+1"],"picked":"Footwork","floor":46.0},{"not_picked":["Concentrate","Outmaneuver","Grand Finale"],"picked":"SKIP","floor":47.0},{"not_picked":["Corpse Explosion","All Out Attack","Bullet Time"],"picked":"SKIP","floor":48.0},{"not_picked":["Outmaneuver","Flechettes+1","Skewer"],"picked":"SKIP","floor":55.0}],"player_experience":1013062,"relics_obtained":[{"floor":7.0,"key":"Blood Vial"},{"floor":9.0,"key":"War Paint"},{"floor":10.0,"key":"Mercury Hourglass"},{"floor":13.0,"key":"Snake Skull"},{"floor":23.0,"key":"Ice Cream"},{"floor":26.0,"key":"Potion Belt"},{"floor":29.0,"key":"Pocketwatch"},{"floor":31.0,"key":"Bottled Tornado"},{"floor":40.0,"key":"Bag of Preparation"},{"floor":44.0,"key":"Mango"},{"floor":48.0,"key":"Mummified Hand"},{"floor":55.0,"key":"Happy Flower"}],"event_choices":[{"damage_healed":0.0,"max_hp_gain":0.0,"max_hp_loss":0.0,"gold_gain":0.0,"event_name":"Living Wall","player_choice":"Grow","floor":2.0,"gold_loss":0.0,"damage_taken":0.0,"cards_upgraded":["Bouncing Flask"]},{"cards_removed":["Strike_G"],"damage_healed":0.0,"max_hp_gain":0.0,"max_hp_loss":0.0,"gold_gain":0.0,"event_name":"Golden Wing","player_choice":"Card Removal","floor":5.0,"gold_loss":0.0,"damage_taken":7.0},{"damage_healed":0.0,"max_hp_gain":0.0,"max_hp_loss":0.0,"gold_gain":50.0,"event_name":"Golden Shrine","player_choice":"Pray","floor":19.0,"gold_loss":0.0,"damage_taken":0.0},{"damage_healed":0.0,"max_hp_gain":0.0,"max_hp_loss":0.0,"gold_gain":0.0,"event_name":"Vampires","player_choice":"Became a vampire (Vial)","floor":24.0,"relics_lost":["Blood Vial"],"gold_loss":0.0,"damage_taken":0.0,"cards_obtained":["Bite","Bite","Bite","Bite","Bite"]},{"damage_healed":0.0,"max_hp_gain":0.0,"max_hp_loss":0.0,"gold_gain":50.0,"event_name":"Nest","player_choice":"Stole From Cult","floor":28.0,"gold_loss":0.0,"damage_taken":0.0},{"damage_healed":0.0,"max_hp_gain":0.0,"max_hp_loss":0.0,"gold_gain":0.0,"event_name":"N\u0027loth","player_choice":"Traded Relic","floor":30.0,"relics_lost":["DollysMirror"],"gold_loss":0.0,"damage_taken":0.0,"relics_obtained":["Nloth\u0027s Gift"]},{"damage_healed":0.0,"max_hp_gain":0.0,"max_hp_loss":0.0,"gold_gain":0.0,"event_name":"MindBloom","player_choice":"Fight","floor":44.0,"gold_loss":0.0,"damage_taken":0.0}],"is_beta":false,"boss_relics":[{"not_picked":["SlaversCollar","Ring of the Serpent"],"picked":"Velvet Choker"},{"not_picked":["Busted Crown","WristBlade"],"picked":"HoveringKite"}],"items_purged_floors":[4],"is_endless":false,"potions_floor_spawned":[1,10,13,14,18,31,33,37,39,40,41,46,47,55],"ascension_level":20}}