{"host":"d3vq701jt8r0vo91","time":1609268033,"event":{"mods":["BaseMod","Better Third Choice","BetterRewards","CapriCore","Hermit","Koishi","Luminous","Marisa????????","Minty Spire (QoL Compilation)","Rare Cards Sparkle","Replay The Spire","Spicy Shops","StSLib","The Alterego","The Animator","The Cursed","The Dragon Tamer","The Immortal","The Marked","The Runesmith","The Servant 0.9.4","TheSwordswoman","WarShipGirlsR/????R mod"],"gold_per_floor":[111,111,61,61,72,72,72],"floor_reached":6,"playtime":196,"items_purged":[],"score":34,"play_id":"91f8f253-f26f-484e-9af3-c1cde64fbfbc","local_time":"20201229135353","is_ascension_mode":false,"campfire_choices":[],"circlet_count":0,"master_deck":["theMarked:Strike","theMarked:Strike","theMarked:Strike","theMarked:Strike","theMarked:Strike","theMarked:Defend","theMarked:Defend+1","theMarked:Defend","theMarked:SoldierOfQuellstein","theMarked:MysticalArsenal","Madness","theMarked:MaelstromOfLightning","theMarked:Overcharge","theMarked:DeterminationOfTheMarked","theMarked:BanishingWave","theMarked:ResourceFulStrike+1","theMarked:Aftermath"],"relics":["theMarked:ArtifactOfAir","ReplayTheSpireMod:Lightbulb","Tiny Chest","Replay:Wax Seal","Ornamental Fan"],"acts_visited":["Exordium"],"potions_floor_usage":[],"damage_taken":[{"damage":0,"enemies":"Small Slimes","floor":1,"turns":1},{"damage":0,"enemies":"2 Louse","floor":5,"turns":1},{"damage":45,"enemies":"Gremlin Nob","floor":6,"turns":3}],"seed_played":"-7293370652620150734","potions_obtained":[{"floor":5,"key":"SpeedPotion"}],"is_trial":false,"path_per_floor":["M","?","?","T","M","E"],"character_chosen":"THE_DEFAULT","items_purchased":["ReplayTheSpireMod:Lightbulb","Tiny Chest","Replay:Wax Seal","theMarked:MysticalArsenal","Madness","theMarked:MaelstromOfLightning","theMarked:Overcharge","theMarked:DeterminationOfTheMarked","theMarked:BanishingWave"],"campfire_rested":0,"item_purchase_floors":[0,0,0,0,0,0,0,0,0],"current_hp_per_floor":[38,24,24,24,24,0,0],"gold":72,"neow_bonus":"","is_daily":false,"chose_seed":false,"campfire_upgraded":0,"win_rate":0.0,"timestamp":1609268033,"path_taken":["M","?","?","?","M","E"],"items_purchased_type":["Relic","Relic","Relic","Card","Card","Card","Card","Card","Card"],"build_version":"2020-12-22","purchased_purges":0,"victory":false,"max_hp_per_floor":[70,70,70,70,70,70,70],"card_choices":[{"not_picked":["theMarked:WardOff","theMarked:Parkour"],"picked":"theMarked:ResourceFulStrike","floor":1},{"not_picked":["theMarked:RogueSparks","theMarked:BanishingStrike"],"picked":"theMarked:Aftermath","floor":5}],"player_experience":180515,"relics_obtained":[{"floor":4,"key":"Ornamental Fan"}],"event_choices":[{"damage_healed":38,"gold_gain":0,"player_choice":"Upgrade","damage_taken":14,"max_hp_gain":0,"max_hp_loss":70,"event_name":"betterThird:BetterShining","floor":2,"gold_loss":0,"cards_upgraded":["theMarked:Defend","theMarked:ResourceFulStrike"]},{"cards_removed":["theMarked:Defend"],"damage_healed":0,"gold_gain":0,"player_choice":"Card Removal","damage_taken":0,"max_hp_gain":0,"max_hp_loss":0,"event_name":"The Cleric","floor":3,"gold_loss":50}],"is_beta":false,"boss_relics":[],"items_purged_floors":[],"is_endless":false,"potions_floor_spawned":[5],"killed_by":"Gremlin Nob","ascension_level":0}}