{"host":"t179ovrkr5k1gnfh","time":1609241615,"event":{"mods":["AchievementEnabler","BaseMod","Colored Map","Minty Spire (QoL Compilation)"],"gold_per_floor":[114,133,408,95,111,111,111,111,157,192,41,41,41,76,76,181,181,136,136,136,76,76,76,76,76,76,26,26,26,26,26,26,26,26,26,0,0,0,0,0,0,0,0,0,0,0,0,0,0,0,0,0,0,0,0,0],"floor_reached":55,"playtime":4142,"items_purged":["Regret","Defend_B","Strike_B"],"score":814,"play_id":"fb0bfacf-bfa8-466b-a396-5f6aa725164a","local_time":"20201229123335","is_ascension_mode":false,"campfire_choices":[{"data":"Zap","floor":6,"key":"SMITH"},{"data":"Dualcast","floor":8,"key":"SMITH"},{"floor":15,"key":"REST"},{"floor":28,"key":"REST"},{"data":"Scrape","floor":32,"key":"SMITH"},{"data":"All For One","floor":40,"key":"SMITH"},{"floor":49,"key":"RECALL"},{"data":"Doom and Gloom","floor":52,"key":"SMITH"}],"circlet_count":0,"master_deck":["Strike_B","Defend_B+1","Zap+1","Dualcast+1","Hologram+1","Compile Driver+1","Conserve Battery+1","All For One+1","Reboot+1","Consume+1","Doom and Gloom+1","Stack+1","Scrape+1","Gash","Turbo+1","Core Surge+1","Streamline+1","Loop+1","Gash+1","Trip+1","Seek+1"],"relics":["Cracked Core","Toxic Egg 2","Bag of Preparation","Boot","WingedGreaves","Ancient Tea Set","Frozen Egg 2","Ectoplasm","Smiling Mask","Nilry\u0027s Codex","HornCleat","Molten Egg 2","Pantograph","Coffee Dripper","Red Mask","Gremlin Horn","War Paint","Du-Vu Doll","Bottled Flame"],"acts_visited":["Exordium","TheCity","TheBeyond","TheEnding"],"potions_floor_usage":[10,25,33,44,50,50,55,55],"damage_taken":[{"damage":8,"enemies":"Small Slimes","floor":1,"turns":3},{"damage":0,"enemies":"Cultist","floor":2,"turns":3},{"damage":0,"enemies":"2 Louse","floor":5,"turns":3},{"damage":10,"enemies":"Lagavulin","floor":10,"turns":8},{"damage":16,"enemies":"Gremlin Nob","floor":14,"turns":3},{"damage":0,"enemies":"Slime Boss","floor":16,"turns":6},{"damage":5,"enemies":"2 Thieves","floor":18,"turns":3},{"damage":5,"enemies":"Spheric Guardian","floor":19,"turns":3},{"damage":0,"enemies":"3 Cultists","floor":22,"turns":4},{"damage":19,"enemies":"Book of Stabbing","floor":23,"turns":6},{"damage":27,"enemies":"Gremlin Leader","floor":25,"turns":6},{"damage":12,"enemies":"Snake Plant","floor":31,"turns":4},{"damage":34,"enemies":"Automaton","floor":33,"turns":7},{"damage":0,"enemies":"3 Shapes","floor":35,"turns":4},{"damage":0,"enemies":"Orb Walker","floor":38,"turns":2},{"damage":0,"enemies":"Sphere and 2 Shapes","floor":39,"turns":1},{"damage":47,"enemies":"Nemesis","floor":41,"turns":5},{"damage":4,"enemies":"Writhing Mass","floor":44,"turns":4},{"damage":9,"enemies":"Mind Bloom Boss Battle","floor":45,"turns":3},{"damage":2,"enemies":"Maw","floor":47,"turns":4},{"damage":56,"enemies":"Donu and Deca","floor":50,"turns":6},{"damage":19,"enemies":"Shield and Spear","floor":54,"turns":4},{"damage":99,"enemies":"The Heart","floor":55,"turns":9}],"seed_played":"3562528408091312936","potions_obtained":[{"floor":1,"key":"SpeedPotion"},{"floor":23,"key":"Explosive Potion"},{"floor":25,"key":"Strength Potion"},{"floor":31,"key":"SpeedPotion"},{"floor":38,"key":"SpeedPotion"},{"floor":39,"key":"EssenceOfDarkness"},{"floor":41,"key":"Swift Potion"},{"floor":47,"key":"AttackPotion"},{"floor":54,"key":"SteroidPotion"}],"is_trial":false,"path_per_floor":["M","M","?","$","M","R","?","R","T","E","$","?","?","E","R","B",null,"M","M","T","?","M","E","?","E","T","$","R","?","T","M","R","B",null,"M","?","?","M","M","R","E","?","T","M","?","?","M","?","R","B",null,"R","$","E","B"],"character_chosen":"DEFECT","items_purchased":["Toxic Egg 2","Conserve Battery+1"],"campfire_rested":2,"item_purchase_floors":[4,11],"current_hp_per_floor":[60,60,60,60,60,60,65,65,65,55,55,52,52,36,64,64,94,89,84,84,84,84,65,49,22,22,22,50,50,50,38,38,29,94,94,94,94,94,94,94,47,47,47,43,59,59,57,57,57,26,94,94,94,75,0,0],"gold":0,"neow_bonus":"TWENTY_PERCENT_HP_BONUS","is_daily":false,"chose_seed":false,"campfire_upgraded":5,"win_rate":0.0,"timestamp":1609241615,"path_taken":["M","M","?","$","?","R","?","R","T","E","$","?","?","E","R","BOSS","M","M","?","?","?","E","?","E","T","$","R","?","?","?","R","BOSS","M","?","?","M","?","R","E","?","T","M","?","?","?","?","R","BOSS","R","$","E","BOSS"],"items_purchased_type":["Relic","Card"],"build_version":"2020-12-22","purchased_purges":3,"victory":false,"max_hp_per_floor":[89,89,89,89,89,89,94,94,94,94,94,94,94,94,94,94,94,94,94,94,94,94,94,94,94,94,94,94,94,94,94,94,94,94,94,94,94,94,94,94,94,94,94,94,94,94,94,94,94,94,94,94,94,94,94,94],"card_choices":[{"not_picked":["Darkness","Aggregate"],"picked":"Coolheaded","floor":1},{"not_picked":["Redo","Coolheaded","Chaos"],"picked":"SKIP","floor":2},{"not_picked":["Turbo+1","Melter"],"picked":"Hologram+1","floor":5},{"not_picked":["Consume+1","Stack+1"],"picked":"Compile Driver","floor":10},{"not_picked":["Steam+1","Compile Driver"],"picked":"All For One","floor":14},{"not_picked":["Rainbow+1","Biased Cognition+1"],"picked":"Reboot+1","floor":16},{"not_picked":["Genetic Algorithm+1","Stack+1","Barrage"],"picked":"SKIP","floor":18},{"not_picked":["BootSequence+1","Turbo+1"],"picked":"Consume+1","floor":19},{"not_picked":["Reprogram+1","Streamline+1"],"picked":"Scrape","floor":22},{"not_picked":["Fusion+1","Rainbow+1"],"picked":"Gash","floor":23},{"not_picked":["Beam Cell","Streamline"],"picked":"Turbo+1","floor":25},{"not_picked":["Barrage+1","Stack+1","Consume+1"],"picked":"SKIP","floor":31},{"not_picked":["Rainbow+1","Amplify+1"],"picked":"Core Surge+1","floor":33},{"not_picked":["Stack+1","FTL+1","Rebound+1"],"picked":"SKIP","floor":35},{"not_picked":["Ball Lightning+1","Rebound+1"],"picked":"Streamline+1","floor":38},{"not_picked":["Auto Shields+1","Ball Lightning+1","Recycle+1"],"picked":"SKIP","floor":39},{"not_picked":["Force Field+1","Redo+1","Biased Cognition+1"],"picked":"SKIP","floor":41},{"not_picked":["Leap+1","Stack+1","Rebound+1"],"picked":"SKIP","floor":44},{"not_picked":["Self Repair+1","Steam+1"],"picked":"Loop+1","floor":45},{"not_picked":["Barrage+1","Redo+1"],"picked":"Gash+1","floor":47},{"not_picked":["Violence+1","Mind Blast+1"],"picked":"Trip+1","floor":48},{"not_picked":["Steam+1","Leap+1"],"picked":"Seek+1","floor":54}],"player_experience":64050,"relics_obtained":[{"floor":9,"key":"Bag of Preparation"},{"floor":10,"key":"Boot"},{"floor":14,"key":"Frozen Egg 2"},{"floor":23,"key":"Smiling Mask"},{"floor":24,"key":"Nilry\u0027s Codex"},{"floor":25,"key":"HornCleat"},{"floor":26,"key":"Molten Egg 2"},{"floor":30,"key":"Pantograph"},{"floor":41,"key":"Gremlin Horn"},{"floor":43,"key":"War Paint"},{"floor":45,"key":"Du-Vu Doll"},{"floor":54,"key":"Bottled Flame"}],"event_choices":[{"damage_healed":0,"gold_gain":275,"player_choice":"Desecrate","damage_taken":0,"max_hp_gain":0,"max_hp_loss":0,"event_name":"Golden Shrine","floor":3,"gold_loss":0,"cards_obtained":["Regret"]},{"damage_healed":0,"gold_gain":0,"player_choice":"Donut","damage_taken":0,"max_hp_gain":5,"max_hp_loss":0,"event_name":"Big Fish","floor":7,"gold_loss":0},{"damage_healed":0,"gold_gain":0,"player_choice":"Success","damage_taken":3,"relics_obtained":["WingedGreaves"],"max_hp_gain":0,"max_hp_loss":0,"event_name":"Scrap Ooze","floor":12,"gold_loss":0},{"cards_removed":["Coolheaded"],"damage_healed":0,"gold_gain":0,"player_choice":"Gave Card","damage_taken":0,"relics_obtained":["Ancient Tea Set"],"max_hp_gain":0,"max_hp_loss":0,"event_name":"WeMeetAgain","floor":13,"gold_loss":0},{"damage_healed":0,"gold_gain":0,"cards_transformed":["Defend_B","Strike_B"],"player_choice":"Transformed Cards","damage_taken":0,"max_hp_gain":0,"max_hp_loss":0,"event_name":"Designer","floor":21,"gold_loss":60,"cards_obtained":["Doom and Gloom","Stack"]},{"damage_healed":0,"gold_gain":0,"player_choice":"Obtained Book","damage_taken":16,"max_hp_gain":0,"max_hp_loss":0,"event_name":"Cursed Tome","floor":24,"gold_loss":0},{"damage_healed":0,"gold_gain":0,"player_choice":"Ignored","damage_taken":0,"max_hp_gain":0,"max_hp_loss":0,"event_name":"Ghosts","floor":29,"gold_loss":0},{"damage_healed":0,"gold_gain":0,"player_choice":"Paid","damage_taken":0,"relics_obtained":["Red Mask"],"max_hp_gain":0,"max_hp_loss":0,"event_name":"Tomb of Lord Red Mask","floor":36,"gold_loss":26},{"cards_removed":["Strike_B"],"damage_healed":0,"gold_gain":0,"player_choice":"Offered Basic","damage_taken":0,"max_hp_gain":0,"max_hp_loss":0,"event_name":"Bonfire Elementals","floor":37,"gold_loss":0},{"cards_removed":["Defend_B"],"damage_healed":0,"gold_gain":0,"player_choice":"Removed Skill","damage_taken":0,"max_hp_gain":0,"max_hp_loss":0,"event_name":"Falling","floor":42,"gold_loss":0},{"damage_healed":0,"gold_gain":0,"player_choice":"Fight","damage_taken":0,"max_hp_gain":0,"max_hp_loss":0,"event_name":"MindBloom","floor":45,"gold_loss":0},{"damage_healed":0,"gold_gain":0,"player_choice":"Forge","damage_taken":0,"max_hp_gain":0,"max_hp_loss":0,"event_name":"Accursed Blacksmith","floor":46,"gold_loss":0,"cards_upgraded":["Compile Driver"]},{"damage_healed":0,"gold_gain":0,"player_choice":"Memory 1","damage_taken":0,"max_hp_gain":0,"max_hp_loss":0,"event_name":"SensoryStone","floor":48,"gold_loss":0}],"is_beta":false,"boss_relics":[{"not_picked":["Cursed Key","Velvet Choker"],"picked":"Ectoplasm"},{"not_picked":["Tiny House","SlaversCollar"],"picked":"Coffee Dripper"}],"items_purged_floors":[4,11,27],"is_endless":false,"potions_floor_spawned":[1,23,25,31,38,39,41,47,54],"killed_by":"The Heart","ascension_level":0}}