{"host":"b0hh64pqctf46s8m","time":1609281878,"event":{"mods":["Act Like it!","BaseMod","Bestiary","CCEM","CapriCore","ChefMod","Conspire","Curses Come First","Displayed Cursed Tome","Dota2Spire","Downfall","Ekko","Elementarium","Fireblade Mod","Hallownest","Hermit","Hubris","Infinite Spire","Jess\u0027s Bottle","JesterMod","Jorbs\u0027s Wanderer Trilogy","Lobotomy","Luminous","Menagerie","Minty Spire (QoL Compilation)","Pale of the Ancients","Permanent Neow","Relic Stats","Replay The Spire","Robot Space Explorer","Shade Mod","StSLib","The Blue Laboratory","The Dragon Tamer","The Immortal","The Marked","TheLocksmith","TheSwordswoman","TheVacant","TheWitcher","UnlockEverythingMod","Wandering Minibosses","??????REMEMod","????"],"gold_per_floor":[10,10,20,35,49,74,94,19,98,98,117,143,162,180,180,180,180],"floor_reached":16,"playtime":820,"items_purged":["jesterMod:Strike"],"score":116,"play_id":"ff96d7b8-a6f7-412d-be1a-f3f51877adf6","local_time":"20201229144438","is_ascension_mode":false,"campfire_choices":[{"floor":15,"key":"REST"}],"circlet_count":0,"master_deck":["jesterMod:Strike","jesterMod:Strike","jesterMod:Strike","jesterMod:Sickle","jesterMod:Defend","jesterMod:Defend","jesterMod:Defend","jesterMod:Defend","jesterMod:Dodge","jesterMod:BouncingKnife","jesterMod:Feint","jesterMod:RecklessStrike","jesterMod:SelfMockery","jesterMod:Inspiration","jesterMod:HitAndRun","jesterMod:Mending"],"relics":["jesterMod:JesterCap","REME_ComplimentaryCards","GremlinMask","infinitespire:BottledMercury","Dota2Spire:LinkenSphere","CCEMRelics:Pendulum","SnafuTest:CatRelic","Tiny Chest"],"acts_visited":["Exordium"],"potions_floor_usage":[6,11,16,16],"damage_taken":[{"damage":2,"enemies":"Small Slimes","floor":1,"turns":4},{"damage":1,"enemies":"Cultist","floor":3,"turns":4},{"damage":0,"enemies":"Jaw Worm","floor":4,"turns":3},{"damage":6,"enemies":"3 Louse","floor":5,"turns":6},{"damage":34,"enemies":"Gremlin Nob","floor":6,"turns":5},{"damage":0,"enemies":"Looter","floor":7,"turns":3},{"damage":13,"enemies":"Red Slaver","floor":11,"turns":5},{"damage":17,"enemies":"Lagavulin","floor":12,"turns":10},{"damage":10,"enemies":"3 Louse","floor":13,"turns":3},{"damage":0,"enemies":"Looter","floor":14,"turns":2},{"damage":26,"enemies":"Fading Forest","floor":16,"turns":10}],"seed_played":"-4215731521223779545","potions_obtained":[{"floor":4,"key":"hexamod:EctoCoolerPotion"},{"floor":6,"key":"Block Potion"},{"floor":7,"key":"blueLaboratory:Moonshine"},{"floor":13,"key":"Adrenaline Potion"},{"floor":14,"key":"ColorlessPotion"}],"is_trial":false,"path_per_floor":["M","?","M","M","M","E","M","$","T","T","M","E","M","M","R","B"],"character_chosen":"THE_JESTER","items_purchased":[],"campfire_rested":1,"item_purchase_floors":[],"current_hp_per_floor":[82,82,81,81,75,41,41,41,41,41,28,11,1,1,26,0,0],"gold":180,"neow_bonus":"TWENTY_PERCENT_HP_BONUS","is_daily":false,"chose_seed":false,"campfire_upgraded":0,"win_rate":0.0,"timestamp":1609281878,"path_taken":["M","?","M","M","M","E","?","$","T","?","M","E","M","M","R","BOSS"],"items_purchased_type":[],"build_version":"2020-12-22","purchased_purges":1,"victory":false,"max_hp_per_floor":[84,84,84,84,84,84,84,84,84,84,84,84,84,84,84,84,84],"relic_stats":{"counters":[11,55],"Tiny Chest":0,"obtain_stats":[{"infinitespire:BottledMercury":6,"SnafuTest:CatRelic":12,"CCEMRelics:Pendulum":10,"GremlinMask":2,"Tiny Chest":12,"jesterMod:JesterCap":0,"Dota2Spire:LinkenSphere":9,"REME_ComplimentaryCards":0},{"infinitespire:BottledMercury":5,"SnafuTest:CatRelic":8,"CCEMRelics:Pendulum":6,"GremlinMask":1,"Tiny Chest":8,"jesterMod:JesterCap":0,"Dota2Spire:LinkenSphere":6,"REME_ComplimentaryCards":0},{"infinitespire:BottledMercury":22,"SnafuTest:CatRelic":40,"CCEMRelics:Pendulum":25,"GremlinMask":4,"Tiny Chest":40,"jesterMod:JesterCap":0,"Dota2Spire:LinkenSphere":25,"REME_ComplimentaryCards":0}]},"card_choices":[{"not_picked":["jesterMod:Anticipation","jesterMod:Frenzy"],"picked":"jesterMod:BouncingKnife","floor":1},{"not_picked":["jesterMod:LightTheWick","jesterMod:Arrythmia"],"picked":"jesterMod:Feint","floor":3},{"not_picked":["jesterMod:Anticipation","jesterMod:OblivionStrike","jesterMod:Disposophobia"],"picked":"SKIP","floor":4},{"not_picked":["jesterMod:SmokeScreen","jesterMod:DesperateStrike"],"picked":"jesterMod:RecklessStrike","floor":5},{"not_picked":["jesterMod:BouncingKnife","jesterMod:Taunt"],"picked":"jesterMod:SelfMockery","floor":6},{"not_picked":["jesterMod:ButterKnife","jesterMod:JackInTheBox"],"picked":"jesterMod:Inspiration","floor":7},{"not_picked":["jesterMod:Mending","jesterMod:Disposophobia"],"picked":"jesterMod:HitAndRun","floor":11},{"not_picked":["jesterMod:BouncingKnife","jesterMod:MudBall","jesterMod:SelfMockery"],"picked":"SKIP","floor":12},{"not_picked":["jesterMod:HitAndRun","jesterMod:TrickyDodge","jesterMod:SmokeScreen"],"picked":"SKIP","floor":13},{"not_picked":["jesterMod:Anticipation","jesterMod:Discretion"],"picked":"jesterMod:Mending","floor":14}],"player_experience":1415939,"relics_obtained":[{"floor":6,"key":"infinitespire:BottledMercury"},{"floor":9,"key":"Dota2Spire:LinkenSphere"},{"floor":10,"key":"CCEMRelics:Pendulum"},{"floor":12,"key":"SnafuTest:CatRelic"},{"floor":12,"key":"Tiny Chest"}],"event_choices":[{"damage_healed":0,"gold_gain":0,"player_choice":"Trade","damage_taken":0,"relics_obtained":["GremlinMask"],"max_hp_gain":0,"max_hp_loss":0,"event_name":"FaceTrader","floor":2,"gold_loss":0}],"is_beta":false,"boss_relics":[],"items_purged_floors":[8],"is_endless":false,"potions_floor_spawned":[4,6,7,13,14],"killed_by":"Fading Forest","ascension_level":0}}