{"host":"3jjxuhjpio8e4zkv","time":1609208644,"event":{"mods":["BaseMod","Colored Map","Highlight Path","Minty Spire (QoL Compilation)","Permanent Neow","Relic Stats","StSLib"],"gold_per_floor":[367,40,53,71,87,87,107,136,183,216,216,250,273,306,306,385,385,401,22,79,97,138,138,138,138,138,165,205,237,237,13,13,87,87,147,184,200,240,240,240,255,285,331,331,331,331,351,74,74,74,74,74],"floor_reached":51,"playtime":3297,"items_purged":["Strike_B","Strike_B","Strike_B","Defend_B"],"score":1740,"play_id":"97ff4ce3-ae4b-44ac-b417-a02c931c4900","local_time":"20201228212404","is_ascension_mode":true,"campfire_choices":[{"data":"Streamline","floor":6.0,"key":"SMITH"},{"data":"Buffer","floor":11.0,"key":"SMITH"},{"data":"Loop","floor":15.0,"key":"SMITH"},{"data":"Recycle","floor":23.0,"key":"SMITH"},{"data":"Sweeping Beam","floor":25.0,"key":"SMITH"},{"floor":32.0,"key":"REST"},{"floor":40.0,"key":"REST"},{"floor":44.0,"key":"RECALL"},{"data":"PanicButton","floor":49.0,"key":"SMITH"}],"circlet_count":0,"master_deck":["AscendersBane","Strike_B+1","Defend_B","Defend_B","Defend_B","Zap","Dualcast","Streamline+1","PanicButton","BootSequence","Doom and Gloom+1","Undo","Recycle+1","Consume","Buffer+1","Steam","Sweeping Beam+1","Conserve Battery","Loop+1","Seek+1","Compile Driver+1","HandOfGreed+1","Lockon+1","Ball Lightning+1","Echo Form","Rebound+1","Go for the Eyes+1","PanicButton+1","Machine Learning","CurseOfTheBell","Tempest","Skim","Blind","Bandage Up","Panache","Self Repair","Compile Driver+1","Go for the Eyes+1"],"relics":["Cracked Core","Membership Card","TungstenRod","Bronze Scales","Symbiotic Virus","Whetstone","Odd Mushroom","Nunchaku","Nuclear Battery","Molten Egg 2","Lee\u0027s Waffle","Red Mask","Sundial","Cables","Bottled Flame","Lantern","Calling Bell","Bag of Preparation","White Beast Statue","Dead Branch","PreservedInsect","Bag of Marbles","Strange Spoon"],"acts_visited":["Exordium","TheCity","TheBeyond"],"potions_floor_usage":[],"damage_taken":[{"damage":0.0,"enemies":"Small Slimes","floor":1.0,"turns":3.0},{"damage":1.0,"enemies":"2 Louse","floor":3.0,"turns":2.0},{"damage":1.0,"enemies":"Cultist","floor":4.0,"turns":3.0},{"damage":2.0,"enemies":"Exordium Wildlife","floor":5.0,"turns":4.0},{"damage":0.0,"enemies":"Blue Slaver","floor":7.0,"turns":4.0},{"damage":8.0,"enemies":"Gremlin Nob","floor":8.0,"turns":3.0},{"damage":13.0,"enemies":"3 Sentries","floor":10.0,"turns":6.0},{"damage":0.0,"enemies":"Lagavulin","floor":12.0,"turns":7.0},{"damage":0.0,"enemies":"The Mushroom Lair","floor":13.0,"turns":2.0},{"damage":0.0,"enemies":"3 Sentries","floor":14.0,"turns":4.0},{"damage":0.0,"enemies":"Slime Boss","floor":16.0,"turns":5.0},{"damage":0.0,"enemies":"3 Byrds","floor":18.0,"turns":2.0},{"damage":20.0,"enemies":"Masked Bandits","floor":20.0,"turns":4.0},{"damage":0.0,"enemies":"Spheric Guardian","floor":21.0,"turns":4.0},{"damage":0.0,"enemies":"Centurion and Healer","floor":22.0,"turns":4.0},{"damage":0.0,"enemies":"Book of Stabbing","floor":27.0,"turns":3.0},{"damage":3.0,"enemies":"3 Cultists","floor":28.0,"turns":5.0},{"damage":25.0,"enemies":"Slavers","floor":29.0,"turns":6.0},{"damage":10.0,"enemies":"Automaton","floor":33.0,"turns":8.0},{"damage":0.0,"enemies":"3 Shapes","floor":35.0,"turns":7.0},{"damage":27.0,"enemies":"3 Darklings","floor":36.0,"turns":4.0},{"damage":0.0,"enemies":"Transient","floor":37.0,"turns":6.0},{"damage":2.0,"enemies":"Maw","floor":38.0,"turns":8.0},{"damage":17.0,"enemies":"Spire Growth","floor":41.0,"turns":4.0},{"damage":6.0,"enemies":"Nemesis","floor":42.0,"turns":5.0},{"damage":0.0,"enemies":"Transient","floor":47.0,"turns":6.0},{"damage":49.0,"enemies":"Donu and Deca","floor":50.0,"turns":23.0},{"damage":14,"enemies":"Time Eater","floor":51,"turns":3}],"seed_played":"-6798818011986297630","potions_obtained":[{"floor":1.0,"key":"Regen Potion"},{"floor":8.0,"key":"SteroidPotion"},{"floor":12.0,"key":"Regen Potion"},{"floor":13.0,"key":"DistilledChaos"},{"floor":21.0,"key":"Weak Potion"},{"floor":27.0,"key":"FocusPotion"},{"floor":29.0,"key":"ColorlessPotion"},{"floor":35.0,"key":"SpeedPotion"},{"floor":36.0,"key":"Fruit Juice"},{"floor":37.0,"key":"Explosive Potion"}],"is_trial":false,"path_per_floor":["M","$","M","M","M","R","M","E","T","E","R","E","?","E","R","B",null,"M","$","?","M","M","R","?","R","T","E","M","E","?","$","R","B",null,"M","M","M","M","?","R","M","E","T","R","?","?","M","$","R","B","B"],"character_chosen":"DEFECT","items_purchased":["Membership Card","PanicButton","BootSequence","AttackPotion","Molten Egg 2","HandOfGreed+1","Lee\u0027s Waffle","Lantern","PanicButton","Block Potion","Go for the Eyes+1","Bag of Marbles","Strange Spoon","SkillPotion"],"campfire_rested":2,"item_purchase_floors":[2,2,2,2,19,19,19,31,31,31,48,48,48,48],"current_hp_per_floor":[64,64,63,62,60,60,60,56,56,43,43,43,43,43,43,43,59,59,71,51,51,51,51,51,51,51,51,48,23,23,23,44,34,62,62,35,40,38,29,51,38,36,36,36,36,36,51,51,51,13,0,0],"gold":74,"neow_bonus":"TWO_FIFTY_GOLD","is_daily":false,"chose_seed":false,"campfire_upgraded":6,"win_rate":0.0,"timestamp":1609208644,"path_taken":["M","$","M","M","M","R","M","E","T","E","R","E","?","E","R","BOSS","M","$","?","M","M","R","?","R","T","E","M","E","?","$","R","BOSS","M","M","M","?","?","R","M","E","T","R","?","?","M","$","R","BOSS","BOSS"],"items_purchased_type":["Relic","Card","Card","Potion","Relic","Card","Relic","Relic","Card","Potion","Card","Relic","Relic","Potion"],"build_version":"2020-12-22","purchased_purges":4,"victory":false,"max_hp_per_floor":[64,64,64,64,64,64,64,64,64,64,64,64,64,64,64,64,64,64,71,71,71,71,71,71,71,71,71,71,71,71,71,71,71,71,71,71,76,76,76,76,76,76,76,76,72,72,72,72,72,72,72,72],"relic_stats":{"Lee\u0027s Waffle":12,"counters":[28,145],"Dead Branch":[71],"PreservedInsect":0,"Bag of Preparation":[18],"Whetstone":["Doom and Gloom","Strike_B"],"Cables":[75,18,19,19,19],"Strange Spoon":[8],"Nunchaku":[18],"Sundial":[6],"Bronze Scales":[385],"obtain_stats":[{"Lee\u0027s Waffle":19,"Lantern":31,"Dead Branch":34,"PreservedInsect":42,"Bag of Preparation":34,"Whetstone":12,"Odd Mushroom":13,"White Beast Statue":34,"Nuclear Battery":17,"Cables":27,"Calling Bell":34,"Strange Spoon":48,"Nunchaku":14,"Bottled Flame":29,"Sundial":26,"Bronze Scales":9,"Molten Egg 2":19,"Red Mask":20,"Bag of Marbles":48,"Membership Card":2,"Cracked Core":0,"Symbiotic Virus":10,"TungstenRod":8},{"Lee\u0027s Waffle":12,"Lantern":18,"Dead Branch":19,"PreservedInsect":25,"Bag of Preparation":19,"Whetstone":8,"Odd Mushroom":9,"White Beast Statue":19,"Nuclear Battery":11,"Cables":16,"Calling Bell":19,"Strange Spoon":26,"Nunchaku":10,"Bottled Flame":18,"Sundial":15,"Bronze Scales":6,"Molten Egg 2":12,"Red Mask":13,"Bag of Marbles":26,"Membership Card":1,"Cracked Core":0,"Symbiotic Virus":7,"TungstenRod":6},{"Lee\u0027s Waffle":45,"Lantern":71,"Dead Branch":79,"PreservedInsect":113,"Bag of Preparation":79,"Whetstone":32,"Odd Mushroom":34,"White Beast Statue":79,"Nuclear Battery":43,"Cables":60,"Calling Bell":79,"Strange Spoon":119,"Nunchaku":38,"Bottled Flame":71,"Sundial":57,"Bronze Scales":19,"Molten Egg 2":45,"Red Mask":49,"Bag of Marbles":119,"Membership Card":3,"Cracked Core":0,"Symbiotic Virus":25,"TungstenRod":19}],"TungstenRod":28},"card_choices":[{"not_picked":["BootSequence","Turbo"],"picked":"Streamline","floor":1.0},{"not_picked":["Cold Snap","Sweeping Beam"],"picked":"Doom and Gloom","floor":3.0},{"not_picked":["Coolheaded","Tempest"],"picked":"Undo","floor":4.0},{"not_picked":["Beam Cell","Streamline"],"picked":"Recycle","floor":5.0},{"not_picked":["Chill","Auto Shields"],"picked":"Consume","floor":7.0},{"not_picked":["Fusion","Leap"],"picked":"Buffer","floor":8.0},{"not_picked":["Gash","BootSequence"],"picked":"Steam","floor":10.0},{"not_picked":["Skim","Reinforced Body"],"picked":"Sweeping Beam","floor":12.0},{"not_picked":["Compile Driver","Ball Lightning"],"picked":"Conserve Battery","floor":13.0},{"not_picked":["Leap","Sweeping Beam"],"picked":"Loop","floor":14.0},{"not_picked":["Core Surge","All For One"],"picked":"Seek","floor":16.0},{"not_picked":["Leap","Hologram"],"picked":"Compile Driver+1","floor":18.0},{"not_picked":["Capacitor","Streamline+1"],"picked":"Lockon+1","floor":21.0},{"not_picked":["Consume","Ball Lightning+1","Blizzard+1"],"picked":"SKIP","floor":22.0},{"not_picked":["Consume","Blizzard+1"],"picked":"Ball Lightning+1","floor":22.0},{"not_picked":["Coolheaded+1","Gash+1"],"picked":"Echo Form","floor":27.0},{"not_picked":["Steam Power","Genetic Algorithm"],"picked":"Rebound+1","floor":28.0},{"not_picked":["Skim","Auto Shields"],"picked":"Go for the Eyes+1","floor":29.0},{"not_picked":["Thunder Strike+1","Rainbow"],"picked":"Machine Learning","floor":33.0},{"not_picked":["Turbo","Double Energy"],"picked":"Tempest","floor":35.0},{"not_picked":["Conserve Battery","Stack","Undo"],"picked":"SKIP","floor":36.0},{"not_picked":["Conserve Battery","Redo"],"picked":"Skim","floor":37.0},{"not_picked":["Static Discharge","Rebound+1","Redo"],"picked":"SKIP","floor":38.0},{"not_picked":["Flash of Steel+1","Swift Strike+1"],"picked":"Blind","floor":39.0},{"not_picked":["Impatience","Forethought"],"picked":"Bandage Up","floor":39.0},{"not_picked":["Impatience","Mind Blast+1"],"picked":"Panache","floor":39.0},{"not_picked":["Streamline+1","Stack"],"picked":"Self Repair","floor":41.0},{"not_picked":["Streamline+1","Scrape+1"],"picked":"Compile Driver+1","floor":42.0},{"not_picked":["Steam","Gash+1","Loop"],"picked":"SKIP","floor":47.0}],"player_experience":1128572,"relics_obtained":[{"floor":8.0,"key":"TungstenRod"},{"floor":9.0,"key":"Bronze Scales"},{"floor":10.0,"key":"Symbiotic Virus"},{"floor":12.0,"key":"Whetstone"},{"floor":13.0,"key":"Odd Mushroom"},{"floor":14.0,"key":"Nunchaku"},{"floor":20.0,"key":"Red Mask"},{"floor":26.0,"key":"Sundial"},{"floor":27.0,"key":"Cables"},{"floor":29.0,"key":"Bottled Flame"},{"floor":34.0,"key":"Bag of Preparation"},{"floor":34.0,"key":"White Beast Statue"},{"floor":34.0,"key":"Dead Branch"},{"floor":42.0,"key":"PreservedInsect"}],"event_choices":[{"damage_healed":0.0,"max_hp_gain":0.0,"max_hp_loss":0.0,"gold_gain":0.0,"event_name":"Mushrooms","player_choice":"Fought Mushrooms","floor":13.0,"gold_loss":0.0,"damage_taken":0.0},{"damage_healed":0.0,"max_hp_gain":0.0,"max_hp_loss":0.0,"gold_gain":0.0,"event_name":"Masked Bandits","player_choice":"Fought Bandits","floor":20.0,"gold_loss":0.0,"damage_taken":0.0},{"damage_healed":0.0,"max_hp_gain":0.0,"max_hp_loss":0.0,"gold_gain":0.0,"event_name":"Vampires","player_choice":"Ignored","floor":24.0,"gold_loss":0.0,"damage_taken":0.0},{"damage_healed":0.0,"max_hp_gain":0.0,"max_hp_loss":0.0,"gold_gain":0.0,"event_name":"Upgrade Shrine","player_choice":"Upgraded","floor":30.0,"gold_loss":0.0,"damage_taken":0.0,"cards_upgraded":["Seek"]},{"damage_healed":0.0,"max_hp_gain":0.0,"max_hp_loss":0.0,"gold_gain":0.0,"event_name":"SensoryStone","player_choice":"Memory 3","floor":39.0,"gold_loss":0.0,"damage_taken":10.0},{"damage_healed":0.0,"max_hp_gain":0.0,"max_hp_loss":4.0,"gold_gain":0.0,"event_name":"Winding Halls","player_choice":"Max HP","floor":45.0,"gold_loss":0.0,"damage_taken":0.0},{"damage_healed":0.0,"max_hp_gain":0.0,"max_hp_loss":0.0,"gold_gain":0.0,"event_name":"Match and Keep!","player_choice":"0 cards matched","floor":46.0,"gold_loss":0.0,"damage_taken":0.0,"cards_obtained":[]}],"is_beta":false,"boss_relics":[{"not_picked":["Runic Dome","Coffee Dripper"],"picked":"Nuclear Battery"},{"not_picked":["FrozenCore","Cursed Key"],"picked":"Calling Bell"}],"items_purged_floors":[2,19,31,48],"is_endless":false,"potions_floor_spawned":[1,3,8,12,13,21,27,29,35,36,37,38,41,42,47],"killed_by":"Time Eater","ascension_level":20}}