{"host":"ydujlihd8f5px9gp","time":1609279324,"event":{"mods":["AchievementEnabler","BaseMod","Block Reminder","Colored Map","Minty Spire (QoL Compilation)","ojb\u0027s Info Mod"],"gold_per_floor":[114,127,127,139,149,176,141,141,166,176,176,190,221,239,239,338,338,355,374,374,386,84,84,99,99,99,117,117,66,66,66,66,166,166,184,196,215,265,190,190,190,202,202,216,229,229,229,229],"floor_reached":47,"playtime":2769,"items_purged":["Defend_R"],"score":466,"play_id":"66c3581c-ab77-4d3e-b871-880bdacd5a13","local_time":"20201229200204","is_ascension_mode":false,"campfire_choices":[{"data":"Demon Form","floor":8,"key":"SMITH"},{"data":"Bash","floor":15,"key":"SMITH"},{"data":"Disarm","floor":23,"key":"SMITH"},{"data":"Shrug It Off","floor":28,"key":"SMITH"},{"floor":32,"key":"REST"},{"data":"Shrug It Off","floor":40,"key":"SMITH"}],"circlet_count":0,"master_deck":["Strike_R","Strike_R","Strike_R","Strike_R","Strike_R","Defend_R+1","Defend_R+1","Bash+1","Shrug It Off+1","Shrug It Off+1","Demon Form+1","Dark Embrace","Body Slam","Body Slam","True Grit","Disarm+1","Headbutt+1","Heavy Blade+1","Limit Break","Spot Weakness+1","Battle Trance+1","Heavy Blade+1","Writhe","Parasite","Panache"],"relics":["Burning Blood","War Paint","Bag of Marbles","Anchor","Gremlin Horn","Philosopher\u0027s Stone","Oddly Smooth Stone","TheAbacus","Enchiridion","Regal Pillow","Runic Cube","Calipers","Lantern"],"acts_visited":["Exordium","TheCity","TheBeyond"],"potions_floor_usage":[16,16,24,47,47],"damage_taken":[{"damage":0,"enemies":"Small Slimes","floor":1,"turns":3},{"damage":8,"enemies":"2 Louse","floor":2,"turns":3},{"damage":1,"enemies":"Cultist","floor":4,"turns":4},{"damage":7,"enemies":"Blue Slaver","floor":5,"turns":5},{"damage":42,"enemies":"Gremlin Nob","floor":6,"turns":6},{"damage":17,"enemies":"Exordium Wildlife","floor":10,"turns":6},{"damage":0,"enemies":"3 Louse","floor":12,"turns":4},{"damage":19,"enemies":"3 Sentries","floor":13,"turns":13},{"damage":0,"enemies":"Large Slime","floor":14,"turns":5},{"damage":45,"enemies":"The Guardian","floor":16,"turns":11},{"damage":3,"enemies":"Chosen","floor":18,"turns":4},{"damage":25,"enemies":"3 Byrds","floor":19,"turns":7},{"damage":8,"enemies":"Snake Plant","floor":21,"turns":4},{"damage":12,"enemies":"3 Cultists","floor":24,"turns":5},{"damage":4,"enemies":"Centurion and Healer","floor":27,"turns":6},{"damage":10,"enemies":"Champ","floor":33,"turns":8},{"damage":27,"enemies":"3 Darklings","floor":35,"turns":6},{"damage":0,"enemies":"3 Shapes","floor":36,"turns":15},{"damage":44,"enemies":"Transient","floor":37,"turns":5},{"damage":13,"enemies":"Mind Bloom Boss Battle","floor":38,"turns":5},{"damage":28,"enemies":"Writhing Mass","floor":42,"turns":9},{"damage":29,"enemies":"Maw","floor":44,"turns":7},{"damage":6,"enemies":"Sphere and 2 Shapes","floor":45,"turns":4},{"damage":25,"enemies":"Transient","floor":47,"turns":5}],"seed_played":"2128948454383620609","potions_obtained":[{"floor":1,"key":"SkillPotion"},{"floor":2,"key":"Swift Potion"},{"floor":5,"key":"SpeedPotion"},{"floor":10,"key":"Energy Potion"},{"floor":12,"key":"DuplicationPotion"},{"floor":16,"key":"ColorlessPotion"},{"floor":21,"key":"ColorlessPotion"},{"floor":35,"key":"Strength Potion"},{"floor":45,"key":"Block Potion"}],"is_trial":false,"path_per_floor":["M","M","?","M","M","E","?","R","T","M","?","M","E","M","R","B",null,"M","M","?","M","$","R","M","?","T","M","R","$","?","$","R","B",null,"M","M","M","?","$","R","?","M","T","M","M","?","M"],"character_chosen":"IRONCLAD","items_purchased":["Oddly Smooth Stone","TheAbacus","Block Potion"],"campfire_rested":1,"item_purchase_floors":[22,22,29],"current_hp_per_floor":[88,86,79,84,83,47,69,69,69,58,51,57,44,50,50,11,88,88,69,69,67,67,67,61,45,45,47,47,47,30,30,72,68,93,72,78,40,33,33,33,56,34,34,11,11,11,0,0],"gold":229,"neow_bonus":"TEN_PERCENT_HP_BONUS","is_daily":false,"chose_seed":false,"campfire_upgraded":5,"win_rate":0.0,"timestamp":1609279324,"path_taken":["M","M","?","M","M","E","?","R","T","M","?","M","E","M","R","BOSS","M","M","?","?","$","R","M","?","T","M","R","?","?","$","R","BOSS","M","M","M","?","$","R","?","M","T","M","M","?","M"],"items_purchased_type":["Relic","Relic","Potion"],"build_version":"2020-12-22","purchased_purges":1,"victory":false,"max_hp_per_floor":[88,88,88,88,88,88,88,88,88,88,88,88,88,88,88,88,88,88,88,88,88,88,88,88,88,88,88,88,88,93,93,93,93,93,93,93,93,93,93,93,93,93,93,93,93,93,93,93],"card_choices":[{"not_picked":["Feel No Pain","Reckless Charge"],"picked":"Shrug It Off","floor":1},{"not_picked":["Armaments","Iron Wave"],"picked":"Shrug It Off","floor":2},{"not_picked":["Iron Wave","Warcry"],"picked":"Demon Form","floor":4},{"not_picked":["Pommel Strike","Power Through"],"picked":"Dark Embrace","floor":5},{"not_picked":["Pummel","Pommel Strike"],"picked":"Body Slam","floor":6},{"not_picked":["Headbutt","Bloodletting","Thunderclap"],"picked":"SKIP","floor":10},{"not_picked":["Anger","Fire Breathing","Armaments"],"picked":"SKIP","floor":12},{"not_picked":["Rage","Thunderclap"],"picked":"Body Slam","floor":13},{"not_picked":["Ghostly Armor","Whirlwind","Body Slam"],"picked":"SKIP","floor":14},{"not_picked":["Rupture+1","Pummel+1"],"picked":"True Grit","floor":18},{"not_picked":["Perfected Strike","Searing Blow"],"picked":"Disarm","floor":19},{"not_picked":["Armaments","Thunderclap"],"picked":"Headbutt+1","floor":21},{"not_picked":["Wild Strike","Juggernaut","Armaments+1"],"picked":"SKIP","floor":24},{"not_picked":["Body Slam","Anger"],"picked":"Heavy Blade+1","floor":27},{"not_picked":["Double Tap","Feed"],"picked":"Limit Break","floor":33},{"not_picked":["Sword Boomerang+1","Rampage"],"picked":"Spot Weakness+1","floor":35},{"not_picked":["Clothesline","Body Slam+1"],"picked":"Battle Trance+1","floor":36},{"not_picked":["Inflame+1","Seeing Red"],"picked":"Heavy Blade+1","floor":37},{"not_picked":["Anger","Dropkick+1","Blood for Blood"],"picked":"SKIP","floor":42},{"not_picked":["Berserk","Thunderclap","Bloodletting"],"picked":"SKIP","floor":44},{"not_picked":["Rupture","Infernal Blade","Wild Strike"],"picked":"SKIP","floor":45},{"not_picked":["Flash of Steel","HandOfGreed"],"picked":"Panache","floor":46}],"player_experience":60336,"relics_obtained":[{"floor":6,"key":"Bag of Marbles"},{"floor":9,"key":"Anchor"},{"floor":13,"key":"Gremlin Horn"},{"floor":25,"key":"Enchiridion"},{"floor":26,"key":"Regal Pillow"},{"floor":38,"key":"Calipers"},{"floor":43,"key":"Lantern"}],"event_choices":[{"damage_healed":0,"gold_gain":0,"player_choice":"Success","damage_taken":7,"relics_obtained":["War Paint"],"max_hp_gain":0,"max_hp_loss":0,"event_name":"Scrap Ooze","floor":3,"gold_loss":0},{"damage_healed":22,"gold_gain":0,"player_choice":"Healed","damage_taken":0,"max_hp_gain":0,"max_hp_loss":0,"event_name":"The Cleric","floor":7,"gold_loss":35},{"cards_removed":["Defend_R"],"damage_healed":0,"gold_gain":0,"player_choice":"Card Removal","damage_taken":7,"max_hp_gain":0,"max_hp_loss":0,"event_name":"Golden Wing","floor":11,"gold_loss":0},{"damage_healed":0,"gold_gain":0,"player_choice":"Ignored","damage_taken":0,"max_hp_gain":0,"max_hp_loss":0,"event_name":"Purifier","floor":20,"gold_loss":0},{"damage_healed":0,"gold_gain":0,"player_choice":"Obtained Book","damage_taken":16,"max_hp_gain":0,"max_hp_loss":0,"event_name":"Cursed Tome","floor":25,"gold_loss":0},{"damage_healed":0,"gold_gain":0,"player_choice":"Shed Blood","damage_taken":22,"max_hp_gain":5,"max_hp_loss":0,"event_name":"Forgotten Altar","floor":30,"gold_loss":0},{"damage_healed":0,"gold_gain":0,"player_choice":"Fight","damage_taken":0,"max_hp_gain":0,"max_hp_loss":0,"event_name":"MindBloom","floor":38,"gold_loss":0},{"damage_healed":23,"gold_gain":0,"player_choice":"Writhe","damage_taken":0,"max_hp_gain":0,"max_hp_loss":0,"event_name":"Winding Halls","floor":41,"gold_loss":0,"cards_obtained":["Writhe"]},{"damage_healed":0,"gold_gain":0,"player_choice":"Memory 1","damage_taken":0,"max_hp_gain":0,"max_hp_loss":0,"event_name":"SensoryStone","floor":46,"gold_loss":0}],"is_beta":false,"boss_relics":[{"not_picked":["Astrolabe","Runic Dome"],"picked":"Philosopher\u0027s Stone"},{"not_picked":["SacredBark","Black Star"],"picked":"Runic Cube"}],"items_purged_floors":[39],"is_endless":false,"potions_floor_spawned":[1,2,5,10,12,16,21,33,35,45],"killed_by":"Transient","ascension_level":0}}