{"host":"5t6h2siq57l98co3","time":1609268156,"event":{"mods":["AchievementEnabler","Act Like it!","Aspiration","BaseMod","Better Altar","Better Match","Better Note","Better Sensory Stone","Better Skull","Better Third Choice","BetterRewards","CCEM","CatGirl Mod","Clawfect","Colored Map","Colored Powertips","Conspire","Curses Come First","Displayed Cursed Tome","Downfall","Gold Saver","Googly Eyes","Highlight Path","Infinite Spire","Jedi Mod","Mimic Mod","Minty Spire (QoL Compilation)","Permanent Neow","Prisma Mod","RatMod","Replay The Spire","Spicy Shops","StSLib","The Alterego","The Jungle","Transform Curses","Virulent Crown","Yuri Mod","everything is the same but u backflip on backflip","vexMod"],"gold_per_floor":[1841,1855,340,30,49,75,75,89,89,119,156,204,279,332,332,533,533,604,16,79,136,136,252,289,345,424,424,466,556,556,587,587,730,730,755,828,828,161,229,350,408,408,408,481,616,715,820,904,904,974],"floor_reached":51,"playtime":5185,"items_purged":["alterego_mod:RingBreak"],"score":1468,"play_id":"05012897-3fa8-4318-886b-1a8f7fef8852","local_time":"20201229125556","daily_mods":["Vintage","Heirloom","DeadlyEvents","Binary","Cursed Run","Elite Swarm","Lethality"],"is_ascension_mode":false,"campfire_choices":[{"data":"yuri:SturdyUniform","floor":7,"key":"SMITH"},{"data":"PrismaMod:IllyaBoysLove","floor":15,"key":"SMITH"},{"data":"1","floor":27,"key":"LIFT"},{"data":"2","floor":30,"key":"LIFT"},{"data":"3","floor":32,"key":"LIFT"},{"data":"PrismaMod:IllyaBoysLove","floor":42,"key":"SMITH"},{"data":"yuri:BookRed+1","floor":49,"key":"SMITH"}],"circlet_count":0,"master_deck":["alterego_mod:Strike","alterego_mod:Strike+1","alterego_mod:Strike","alterego_mod:Defend","alterego_mod:Defend","alterego_mod:Defend","alterego_mod:Defend","alterego_mod:Impale+1","alterego_mod:BigMeatyClaws","alterego_mod:BrynhildrsRune","yuri:RhapsodyCurse","alterego_mod:Pet+1","yuri:Spin","yuri:SturdyUniform+1","PrismaMod:IllyaCommandSeal","PrismaMod:IllyaUberDefendChannel+1","PrismaMod:ChloeExhaustThree","yuri:RhapsodyCurse","PrismaMod:IllyaUpgradeOrbs","alterego_mod:Crossover","yuri:RemoveSafetyChecks","CommonCold","PrismaMod:IllyaBoysLove+1","alterego_mod:Rake","Voices","PrismaMod:IllyaBoysLove+1","yuri:DebugCard","yuri:yuriQuickStrike","yuri:BookRed+2","alterego_mod:RingBreak","PrismaMod:IllyaInstallSaber","alterego_mod:TrashNCrash","ReplayTheSpireMod:Doomed","alterego_mod:Smother","yuri:DuplicateCode+1","theCatGirl:PerfectBlock+1","Clumsy","conspire:Purge+1","alterego_mod:Birthday+1","Feed+1","alterego_mod:Swimsuit","Pain","yuri:GlitchedStrike","sneckomod:DangerNoodle+1","yuri:MultiDip","alterego_mod:BusterCard","Parasite"],"relics":["Cursed Key","Darkstone Periapt","Du-Vu Doll","Coffee Dripper","jedi:battlestandard","replay:Trail_Library","conspire:InfiniteJournal","PrismaticShard","aspiration:ChemicalBlood","TungstenRod","Prayer Wheel","Onion Ring","ReplayTheSpireMod:Ninjato","conspire:TreasureMap","Medical Kit","Quantum Egg","Durian","jedi:gremlinknob","Replay:Multitool","War Paint","Replay:Bandana","vexMod:RetaliationKit","CCEMRelics:OverlyComfyChair","Pet Ghost","Oddly Smooth Stone","expansioncontent:StudyCardRelic","Eternal Feather","aspiration:TomeofQuesting","CCEMRelics:SpiritsEdge","sneckomod:BlankCard","StrikeDummy","Pantograph","Girya","infinitespire:FocusingShard","Golden Egg","Letter Opener","infinitespire:BottledMercury","Gambling Chip","sneckomod:SneckoTalon","jedi:cryingmask","theCatGirl:DriedFish","infinitespire:EvilPickle","Vajra","Question Card","Whetstone","rat:KircheisShard","Meat on the Bone","CCEMRelics:Barrel","CCEMRelics:DissonantTune","Bronze Scales","aspiration:Lifesprig","Replay:Wax Seal","aspiration:SeaSaltIceCream","vexMod:PlasmaPancake","Nunchaku"],"acts_visited":["Exordium","TheCity","TheBeyond"],"potions_floor_usage":[5,16,16,19,24,25,33,33,39,48,50,50],"damage_taken":[{"damage":0,"enemies":"2 Louse","floor":2,"turns":2},{"damage":0,"enemies":"Jaw Worm","floor":5,"turns":2},{"damage":6,"enemies":"Lagavulin","floor":6,"turns":3},{"damage":0,"enemies":"Small Slimes","floor":8,"turns":1},{"damage":0,"enemies":"3 Sentries","floor":10,"turns":2},{"damage":0,"enemies":"2 Fungi Beasts","floor":11,"turns":1},{"damage":0,"enemies":"3 Louse","floor":12,"turns":2},{"damage":0,"enemies":"Lagavulin","floor":13,"turns":2},{"damage":12,"enemies":"Hexaghost","floor":16,"turns":4},{"damage":0,"enemies":"conspire:FuzzyDice","floor":18,"turns":2},{"damage":0,"enemies":"3 Byrds","floor":20,"turns":2},{"damage":0,"enemies":"conspire:HollyBat","floor":21,"turns":6},{"damage":0,"enemies":"conspire:Head Lice","floor":23,"turns":2},{"damage":0,"enemies":"Snecko","floor":24,"turns":2},{"damage":0,"enemies":"Book of Stabbing","floor":25,"turns":1},{"damage":0,"enemies":"Sentry and Sphere","floor":28,"turns":2},{"damage":11,"enemies":"Gremlin Leader","floor":29,"turns":2},{"damage":0,"enemies":"Snake Plant","floor":31,"turns":1},{"damage":0,"enemies":"Pondfish","floor":33,"turns":5},{"damage":0,"enemies":"Orb Walker","floor":35,"turns":2},{"damage":0,"enemies":"3 Darklings","floor":36,"turns":1},{"damage":0,"enemies":"4 Shapes","floor":39,"turns":1},{"damage":0,"enemies":"Reptomancer","floor":40,"turns":2},{"damage":2,"enemies":"Sphere and 2 Shapes","floor":41,"turns":2},{"damage":0,"enemies":"Jaw Worm Horde","floor":44,"turns":2},{"damage":0,"enemies":"Nemesis","floor":45,"turns":3},{"damage":0,"enemies":"Maw","floor":46,"turns":2},{"damage":1,"enemies":"4 Shapes","floor":47,"turns":3},{"damage":0,"enemies":"Spire Growth","floor":48,"turns":1},{"damage":16,"enemies":"conspire:OrnateMirror","floor":50,"turns":8}],"seed_played":"1961746019840799940","potions_obtained":[{"floor":2,"key":"Block Potion"},{"floor":5,"key":"SpeedPotion"},{"floor":10,"key":"champ:CounterPotion"},{"floor":13,"key":"jedi:wingpotion"},{"floor":23,"key":"Energy Potion"},{"floor":24,"key":"Fire Potion"},{"floor":28,"key":"BlessingOfTheForge"},{"floor":31,"key":"Fire Potion"},{"floor":33,"key":"Block Potion"},{"floor":37,"key":"Guardian:BlockOnCardUsePotion"},{"floor":40,"key":"Regen Potion"}],"is_trial":true,"path_per_floor":["?","M","$","$","M","E","R","M","T","E","M","M","E","T","R","B",null,"M","$","M","M","?","E","M","E","T","R","M","E","R","M","R","B",null,"M","M","?","$","M","E","M","R","T","M","E","M","M","M","R_BF","B",null],"character_chosen":"The_Alterego","items_purchased":["TungstenRod","Prayer Wheel","Onion Ring","ReplayTheSpireMod:Ninjato","conspire:TreasureMap","Medical Kit","alterego_mod:Pet","yuri:Spin","yuri:SturdyUniform","Quantum Egg","PrismaMod:IllyaBoysLove","aspiration:TomeofQuesting","CCEMRelics:SpiritsEdge","sneckomod:BlankCard","Fruit Juice","Vajra","Question Card","Whetstone","alterego_mod:Birthday"],"campfire_rested":0,"item_purchase_floors":[3,3,3,3,3,3,3,3,4,4,19,19,19,19,19,38,38,38,38],"current_hp_per_floor":[76,76,76,76,81,78,78,78,84,87,87,87,87,93,93,90,99,99,104,104,104,104,104,104,104,110,110,110,99,110,110,110,116,116,116,116,116,116,116,116,116,116,122,122,126,126,132,132,132,138],"gold":974,"neow_bonus":"","is_daily":false,"chose_seed":false,"campfire_upgraded":4,"win_rate":0.0,"timestamp":1609268156,"path_taken":["?","M","?","$","M","E","R","M","T","E","M","?","E","?","R","BOSS","M","$","M","M","?","E","M","E","T","R","M","E","R","M","R","BOSS","M","M","?","$","M","E","M","R","T","M","?","M","?","M","R_BF","BOSS"],"items_purchased_type":["Relic","Relic","Relic","Relic","Relic","Relic","Card","Card","Card","Relic","Card","Relic","Relic","Relic","Potion","Relic","Relic","Relic","Card"],"build_version":"2020-12-22","purchased_purges":1,"victory":true,"max_hp_per_floor":[76,76,76,76,81,81,81,81,87,87,87,87,87,93,93,99,99,99,104,104,104,104,104,104,104,110,110,110,110,110,110,110,116,116,116,116,116,116,116,116,116,116,122,122,126,126,132,132,132,138],"card_choices":[{"not_picked":["Thunder Strike"],"picked":"PrismaMod:ChloeExhaustThree","floor":6},{"not_picked":["Wraith Form v2","alterego_mod:Lift"],"picked":"SKIP","floor":10},{"not_picked":["Fiend Fire","conspire:HitWhereItHurts"],"picked":"SKIP","floor":13},{"not_picked":["jedi:BurstDark"],"picked":"PrismaMod:IllyaInstallSaber","floor":23},{"not_picked":["Slimebound:Recycling","Corruption"],"picked":"SKIP","floor":25},{"not_picked":["Chrysalis"],"picked":"theCatGirl:PerfectBlock","floor":29},{"not_picked":["Slimebound:OozeBath"],"picked":"conspire:Purge","floor":33},{"not_picked":["Rainbow","PrismaMod:MiyuChannelAttackEvoke"],"picked":"Feed","floor":40},{"not_picked":["Guardian:FierceBash","Juggernaut"],"picked":"sneckomod:DangerNoodle","floor":45}],"player_experience":929189,"relics_obtained":[{"floor":2,"key":"aspiration:ChemicalBlood"},{"floor":5,"key":"Durian"},{"floor":6,"key":"jedi:gremlinknob"},{"floor":8,"key":"Replay:Multitool"},{"floor":9,"key":"War Paint"},{"floor":10,"key":"Replay:Bandana"},{"floor":11,"key":"vexMod:RetaliationKit"},{"floor":12,"key":"CCEMRelics:OverlyComfyChair"},{"floor":13,"key":"Pet Ghost"},{"floor":14,"key":"Oddly Smooth Stone"},{"floor":18,"key":"Eternal Feather"},{"floor":20,"key":"StrikeDummy"},{"floor":21,"key":"Pantograph"},{"floor":24,"key":"Girya"},{"floor":25,"key":"infinitespire:FocusingShard"},{"floor":26,"key":"Golden Egg"},{"floor":28,"key":"Letter Opener"},{"floor":29,"key":"infinitespire:BottledMercury"},{"floor":31,"key":"Gambling Chip"},{"floor":35,"key":"jedi:cryingmask"},{"floor":36,"key":"theCatGirl:DriedFish"},{"floor":39,"key":"rat:KircheisShard"},{"floor":40,"key":"Meat on the Bone"},{"floor":41,"key":"CCEMRelics:Barrel"},{"floor":43,"key":"CCEMRelics:DissonantTune"},{"floor":44,"key":"Bronze Scales"},{"floor":45,"key":"aspiration:Lifesprig"},{"floor":46,"key":"Replay:Wax Seal"},{"floor":47,"key":"aspiration:SeaSaltIceCream"},{"floor":48,"key":"Nunchaku"}],"event_choices":[{"cards_removed":["yuri:SturdyUniform"],"damage_healed":0,"gold_gain":0,"player_choice":"Take \u0026 Give","damage_taken":0,"max_hp_gain":0,"max_hp_loss":0,"event_name":"betterNote:BetterNote","floor":22,"gold_loss":0,"cards_obtained":["yuri:BookRed"]},{"damage_healed":0,"gold_gain":0,"player_choice":"Got Potions","damage_taken":0,"max_hp_gain":0,"max_hp_loss":0,"event_name":"Lab","floor":37,"gold_loss":0}],"is_beta":false,"boss_relics":[{"not_picked":["SacredBark","Sozu"],"picked":"expansioncontent:StudyCardRelic"},{"not_picked":["aspiration:FutureDiary","conspire:SpecialSausage"],"picked":"sneckomod:SneckoTalon"}],"items_purged_floors":[38],"is_endless":false,"potions_floor_spawned":[2,5,10,13,23,24,28,31,33,39,40,45,47],"ascension_level":0}}