{"host":"grli52lbdph2722t","time":1609216204,"event":{"mods":["AchievementEnabler","BaseMod","Downfall","Minty Spire (QoL Compilation)","Quick Restart","StSLib"],"gold_per_floor":[99,99,99,99,164,193,193,224,298,326,344,376,301,328,345,423,423,423,436,453,453,469,544,569,596,610,644,432,447,22,52,65,143,143,143,158,168,185,151,1,1,1,30,30,43,43,43,69,83,83,83,109,11,11,11],"floor_reached":56,"playtime":3719,"items_purged":["sneckomod:Strike"],"score":2787,"play_id":"9abe932d-4696-45af-903f-4438d20d2d72","local_time":"20201229053004","is_ascension_mode":true,"campfire_choices":[{"floor":1.0,"key":"RECALL"},{"floor":13.0,"key":"REST"},{"data":"sneckomod:MorePower","floor":18.0,"key":"SMITH"},{"data":"sneckomod:SerpentMind","floor":35.0,"key":"SMITH"},{"data":"sneckomod:MasterEye","floor":40.0,"key":"SMITH"},{"data":"sneckomod:MasterEye","floor":42.0,"key":"SMITH"},{"data":"sneckomod:CheapStock","floor":44.0,"key":"SMITH"},{"data":"sneckomod:MorePower","floor":46.0,"key":"SMITH"},{"floor":54,"key":"REST"}],"circlet_count":0,"master_deck":["AscendersBane","sneckomod:Strike","sneckomod:Strike","sneckomod:Defend","sneckomod:Defend","sneckomod:Defend","sneckomod:TailWhip+1","sneckomod:SnekBite","sneckomod:Unknown","sneckomod:Unknown","sneckomod:QuickBite","sneckomod:SoulDraw+1","sneckomod:UnknownRareAttack","sneckomod:UnknownVulnerable","sneckomod:UnknownStrength","sneckomod:UnknownVulnerable+1","sneckomod:UnknownExhaust","sneckomod:QuickBite+1","sneckomod:UnknownDexterity","sneckomod:UnknownClassPURPLE","sneckomod:MorePower+1","CurseOfTheBell","sneckomod:Unknown2Cost+1","sneckomod:TrashToTreasure+1","sneckomod:UnknownRareSkill+1","sneckomod:DangerNoodle+1","RitualDagger+1","sneckomod:UnknownRareAttack+1","sneckomod:UnknownUncommonSkill+1","sneckomod:SerpentMind+1","sneckomod:UnknownColorless+1","sneckomod:MorePower+1","sneckomod:UnknownRarePower+1","sneckomod:Unknown3Cost+1","sneckomod:MasterEye+1","sneckomod:CheapStock+1","sneckomod:MasterEye+1","sneckomod:UnknownUncommonAttack+1","sneckomod:SlitherStrike+1","sneckomod:UnknownRarePower+1","sneckomod:SoulRoll+1","Madness+1","sneckomod:UnknownUncommonPower+1","sneckomod:CheapStock+1","sneckomod:UnknownRareAttack+1","sneckomod:UnknownEthereal+1","sneckomod:UnknownRarePower+1","sneckomod:SoulDraw+1","sneckomod:Unknown3Cost+1","sneckomod:UnknownClassTHE_CHAMP_GRAY+1","sneckomod:Restock+1","sneckomod:UnknownRarePower+1","sneckomod:UnknownRarePower+1","sneckomod:UnknownDexterity+1","sneckomod:SlitherStrike+1","sneckomod:UnknownRarePower+1","sneckomod:Nope+1","sneckomod:MasterEye+1","sneckomod:Unknown3Cost+1","sneckomod:SnekBeam+1","sneckomod:Nope+1","expansioncontent:LastStand+1","expansioncontent:CaCaw+1","expansioncontent:CaCaw+1","sneckomod:UnknownX+1","sneckomod:UnknownDexterity+1","sneckomod:UnknownRarePower+1","sneckomod:UnknownRareSkill+1","sneckomod:UnknownUncommonPower+1","sneckomod:Unknown3Cost+1","Panacea+1","sneckomod:UnknownUncommonPower+1"],"relics":["sneckomod:SneckoSoul","downfall:HeartsMalice","downfall:ShatteredFragment","Tiny Chest","Toy Ornithopter","Ornamental Fan","TungstenRod","The Courier","Molten Egg 2","sneckomod:ConfusingCodex","downfall:HeartBlessingRed","Eternal Feather","Calling Bell","Toxic Egg 2","Lizard Tail","War Paint","Pear","Membership Card","FossilizedHelix","Anchor","Art of War","Bottled Tornado","Happy Flower","Frozen Egg 2","StrikeDummy","SlaversCollar","downfall:HeartBlessingGreen","downfall:HeartBlessingBlue","Darkstone Periapt","HornCleat","Strawberry","Bronze Scales"],"acts_visited":["Exordium","TheCity","TheBeyond","TheEnding"],"potions_floor_usage":[52,55,55],"damage_taken":[{"damage":0.0,"enemies":"Jaw Worm","floor":2.0,"turns":1.0},{"damage":0.0,"enemies":"Small Slimes","floor":3.0,"turns":1.0},{"damage":0.0,"enemies":"Gremlin Nob","floor":5.0,"turns":1.0},{"damage":30.0,"enemies":"3 Sentries","floor":6.0,"turns":8.0},{"damage":4.0,"enemies":"Gremlin Nob","floor":8.0,"turns":3.0},{"damage":15.0,"enemies":"3 Sentries","floor":10.0,"turns":6.0},{"damage":1.0,"enemies":"Cultist","floor":11.0,"turns":3.0},{"damage":24.0,"enemies":"Lagavulin","floor":12.0,"turns":5.0},{"damage":0.0,"enemies":"Gremlin Nob","floor":14.0,"turns":2.0},{"damage":15.0,"enemies":"Exordium Wildlife","floor":15.0,"turns":5.0},{"damage":7.0,"enemies":"downfall:Watcher","floor":16.0,"turns":4.0},{"damage":60.0,"enemies":"Spheric Guardian","floor":19.0,"turns":6.0},{"damage":17.0,"enemies":"Centurion and Healer","floor":20.0,"turns":5.0},{"damage":17.0,"enemies":"3 Cultists","floor":22.0,"turns":5.0},{"damage":0.0,"enemies":"Chosen and Byrds","floor":26.0,"turns":3.0},{"damage":4.0,"enemies":"Book of Stabbing","floor":27.0,"turns":3.0},{"damage":5.0,"enemies":"downfall:FleeingMerchant","floor":28.0,"turns":4.0},{"damage":5.0,"enemies":"Snecko","floor":29.0,"turns":3.0},{"damage":0.0,"enemies":"downfall:FleeingMerchant","floor":30.0,"turns":3.0},{"damage":0.0,"enemies":"Gremlin Leader","floor":31.0,"turns":3.0},{"damage":11.0,"enemies":"Snake Plant","floor":32.0,"turns":4.0},{"damage":33.0,"enemies":"downfall:Ironclad","floor":33.0,"turns":5.0},{"damage":43.0,"enemies":"3 Shapes","floor":36.0,"turns":4.0},{"damage":10.0,"enemies":"3 Darklings","floor":37.0,"turns":6.0},{"damage":17.0,"enemies":"Spire Growth","floor":38.0,"turns":4.0},{"damage":0.0,"enemies":"Nemesis","floor":43.0,"turns":5.0},{"damage":22.0,"enemies":"Maw","floor":45.0,"turns":6.0},{"damage":0.0,"enemies":"Giant Head","floor":48.0,"turns":5.0},{"damage":6.0,"enemies":"3 Darklings","floor":49.0,"turns":5.0},{"damage":97.0,"enemies":"downfall:Silent","floor":50.0,"turns":5.0},{"damage":59,"enemies":"downfall:CharBossMerchant","floor":52,"turns":6},{"damage":6,"enemies":"downfall:NeowBoss","floor":55,"turns":14}],"seed_played":"2674983027233022638","potions_obtained":[{"floor":6.0,"key":"SmokeBomb"},{"floor":10.0,"key":"DuplicationPotion"},{"floor":12.0,"key":"BlessingOfTheForge"},{"floor":14.0,"key":"Regen Potion"},{"floor":19.0,"key":"BlessingOfTheForge"},{"floor":29.0,"key":"BlessingOfTheForge"},{"floor":32.0,"key":"Ancient Potion"},{"floor":33.0,"key":"PowerPotion"},{"floor":52,"key":"SteroidPotion"}],"is_trial":false,"path_per_floor":["R","M","M","?","?","E","T","E","T","E","M","E","R","E","M","B",null,"R","M","M","?","M","?","T","T","M","E","$","M","$","E","M","B",null,"R","M","M","M","$","R","T","R","E","R","M","R","?","E","M","B",null,"E","$","R","B",null],"character_chosen":"THE_SNECKO","items_purchased":["ColorlessPotion","sneckomod:CheapStock","sneckomod:MasterEye","Membership Card","FossilizedHelix","Anchor","Art of War","Madness+1","Bottled Tornado","Happy Flower","Frozen Egg 2","sneckomod:UnknownUncommonPower+1","sneckomod:CheapStock+1","sneckomod:MasterEye+1","Panacea+1","CultistPotion","sneckomod:UnknownUncommonPower+1"],"campfire_rested":2,"item_purchase_floors":[28,28,28,30,30,30,30,30,30,30,30,30,30,39,53,53,53],"current_hp_per_floor":[75,75,75,54,55,36,36,55,55,41,41,17,43,49,38,36,79,91,39,23,18,13,13,13,13,13,25,22,18,20,27,46,20,94,118,96,115,99,99,132,132,132,133,133,111,133,124,133,130,33,117,64,65,147,147],"gold":11,"neow_bonus":"THREE_ENEMY_KILL","is_daily":false,"chose_seed":false,"campfire_upgraded":6,"win_rate":0.0,"timestamp":1609216204,"path_taken":["R","M","M","?","?","E","T","E","?","E","M","E","R","E","M","BOSS","R","M","M","?","M","?","T","?","M","E","?","M","$","E","M","BOSS","R","M","M","M","$","R","T","R","E","R","M","R","?","E","M","BOSS","E","$","R","BOSS"],"items_purchased_type":["Potion","Card","Card","Relic","Relic","Relic","Relic","Card","Relic","Relic","Relic","Card","Card","Card","Card","Potion","Card"],"build_version":"2020-12-22","purchased_purges":1,"victory":true,"max_hp_per_floor":[83,83,83,83,84,85,85,86,86,87,88,88,88,89,93,93,93,93,94,95,95,97,97,97,97,97,108,110,111,113,115,116,118,118,118,119,121,122,122,132,132,132,133,133,133,133,133,142,145,145,145,146,147,147,147],"card_choices":[{"not_picked":["sneckomod:UnknownBlock","sneckomod:Unknown1Cost"],"picked":"sneckomod:QuickBite","floor":2.0},{"not_picked":["sneckomod:DiceCrush","sneckomod:QuickMove"],"picked":"sneckomod:SoulDraw","floor":3.0},{"not_picked":["sneckomod:Rotation","sneckomod:UnknownCommonSkill"],"picked":"sneckomod:UnknownRareAttack","floor":5.0},{"not_picked":["sneckomod:DiceBlock","sneckomod:DiceCrush"],"picked":"sneckomod:UnknownVulnerable","floor":6.0},{"not_picked":["sneckomod:Nope","sneckomod:UnknownStrike"],"picked":"sneckomod:UnknownStrength","floor":8.0},{"not_picked":["sneckomod:UnknownWeak","sneckomod:UnknownStrike+1"],"picked":"sneckomod:UnknownVulnerable","floor":10.0},{"not_picked":["sneckomod:RainOfDice+1","sneckomod:SoulDraw"],"picked":"sneckomod:UnknownExhaust","floor":11.0},{"not_picked":["sneckomod:UnknownClassGUARDIAN","sneckomod:Mudshield"],"picked":"sneckomod:QuickBite+1","floor":12.0},{"not_picked":["sneckomod:Nope","sneckomod:UnknownWeak"],"picked":"sneckomod:UnknownDexterity","floor":14.0},{"not_picked":["sneckomod:IronFang+1","sneckomod:UnknownStrike+1"],"picked":"sneckomod:UnknownClassPURPLE","floor":15.0},{"not_picked":["sneckomod:Mudshield","sneckomod:Cheat"],"picked":"sneckomod:MorePower","floor":16.0},{"not_picked":["sneckomod:Unknown0Cost+1","sneckomod:UnknownBlock+1"],"picked":"sneckomod:Unknown2Cost+1","floor":19.0},{"not_picked":["sneckomod:UnknownStrike+1","sneckomod:DiceBlock+1"],"picked":"sneckomod:TrashToTreasure+1","floor":19.0},{"not_picked":["sneckomod:Unknown3Cost+1","sneckomod:UnknownStrength+1"],"picked":"sneckomod:UnknownRareSkill+1","floor":20.0},{"not_picked":["sneckomod:UnknownVulnerable+1","sneckomod:Unknown1Cost+1"],"picked":"sneckomod:DangerNoodle+1","floor":20.0},{"not_picked":["sneckomod:UnknownClassPURPLE+1","sneckomod:UnknownClassGUARDIAN+1"],"picked":"sneckomod:UnknownRareAttack+1","floor":22.0},{"not_picked":["sneckomod:QuickBite+1","sneckomod:WideSting+1"],"picked":"sneckomod:UnknownUncommonSkill+1","floor":22.0},{"not_picked":["sneckomod:UnknownEthereal+1","sneckomod:UnknownX+1"],"picked":"sneckomod:SerpentMind","floor":26.0},{"not_picked":["sneckomod:UnknownClassGUARDIAN+1","sneckomod:Unknown2Cost+1"],"picked":"sneckomod:UnknownColorless+1","floor":27.0},{"not_picked":["sneckomod:UnknownClassHEXA_GHOST_PURPLE+1","sneckomod:UnknownStrength+1"],"picked":"sneckomod:MorePower","floor":27.0},{"not_picked":["sneckomod:UnknownUncommonPower+1","sneckomod:UnknownX+1"],"picked":"sneckomod:UnknownRarePower+1","floor":28.0},{"not_picked":["sneckomod:UnknownRareAttack+1","sneckomod:UnknownClassRED+1"],"picked":"sneckomod:Unknown3Cost+1","floor":28.0},{"not_picked":["sneckomod:MorePower","sneckomod:UnknownCommonSkill+1"],"picked":"sneckomod:MasterEye","floor":28.0},{"not_picked":["sneckomod:UnknownVulnerable+1","sneckomod:UnknownExhaust+1"],"picked":"sneckomod:UnknownUncommonAttack+1","floor":29.0},{"not_picked":["sneckomod:UnknownWeak+1","sneckomod:UnknownClassTHE_CHAMP_GRAY+1"],"picked":"sneckomod:SlitherStrike+1","floor":29.0},{"not_picked":["sneckomod:UnknownCommonSkill+1","sneckomod:UnknownClassSLIMEBOUND+1"],"picked":"sneckomod:UnknownRarePower+1","floor":30.0},{"not_picked":["sneckomod:UnknownVulnerable+1","sneckomod:DiceCrush+1"],"picked":"sneckomod:SoulRoll+1","floor":30.0},{"not_picked":["sneckomod:UnknownWeak+1","sneckomod:Unknown2Cost+1"],"picked":"sneckomod:UnknownRareAttack+1","floor":31.0},{"not_picked":["sneckomod:UnknownWeak+1","sneckomod:ImprovisedAttack+1"],"picked":"sneckomod:UnknownEthereal+1","floor":31.0},{"not_picked":["sneckomod:UnknownClassTHE_CHAMP_GRAY+1","sneckomod:UnknownUncommonAttack+1"],"picked":"sneckomod:UnknownRarePower+1","floor":32.0},{"not_picked":["sneckomod:UnknownDexterity+1","sneckomod:DiceBlock+1"],"picked":"sneckomod:SoulDraw+1","floor":32.0},{"not_picked":["sneckomod:UnknownX+1","sneckomod:UnknownClassRED+1"],"picked":"sneckomod:Unknown3Cost+1","floor":33.0},{"not_picked":["sneckomod:UnknownClassSLIMEBOUND+1","sneckomod:UnknownVulnerable+1"],"picked":"sneckomod:UnknownClassTHE_CHAMP_GRAY+1","floor":33.0},{"not_picked":["sneckomod:SoulExchange+1","sneckomod:MorePower+1"],"picked":"sneckomod:Restock+1","floor":33.0},{"not_picked":["sneckomod:UnknownVulnerable+1","sneckomod:UnknownStrength+1"],"picked":"sneckomod:UnknownRarePower+1","floor":36.0},{"not_picked":["sneckomod:UnknownUncommonAttack+1","sneckomod:UnknownUncommonPower+1","sneckomod:Unknown1Cost+1"],"picked":"SKIP","floor":36.0},{"not_picked":["sneckomod:WideSting+1","sneckomod:Unknown0Cost+1","sneckomod:ImprovisedAttack+1"],"picked":"SKIP","floor":36.0},{"not_picked":["sneckomod:UnknownCommonSkill+1","sneckomod:UnknownBlock+1"],"picked":"sneckomod:UnknownRarePower+1","floor":37.0},{"not_picked":["sneckomod:UnknownUncommonAttack+1","sneckomod:Unknown+1"],"picked":"sneckomod:UnknownDexterity+1","floor":37.0},{"not_picked":["sneckomod:UnknownWeak+1","sneckomod:UnknownStrike+1"],"picked":"sneckomod:SlitherStrike+1","floor":37.0},{"not_picked":["sneckomod:UnknownCommonSkill+1","sneckomod:UnknownStrength+1"],"picked":"sneckomod:UnknownRarePower+1","floor":38.0},{"not_picked":["sneckomod:UnknownCommonAttack+1","sneckomod:PureSnecko+1"],"picked":"sneckomod:Nope+1","floor":38.0},{"not_picked":["sneckomod:UnknownWeak+1","sneckomod:UnknownDexterity+1"],"picked":"sneckomod:Unknown3Cost+1","floor":43.0},{"not_picked":["sneckomod:DiceBoulder+1","sneckomod:DiceCrush+1"],"picked":"sneckomod:SnekBeam+1","floor":43.0},{"not_picked":["sneckomod:UnknownExhaust+1","sneckomod:UnknownClassBLUE+1","sneckomod:UnknownStrike+1"],"picked":"SKIP","floor":43.0},{"not_picked":["sneckomod:UnknownCommonAttack+1","sneckomod:QuickBite+1"],"picked":"sneckomod:Nope+1","floor":45.0},{"not_picked":["sneckomod:Unknown+1","sneckomod:UnknownUncommonAttack+1","sneckomod:UnknownUncommonSkill+1"],"picked":"SKIP","floor":45.0},{"not_picked":["expansioncontent:ChargeUp+1","expansioncontent:TimeRipple+1"],"picked":"expansioncontent:LastStand+1","floor":47.0},{"not_picked":["expansioncontent:Sear+1","expansioncontent:DonusPower+1"],"picked":"expansioncontent:CaCaw+1","floor":47.0},{"not_picked":["expansioncontent:SlimeTackle+1","expansioncontent:Hexaburn+1"],"picked":"expansioncontent:CaCaw+1","floor":47.0},{"not_picked":["sneckomod:UnknownExhaust+1","sneckomod:UnknownVulnerable+1"],"picked":"sneckomod:UnknownX+1","floor":48.0},{"not_picked":["sneckomod:SnekBeam+1","sneckomod:QuickMove+1"],"picked":"sneckomod:UnknownDexterity+1","floor":48.0},{"not_picked":["sneckomod:UnknownBlock+1","sneckomod:Unknown0Cost+1","sneckomod:UnknownClassGREEN+1"],"picked":"SKIP","floor":48.0},{"not_picked":["sneckomod:UnknownRareAttack+1","sneckomod:Unknown+1"],"picked":"sneckomod:UnknownRarePower+1","floor":49.0},{"not_picked":["sneckomod:Unknown+1","sneckomod:UnknownCommonAttack+1"],"picked":"sneckomod:UnknownRareSkill+1","floor":49.0},{"not_picked":["sneckomod:UnknownClassPURPLE+1","sneckomod:Unknown+1"],"picked":"sneckomod:UnknownUncommonPower+1","floor":49.0},{"not_picked":["sneckomod:RainOfDice+1","sneckomod:UnknownCommonAttack+1","sneckomod:Unknown0Cost+1"],"picked":"SKIP","floor":49.0},{"not_picked":["sneckomod:UnknownCommonAttack+1","sneckomod:UnknownClassRED+1"],"picked":"sneckomod:Unknown3Cost+1","floor":52}],"player_experience":4917728,"relics_obtained":[{"floor":5.0,"key":"Tiny Chest"},{"floor":6.0,"key":"Toy Ornithopter"},{"floor":7.0,"key":"Ornamental Fan"},{"floor":8.0,"key":"TungstenRod"},{"floor":9.0,"key":"The Courier"},{"floor":10.0,"key":"Molten Egg 2"},{"floor":12.0,"key":"sneckomod:ConfusingCodex"},{"floor":14.0,"key":"Eternal Feather"},{"floor":17.0,"key":"Ancient Tea Set"},{"floor":17.0,"key":"Toxic Egg 2"},{"floor":17.0,"key":"Lizard Tail"},{"floor":24.0,"key":"War Paint"},{"floor":27.0,"key":"Pear"},{"floor":31.0,"key":"StrikeDummy"},{"floor":41.0,"key":"Darkstone Periapt"},{"floor":43.0,"key":"HornCleat"},{"floor":48.0,"key":"Strawberry"},{"floor":52,"key":"Bronze Scales"}],"event_choices":[],"is_beta":false,"boss_relics":[{"not_picked":["Busted Crown","Cursed Key"],"picked":"Calling Bell"},{"not_picked":["Tiny House","SacredBark"],"picked":"SlaversCollar"}],"items_purged_floors":[28],"is_endless":false,"potions_floor_spawned":[6,10,12,14,15,19,29,32,33,36,52],"ascension_level":20}}