{"host":"i09pxcjttd31eh4q","time":1609215470,"event":{"mods":["AchievementEnabler","BaseMod","Colored Map","Keyboard Shortcuts","Minty Spire (QoL Compilation)","StSLib","SuperFastMode"],"gold_per_floor":[118,118,118,118,128,128,160,160,206,223,242,275,291,312,312,384,384,401,246,264,164,176,176,176],"floor_reached":23,"playtime":513,"items_purged":["Strike_G","Strike_G"],"score":452,"play_id":"061403a5-c4a6-444b-b6a7-8c6a6ba1081f","local_time":"20201229131750","is_ascension_mode":true,"campfire_choices":[{"data":"Bouncing Flask","floor":6.0,"key":"SMITH"},{"data":"Neutralize","floor":8.0,"key":"SMITH"},{"floor":15.0,"key":"REST"}],"circlet_count":0,"master_deck":["AscendersBane","Strike_G","Strike_G","Defend_G","Defend_G","Defend_G","Defend_G","Defend_G","Survivor","Neutralize+1","Bouncing Flask+1","Heel Hook","Grand Finale","Dagger Throw","Well Laid Plans","Quick Slash","Prepared","Tools of the Trade","Prepared","Escape Plan","Leg Sweep+1"],"relics":["Ring of the Snake","NeowsBlessing","Boot","Mercury Hourglass","Blood Vial","Dream Catcher","Odd Mushroom","Black Star"],"acts_visited":["Exordium","TheCity"],"potions_floor_usage":[22],"damage_taken":[{"damage":0.0,"enemies":"2 Louse","floor":1.0,"turns":1.0},{"damage":0.0,"enemies":"Jaw Worm","floor":5.0,"turns":1.0},{"damage":0.0,"enemies":"Gremlin Nob","floor":7.0,"turns":1.0},{"damage":7.0,"enemies":"Small Slimes","floor":10.0,"turns":3.0},{"damage":16.0,"enemies":"2 Fungi Beasts","floor":11.0,"turns":3.0},{"damage":5.0,"enemies":"Lagavulin","floor":12.0,"turns":5.0},{"damage":7.0,"enemies":"Exordium Wildlife","floor":13.0,"turns":5.0},{"damage":17.0,"enemies":"The Mushroom Lair","floor":14.0,"turns":4.0},{"damage":29.0,"enemies":"The Guardian","floor":16.0,"turns":8.0},{"damage":25.0,"enemies":"Spheric Guardian","floor":18.0,"turns":5.0},{"damage":13,"enemies":"3 Byrds","floor":20,"turns":3},{"damage":7,"enemies":"Snake Plant","floor":22,"turns":5},{"damage":24,"enemies":"Slavers","floor":23,"turns":1}],"seed_played":"-5684313558745148415","potions_obtained":[{"floor":1.0,"key":"SpeedPotion"},{"floor":7.0,"key":"DistilledChaos"},{"floor":12.0,"key":"DuplicationPotion"},{"floor":13.0,"key":"Poison Potion"},{"floor":18.0,"key":"EssenceOfSteel"}],"is_trial":false,"path_per_floor":["M","?","?","T","M","R","E","R","T","M","M","E","M","?","R","B",null,"M","$","M","$","M","E"],"character_chosen":"THE_SILENT","items_purchased":["Escape Plan"],"campfire_rested":1,"item_purchase_floors":[19],"current_hp_per_floor":[59,59,59,59,59,59,59,59,59,54,40,37,32,17,36,9,52,29,29,18,18,13,0,0],"gold":176,"neow_bonus":"THREE_ENEMY_KILL","is_daily":false,"chose_seed":false,"campfire_upgraded":2,"win_rate":0.0,"timestamp":1609215470,"path_taken":["M","?","?","?","M","R","E","R","T","M","M","E","M","?","R","BOSS","M","$","M","$","M","E"],"items_purchased_type":["Card"],"build_version":"2020-12-22","purchased_purges":2,"victory":false,"max_hp_per_floor":[66,66,66,66,66,66,66,66,66,66,66,66,66,66,66,66,66,66,66,66,66,66,66,66],"card_choices":[{"not_picked":["Deadly Poison","Blur"],"picked":"Bouncing Flask","floor":1.0},{"not_picked":["Distraction","Sucker Punch"],"picked":"Heel Hook","floor":5.0},{"not_picked":["Quick Slash","Tactician"],"picked":"Grand Finale","floor":7.0},{"not_picked":["Concentrate","Finisher"],"picked":"Dagger Throw","floor":10.0},{"not_picked":["Dash","Outmaneuver"],"picked":"Well Laid Plans","floor":11.0},{"not_picked":["Flechettes","Flying Knee","Expertise"],"picked":"SKIP","floor":12.0},{"not_picked":["All Out Attack","Deadly Poison"],"picked":"Quick Slash","floor":13.0},{"not_picked":["Deadly Poison","Deflect"],"picked":"Prepared","floor":15.0},{"not_picked":["Corpse Explosion","Night Terror"],"picked":"Tools of the Trade","floor":16.0},{"not_picked":["Outmaneuver","Predator"],"picked":"Prepared","floor":18.0},{"not_picked":["Slice","Underhanded Strike"],"picked":"Leg Sweep+1","floor":20},{"not_picked":["PiercingWail","Slice","Sucker Punch"],"picked":"SKIP","floor":22}],"player_experience":785083,"relics_obtained":[{"floor":4.0,"key":"Boot"},{"floor":7.0,"key":"Mercury Hourglass"},{"floor":9.0,"key":"Blood Vial"},{"floor":12.0,"key":"Dream Catcher"},{"floor":14.0,"key":"Odd Mushroom"}],"event_choices":[{"damage_healed":0.0,"max_hp_gain":0.0,"max_hp_loss":0.0,"gold_gain":0.0,"event_name":"Liars Game","player_choice":"Ignored","floor":2.0,"gold_loss":0.0,"damage_taken":0.0},{"cards_removed":["Strike_G"],"damage_healed":0.0,"max_hp_gain":0.0,"max_hp_loss":0.0,"gold_gain":0.0,"event_name":"Living Wall","player_choice":"Forget","floor":3.0,"gold_loss":0.0,"damage_taken":0.0},{"damage_healed":0.0,"max_hp_gain":0.0,"max_hp_loss":0.0,"gold_gain":0.0,"event_name":"Mushrooms","player_choice":"Fought Mushrooms","floor":14.0,"gold_loss":0.0,"damage_taken":0.0}],"is_beta":false,"boss_relics":[{"not_picked":["Ectoplasm","SacredBark"],"picked":"Black Star"}],"items_purged_floors":[19,21],"is_endless":false,"potions_floor_spawned":[1,7,12,13,18],"killed_by":"Slavers","ascension_level":20}}