{"host":"sav7uxregyirlf69","time":1609230279,"event":{"mods":["AchievementEnabler","BaseMod","Colored Map","DeckTracker","Keyboard Shortcuts","Minty Spire (QoL Compilation)","READ ME - Guardian Mod","StSLib","SuperFastMode"],"gold_per_floor":[111,36,55,102,113,113,125,125,125,50,50,76,91,102,102,179,179,195,195,212,228,242,276,92,92,141,41,91,0,15,25,25,103,103,118,132,151,161,175,210,210,210,282,282,282,300,300,315,315,315,315,315],"floor_reached":51,"playtime":1487,"items_purged":["Strike_G","Strike_G"],"score":1336,"play_id":"528219c9-e2e8-47aa-b8e9-63a5bd76886c","local_time":"20201229172439","is_ascension_mode":true,"campfire_choices":[{"data":"Terror","floor":6.0,"key":"SMITH"},{"data":"Blade Dance","floor":8.0,"key":"SMITH"},{"data":"Footwork","floor":15.0,"key":"SMITH"},{"data":"Accuracy","floor":25.0,"key":"SMITH"},{"data":"Tactician","floor":32,"key":"SMITH"},{"data":"Neutralize","floor":41,"key":"SMITH"},{"data":"Well Laid Plans","floor":45,"key":"SMITH"},{"data":"Flash of Steel","floor":49,"key":"SMITH"}],"circlet_count":0,"master_deck":["AscendersBane","Defend_G","Defend_G","Defend_G","Defend_G","Survivor","Neutralize+1","Dagger Throw","Blade Dance+1","Terror+1","Escape Plan","PiercingWail","Footwork+1","After Image","Tactician+1","Well Laid Plans+1","Noxious Fumes+1","Calculated Gamble+1","Backflip","Accuracy+1","Flash of Steel+1"],"relics":["Ring of the Snake","NeowsBlessing","Strawberry","Oddly Smooth Stone","Pen Nib","Empty Cage","Snake Skull","Vajra","Busted Crown","Bottled Lightning","Ornamental Fan"],"acts_visited":["Exordium","TheCity","TheBeyond"],"potions_floor_usage":[31,39,40,51,51],"damage_taken":[{"damage":0.0,"enemies":"Small Slimes","floor":1.0,"turns":1.0},{"damage":0.0,"enemies":"Jaw Worm","floor":3.0,"turns":1.0},{"damage":0.0,"enemies":"2 Louse","floor":5.0,"turns":1.0},{"damage":0.0,"enemies":"Looter","floor":7.0,"turns":3.0},{"damage":5.0,"enemies":"Exordium Thugs","floor":13.0,"turns":4.0},{"damage":0.0,"enemies":"2 Fungi Beasts","floor":14.0,"turns":3.0},{"damage":19.0,"enemies":"Hexaghost","floor":16.0,"turns":8.0},{"damage":10.0,"enemies":"Chosen","floor":18.0,"turns":6.0},{"damage":4.0,"enemies":"3 Byrds","floor":20.0,"turns":7.0},{"damage":20.0,"enemies":"Snake Plant","floor":21.0,"turns":7.0},{"damage":3.0,"enemies":"Snecko","floor":22.0,"turns":7.0},{"damage":8.0,"enemies":"Book of Stabbing","floor":23.0,"turns":7.0},{"damage":5.0,"enemies":"3 Cultists","floor":30.0,"turns":5.0},{"damage":0,"enemies":"Chosen and Byrds","floor":31,"turns":4},{"damage":3,"enemies":"Champ","floor":33,"turns":8},{"damage":0,"enemies":"Orb Walker","floor":35,"turns":4},{"damage":9,"enemies":"3 Shapes","floor":36,"turns":9},{"damage":5,"enemies":"3 Darklings","floor":37,"turns":5},{"damage":28,"enemies":"Spire Growth","floor":38,"turns":5},{"damage":0,"enemies":"Jaw Worm Horde","floor":39,"turns":4},{"damage":0,"enemies":"Giant Head","floor":40,"turns":7},{"damage":0,"enemies":"3 Darklings","floor":46,"turns":4},{"damage":0,"enemies":"Writhing Mass","floor":48,"turns":7},{"damage":12,"enemies":"Donu and Deca","floor":50,"turns":13},{"damage":54,"enemies":"Time Eater","floor":51,"turns":14}],"seed_played":"-4591226520956786973","potions_obtained":[{"floor":5.0,"key":"PowerPotion"},{"floor":7.0,"key":"SpeedPotion"},{"floor":20.0,"key":"Poison Potion"},{"floor":21.0,"key":"Ancient Potion"},{"floor":23.0,"key":"SpeedPotion"},{"floor":31,"key":"DistilledChaos"},{"floor":33,"key":"SteroidPotion"},{"floor":39,"key":"Weak Potion"},{"floor":46,"key":"ColorlessPotion"},{"floor":48,"key":"Dexterity Potion"}],"is_trial":false,"path_per_floor":["M","?","M","T","M","R","M","R","T","$","?","T","M","M","R","B",null,"M","?","M","M","M","E","$","R","T","$","?","?","M","M","R","B",null,"M","M","M","M","M","E","R","?","T","?","R","M","?","M","R","B","B"],"character_chosen":"THE_SILENT","items_purchased":["Accuracy","Flash of Steel"],"campfire_rested":0,"item_purchase_floors":[24,24],"current_hp_per_floor":[59,59,59,66,66,66,66,66,66,66,71,71,66,66,66,47,70,60,60,56,36,33,25,25,25,25,25,25,25,20,20,20,17,63,63,54,49,21,21,21,21,64,64,64,64,64,64,64,64,52,0,0],"gold":315,"neow_bonus":"THREE_ENEMY_KILL","is_daily":false,"chose_seed":false,"campfire_upgraded":8,"win_rate":0.0,"timestamp":1609230279,"path_taken":["M","?","M","?","M","R","M","R","T","$","?","?","?","M","R","BOSS","M","?","M","?","M","E","$","R","T","?","?","?","M","M","R","BOSS","M","M","M","M","M","E","R","?","T","?","R","M","?","?","R","BOSS","BOSS"],"items_purchased_type":["Card","Card"],"build_version":"2020-12-22","purchased_purges":2,"victory":false,"max_hp_per_floor":[66,66,66,73,73,73,73,73,73,73,78,78,78,78,78,78,78,78,78,78,78,78,78,78,78,78,78,78,78,78,78,78,78,78,78,78,78,78,78,78,78,64,64,64,64,64,64,64,64,64,64,64],"card_choices":[{"not_picked":["Sucker Punch","Calculated Gamble"],"picked":"Dagger Throw","floor":1.0},{"not_picked":["Heel Hook","Poisoned Stab"],"picked":"Blade Dance","floor":3.0},{"not_picked":["Underhanded Strike","Dodge and Roll"],"picked":"Terror","floor":5.0},{"not_picked":["Prepared","Deadly Poison"],"picked":"Escape Plan","floor":7.0},{"not_picked":["Deadly Poison","Poisoned Stab"],"picked":"PiercingWail","floor":13.0},{"not_picked":["Slice","Deadly Poison"],"picked":"Footwork","floor":14.0},{"not_picked":["Unload","Corpse Explosion"],"picked":"After Image","floor":16.0},{"not_picked":["Dagger Spray","Flying Knee"],"picked":"Tactician","floor":18.0},{"not_picked":["Deflect","Deadly Poison"],"picked":"Well Laid Plans","floor":20.0},{"not_picked":["All Out Attack+1","Underhanded Strike"],"picked":"Noxious Fumes","floor":21.0},{"not_picked":["Dash","Flying Knee"],"picked":"Calculated Gamble+1","floor":22.0},{"not_picked":["Cloak And Dagger","Quick Slash"],"picked":"Backflip","floor":23.0},{"not_picked":["Caltrops","All Out Attack","Catalyst"],"picked":"SKIP","floor":30.0},{"not_picked":["Well Laid Plans","Quick Slash","PiercingWail"],"picked":"SKIP","floor":31},{"not_picked":["Dagger Throw+1"],"picked":"SKIP","floor":35},{"not_picked":["Dagger Throw"],"picked":"SKIP","floor":36},{"not_picked":["Dash"],"picked":"SKIP","floor":37},{"not_picked":["Masterful Stab+1"],"picked":"SKIP","floor":38},{"not_picked":["Deadly Poison"],"picked":"SKIP","floor":39},{"not_picked":["Setup"],"picked":"SKIP","floor":40},{"not_picked":["Underhanded Strike"],"picked":"SKIP","floor":46},{"not_picked":["Distraction"],"picked":"SKIP","floor":48}],"player_experience":1045217,"relics_obtained":[{"floor":4.0,"key":"Strawberry"},{"floor":9.0,"key":"Oddly Smooth Stone"},{"floor":12.0,"key":"Pen Nib"},{"floor":23.0,"key":"Snake Skull"},{"floor":26.0,"key":"Vajra"},{"floor":40,"key":"Bottled Lightning"},{"floor":43,"key":"Ornamental Fan"}],"event_choices":[{"cards_removed":["Strike_G"],"damage_healed":0.0,"max_hp_gain":0.0,"max_hp_loss":0.0,"gold_gain":0.0,"event_name":"The Cleric","player_choice":"Card Removal","floor":2.0,"gold_loss":75.0,"damage_taken":0.0},{"damage_healed":0.0,"max_hp_gain":5.0,"max_hp_loss":0.0,"gold_gain":0.0,"event_name":"Big Fish","player_choice":"Donut","floor":11.0,"gold_loss":0.0,"damage_taken":0.0},{"cards_removed":["Strike_G"],"damage_healed":0.0,"max_hp_gain":0.0,"max_hp_loss":0.0,"gold_gain":0.0,"event_name":"Bonfire Elementals","player_choice":"Offered Basic","floor":19.0,"gold_loss":0.0,"damage_taken":0.0},{"damage_healed":0.0,"max_hp_gain":0.0,"max_hp_loss":0.0,"gold_gain":50.0,"event_name":"Nest","player_choice":"Stole From Cult","floor":28.0,"gold_loss":0.0,"damage_taken":0.0},{"damage_healed":0.0,"max_hp_gain":0.0,"max_hp_loss":0.0,"gold_gain":0.0,"event_name":"Masked Bandits","player_choice":"Paid Fearfully","floor":29.0,"gold_loss":91.0,"damage_taken":0.0},{"damage_healed":64,"gold_gain":0,"player_choice":"Heal","damage_taken":0,"max_hp_gain":0,"max_hp_loss":14,"event_name":"The Moai Head","floor":42,"gold_loss":0},{"damage_healed":0,"gold_gain":0,"player_choice":"Ignored","damage_taken":0,"max_hp_gain":0,"max_hp_loss":0,"event_name":"Mysterious Sphere","floor":44,"gold_loss":0},{"damage_healed":0,"gold_gain":0,"player_choice":"Forge","damage_taken":0,"max_hp_gain":0,"max_hp_loss":0,"event_name":"Accursed Blacksmith","floor":47,"gold_loss":0,"cards_upgraded":["Noxious Fumes"]}],"is_beta":false,"boss_relics":[{"not_picked":["Tiny House","Runic Dome"],"picked":"Empty Cage"},{"not_picked":["Black Star","Philosopher\u0027s Stone"],"picked":"Busted Crown"}],"items_purged_floors":[10,27],"is_endless":false,"potions_floor_spawned":[5,7,14,20,21,23,31,33,35,37,39,46,48],"killed_by":"Time Eater","ascension_level":20}}