{"host":"ff0k6g9g9j8o52vm","time":1609207939,"event":{"mods":["AchievementEnabler","Aspiration","Astrologer","BaseMod","Beaked The Cultist","Better Altar","Better Note","Better Sensory Stone","Better Skull","Better Third Choice","Colored Map","Colored Powertips","Curses Come First","Downfall","Duelist Mod","Energized Spire","GifTheSpireLib","Gremlin Mod","Hermit","Highlight Path","Hubris","Infinite Spire","Jorbs\u0027s Wanderer Trilogy","Koishi","Marisa????????","Minty Spire (QoL Compilation)","Quick Restart","Random Character Button","Replay The Spire","Robot Space Explorer","Shade Mod","Somnambulant","StSLib","The Animator","The Bug Knight","The Clintock","The Construct","The Cursed","The Disciple","The Dragon Tamer","The Forsaken","The Gatherer","The Hayseed","The Hierophant","The Judge","The Jungle","The Marked","The Mystic","The Necromancer","The Poker Player","The Runesmith","The Sage","The Saiyan","The Senshi","The Servant 0.9.4","The Wild Card","TheArtist","Wandering Minibosses","Yuri Mod","vexMod"],"gold_per_floor":[115,102,116,133,143,162,188,188,188,188,188,188,206,221,221,322,322,338,301,80,1,1,1],"floor_reached":22,"playtime":2984,"items_purged":["DTMod:Strike"],"score":190,"play_id":"596b417c-add0-4cb0-b452-1616a920dfc6","local_time":"20201228181219","is_ascension_mode":false,"metric_token":3859,"campfire_choices":[{"data":"DTMod:BurningForce","floor":8,"key":"SMITH"},{"floor":10,"key":"REST"},{"data":"DTMod:FlameSlash","floor":12,"key":"SMITH"},{"data":"DTMod:Training","floor":15,"key":"SMITH"}],"dtmod_dragon_data":[36,50,1,-1,12,0],"circlet_count":0,"master_deck":["DTMod:Strike","DTMod:Strike","DTMod:Strike","DTMod:DoubleHit","DTMod:TargetDefense","DTMod:TargetDefense","DTMod:TargetDefense","DTMod:TargetDefense","DTMod:SwitchingTactic","DTMod:Hide","DTMod:BalancedStrike","DTMod:FlameSlash+1","DTMod:DragonDance","DTMod:BlazingStrike","DTMod:BurningForce+1","DTMod:TauntingStrike","DTMod:Weaken","Specialist","DTMod:CleansingStrike","DTMod:Training+1","DTMod:FierySynthesis","DTMod:InvisibleFlame","DTMod:ResonanceForm","expansioncontent:LastStand"],"relics":["Centennial Puzzle","Replay:Fungal Core","Bag of Preparation"],"acts_visited":["Exordium","Exordium"],"potions_floor_usage":[2,7,7,16,16,22],"damage_taken":[{"damage":0,"enemies":"Cultist","floor":1,"turns":4},{"damage":0,"enemies":"Small Slimes","floor":2,"turns":6},{"damage":0,"enemies":"2 Louse","floor":3,"turns":2},{"damage":0,"enemies":"Lots of Slimes","floor":4,"turns":3},{"damage":0,"enemies":"Large Slime","floor":5,"turns":5},{"damage":0,"enemies":"Looter","floor":6,"turns":2},{"damage":10,"enemies":"3 Sentries","floor":7,"turns":7},{"damage":0,"enemies":"Blue Slaver","floor":13,"turns":2},{"damage":0,"enemies":"Lots of Slimes","floor":14,"turns":3},{"damage":4,"enemies":"Hexaghost","floor":16,"turns":8},{"damage":7,"enemies":"theJungle:MUSHROOMGANG","floor":18,"turns":3},{"damage":22,"enemies":"Shell Parasite","floor":19,"turns":6},{"damage":22,"enemies":"theJungle:JungleHuntersEncounter","floor":22,"turns":2}],"seed_played":"-1947120616840942181","potions_obtained":[{"floor":1,"key":"Weak Potion"},{"floor":3,"key":"hexamod:EctoCoolerPotion"},{"floor":5,"key":"Toxic Potion"},{"floor":7,"key":"LiquidMemories"},{"floor":14,"key":"Block Potion"},{"floor":19,"key":"Guardian:BlockOnCardUsePotion"}],"is_trial":false,"path_per_floor":["M","M","M","M","M","M","E","R","T","R","?","R","M","M","R","B",null,"M","M","$","?","M"],"character_chosen":"THE_DT","items_purchased":["expansioncontent:LastStand","champ:CounterPotion"],"campfire_rested":1,"item_purchase_floors":[20,20],"current_hp_per_floor":[49,49,49,49,49,49,39,39,39,49,49,49,49,49,49,45,49,42,20,20,20,0,0],"gold":1,"neow_bonus":"TEN_PERCENT_HP_BONUS","is_daily":false,"chose_seed":false,"campfire_upgraded":3,"win_rate":0.0,"timestamp":1609207939,"path_taken":["M","?","M","M","M","M","E","R","T","R","?","R","M","M","R","BOSS","M","M","$","?","M"],"items_purchased_type":["Card","Potion"],"build_version":"2020-12-22","purchased_purges":1,"victory":false,"max_hp_per_floor":[49,49,49,49,49,49,49,49,49,49,49,49,49,49,49,49,49,49,49,49,49,49,49],"card_choices":[{"not_picked":["DTMod:ComboAttack","DTMod:MagiciansMark"],"picked":"DTMod:Hide","floor":1},{"not_picked":["DTMod:MagicField","DTMod:MaximumCharge"],"picked":"DTMod:BalancedStrike","floor":2},{"not_picked":["DTMod:BalancedStrike","DTMod:Threaten"],"picked":"DTMod:FlameSlash","floor":3},{"not_picked":["DTMod:PurifyingFlame","DTMod:Weaken"],"picked":"DTMod:DragonDance","floor":4},{"not_picked":["DTMod:BreakAttack","DTMod:MasterPlan"],"picked":"DTMod:BlazingStrike","floor":5},{"not_picked":["DTMod:FlameSlash","DTMod:GhostSkin"],"picked":"DTMod:BurningForce","floor":6},{"not_picked":["DTMod:MaximumCharge","DTMod:StunTrap"],"picked":"DTMod:TauntingStrike","floor":7},{"not_picked":["DTMod:DeepFocus","DTMod:Conduct","DTMod:Astonish"],"picked":"DTMod:CleansingStrike","floor":13},{"not_picked":["DTMod:FlameSlash","DTMod:Adaptation","DTMod:CalculatedDefense"],"picked":"DTMod:Training","floor":14},{"not_picked":["DTMod:RepeatStrike","DTMod:ShadowImage","DTMod:Multitask"],"picked":"DTMod:FierySynthesis","floor":16},{"not_picked":["DTMod:BlazingStrike","DTMod:DeepFocus","DTMod:BizarreTactic"],"picked":"DTMod:InvisibleFlame","floor":18},{"not_picked":["DTMod:BurningEnergy","DTMod:Cover"],"picked":"DTMod:ResonanceForm","floor":19}],"player_experience":900426,"relics_obtained":[{"floor":7,"key":"Question Card"},{"floor":9,"key":"Centennial Puzzle"}],"event_choices":[{"damage_healed":0,"gold_gain":0,"player_choice":"2 cards matched","damage_taken":0,"max_hp_gain":0,"max_hp_loss":0,"event_name":"Match and Keep!","floor":11,"gold_loss":0,"cards_obtained":["DTMod:Weaken","Specialist"]},{"damage_healed":0,"gold_gain":0,"player_choice":"Paid Gold","damage_taken":0,"relics_obtained":["Bag of Preparation"],"max_hp_gain":0,"max_hp_loss":0,"event_name":"WeMeetAgain","floor":21,"gold_loss":79}],"is_beta":false,"boss_relics":[{"not_picked":["Sozu","aspiration:RunicSpoon"],"picked":"Replay:Fungal Core"}],"items_purged_floors":[20],"is_endless":false,"potions_floor_spawned":[1,3,5,7,14,19],"killed_by":"theJungle:JungleHuntersEncounter","ascension_level":0}}