{"host":"ao8ok4k25npyixk7","time":1609206785,"event":{"mods":["BaseMod","Colored Map","Minty Spire (QoL Compilation)"],"gold_per_floor":[111,130,149,169,183,183,210,210,210,210,210,210,84,99,99,99,99],"floor_reached":16,"playtime":687,"items_purged":["Strike_G"],"score":163,"play_id":"3b8a11ab-3ecb-48e5-a7ed-068041ede830","local_time":"20201229025305","is_ascension_mode":true,"campfire_choices":[{"data":"Glass Knife","floor":6,"key":"SMITH"},{"data":"Neutralize","floor":8,"key":"SMITH"},{"data":"Acrobatics","floor":10,"key":"SMITH"},{"data":"Deflect","floor":12,"key":"SMITH"},{"floor":15,"key":"REST"}],"circlet_count":0,"master_deck":["AscendersBane","Strike_G","Strike_G","Defend_G","Defend_G","Defend_G","Defend_G","Defend_G","Survivor","Neutralize+1","Glass Knife+1","Eviscerate","Predator","Acrobatics+1","Blur","Deflect+1","Tactician+1","Corpse Explosion","PiercingWail","Deadly Poison"],"relics":["Ring of the Snake","Thread and Needle","Bottled Lightning"],"acts_visited":["Exordium"],"potions_floor_usage":[7,7],"damage_taken":[{"damage":0,"enemies":"2 Louse","floor":1,"turns":3},{"damage":0,"enemies":"Cultist","floor":2,"turns":3},{"damage":0,"enemies":"Small Slimes","floor":3,"turns":4},{"damage":6,"enemies":"3 Louse","floor":4,"turns":3},{"damage":26,"enemies":"Exordium Wildlife","floor":5,"turns":11},{"damage":21,"enemies":"Lagavulin","floor":7,"turns":9},{"damage":0,"enemies":"Blue Slaver","floor":14,"turns":3},{"damage":29,"enemies":"Slime Boss","floor":16,"turns":5}],"seed_played":"9211218349952442296","potions_obtained":[{"floor":3,"key":"LiquidMemories"},{"floor":5,"key":"DistilledChaos"}],"is_trial":false,"path_per_floor":["M","M","M","M","M","R","E","R","T","R","?","R","$","M","R","B"],"character_chosen":"THE_SILENT","items_purchased":["PiercingWail"],"campfire_rested":1,"item_purchase_floors":[13],"current_hp_per_floor":[63,63,63,57,31,31,10,10,10,10,10,10,10,10,28,0,0],"gold":99,"neow_bonus":"TRANSFORM_TWO_CARDS","is_daily":false,"chose_seed":false,"campfire_upgraded":4,"win_rate":0.0,"timestamp":1609206785,"path_taken":["M","M","M","M","M","R","E","R","T","R","?","R","$","M","R","BOSS"],"items_purchased_type":["Card"],"build_version":"2020-12-22","purchased_purges":1,"victory":false,"max_hp_per_floor":[63,63,63,63,63,63,63,63,63,63,63,63,63,63,63,63,63],"card_choices":[{"not_picked":["Quick Slash","Slice"],"picked":"Predator","floor":1},{"not_picked":["Concentrate","Sucker Punch"],"picked":"Acrobatics","floor":2},{"not_picked":["Flying Knee","Underhanded Strike"],"picked":"Blur","floor":3},{"not_picked":["Deadly Poison","Blade Dance"],"picked":"Deflect","floor":4},{"not_picked":["Flying Knee","PiercingWail"],"picked":"Tactician","floor":5},{"not_picked":["Setup","Outmaneuver"],"picked":"Corpse Explosion","floor":7},{"not_picked":["Dagger Spray","Cloak And Dagger"],"picked":"Deadly Poison","floor":14}],"player_experience":229533,"relics_obtained":[{"floor":7,"key":"Thread and Needle"},{"floor":9,"key":"Bottled Lightning"}],"event_choices":[{"damage_healed":0,"gold_gain":0,"player_choice":"Upgraded","damage_taken":0,"max_hp_gain":0,"max_hp_loss":0,"event_name":"Upgrade Shrine","floor":11,"gold_loss":0,"cards_upgraded":["Tactician"]}],"is_beta":false,"boss_relics":[],"items_purged_floors":[13],"is_endless":false,"potions_floor_spawned":[3,5],"killed_by":"Slime Boss","ascension_level":12}}