{"host":"y76clbnovzmw9ubx","time":1609260471,"event":{"mods":["AchievementEnabler","BaseMod","Minty Spire (QoL Compilation)","Permanent Neow","Relic Stats"],"gold_per_floor":[110,80,93,105,105,134,152,152,152,152,152,165,198,215,215,293,293,306,506,525,72,91,91,101,127,127,157,157,169,203,203,203],"floor_reached":31,"playtime":1717,"items_purged":["Strike_G"],"score":614,"play_id":"3f0d3139-a251-417d-9f57-9ac5ddf6dde3","local_time":"20201229114751","is_ascension_mode":true,"campfire_choices":[{"floor":8.0,"key":"REST"},{"floor":10.0,"key":"REST"},{"data":"Envenom","floor":15.0,"key":"SMITH"},{"floor":23.0,"key":"REST"},{"floor":28,"key":"REST"}],"circlet_count":0,"master_deck":["AscendersBane","Strike_G","Strike_G","Strike_G+1","Strike_G","Defend_G","Defend_G+1","Defend_G+1","Defend_G","Defend_G","Survivor","Neutralize+1","Bouncing Flask","Cloak And Dagger","Poisoned Stab+1","Sucker Punch","Envenom+1","Cloak And Dagger","Burst","Crippling Poison","PiercingWail","Apotheosis","Finisher","Noxious Fumes","Cloak And Dagger","Leg Sweep","Dodge and Roll"],"relics":["Ring of the Snake","Whetstone","Regal Pillow","Paper Crane","SlaversCollar","PreservedInsect","WingedGreaves","Bottled Lightning","Potion Belt","Frozen Egg 2"],"acts_visited":["Exordium","TheCity"],"potions_floor_usage":[27,27,31,31],"damage_taken":[{"damage":18.0,"enemies":"Jaw Worm","floor":1.0,"turns":6.0},{"damage":0.0,"enemies":"Cultist","floor":3.0,"turns":4.0},{"damage":0.0,"enemies":"2 Louse","floor":4.0,"turns":4.0},{"damage":9.0,"enemies":"Lagavulin","floor":6.0,"turns":6.0},{"damage":3.0,"enemies":"Large Slime","floor":7.0,"turns":9.0},{"damage":0.0,"enemies":"2 Fungi Beasts","floor":12.0,"turns":3.0},{"damage":18.0,"enemies":"Gremlin Nob","floor":13.0,"turns":4.0},{"damage":3.0,"enemies":"Red Slaver","floor":14.0,"turns":3.0},{"damage":11.0,"enemies":"Hexaghost","floor":16.0,"turns":9.0},{"damage":16.0,"enemies":"Chosen","floor":18.0,"turns":6.0},{"damage":29.0,"enemies":"Shell Parasite","floor":20.0,"turns":8.0},{"damage":6.0,"enemies":"Centurion and Healer","floor":22.0,"turns":9.0},{"damage":35.0,"enemies":"Chosen and Byrds","floor":24.0,"turns":8.0},{"damage":3.0,"enemies":"Slavers","floor":25.0,"turns":5.0},{"damage":1,"enemies":"Gremlin Leader","floor":27,"turns":4},{"damage":14,"enemies":"Snake Plant","floor":29,"turns":5},{"damage":13,"enemies":"Book of Stabbing","floor":30,"turns":6},{"damage":44,"enemies":"Snecko","floor":31,"turns":9}],"seed_played":"7673116225339899373","potions_obtained":[{"floor":2.0,"key":"PowerPotion"},{"floor":2.0,"key":"GhostInAJar"},{"floor":6.0,"key":"FearPotion"},{"floor":12.0,"key":"LiquidMemories"},{"floor":14.0,"key":"Fruit Juice"},{"floor":18.0,"key":"SneckoOil"},{"floor":20.0,"key":"PowerPotion"},{"floor":24.0,"key":"PowerPotion"},{"floor":25.0,"key":"AttackPotion"},{"floor":27,"key":"SpeedPotion"},{"floor":30,"key":"ColorlessPotion"}],"is_trial":false,"path_per_floor":["M","?","M","M","?","E","M","R","T","R","?","M","E","M","R","B",null,"M","?","M","$","M","R","M","E","T","E","R","M","E","M"],"character_chosen":"THE_SILENT","items_purchased":["PreservedInsect","Apotheosis","Finisher"],"campfire_rested":4,"item_purchase_floors":[21,21,21],"current_hp_per_floor":[41,41,41,41,21,12,9,28,28,62,67,67,49,46,46,35,62,51,51,22,22,16,53,18,15,15,14,51,37,24,0,0],"gold":203,"neow_bonus":"UPGRADE_CARD","is_daily":false,"chose_seed":false,"campfire_upgraded":1,"win_rate":0.0,"timestamp":1609260471,"path_taken":["M","?","?","M","?","E","M","R","T","R","?","M","E","M","R","BOSS","M","?","?","$","M","R","M","E","T","E","R","M","E","M"],"items_purchased_type":["Relic","Card","Card"],"build_version":"2020-12-22","purchased_purges":1,"victory":false,"max_hp_per_floor":[66,66,66,66,66,66,66,66,66,66,71,71,71,71,71,71,71,76,76,76,76,76,76,76,76,76,76,76,76,76,76,76],"relic_stats":{"Regal Pillow":45,"counters":[18,108],"PreservedInsect":133,"Whetstone":["Poisoned Stab","Strike_G"],"obtain_stats":[{"Potion Belt":27,"SlaversCollar":17,"Regal Pillow":9,"PreservedInsect":21,"WingedGreaves":25,"Whetstone":6,"Bottled Lightning":26,"Paper Crane":13,"Frozen Egg 2":30,"Ring of the Snake":0},{"Potion Belt":15,"SlaversCollar":9,"Regal Pillow":5,"PreservedInsect":11,"WingedGreaves":14,"Whetstone":4,"Bottled Lightning":14,"Paper Crane":7,"Frozen Egg 2":17,"Ring of the Snake":0},{"Potion Belt":88,"SlaversCollar":48,"Regal Pillow":29,"PreservedInsect":62,"WingedGreaves":84,"Whetstone":20,"Bottled Lightning":84,"Paper Crane":36,"Frozen Egg 2":99,"Ring of the Snake":0}],"Ring of the Snake":[36]},"card_choices":[{"not_picked":["Slice","Acrobatics"],"picked":"Bouncing Flask","floor":1.0},{"not_picked":["Outmaneuver","Reflex"],"picked":"Cloak And Dagger","floor":3.0},{"not_picked":["PiercingWail","Flechettes"],"picked":"Poisoned Stab","floor":4.0},{"not_picked":["Heel Hook","Tactician"],"picked":"Sucker Punch","floor":6.0},{"not_picked":["Terror","Underhanded Strike","Bane"],"picked":"SKIP","floor":7.0},{"not_picked":["Poisoned Stab","Accuracy","Sucker Punch"],"picked":"SKIP","floor":12.0},{"not_picked":["Blur","Slice"],"picked":"Envenom","floor":13.0},{"not_picked":["Backstab","Outmaneuver"],"picked":"Cloak And Dagger","floor":14.0},{"not_picked":["Phantasmal Killer","Envenom"],"picked":"Burst","floor":16.0},{"not_picked":["Riddle With Holes","Underhanded Strike"],"picked":"Crippling Poison","floor":18.0},{"not_picked":["Deflect","Caltrops"],"picked":"PiercingWail","floor":20.0},{"not_picked":["Acrobatics+1","Riddle With Holes+1"],"picked":"Noxious Fumes","floor":22.0},{"not_picked":["Storm of Steel","Flying Knee","Flechettes"],"picked":"SKIP","floor":24.0},{"not_picked":["Poisoned Stab","Terror","Masterful Stab"],"picked":"SKIP","floor":25.0},{"not_picked":["Quick Slash","Prepared"],"picked":"Cloak And Dagger","floor":27},{"not_picked":["Blade Dance","Deflect+1"],"picked":"Leg Sweep","floor":29},{"not_picked":["Riddle With Holes","Expertise"],"picked":"Dodge and Roll","floor":30}],"player_experience":3011398,"relics_obtained":[{"floor":6.0,"key":"Whetstone"},{"floor":9.0,"key":"Regal Pillow"},{"floor":13.0,"key":"Paper Crane"},{"floor":25.0,"key":"WingedGreaves"},{"floor":26.0,"key":"Bottled Lightning"},{"floor":27,"key":"Potion Belt"},{"floor":30,"key":"Frozen Egg 2"}],"event_choices":[{"damage_healed":0.0,"max_hp_gain":0.0,"max_hp_loss":0.0,"gold_gain":0.0,"event_name":"The Woman in Blue","player_choice":"Bought 2 Potions","floor":2.0,"gold_loss":0.0,"damage_taken":0.0},{"damage_healed":0.0,"max_hp_gain":0.0,"max_hp_loss":0.0,"gold_gain":0.0,"event_name":"Shining Light","player_choice":"Entered Light","floor":5.0,"gold_loss":0.0,"damage_taken":20.0,"cards_upgraded":["Defend_G","Defend_G"]},{"damage_healed":0.0,"max_hp_gain":5.0,"max_hp_loss":0.0,"gold_gain":0.0,"event_name":"Big Fish","player_choice":"Donut","floor":11.0,"gold_loss":0.0,"damage_taken":0.0},{"damage_healed":0.0,"max_hp_gain":0.0,"max_hp_loss":0.0,"gold_gain":250.0,"event_name":"The Joust","player_choice":"Bet on Owner","floor":19.0,"gold_loss":50.0,"damage_taken":0.0}],"is_beta":false,"boss_relics":[{"not_picked":["Black Star","SacredBark"],"picked":"SlaversCollar"}],"items_purged_floors":[21],"is_endless":false,"potions_floor_spawned":[3,6,12,14,18,20,24,25,27,30],"killed_by":"Snecko","ascension_level":20}}