{"host":"cjhtzh7tp54jdfyv","time":1609210062,"event":{"mods":["AchievementEnabler","BaseMod","Colored Map","Colored Powertips","Curses Come First","DeckTracker","Filter the Spire","Hermit","Minty Spire (QoL Compilation)","RNG Fix","Relic Sorter","Relic Stats","StSLib","The Cursed","The Disciple","The Marked","UnlockEverythingMod","Waifu the Spire","ojb\u0027s Better Paths Mod","ojb\u0027s Info Mod"],"gold_per_floor":[363,49,61,78,90,119,119,133,133,133,158,186,198,233,233,309,309,329,342,342,342,352,383,383,410,437,470,470,500,519,530,530,604,604,616,616,116,126,143,174,174,210,269,287,287,287,287],"floor_reached":46,"playtime":4018,"items_purged":["Normality"],"score":1364,"play_id":"2d9020fb-173e-4f3a-a5b9-7fe5a57613f4","local_time":"20201228214742","is_ascension_mode":true,"campfire_choices":[{"data":"TheCursedMod:CursedStaff","floor":7.0,"key":"SMITH"},{"data":"TheCursedMod:SpitefulStrike","floor":15.0,"key":"SMITH"},{"data":"TheCursedMod:AbyssShockwave","floor":24.0,"key":"SMITH"},{"floor":32.0,"key":"REST"},{"data":"TheCursedMod:SpitefulPlan","floor":41.0,"key":"SMITH"}],"circlet_count":0,"master_deck":["AscendersBane","TheCursedMod:Strike_TheCursed","TheCursedMod:Strike_TheCursed","TheCursedMod:Strike_TheCursed","TheCursedMod:Strike_TheCursed","TheCursedMod:Defend_TheCursed","TheCursedMod:Defend_TheCursed+1","TheCursedMod:Defend_TheCursed","TheCursedMod:Defend_TheCursed+1","TheCursedMod:CursedWand","TheCursedMod:CleanUpWorkshop","TheCursedMod:Stigma","TheCursedMod:CursedStaff+1","TheCursedMod:TacticalStrike","TheCursedMod:FuryStrike","TheCursedMod:Wield","TheCursedMod:SoulReap","TheCursedMod:FuryStrike","TheCursedMod:StunningStrike","TheCursedMod:SpitefulStrike+1","TheCursedMod:BloodBarrier","TheCursedMod:SoulReap","TheCursedMod:CursedBlade+1","TheCursedMod:ManaCirculation","TheCursedMod:SurpriseAttack","TheCursedMod:FuryStrike","TheCursedMod:AbyssShockwave+1","TheCursedMod:BloodBarrier","TheCursedMod:TacticalStrike","TheCursedMod:NeowsMight","TheCursedMod:Obscuration","TheCursedMod:SmokeScreen","TheCursedMod:DemonicPact","CurseOfTheBell","TheCursedMod:Neurasthenia","TheCursedMod:LuckyCharm","TheCursedMod:LuckyCharm","Apotheosis","TheCursedMod:CursedSpellbook","TheCursedMod:SpitefulPlan+1","TheCursedMod:CursedSpellbook+1"],"relics":["TheCursedMod:BlackMagic101","Nunchaku","ClockworkSouvenir","Oddly Smooth Stone","War Paint","Tiny Chest","Odd Mushroom","Eternal Feather","Ancient Tea Set","Cursed Key","Pear","Bronze Scales","White Beast Statue","Calling Bell","Bag of Marbles","Singing Bowl","Shovel","Lizard Tail","DollysMirror","CeramicFish","Potion Belt","Pen Nib"],"acts_visited":["Exordium","TheCity","TheBeyond"],"potions_floor_usage":[46],"damage_taken":[{"damage":0.0,"enemies":"2 Louse","floor":1.0,"turns":3.0},{"damage":0.0,"enemies":"Small Slimes","floor":3.0,"turns":3.0},{"damage":0.0,"enemies":"Cultist","floor":4.0,"turns":3.0},{"damage":3.0,"enemies":"Blue Slaver","floor":5.0,"turns":4.0},{"damage":29.0,"enemies":"3 Sentries","floor":6.0,"turns":14.0},{"damage":2.0,"enemies":"Large Slime","floor":8.0,"turns":4.0},{"damage":0.0,"enemies":"The Mushroom Lair","floor":11.0,"turns":4.0},{"damage":28.0,"enemies":"Lagavulin","floor":12.0,"turns":5.0},{"damage":0.0,"enemies":"2 Fungi Beasts","floor":13.0,"turns":2.0},{"damage":0.0,"enemies":"Gremlin Nob","floor":14.0,"turns":2.0},{"damage":0.0,"enemies":"Slime Boss","floor":16.0,"turns":4.0},{"damage":12.0,"enemies":"Shell Parasite","floor":18.0,"turns":3.0},{"damage":10.0,"enemies":"3 Byrds","floor":19.0,"turns":6.0},{"damage":4.0,"enemies":"Centurion and Healer","floor":22.0,"turns":4.0},{"damage":18.0,"enemies":"Gremlin Leader","floor":23.0,"turns":5.0},{"damage":36.0,"enemies":"Book of Stabbing","floor":25.0,"turns":4.0},{"damage":21.0,"enemies":"Slavers","floor":27.0,"turns":2.0},{"damage":0.0,"enemies":"Snake Plant","floor":28.0,"turns":1.0},{"damage":12.0,"enemies":"Gremlin Leader","floor":29.0,"turns":5.0},{"damage":6.0,"enemies":"3 Cultists","floor":30.0,"turns":3.0},{"damage":0.0,"enemies":"Snecko","floor":31.0,"turns":3.0},{"damage":58.0,"enemies":"Automaton","floor":33.0,"turns":9.0},{"damage":27.0,"enemies":"3 Darklings","floor":35.0,"turns":8.0},{"damage":14.0,"enemies":"3 Shapes","floor":38.0,"turns":2.0},{"damage":19.0,"enemies":"Writhing Mass","floor":39.0,"turns":7.0},{"damage":54.0,"enemies":"Reptomancer","floor":40.0,"turns":7.0},{"damage":18.0,"enemies":"Nemesis","floor":42.0,"turns":8.0},{"damage":8.0,"enemies":"3 Darklings","floor":44.0,"turns":4.0},{"damage":57,"enemies":"Reptomancer","floor":46,"turns":3}],"seed_played":"-2033914578595300408","potions_obtained":[{"floor":4.0,"key":"CultistPotion"},{"floor":8.0,"key":"Strength Potion"},{"floor":12.0,"key":"Swift Potion"},{"floor":13.0,"key":"DistilledChaos"},{"floor":22.0,"key":"PowerPotion"},{"floor":25.0,"key":"Swift Potion"},{"floor":27.0,"key":"SmokeBomb"},{"floor":29.0,"key":"Swift Potion"},{"floor":30.0,"key":"Swift Potion"},{"floor":31.0,"key":"Weak Potion"},{"floor":33.0,"key":"Fire Potion"},{"floor":35.0,"key":"LiquidBronze"},{"floor":38.0,"key":"LiquidMemories"},{"floor":39.0,"key":"Strength Potion"},{"floor":40.0,"key":"SpeedPotion"},{"floor":42.0,"key":"FearPotion"},{"floor":44.0,"key":"Block Potion"}],"is_trial":false,"path_per_floor":["M","$","M","M","M","E","R","M","T","?","?","E","M","E","R","B",null,"M","M","?","?","M","E","R","E","T","E","M","E","M","M","R","B",null,"M","T","$","M","M","E","R","E","T","M","?","E"],"character_chosen":"THE_CURSED","items_purchased":["ClockworkSouvenir","TheCursedMod:CursedStaff","TheCursedMod:TacticalStrike","AttackPotion","TheCursedMod:LuckyCharm","DollysMirror","Apotheosis"],"campfire_rested":1,"item_purchase_floors":[2,2,2,2,37,37,37],"current_hp_per_floor":[64,64,64,64,61,50,50,53,53,35,39,11,16,26,38,48,60,57,49,49,49,55,56,71,43,43,27,27,20,19,19,59,6,57,42,42,42,28,11,28,52,41,41,41,41,0,0],"gold":287,"neow_bonus":"TWO_FIFTY_GOLD","is_daily":false,"chose_seed":false,"campfire_upgraded":4,"win_rate":0.0,"timestamp":1609210062,"path_taken":["M","$","M","M","M","E","R","M","T","?","?","E","M","E","R","BOSS","M","M","?","?","M","E","R","E","T","E","M","E","M","M","R","BOSS","M","?","$","M","M","E","R","E","T","M","?","E"],"items_purchased_type":["Relic","Card","Card","Potion","Card","Relic","Card"],"build_version":"2020-12-22","purchased_purges":1,"victory":false,"max_hp_per_floor":[64,64,64,64,64,64,64,64,64,64,64,64,64,64,64,64,64,64,64,64,64,64,74,74,74,74,74,74,74,74,74,74,74,74,74,74,74,74,74,76,76,76,76,78,78,78,78],"relic_stats":{"Singing Bowl":4,"counters":[29,132],"CeramicFish":18,"Eternal Feather":69,"Pen Nib":[2],"War Paint":["TheCursedMod:Defend_TheCursed","TheCursedMod:Defend_TheCursed"],"Cursed Key":3,"Nunchaku":[18],"Lizard Tail":37,"Shovel":0,"Bronze Scales":[143],"Tiny Chest":1,"obtain_stats":[{"Potion Belt":42,"TheCursedMod:BlackMagic101":0,"Pear":23,"Singing Bowl":34,"CeramicFish":40,"Oddly Smooth Stone":6,"Eternal Feather":12,"Pen Nib":43,"War Paint":9,"Odd Mushroom":11,"Ancient Tea Set":14,"Cursed Key":17,"White Beast Statue":29,"ClockworkSouvenir":2,"Calling Bell":34,"Nunchaku":25,"Lizard Tail":36,"Shovel":34,"DollysMirror":37,"Bronze Scales":27,"Tiny Chest":10,"Bag of Marbles":34},{"Potion Belt":27,"TheCursedMod:BlackMagic101":0,"Pear":15,"Singing Bowl":22,"CeramicFish":26,"Oddly Smooth Stone":5,"Eternal Feather":8,"Pen Nib":27,"War Paint":6,"Odd Mushroom":7,"Ancient Tea Set":10,"Cursed Key":11,"White Beast Statue":19,"ClockworkSouvenir":1,"Calling Bell":22,"Nunchaku":16,"Lizard Tail":23,"Shovel":22,"DollysMirror":23,"Bronze Scales":17,"Tiny Chest":6,"Bag of Marbles":22},{"Potion Belt":125,"TheCursedMod:BlackMagic101":0,"Pear":66,"Singing Bowl":93,"CeramicFish":117,"Oddly Smooth Stone":27,"Eternal Feather":40,"Pen Nib":125,"War Paint":31,"Odd Mushroom":35,"Ancient Tea Set":44,"Cursed Key":48,"White Beast Statue":78,"ClockworkSouvenir":3,"Calling Bell":93,"Nunchaku":70,"Lizard Tail":101,"Shovel":93,"DollysMirror":101,"Bronze Scales":72,"Tiny Chest":31,"Bag of Marbles":93}]},"card_choices":[{"not_picked":["TheCursedMod:PrepareRite","TheCursedMod:ReleasedKnowledge"],"picked":"TheCursedMod:Stigma","floor":1.0},{"not_picked":["TheCursedMod:SmokeScreen","TheCursedMod:Obscuration"],"picked":"TheCursedMod:FuryStrike","floor":3.0},{"not_picked":["TheCursedMod:FleshFromBone","TheCursedMod:CursedMace"],"picked":"TheCursedMod:Wield","floor":4.0},{"not_picked":["TheCursedMod:SurpriseAttack","TheCursedMod:VitalStrike"],"picked":"TheCursedMod:SoulReap","floor":5.0},{"not_picked":["TheCursedMod:Stretching","TheCursedMod:TroublousMinions"],"picked":"TheCursedMod:FuryStrike","floor":6.0},{"not_picked":["TheCursedMod:ReleasedKnowledge","TheCursedMod:BloodBarrier"],"picked":"TheCursedMod:StunningStrike","floor":8.0},{"not_picked":["TheCursedMod:TacticalStrike","TheCursedMod:SmokeScreen"],"picked":"TheCursedMod:SpitefulStrike","floor":11.0},{"not_picked":["TheCursedMod:SpitefulPray","TheCursedMod:CircleOfBlood"],"picked":"TheCursedMod:BloodBarrier","floor":12.0},{"not_picked":["TheCursedMod:CursedShiv","TheCursedMod:CursedAmulet"],"picked":"TheCursedMod:SoulReap","floor":13.0},{"not_picked":["TheCursedMod:SurpriseAttack","TheCursedMod:Grudge"],"picked":"TheCursedMod:CursedBlade","floor":14.0},{"not_picked":["TheCursedMod:ParallelWorld","TheCursedMod:ShockAndAwe"],"picked":"TheCursedMod:ManaCirculation","floor":16.0},{"not_picked":["TheCursedMod:TacticalStrike","TheCursedMod:Stigma"],"picked":"TheCursedMod:SurpriseAttack","floor":18.0},{"not_picked":["TheCursedMod:VitalStrike","TheCursedMod:Obscuration"],"picked":"TheCursedMod:FuryStrike","floor":19.0},{"not_picked":["TheCursedMod:CursedShiv","TheCursedMod:FuryStrike"],"picked":"TheCursedMod:AbyssShockwave","floor":22.0},{"not_picked":["TheCursedMod:Torture","TheCursedMod:SpitefulPray"],"picked":"TheCursedMod:BloodBarrier","floor":23.0},{"not_picked":["TheCursedMod:Mangle","TheCursedMod:CursedMace"],"picked":"TheCursedMod:TacticalStrike","floor":25.0},{"not_picked":["TheCursedMod:Mangle","TheCursedMod:CursedAmulet","TheCursedMod:ReleasedKnowledge"],"picked":"SKIP","floor":27.0},{"not_picked":["TheCursedMod:SmokeScreen","TheCursedMod:VitalStrike"],"picked":"TheCursedMod:NeowsMight","floor":29.0},{"not_picked":["TheCursedMod:CursedMace","TheCursedMod:RavingStaff"],"picked":"TheCursedMod:Obscuration","floor":30.0},{"not_picked":["TheCursedMod:WearCloak","TheCursedMod:RavingStaff"],"picked":"TheCursedMod:SmokeScreen","floor":31.0},{"not_picked":["TheCursedMod:VoidForm","TheCursedMod:CursedRelics"],"picked":"TheCursedMod:DemonicPact","floor":33.0},{"not_picked":["TheCursedMod:CursedSpellbook","TheCursedMod:CursedAmulet"],"picked":"TheCursedMod:Neurasthenia","floor":35.0},{"not_picked":["TheCursedMod:CursedMace","TheCursedMod:Stretching"],"picked":"TheCursedMod:CursedSpellbook","floor":38.0},{"not_picked":["TheCursedMod:CircleOfFlame","TheCursedMod:CursedMace"],"picked":"TheCursedMod:SpitefulPlan","floor":39.0},{"not_picked":["TheCursedMod:RavingStaff+1","TheCursedMod:ReleasedKnowledge","TheCursedMod:TacticalStrike+1"],"picked":"Singing Bowl","floor":40.0},{"not_picked":["TheCursedMod:RapidMovement","TheCursedMod:StingEye"],"picked":"TheCursedMod:CursedSpellbook+1","floor":42.0},{"not_picked":["TheCursedMod:SoulCrush","TheCursedMod:SpreadPlague+1","TheCursedMod:WearCloak+1"],"picked":"Singing Bowl","floor":44.0}],"player_experience":4493599,"relics_obtained":[{"floor":6.0,"key":"Oddly Smooth Stone"},{"floor":9.0,"key":"War Paint"},{"floor":11.0,"key":"Odd Mushroom"},{"floor":12.0,"key":"Eternal Feather"},{"floor":14.0,"key":"Ancient Tea Set"},{"floor":23.0,"key":"Pear"},{"floor":25.0,"key":"Nunchaku"},{"floor":27.0,"key":"Bronze Scales"},{"floor":29.0,"key":"White Beast Statue"},{"floor":34.0,"key":"Bag of Marbles"},{"floor":34.0,"key":"Singing Bowl"},{"floor":34.0,"key":"Shovel"},{"floor":36.0,"key":"Lizard Tail"},{"floor":40.0,"key":"CeramicFish"},{"floor":42.0,"key":"Potion Belt"},{"floor":43.0,"key":"Pen Nib"}],"event_choices":[{"damage_healed":0.0,"max_hp_gain":0.0,"max_hp_loss":0.0,"gold_gain":0.0,"event_name":"Scrap Ooze","player_choice":"Success","floor":10.0,"gold_loss":0.0,"damage_taken":18.0,"relics_obtained":["Tiny Chest"]},{"damage_healed":0.0,"max_hp_gain":0.0,"max_hp_loss":0.0,"gold_gain":0.0,"event_name":"Mushrooms","player_choice":"Fought Mushrooms","floor":11.0,"gold_loss":0.0,"damage_taken":0.0},{"damage_healed":0.0,"max_hp_gain":0.0,"max_hp_loss":0.0,"gold_gain":0.0,"event_name":"Vampires","player_choice":"Ignored","floor":20.0,"gold_loss":0.0,"damage_taken":0.0},{"damage_healed":0.0,"max_hp_gain":0.0,"max_hp_loss":0.0,"gold_gain":0.0,"event_name":"Upgrade Shrine","player_choice":"Upgraded","floor":21.0,"gold_loss":0.0,"damage_taken":0.0,"cards_upgraded":["TheCursedMod:CursedBlade"]},{"cards_removed":["Normality","Decay","TheCursedMod:Dregs"],"damage_healed":0.0,"max_hp_gain":0.0,"max_hp_loss":0.0,"gold_gain":0.0,"event_name":"Fountain of Cleansing","player_choice":"Removed Curses","floor":45.0,"gold_loss":0.0,"damage_taken":0.0}],"is_beta":false,"boss_relics":[{"not_picked":["Runic Dome","Black Star"],"picked":"Cursed Key"},{"not_picked":["Empty Cage","Runic Pyramid"],"picked":"Calling Bell"}],"items_purged_floors":[37],"is_endless":false,"potions_floor_spawned":[4,8,12,13,14,22,25,27,28,29,30,31,33,35,38,39,40,42,44],"killed_by":"Reptomancer","ascension_level":20}}