{"host":"qnxnem68q7ulahas","time":1609271760,"event":{"mods":["ATMod(阿瑾Mod)","Act Like it!","BaseMod","Challenge The Spire","Decade(王小明)","GungeonMod","Highlight Path","Minty Spire (QoL Compilation)","Replay The Spire","RumiaBox-露米娅的神秘盒子","SOS（斯巴达之子）","Spicy Shops","StSLib","[IsaacMod]以撒尖塔","【功能Mod】混沌之环修复补丁","【遗物卡牌】REMEMod"],"gold_per_floor":[117,117,35,83,233,233,288,305,305,327,327,508,258,290,290,393,393,323,323,372,247,164,164,143,143,143,199,233,270,270,356,356,433,433,509,617,129,129,29,29,29,29,29],"floor_reached":42,"playtime":1665,"items_purged":["Defend_Dante","Shoot","Doubt","Defend_Dante","Lucifer","Defend_Dante","Hightime","Blueorb+1"],"score":1597,"play_id":"289e0daa-df2e-4e80-be58-338d342d269b","local_time":"20201230035600","is_ascension_mode":true,"campfire_choices":[{"data":"Attack_b","floor":6.0,"key":"SMITH"},{"data":"Royaldefend","floor":15.0,"key":"SMITH"},{"data":"Dash2","floor":23.0,"key":"SMITH"},{"data":"Blueorb","floor":30,"key":"SMITH"},{"data":"Hightime","floor":32,"key":"SMITH"},{"data":"Gilgamesh","floor":41,"key":"SMITH"}],"circlet_count":0,"master_deck":["AscendersBane","Attack_a","Attack_a","Attack_b+1","Provocation+1","Redorb","Feed","Gilgamesh+1","Royaldefend+1","Enemystep","Dash2+1","Hightime+1","Unrisingdragon","Demonreform","Bomb"],"relics":["SSS","Combocheck","HushsDoor","REME_ComplimentaryCards","AT_ATBox","D6","DemoMod:LamentConfigurum","Dream Catcher","AT_SunfireAegis","Sozu","Damocles","Regal Pillow","TheBean","DemoMod:DecoyRelic","DemoMod:ClearGuonStone","Omamori","Orichalcum","Bag of Preparation","MagicDraw1","AT_MibuBalloonWealth","REME_HourglassOfDeath","MoreBug","DemoMod:GlassGuonStoneRelic","AT_TrinityForce","DemoMod:Metronome","AT_BladeRuinedKing","Membership Card","PreservedInsect"],"acts_visited":["Exordium","TheCity","TheBeyond"],"potions_floor_usage":[],"damage_taken":[{"damage":10.0,"enemies":"2 Louse","floor":1.0,"turns":3.0},{"damage":0.0,"enemies":"Cultist","floor":4.0,"turns":2.0},{"damage":49.0,"enemies":"Lagavulin","floor":7.0,"turns":11.0},{"damage":1.0,"enemies":"Jaw Worm","floor":8.0,"turns":3.0},{"damage":19.0,"enemies":"Exordium Wildlife","floor":10.0,"turns":5.0},{"damage":0.0,"enemies":"Red Slaver","floor":14.0,"turns":3.0},{"damage":0.0,"enemies":"The Guardian","floor":16.0,"turns":6.0},{"damage":6.0,"enemies":"Spheric Guardian","floor":18.0,"turns":5.0},{"damage":8.0,"enemies":"Chosen","floor":20.0,"turns":4.0},{"damage":14.0,"enemies":"Snake Plant","floor":22.0,"turns":3.0},{"damage":0,"enemies":"Gremlin Leader","floor":24,"turns":4},{"damage":0,"enemies":"REME_1_Revenger","floor":27,"turns":2},{"damage":0,"enemies":"Centurion and Healer","floor":28,"turns":2},{"damage":0,"enemies":"3 Cultists","floor":29,"turns":3},{"damage":7,"enemies":"Snecko","floor":31,"turns":3},{"damage":1,"enemies":"Pondfish","floor":33,"turns":5},{"damage":0,"enemies":"Orb Walker","floor":35,"turns":2},{"damage":0,"enemies":"3 Shapes","floor":36,"turns":1},{"damage":2,"enemies":"Maw","floor":42,"turns":3}],"seed_played":"-6738016781593487963","potions_obtained":[{"floor":4.0,"key":"EssenceOfSteel"},{"floor":8.0,"key":"Block Potion"},{"floor":10.0,"key":"Explosive Potion"}],"is_trial":false,"path_per_floor":["M","?","$","M","?","R","E","M","T","M","?","?","$","M","R","B",null,"M","?","M","$","M","R","E","$","T","E","M","M","R","M","R","B",null,"M","M","$","?","$","?","R","M"],"character_chosen":"DANTE","items_purchased":["DemoMod:LamentConfigurum","Royaldefend","Damocles","Membership Card","PreservedInsect"],"campfire_rested":0,"item_purchase_floors":[3,13,17,37,37],"current_hp_per_floor":[61,61,61,64,64,64,15,17,17,1,1,1,1,1,1,1,54,51,51,43,43,29,29,29,29,29,29,32,35,35,31,31,30,103,103,106,106,106,106,106,106,0,0],"gold":29,"neow_bonus":"UPGRADE_CARD","is_daily":false,"chose_seed":false,"campfire_upgraded":6,"win_rate":0.0,"timestamp":1609271760,"path_taken":["M","?","$","M","?","R","E","?","T","M","?","?","$","M","R","BOSS","M","?","M","$","M","R","E","$","T","E","?","M","R","M","R","BOSS","M","M","$","?","$","?","R","M"],"items_purchased_type":["Relic","Card","Relic","Relic","Relic"],"build_version":"2020-12-22","purchased_purges":8,"victory":false,"max_hp_per_floor":[78,78,78,81,81,81,81,84,84,87,87,87,87,87,87,87,72,85,85,85,85,95,95,105,105,105,105,108,121,121,124,124,134,127,127,130,130,130,130,130,130,130,130],"card_choices":[{"not_picked":[],"picked":"Bomb","floor":0.0},{"not_picked":["Holywater","LucifercomboA","Hightime"],"picked":"SKIP","floor":1.0},{"not_picked":["SSScard","VitalstarL"],"picked":"Bomb","floor":4.0},{"not_picked":["BeastUppercut","Pandora"],"picked":"Lucifer","floor":7.0},{"not_picked":["Whiteorb","Millionkick","VitalstarS"],"picked":"SKIP","floor":8.0},{"not_picked":["Airhike","Unrisingdragon"],"picked":"Gilgamesh","floor":10.0},{"not_picked":["Ecstasy","DevilstarS"],"picked":"Enemystep","floor":14.0},{"not_picked":["Darkslayer","Swordcombo"],"picked":"Blueorb","floor":16.0},{"not_picked":["Airhike","Gilgamesh+1"],"picked":"Dash2","floor":18.0},{"not_picked":["Weaponchange","GilgameshcomboA","LucifercomboD"],"picked":"SKIP","floor":20.0},{"not_picked":["Holywater","Greenorb+1","Royaldefend"],"picked":"SKIP","floor":22.0},{"not_picked":["Chargeshoot2+1","SSScard","Gilgamesh+1"],"picked":"SKIP","floor":24},{"not_picked":["Straight","Holywater"],"picked":"Unrisingdragon","floor":27},{"not_picked":["Millionstab","Gilgamesh","DevilstarL"],"picked":"SKIP","floor":28},{"not_picked":["Gunstinger","LucifercomboC","Doubleshoot"],"picked":"SKIP","floor":29},{"not_picked":["Chargeshoot+1","Chargeshoot2","EbonyIvory"],"picked":"SKIP","floor":31},{"not_picked":["Swordcombo","Enemystep"],"picked":"Demonreform","floor":33},{"not_picked":["Shock","Dash2","LucifercomboA"],"picked":"SKIP","floor":35},{"not_picked":["Weaponupgrade","Darkslayer","CoyoteA+1"],"picked":"SKIP","floor":36},{"not_picked":["Mind Blast","PanicButton"],"picked":"Bomb","floor":40}],"player_experience":419401,"relics_obtained":[{"floor":7.0,"key":"Dream Catcher"},{"floor":9.0,"key":"AT_SunfireAegis"},{"floor":18.0,"key":"Regal Pillow"},{"floor":20.0,"key":"TheBean"},{"floor":22.0,"key":"DemoMod:DecoyRelic"},{"floor":24,"key":"DemoMod:ClearGuonStone"},{"floor":24,"key":"Omamori"},{"floor":26,"key":"Orichalcum"},{"floor":27,"key":"Bag of Preparation"},{"floor":27,"key":"MagicDraw1"},{"floor":28,"key":"AT_MibuBalloonWealth"},{"floor":29,"key":"REME_HourglassOfDeath"},{"floor":31,"key":"MoreBug"},{"floor":35,"key":"DemoMod:Metronome"},{"floor":36,"key":"AT_BladeRuinedKing"}],"event_choices":[{"damage_healed":0.0,"max_hp_gain":0.0,"max_hp_loss":0.0,"gold_gain":0.0,"event_name":"Match and Keep!","player_choice":"0 cards matched","floor":2.0,"gold_loss":0.0,"damage_taken":0.0,"cards_obtained":[]},{"damage_healed":0.0,"max_hp_gain":0.0,"max_hp_loss":0.0,"gold_gain":150.0,"event_name":"Liars Game","player_choice":"AGREE","floor":5.0,"gold_loss":0.0,"damage_taken":0.0,"cards_obtained":["Doubt"]},{"damage_healed":0.0,"max_hp_gain":0.0,"max_hp_loss":0.0,"gold_gain":0.0,"cards_transformed":["Shoot","Defend_Dante"],"event_name":"Drug Dealer","player_choice":"Became Test Subject","floor":19.0,"gold_loss":0.0,"damage_taken":0.0,"cards_obtained":["Hightime","Hightime"]},{"damage_healed":0,"gold_gain":0,"player_choice":"Ignored","damage_taken":0,"max_hp_gain":0,"max_hp_loss":0,"event_name":"Tomb of Lord Red Mask","floor":38,"gold_loss":0},{"damage_healed":0,"gold_gain":0,"player_choice":"Memory 1","damage_taken":0,"max_hp_gain":0,"max_hp_loss":0,"event_name":"SensoryStone","floor":40,"gold_loss":0}],"is_beta":false,"boss_relics":[{"not_picked":["Abe\u0027s Treasure","SlaversCollar"],"picked":"Sozu"},{"not_picked":[]},{"not_picked":["REME_DemonsWealth","Fusion Hammer"],"picked":"AT_TrinityForce"},{"not_picked":[]}],"items_purged_floors":[13,13,17,21,34,37,37,39],"is_endless":false,"potions_floor_spawned":[4,8,10,18,20,22,29,31,35],"killed_by":"Maw","ascension_level":20}}