{"host":"963ykkbusvcbqwtq","time":1609249606,"event":{"mods":["2.2 Compatiblity","AchievementEnabler","Arknights The Spire","BaseMod","Colored Map","GifTheSpireLib","GungeonMod","Lobotomy","Luminous","Minty Spire (QoL Compilation)","StSLib","SuperFastMode","The Bug Knight"],"gold_per_floor":[117,117,169,169,182,182,210,227,251,201,201,201,213,233,233,233,233],"floor_reached":16,"playtime":616,"items_purged":[],"score":102,"play_id":"6d5da665-6509-4aa7-904a-d04e3318410a","local_time":"20201229224646","is_ascension_mode":false,"campfire_choices":[{"data":"DemoMod:BattleInHaste","floor":6,"key":"SMITH"},{"data":"DemoMod:PotionOfGunFriendShip","floor":12,"key":"SMITH"},{"floor":15,"key":"REST"}],"circlet_count":0,"master_deck":["DemoMod:Strike_Huntress","DemoMod:Strike_Huntress+1","DemoMod:Defend_Huntress","DemoMod:Defend_Huntress","DemoMod:Defend_Huntress+1","DemoMod:Defend_Huntress+1","DemoMod:Roll","DemoMod:ManualReload","DemoMod:RustySidearm+1","DemoMod:CrossBow","UniverseFragment","DemoMod:ProbeStrike","VoidDream","RedShoes","DemoMod:BattleInHaste+1","DemoMod:PotionOfGunFriendShip+1","CherryBlossoms","DemoMod:StickyCrossBow","ShyLook","DemoMod:GunstockTap"],"relics":["DemoMod:Dog","CogitoBucket","NlothsMask","War Paint","Pocketwatch","Whetstone","FleshIdol"],"acts_visited":["Exordium"],"potions_floor_usage":[16,16],"damage_taken":[{"damage":0,"enemies":"Small Slimes","floor":1,"turns":3},{"damage":0,"enemies":"Cultist","floor":3,"turns":3},{"damage":3,"enemies":"2 Louse","floor":5,"turns":2},{"damage":16,"enemies":"Gremlin Nob","floor":7,"turns":5},{"damage":10,"enemies":"Exordium Thugs","floor":8,"turns":8},{"damage":18,"enemies":"Red Slaver","floor":13,"turns":3},{"damage":3,"enemies":"Blue Slaver","floor":14,"turns":3},{"damage":73,"enemies":"Hexaghost","floor":16,"turns":15}],"seed_played":"-3841058893185216591","potions_obtained":[{"floor":1,"key":"PowerPotion"},{"floor":5,"key":"SteroidPotion"},{"floor":8,"key":"PowerPotion"},{"floor":13,"key":"Block Potion"}],"is_trial":false,"path_per_floor":["M","?","M","?","M","R","E","M","T","?","?","R","M","M","R","B"],"character_chosen":"HUNTRESS","items_purchased":[],"campfire_rested":1,"item_purchase_floors":[],"current_hp_per_floor":[70,70,70,63,60,60,44,34,34,34,34,34,16,13,34,0,0],"gold":233,"neow_bonus":"","is_daily":false,"chose_seed":false,"campfire_upgraded":2,"win_rate":0.0,"timestamp":1609249606,"path_taken":["M","?","?","?","M","R","E","M","T","?","?","R","M","M","R","BOSS"],"items_purchased_type":[],"build_version":"2020-12-22","purchased_purges":0,"victory":false,"max_hp_per_floor":[70,70,70,70,70,70,70,70,70,70,70,70,70,70,70,70,70],"card_choices":[{"not_picked":["WallGazer","MeatLantern"],"picked":"UniverseFragment","floor":1},{"not_picked":["DemoMod:RadGun","DemoMod:AbyssalTentacle"],"picked":"DemoMod:ProbeStrike","floor":1},{"not_picked":["Bloodbath","PunishingBird"],"picked":"VoidDream","floor":3},{"not_picked":["DemoMod:GunShield","DemoMod:FeignSurrender"],"picked":"DemoMod:DirectionalPad","floor":3},{"not_picked":["OSAHOGD","WallGazer","CherryBlossoms"],"picked":"Singing Bowl","floor":5},{"not_picked":["Murderer","LittlePrince"],"picked":"RedShoes","floor":5},{"not_picked":["DemoMod:TeaPot","DemoMod:DirectionalPad"],"picked":"DemoMod:BattleInHaste","floor":5},{"not_picked":["LaLuna","BlackSwan","Wellcheers"],"picked":"Singing Bowl","floor":7},{"not_picked":["DemoMod:PracticeMakesPerfect","DemoMod:BattleInHaste"],"picked":"DemoMod:PotionOfGunFriendShip","floor":7},{"not_picked":["LongBird","OldLady","Murderer"],"picked":"Singing Bowl","floor":8},{"not_picked":["DemoMod:MachoBrace","DemoMod:FortunesFavor","DemoMod:HuntsMan"],"picked":"SKIP","floor":8},{"not_picked":["MHz","BlackSwan","OSAHOGD"],"picked":"Singing Bowl","floor":13},{"not_picked":["WallGazer","MHz"],"picked":"CherryBlossoms","floor":13},{"not_picked":["DemoMod:MegaHand","DemoMod:AC15"],"picked":"DemoMod:StickyCrossBow","floor":13},{"not_picked":["Scorched","BigBadWolf"],"picked":"ShyLook","floor":14},{"not_picked":["DemoMod:CursedBullets","DemoMod:DoubleSwitch"],"picked":"DemoMod:GunstockTap","floor":14}],"player_experience":193438,"relics_obtained":[{"floor":7,"key":"Pocketwatch"},{"floor":8,"key":"Whetstone"}],"event_choices":[{"damage_healed":0,"gold_gain":0,"player_choice":"Trade","damage_taken":0,"relics_obtained":["NlothsMask"],"max_hp_gain":0,"max_hp_loss":0,"event_name":"FaceTrader","floor":2,"gold_loss":0},{"damage_healed":0,"gold_gain":0,"player_choice":"Success","damage_taken":7,"relics_obtained":["War Paint"],"max_hp_gain":0,"max_hp_loss":0,"event_name":"Scrap Ooze","floor":4,"gold_loss":0},{"cards_removed":["DemoMod:Strike_Huntress"],"damage_healed":0,"gold_gain":0,"player_choice":"Card Removal","damage_taken":0,"max_hp_gain":0,"max_hp_loss":0,"event_name":"The Cleric","floor":10,"gold_loss":50},{"damage_healed":0,"gold_gain":0,"player_choice":"Got Potions","damage_taken":0,"max_hp_gain":0,"max_hp_loss":0,"event_name":"Lab","floor":11,"gold_loss":0}],"is_beta":false,"boss_relics":[],"items_purged_floors":[],"is_endless":false,"potions_floor_spawned":[1,5,8,13],"killed_by":"Hexaghost","ascension_level":0}}