{"host":"2e3z4r48quhw80cc","time":1609259484,"event":{"mods":["BaseMod","Minty Spire (QoL Compilation)","Quick Restart","StSLib","SuperFastMode"],"gold_per_floor":[117,117,117,117,392,392,418,432,457,155,155,190,22,22,22,120,120,138,38,53,72,72,72,72,101,148,179,110,110,136,150,150,254,254,268,322,341,146,163,163,195,208,232,232,250,250,94,144,144,144],"floor_reached":51,"playtime":1933,"items_purged":["Regret","Pain","Strike_B"],"score":951,"play_id":"a7666428-b0a5-4aac-a7a7-86b93d045d15","local_time":"20201230013124","is_ascension_mode":true,"campfire_choices":[{"data":"Zap","floor":6.0,"key":"SMITH"},{"data":"Seek","floor":11.0,"key":"SMITH"},{"data":"Apotheosis","floor":15.0,"key":"SMITH"},{"data":"Defragment","floor":23.0,"key":"SMITH"},{"data":"Storm","floor":29.0,"key":"SMITH"},{"floor":32.0,"key":"REST"},{"data":"Creative AI","floor":40.0,"key":"SMITH"},{"data":"Amplify","floor":46,"key":"SMITH"},{"data":"Darkness","floor":49,"key":"SMITH"}],"circlet_count":0,"master_deck":["Strike_B","Strike_B","Defend_B","Defend_B","Zap+1","Dualcast","Echo Form","Ball Lightning","Leap","Seek+1","Force Field","Conserve Battery","Apotheosis+1","Electrodynamics","Self Repair","Defragment+1","Defragment+1","Glacier","Reboot","Darkness+1","Creative AI+1","Storm+1","Chill+1","Amplify+1","Double Energy+1","Defragment","Chrysalis"],"relics":["Cracked Core","NeowsBlessing","Kunai","DataDisk","Anchor","Orichalcum","Orrery","Question Card","WarpedTongs","Inserter","White Beast Statue","Boot","Ginger","Omamori","Coffee Dripper","Pocketwatch","FossilizedHelix","Centennial Puzzle","ClockworkSouvenir","Gambling Chip"],"acts_visited":["Exordium","TheCity","TheBeyond"],"potions_floor_usage":[50],"damage_taken":[{"damage":0.0,"enemies":"Jaw Worm","floor":1.0,"turns":1.0},{"damage":0.0,"enemies":"3 Sentries","floor":7.0,"turns":1.0},{"damage":0.0,"enemies":"Small Slimes","floor":8.0,"turns":1.0},{"damage":21.0,"enemies":"Gremlin Nob","floor":12.0,"turns":4.0},{"damage":29.0,"enemies":"The Guardian","floor":16.0,"turns":11.0},{"damage":9.0,"enemies":"2 Thieves","floor":18.0,"turns":4.0},{"damage":5.0,"enemies":"Shell Parasite","floor":20.0,"turns":8.0},{"damage":24.0,"enemies":"Snake Plant","floor":21.0,"turns":3.0},{"damage":4.0,"enemies":"Book of Stabbing","floor":25.0,"turns":5.0},{"damage":26.0,"enemies":"Slavers","floor":27.0,"turns":3.0},{"damage":19.0,"enemies":"Book of Stabbing","floor":30.0,"turns":5.0},{"damage":23.0,"enemies":"Centurion and Healer","floor":31.0,"turns":6.0},{"damage":9.0,"enemies":"Collector","floor":33.0,"turns":8.0},{"damage":3.0,"enemies":"3 Darklings","floor":35.0,"turns":5.0},{"damage":14.0,"enemies":"2 Orb Walkers","floor":36.0,"turns":4.0},{"damage":0.0,"enemies":"3 Shapes","floor":37.0,"turns":3.0},{"damage":0.0,"enemies":"Jaw Worm Horde","floor":39.0,"turns":3.0},{"damage":3.0,"enemies":"Giant Head","floor":41.0,"turns":5.0},{"damage":0.0,"enemies":"3 Darklings","floor":42.0,"turns":4.0},{"damage":0,"enemies":"Sphere and 2 Shapes","floor":45,"turns":3},{"damage":0,"enemies":"Mind Bloom Boss Battle","floor":48,"turns":5},{"damage":0,"enemies":"Awakened One","floor":50,"turns":13}],"seed_played":"5012230667607364171","potions_obtained":[{"floor":16.0,"key":"SneckoOil"},{"floor":20.0,"key":"BlessingOfTheForge"},{"floor":25.0,"key":"Explosive Potion"},{"floor":27.0,"key":"Energy Potion"},{"floor":30.0,"key":"SkillPotion"},{"floor":31.0,"key":"Regen Potion"},{"floor":33.0,"key":"BlessingOfTheForge"},{"floor":35.0,"key":"ColorlessPotion"},{"floor":36.0,"key":"Fire Potion"},{"floor":48,"key":"Energy Potion"}],"is_trial":false,"path_per_floor":["M","?","T","?","?","R","E","M","T","$","R","E","$","?","R","B",null,"M","$","M","M","?","R","?","E","T","E","$","R","E","M","R","B",null,"M","?","M","$","M","R","E","M","T","?","M","R","$","?","R","B",null],"character_chosen":"DEFECT","items_purchased":["Orrery","Force Field","Apotheosis","Storm","Defragment","ClockworkSouvenir"],"campfire_rested":1,"item_purchase_floors":[10,10,13,28,38,47],"current_hp_per_floor":[75,75,75,63,63,63,63,63,63,63,63,42,42,42,42,13,75,66,66,75,51,51,51,51,67,67,41,41,41,42,39,61,72,75,75,71,71,71,71,71,75,75,75,70,75,75,75,75,75,75],"gold":144,"neow_bonus":"THREE_ENEMY_KILL","is_daily":false,"chose_seed":false,"campfire_upgraded":8,"win_rate":0.0,"timestamp":1609259484,"path_taken":["M","?","?","?","?","R","E","?","T","$","R","E","$","?","R","BOSS","M","$","M","?","?","R","?","E","T","E","?","R","E","?","R","BOSS","M","?","M","$","M","R","E","M","T","?","M","R","$","?","R","BOSS"],"items_purchased_type":["Relic","Card","Card","Card","Card","Relic"],"build_version":"2020-12-22","purchased_purges":3,"victory":true,"max_hp_per_floor":[75,75,75,75,75,75,75,75,75,75,75,75,75,75,75,75,75,75,75,75,75,75,75,75,75,75,75,75,75,75,75,75,75,75,75,75,75,75,75,75,75,75,75,75,75,75,75,75,75,75],"card_choices":[{"not_picked":["Steam","Gash","Rebound"],"picked":"SKIP","floor":1.0},{"not_picked":["Turbo","Steam"],"picked":"Ball Lightning","floor":7.0},{"not_picked":["Stack","Scrape","Go for the Eyes"],"picked":"SKIP","floor":8.0},{"not_picked":["Ball Lightning","Cold Snap"],"picked":"Leap","floor":10.0},{"not_picked":["Barrage","Consume"],"picked":"Seek","floor":10.0},{"not_picked":["Consume","Barrage"],"picked":"Conserve Battery","floor":12.0},{"not_picked":["Reboot","All For One","Amplify"],"picked":"Electrodynamics","floor":16.0},{"not_picked":["Steam","Sweeping Beam","Ball Lightning"],"picked":"Self Repair","floor":18.0},{"not_picked":["Conserve Battery","Rebound+1","Reinforced Body"],"picked":"Defragment","floor":20.0},{"not_picked":["Tempest+1","Stack","Conserve Battery"],"picked":"Defragment+1","floor":21.0},{"not_picked":["Conserve Battery","Auto Shields","Reprogram"],"picked":"Creative AI","floor":25.0},{"not_picked":["Steam Power","Compile Driver","Sunder","Coolheaded"],"picked":"SKIP","floor":27.0},{"not_picked":["Hologram","Compile Driver","Stack","Rebound+1"],"picked":"SKIP","floor":30.0},{"not_picked":["Turbo","Sunder+1","Reprogram+1"],"picked":"Chill+1","floor":31.0},{"not_picked":["Reboot","Electrodynamics","Hyperbeam"],"picked":"Amplify","floor":33.0},{"not_picked":["Beam Cell","Hello World+1","Tempest+1","Steam+1"],"picked":"SKIP","floor":35.0},{"not_picked":["Fusion+1","Gash","Chill+1"],"picked":"Double Energy+1","floor":36.0},{"not_picked":["Hologram+1","Force Field","Sweeping Beam","Auto Shields+1"],"picked":"SKIP","floor":37.0},{"not_picked":["Aggregate+1","Compile Driver","Sweeping Beam","Beam Cell+1"],"picked":"SKIP","floor":39.0},{"not_picked":["Ball Lightning","Streamline+1","Lockon+1","Aggregate"],"picked":"SKIP","floor":41.0},{"not_picked":["Meteor Strike","Hologram+1","Sweeping Beam","Compile Driver+1"],"picked":"SKIP","floor":42.0},{"not_picked":["Forethought","Dark Shackles","Violence"],"picked":"Chrysalis","floor":44},{"not_picked":["Self Repair+1","Hologram+1","Conserve Battery","Ball Lightning+1"],"picked":"SKIP","floor":45}],"player_experience":44602,"relics_obtained":[{"floor":3.0,"key":"Kunai"},{"floor":7.0,"key":"Anchor"},{"floor":9.0,"key":"Orichalcum"},{"floor":12.0,"key":"Question Card"},{"floor":25.0,"key":"White Beast Statue"},{"floor":26.0,"key":"Boot"},{"floor":27.0,"key":"Ginger"},{"floor":30.0,"key":"Omamori"},{"floor":36.0,"key":"Pocketwatch"},{"floor":41.0,"key":"FossilizedHelix"},{"floor":43.0,"key":"Centennial Puzzle"},{"floor":48,"key":"Gambling Chip"}],"event_choices":[{"damage_healed":0.0,"max_hp_gain":0.0,"max_hp_loss":0.0,"gold_gain":0.0,"cards_transformed":["Strike_B"],"event_name":"Living Wall","player_choice":"Change","floor":2.0,"gold_loss":0.0,"damage_taken":0.0,"cards_obtained":["Echo Form"]},{"damage_healed":0.0,"max_hp_gain":0.0,"max_hp_loss":0.0,"gold_gain":0.0,"event_name":"Scrap Ooze","player_choice":"Success","floor":4.0,"gold_loss":0.0,"damage_taken":12.0,"relics_obtained":["DataDisk"]},{"damage_healed":0.0,"max_hp_gain":0.0,"max_hp_loss":0.0,"gold_gain":275.0,"event_name":"Golden Shrine","player_choice":"Desecrate","floor":5.0,"gold_loss":0.0,"damage_taken":0.0,"cards_obtained":["Regret"]},{"damage_healed":0.0,"max_hp_gain":0.0,"max_hp_loss":0.0,"gold_gain":0.0,"event_name":"Accursed Blacksmith","player_choice":"Rummage","floor":14.0,"gold_loss":0.0,"damage_taken":0.0,"relics_obtained":["WarpedTongs"],"cards_obtained":["Pain"]},{"damage_healed":0.0,"max_hp_gain":0.0,"max_hp_loss":0.0,"gold_gain":0.0,"event_name":"The Library","player_choice":"Read","floor":22.0,"gold_loss":0.0,"damage_taken":0.0,"cards_obtained":["Glacier"]},{"damage_healed":0.0,"max_hp_gain":0.0,"max_hp_loss":0.0,"gold_gain":0.0,"cards_transformed":["Defend_B","Defend_B"],"event_name":"Drug Dealer","player_choice":"Became Test Subject","floor":24.0,"gold_loss":0.0,"damage_taken":0.0,"cards_obtained":["Reboot","Darkness"]},{"damage_healed":0.0,"max_hp_gain":0.0,"max_hp_loss":0.0,"gold_gain":0.0,"event_name":"Mysterious Sphere","player_choice":"Fight","floor":36.0,"gold_loss":0.0,"damage_taken":0.0},{"damage_healed":0,"gold_gain":0,"player_choice":"Memory 2","damage_taken":5,"max_hp_gain":0,"max_hp_loss":0,"event_name":"SensoryStone","floor":44,"gold_loss":0},{"damage_healed":0,"gold_gain":0,"player_choice":"Fight","damage_taken":0,"max_hp_gain":0,"max_hp_loss":0,"event_name":"MindBloom","floor":48,"gold_loss":0}],"is_beta":false,"boss_relics":[{"not_picked":["Fusion Hammer","SacredBark"],"picked":"Inserter"},{"not_picked":["Astrolabe","SlaversCollar"],"picked":"Coffee Dripper"}],"items_purged_floors":[10,19,38],"is_endless":false,"potions_floor_spawned":[16,20,25,27,30,31,33,35,36,37,39,41,42,45,48],"ascension_level":3}}