{"host":"4vq2xwkpdrxril92","time":1609228236,"event":{"mods":["BaseMod","Card Forge","Infinite Spire","Minty Spire (QoL Compilation)","Shop Mod","StSLib","The Cursed"],"gold_per_floor":[798,1125,1125,485,341,785,1295,1646,1646,2060,2435,2663,3107,3485,3485,4061,4061,4292,33,507,525,762,1827,2577,3564,3564,4149,1572,1574,1574,1574,1574,3362,3362,3731,3731,134,134,157,1213,2110,2443,2469,2350,2425,2434,2434,2436,2436,2721,2721,2766,2787,2799,2799],"floor_reached":54,"playtime":5195,"items_purged":[],"score":1613,"play_id":"c0a8dfad-9d0d-46b9-8fda-c43c3664b65b","local_time":"20201229165036","daily_mods":["SealedDeck","Vintage","Heirloom","Time Dilation","Flight","Elite Swarm","Lethality","Midas"],"is_ascension_mode":false,"campfire_choices":[{"floor":15.0,"key":"REST"},{"floor":30.0,"key":"DIG"},{"floor":32.0,"key":"DIG"},{"floor":49,"key":"DIG"}],"circlet_count":3,"master_deck":["Bouncing Flask+1","TheCursedMod:NeowsMight+1","TheCursedMod:NeowsMight+1","Exhume+1","infinitespire:Neurotoxin+1","infinitespire:Neurotoxin+1","Burst+1","TheCursedMod:CircleOfWindfury+1","Decay"],"relics":["Ring of the Snake","Hammer of Thor","Seething Fire","Anvil of the Gods","Thread and Needle","Boot","Letter Opener","Prayer Wheel","Snake Skull","MerchantsRug","ClockworkSouvenir","The Specimen","infinitespire:Eraser","White Beast Statue","The Courier","Calipers","infinitespire:Joker Card","infinitespire:Midas Blood","Anchor","Akabeko","infinitespire:ShieldingShard","CeramicFish","Omamori","infinitespire:Beetle Shell","Mercury Hourglass","Blood Vial","Bag of Marbles","Vajra","Regal Pillow","Lizard Tail","Dream Catcher","Bag of Preparation","Kunai","Happy Flower","Oddly Smooth Stone","Lantern","Art of War","Meat on the Bone","Toy Ornithopter","Tingsha","Pen Nib","StoneCalendar","Bronze Scales","Blue Candle","infinitespire:Lucky Rock","Girya","Mummified Hand","Ancient Tea Set","Sundial","Orichalcum","infinitespire:PuzzleCube","infinitespire:EmpoweringShard","MealTicket","Shovel","PreservedInsect","Centennial Puzzle","Juzu Bracelet","Tiny Chest","CaptainsWheel","Shuriken","Torii","Pantograph","Matryoshka","Frozen Egg 2","Paper Crane","Pear","Ornamental Fan","InkBottle","SlaversCollar","HornCleat","Strange Spoon","infinitespire:Bottled Soul","infinitespire:WardingShard","Turnip","Singing Bowl","Question Card","Toxic Egg 2","infinitespire:FocusingShard","Darkstone Periapt","Molten Egg 2","Gremlin Horn","StrikeDummy","Ginger","Pocketwatch","TungstenRod","FossilizedHelix","Ice Cream","Cursed Key","Circlet","infinitespire:Golems Mask","infinitespire:Magic Flask","Incense Burner","Du-Vu Doll","Unceasing Top","OrangePellets","Fusion Hammer","MawBank","infinitespire:BottledMercury","Tough Bandages"],"acts_visited":["Exordium","TheCity","TheBeyond","Exordium"],"potions_floor_usage":[],"damage_taken":[{"damage":0.0,"enemies":"Jaw Worm","floor":1.0,"turns":1.0},{"damage":0.0,"enemies":"Small Slimes","floor":2.0,"turns":1.0},{"damage":0.0,"enemies":"3 Sentries","floor":6.0,"turns":1.0},{"damage":0.0,"enemies":"Cultist","floor":7.0,"turns":1.0},{"damage":0.0,"enemies":"Lagavulin","floor":8.0,"turns":1.0},{"damage":0.0,"enemies":"3 Sentries","floor":10.0,"turns":1.0},{"damage":0.0,"enemies":"Gremlin Nob","floor":11.0,"turns":1.0},{"damage":0.0,"enemies":"3 Sentries","floor":12.0,"turns":1.0},{"damage":0.0,"enemies":"Lagavulin","floor":13.0,"turns":1.0},{"damage":0.0,"enemies":"3 Sentries","floor":14.0,"turns":1.0},{"damage":0.0,"enemies":"Slime Boss","floor":16.0,"turns":1.0},{"damage":0.0,"enemies":"Spheric Guardian","floor":18.0,"turns":1.0},{"damage":0.0,"enemies":"2 Thieves","floor":20.0,"turns":1.0},{"damage":0.0,"enemies":"3 Cultists","floor":22.0,"turns":1.0},{"damage":0.0,"enemies":"Book of Stabbing","floor":23.0,"turns":1.0},{"damage":0.0,"enemies":"Shelled Parasite and Fungi","floor":24.0,"turns":1.0},{"damage":0.0,"enemies":"Gremlin Leader","floor":25.0,"turns":1.0},{"damage":0.0,"enemies":"Nightmare","floor":27.0,"turns":1.0},{"damage":0.0,"enemies":"Collector","floor":33.0,"turns":1.0},{"damage":0.0,"enemies":"3 Shapes","floor":35.0,"turns":1.0},{"damage":0,"enemies":"Nemesis","floor":40,"turns":1},{"damage":0,"enemies":"Reptomancer","floor":41,"turns":1},{"damage":0,"enemies":"Nightmare","floor":42,"turns":1},{"damage":0,"enemies":"Giant Head","floor":45,"turns":1},{"damage":0,"enemies":"Time Eater","floor":50,"turns":1},{"damage":0,"enemies":"Jaw Worm","floor":52,"turns":1}],"seed_played":"8062037533023609734","potions_obtained":[{"floor":1.0,"key":"DistilledChaos"},{"floor":2.0,"key":"DistilledChaos"},{"floor":4.0,"key":"AttackPotion"},{"floor":4.0,"key":"Weak Potion"},{"floor":4.0,"key":"Fire Potion"},{"floor":4.0,"key":"Dexterity Potion"},{"floor":8.0,"key":"SmokeBomb"},{"floor":10.0,"key":"SteroidPotion"},{"floor":11.0,"key":"EntropicBrew"},{"floor":12.0,"key":"infinitespire:BlackPotion"},{"floor":20.0,"key":"Strength Potion"},{"floor":22.0,"key":"Fire Potion"}],"is_trial":true,"path_per_floor":["M","M","?","$","$","E","M","E","T","E","E","E","E","E","R","B",null,"M","$","M","?","M","E","M","E","T","NM","$","?","R","?","R","B",null,"M","?","$","AVR","T","E","E","NM","T","$","E","?","?","?","R","B",null,"M","T","AVR"],"character_chosen":"THE_SILENT","items_purchased":["Prayer Wheel","Snake Skull","MerchantsRug","Cauldron","ClockworkSouvenir","Akabeko","infinitespire:ShieldingShard","Potion Belt","CeramicFish","Omamori","infinitespire:Beetle Shell","Mercury Hourglass","War Paint","infinitespire:Satchel","Blood Vial","Bag of Marbles","Vajra","Regal Pillow","Lizard Tail","Dream Catcher","Bag of Preparation","Kunai","Happy Flower","Oddly Smooth Stone","Lantern","Art of War","Meat on the Bone","Toy Ornithopter","Gambling Chip","Strawberry","Tingsha","Pen Nib","StoneCalendar","Bronze Scales","infinitespire:PuzzleCube","infinitespire:EmpoweringShard","MealTicket","Shovel","PreservedInsect","Centennial Puzzle","Juzu Bracelet","Tiny Chest","CaptainsWheel","Shuriken","Torii","Pantograph","Matryoshka","Frozen Egg 2","Paper Crane","Pear","Strange Spoon","infinitespire:Bottled Soul","infinitespire:WardingShard","Turnip","Singing Bowl","Question Card","Toxic Egg 2","infinitespire:FocusingShard","Darkstone Periapt","Molten Egg 2","Gremlin Horn","StrikeDummy","Ginger","Pocketwatch","TungstenRod","FossilizedHelix","Ice Cream","OrangePellets"],"campfire_rested":1,"item_purchase_floors":[4,4,4,4,5,19,19,19,19,19,19,19,19,19,19,19,19,19,19,19,19,19,19,19,19,19,19,19,19,19,19,19,19,19,28,28,28,28,28,28,28,28,28,28,28,28,28,28,28,28,37,37,37,37,37,37,37,37,37,37,37,37,37,37,37,37,37,44],"current_hp_per_floor":[70,70,70,70,70,70,70,70,70,70,70,70,70,70,70,70,70,70,77,77,77,77,77,77,77,77,77,87,70,70,70,70,92,92,92,92,92,92,92,94,96,100,100,100,102,102,102,99,99,110,110,110,116,116,116],"gold":2799,"neow_bonus":"","is_daily":false,"chose_seed":false,"campfire_upgraded":0,"win_rate":0.0,"timestamp":1609228236,"path_taken":["M","M","?","$","$","E","M","E","T","E","E","E","E","E","R","BOSS","M","$","M","?","M","E","?","E","T","NM","$","?","R","?","R","BOSS","M","?","$","AVR","?","E","E","NM","T","$","E","?","?","?","R","BOSS","M","?","AVR"],"items_purchased_type":["Relic","Relic","Relic","Relic","Relic","Relic","Relic","Relic","Relic","Relic","Relic","Relic","Relic","Relic","Relic","Relic","Relic","Relic","Relic","Relic","Relic","Relic","Relic","Relic","Relic","Relic","Relic","Relic","Relic","Relic","Relic","Relic","Relic","Relic","Relic","Relic","Relic","Relic","Relic","Relic","Relic","Relic","Relic","Relic","Relic","Relic","Relic","Relic","Relic","Relic","Relic","Relic","Relic","Relic","Relic","Relic","Relic","Relic","Relic","Relic","Relic","Relic","Relic","Relic","Relic","Relic","Relic","Relic"],"build_version":"2020-12-22","purchased_purges":0,"victory":false,"max_hp_per_floor":[70,70,70,70,70,70,70,70,70,70,70,70,70,70,70,70,70,70,77,77,77,77,77,77,77,77,77,87,92,92,92,92,92,92,92,92,92,92,92,94,96,100,100,100,102,102,102,108,108,110,110,110,116,116,116],"card_choices":[{"not_picked":["Storm of Steel","Venomology","Glass Knife"],"picked":"SKIP","floor":6.0},{"not_picked":["Burst","After Image","Venomology"],"picked":"SKIP","floor":8.0},{"not_picked":["Night Terror","Die Die Die","Adrenaline"],"picked":"SKIP","floor":10.0},{"not_picked":["Doppelganger","Tools of the Trade","Malaise"],"picked":"SKIP","floor":11.0},{"not_picked":["After Image","Glass Knife","Doppelganger"],"picked":"SKIP","floor":12.0},{"not_picked":["Malaise","Adrenaline","Corpse Explosion"],"picked":"SKIP","floor":13.0},{"not_picked":["Phantasmal Killer","Doppelganger","Wraith Form v2"],"picked":"SKIP","floor":14.0},{"not_picked":["Grand Finale","After Image","infinitespire:Neurotoxin"],"picked":"SKIP","floor":23.0},{"not_picked":["Grand Finale","After Image","infinitespire:Neurotoxin"],"picked":"SKIP","floor":23.0},{"not_picked":["Grand Finale","Corpse Explosion","Night Terror"],"picked":"SKIP","floor":25.0},{"not_picked":["Malaise","Glass Knife","Venomology"],"picked":"SKIP","floor":27.0},{"not_picked":["Malaise","Glass Knife","Venomology"],"picked":"SKIP","floor":27.0},{"not_picked":["Doppelganger+1","A Thousand Cuts+1","Die Die Die+1","Glass Knife+1"],"picked":"Singing Bowl","floor":40},{"not_picked":["Wraith Form v2+1","Glass Knife+1","Adrenaline+1","Phantasmal Killer+1"],"picked":"Singing Bowl","floor":41},{"not_picked":["infinitespire:DeathsTouch","infinitespire:Menacing","infinitespire:UltimateForm"],"picked":"Singing Bowl","floor":42},{"not_picked":["infinitespire:Neurotoxin+1","Bullet Time+1","Storm of Steel+1","Grand Finale+1"],"picked":"Singing Bowl","floor":42},{"not_picked":["Envenom+1","Unload+1","Doppelganger+1","Night Terror+1"],"picked":"Singing Bowl","floor":45},{"not_picked":["Dramatic Entrance+1","Apotheosis+1","Flash of Steel+1","Impatience+1"],"picked":"Singing Bowl","floor":48},{"not_picked":["Trip+1","HandOfGreed+1","Madness+1","Apotheosis+1"],"picked":"Singing Bowl","floor":48},{"not_picked":["Finesse+1","Blind+1","Forethought+1","Jack Of All Trades+1"],"picked":"Singing Bowl","floor":48},{"not_picked":["Venomology+1","Tools of the Trade+1","Doppelganger+1","Storm of Steel+1"],"picked":"Singing Bowl","floor":50}],"player_experience":1011170,"relics_obtained":[{"floor":1.0,"key":"Boot"},{"floor":2.0,"key":"Letter Opener"},{"floor":6.0,"key":"The Specimen"},{"floor":7.0,"key":"infinitespire:Eraser"},{"floor":8.0,"key":"White Beast Statue"},{"floor":9.0,"key":"The Courier"},{"floor":10.0,"key":"Calipers"},{"floor":11.0,"key":"infinitespire:Joker Card"},{"floor":13.0,"key":"infinitespire:Midas Blood"},{"floor":14.0,"key":"Anchor"},{"floor":18.0,"key":"Bottled Lightning"},{"floor":20.0,"key":"Blue Candle"},{"floor":22.0,"key":"infinitespire:Lucky Rock"},{"floor":23.0,"key":"Girya"},{"floor":24.0,"key":"Mummified Hand"},{"floor":25.0,"key":"Ancient Tea Set"},{"floor":26.0,"key":"Sundial"},{"floor":27.0,"key":"Orichalcum"},{"floor":30.0,"key":"Ornamental Fan"},{"floor":32.0,"key":"InkBottle"},{"floor":35.0,"key":"HornCleat"},{"floor":40,"key":"infinitespire:Golems Mask"},{"floor":41,"key":"infinitespire:Magic Flask"},{"floor":42,"key":"Incense Burner"},{"floor":43,"key":"Du-Vu Doll"},{"floor":43,"key":"Unceasing Top"},{"floor":45,"key":"Circlet"},{"floor":49,"key":"Circlet"},{"floor":52,"key":"MawBank"},{"floor":53,"key":"infinitespire:BottledMercury"}],"event_choices":[{"damage_healed":0.0,"max_hp_gain":0.0,"max_hp_loss":0.0,"gold_gain":0.0,"event_name":"Golden Wing","player_choice":"Ignored","floor":3.0,"gold_loss":0.0,"damage_taken":0.0},{"damage_healed":0.0,"max_hp_gain":0.0,"max_hp_loss":0.0,"gold_gain":0.0,"event_name":"Duplicator","player_choice":"Copied","floor":21.0,"gold_loss":0.0,"damage_taken":0.0,"cards_obtained":["infinitespire:Neurotoxin"]},{"damage_healed":0.0,"max_hp_gain":5.0,"max_hp_loss":0.0,"gold_gain":0.0,"event_name":"Forgotten Altar","player_choice":"Shed Blood","floor":29.0,"gold_loss":0.0,"damage_taken":22.0},{"damage_healed":0.0,"max_hp_gain":0.0,"max_hp_loss":0.0,"gold_gain":0.0,"event_name":"Ghosts","player_choice":"Ignored","floor":31.0,"gold_loss":0.0,"damage_taken":0.0},{"damage_healed":0.0,"max_hp_gain":0.0,"max_hp_loss":0.0,"gold_gain":0.0,"event_name":"Purifier","player_choice":"Ignored","floor":36.0,"gold_loss":0.0,"damage_taken":0.0},{"cards_removed":["TheCursedMod:CircleOfWindfury"],"damage_healed":0,"gold_gain":0,"player_choice":"Removed Skill","damage_taken":0,"max_hp_gain":0,"max_hp_loss":0,"event_name":"Falling","floor":46,"gold_loss":0},{"damage_healed":0,"gold_gain":0,"player_choice":"Got Potions","damage_taken":0,"max_hp_gain":0,"max_hp_loss":0,"event_name":"Lab","floor":47,"gold_loss":0},{"damage_healed":0,"gold_gain":0,"player_choice":"Memory 3","damage_taken":10,"max_hp_gain":0,"max_hp_loss":0,"event_name":"SensoryStone","floor":48,"gold_loss":0}],"is_beta":false,"boss_relics":[{"not_picked":["Ectoplasm","Calling Bell","Astrolabe"]},{"not_picked":["Coffee Dripper","Snecko Eye"],"picked":"SlaversCollar"},{"not_picked":["WristBlade","Empty Cage"],"picked":"Fusion Hammer"}],"items_purged_floors":[],"is_endless":true,"potions_floor_spawned":[1,2,8,10,11,12,13,14,16,18,20,22,23,24,25,27,33,35,40,41,45,50,52],"ascension_level":0}}