{"host":"phniwng9zo19jwdb","time":1609230140,"event":{"mods":["AchievementEnabler","BaseMod","Colored Powertips","Faster Ascension Climbing","GifTheSpireLib","Minty Spire (QoL Compilation)","Permanent Neow","Rare Cards Sparkle","Somnambulant","StSLib"],"gold_per_floor":[20,20,43,68,93,93,131,131,158,192,192,192,226,176,176,271,271,295,310,334,10,109,145,145,60,60,60,60],"floor_reached":27,"playtime":1099,"items_purged":["Strike_R"],"score":423,"play_id":"bef21187-3a3f-4f92-9f89-edc8eee764c2","local_time":"20201229092220","is_ascension_mode":true,"campfire_choices":[{"data":"Apotheosis","floor":6,"key":"SMITH"},{"data":"Battle Trance","floor":8,"key":"SMITH"},{"data":"Exhume","floor":12,"key":"SMITH"},{"data":"Bash","floor":15,"key":"SMITH"},{"floor":24,"key":"REST"}],"circlet_count":0,"master_deck":["AscendersBane","Strike_R","Strike_R","Strike_R","Defend_R","Defend_R","Defend_R","Defend_R","Bash+1","Apotheosis+1","Ghostly Armor","Havoc+1","Iron Wave","Dropkick","Battle Trance+1","Exhume+1","Shrug It Off","Demon Form","Fire Breathing","Infernal Blade","Flash of Steel","Exhume"],"relics":["Black Blood","Golden Idol","Bag of Marbles","Juzu Bracelet","MealTicket","Bird Faced Urn","ClockworkSouvenir","Smiling Mask","Meat on the Bone","Letter Opener"],"acts_visited":["Exordium","TheCity"],"potions_floor_usage":[7,10,20,23,27],"damage_taken":[{"damage":4,"enemies":"Jaw Worm","floor":1,"turns":3},{"damage":2,"enemies":"Cultist","floor":3,"turns":4},{"damage":1,"enemies":"Small Slimes","floor":4,"turns":4},{"damage":12,"enemies":"Looter","floor":5,"turns":4},{"damage":4,"enemies":"Lagavulin","floor":7,"turns":6},{"damage":18,"enemies":"Gremlin Nob","floor":10,"turns":4},{"damage":4,"enemies":"Lagavulin","floor":13,"turns":6},{"damage":20,"enemies":"The Guardian","floor":16,"turns":12},{"damage":1,"enemies":"Shell Parasite","floor":18,"turns":7},{"damage":25,"enemies":"Spheric Guardian","floor":19,"turns":7},{"damage":46,"enemies":"3 Cultists","floor":20,"turns":8},{"damage":40,"enemies":"Slavers","floor":23,"turns":6},{"damage":59,"enemies":"Gremlin Leader","floor":27,"turns":7}],"seed_played":"-6529648058133990304","potions_obtained":[{"floor":3,"key":"Energy Potion"},{"floor":4,"key":"Swift Potion"},{"floor":13,"key":"HeartOfIron"},{"floor":18,"key":"BloodPotion"},{"floor":20,"key":"Block Potion"}],"is_trial":false,"path_per_floor":["M","?","M","M","M","R","E","R","T","E","?","R","E","?","R","B",null,"M","M","M","$","?","E","R","?","T","E"],"character_chosen":"IRONCLAD","items_purchased":["Flash of Steel","ClockworkSouvenir"],"campfire_rested":1,"item_purchase_floors":[21,21],"current_hp_per_floor":[70,52,56,61,55,55,57,57,57,45,45,45,47,47,47,33,65,75,64,47,62,62,36,58,58,58,3,3],"gold":60,"neow_bonus":"RANDOM_COLORLESS_2","is_daily":false,"chose_seed":true,"campfire_upgraded":4,"win_rate":0.0,"timestamp":1609230140,"path_taken":["M","?","M","M","M","R","E","R","T","E","?","R","E","?","R","BOSS","M","M","M","$","?","E","R","?","T","E"],"items_purchased_type":["Card","Relic"],"build_version":"2020-12-22","purchased_purges":1,"victory":false,"max_hp_per_floor":[75,75,75,75,75,75,75,75,75,75,75,75,75,75,75,75,75,75,75,75,75,75,75,75,75,75,75,75],"card_choices":[{"not_picked":["Transmutation","Mayhem"],"picked":"Apotheosis","floor":0},{"not_picked":["Power Through","Clothesline"],"picked":"Ghostly Armor","floor":1},{"not_picked":["Anger","Sword Boomerang"],"picked":"Havoc","floor":3},{"not_picked":["Clothesline","Shockwave"],"picked":"Iron Wave","floor":4},{"not_picked":["Clash","Perfected Strike"],"picked":"Dropkick","floor":5},{"not_picked":["Seeing Red","Heavy Blade"],"picked":"Battle Trance","floor":7},{"not_picked":["Pummel","Shockwave"],"picked":"Exhume","floor":10},{"not_picked":["Double Tap","Twin Strike"],"picked":"Shrug It Off","floor":13},{"not_picked":["Berserk","Feed"],"picked":"Demon Form","floor":16},{"not_picked":["Intimidate+1","Twin Strike+1"],"picked":"Fire Breathing","floor":18},{"not_picked":["Body Slam","Thunderclap","Headbutt"],"picked":"SKIP","floor":19},{"not_picked":["Bloodletting","Uppercut"],"picked":"Infernal Blade","floor":20},{"not_picked":["Twin Strike","Dual Wield"],"picked":"Exhume","floor":23}],"player_experience":26105,"relics_obtained":[{"floor":7,"key":"Bag of Marbles"},{"floor":9,"key":"Juzu Bracelet"},{"floor":10,"key":"MealTicket"},{"floor":13,"key":"Bird Faced Urn"},{"floor":23,"key":"Smiling Mask"},{"floor":26,"key":"Letter Opener"}],"event_choices":[{"damage_healed":0,"gold_gain":0,"player_choice":"Take Damage","damage_taken":18,"relics_obtained":["Golden Idol"],"max_hp_gain":0,"max_hp_loss":0,"event_name":"Golden Idol","floor":2,"gold_loss":0},{"damage_healed":0,"gold_gain":0,"player_choice":"Forge","damage_taken":0,"max_hp_gain":0,"max_hp_loss":0,"event_name":"Accursed Blacksmith","floor":11,"gold_loss":0,"cards_upgraded":["Havoc"]},{"cards_removed":["Strike_R"],"damage_healed":0,"gold_gain":0,"player_choice":"Card Removal","damage_taken":0,"max_hp_gain":0,"max_hp_loss":0,"event_name":"The Cleric","floor":14,"gold_loss":50},{"damage_healed":0,"gold_gain":99,"player_choice":"Stole From Cult","damage_taken":0,"max_hp_gain":0,"max_hp_loss":0,"event_name":"Nest","floor":22,"gold_loss":0},{"damage_healed":0,"gold_gain":0,"player_choice":"Obtained Relic","damage_taken":0,"relics_obtained":["Meat on the Bone"],"max_hp_gain":0,"max_hp_loss":0,"event_name":"Addict","floor":25,"gold_loss":85}],"is_beta":false,"boss_relics":[{"not_picked":["Mark of Pain","Philosopher\u0027s Stone"],"picked":"Black Blood"}],"items_purged_floors":[21],"is_endless":false,"potions_floor_spawned":[3,4,5,13,18,20],"killed_by":"Gremlin Leader","ascension_level":14}}