{"host":"j29osl8nelwi4hyu","time":1609232806,"event":{"mods":["BaseMod","Colored Powertips","Hubris","Infinite Spire","Minty Spire (QoL Compilation)","Replay The Spire","StSLib"],"gold_per_floor":[33,83,83,83,83,137,167,167,167,270,284,328,328,328,328,426,426,445,457,457,457,524,524,569,569,620,649,649,111,123,134,134,134,134],"floor_reached":33,"playtime":1359,"items_purged":[],"score":360,"play_id":"45a687c7-c7b7-43a8-940d-30676da76d5d","local_time":"20201229010646","is_ascension_mode":true,"campfire_choices":[{"data":"HandOfGreed","floor":8.0,"key":"SMITH"},{"floor":15.0,"key":"REST"},{"data":"Echo Form","floor":23.0,"key":"SMITH"},{"floor":25.0,"key":"REST"},{"floor":28.0,"key":"RECALL"},{"floor":32,"key":"REST"}],"circlet_count":0,"master_deck":["Strike_B+1","Strike_B+1","Strike_B+1","Strike_B+1","Defend_B+1","Defend_B+1","Defend_B+1","Zap","Dualcast","HandOfGreed+1","Beam Cell","Streamline","Gash","Go for the Eyes","Redo","Conserve Battery","Self Repair+1","Echo Form+1","Coolheaded","Gash","Cold Snap","Melter","Leap+1","Enlightenment","Self Repair+1","hubris:Ukulele"],"relics":["Sizzling Blood","infinitespire:Cubic Diamond","Kunai","ReplayTheSpireMod:Ninjato","Bronze Scales","Replay:Mystery Machine","Pen Nib","Omamori","Sling"],"acts_visited":["Exordium","TheCity"],"potions_floor_usage":[31,31,33],"damage_taken":[{"damage":7.0,"enemies":"Jaw Worm","floor":1.0,"turns":2.0},{"damage":2.0,"enemies":"2 Louse","floor":2.0,"turns":3.0},{"damage":41.0,"enemies":"Lagavulin","floor":6.0,"turns":7.0},{"damage":1.0,"enemies":"Cultist","floor":7.0,"turns":3.0},{"damage":25.0,"enemies":"3 Sentries","floor":10.0,"turns":7.0},{"damage":11.0,"enemies":"Exordium Wildlife","floor":11.0,"turns":3.0},{"damage":0.0,"enemies":"Looter","floor":12.0,"turns":2.0},{"damage":35.0,"enemies":"Fading Forest","floor":16.0,"turns":11.0},{"damage":21.0,"enemies":"Chosen","floor":18.0,"turns":5.0},{"damage":48.0,"enemies":"2 Thieves","floor":19.0,"turns":4.0},{"damage":8.0,"enemies":"Centurion and Healer","floor":22.0,"turns":5.0},{"damage":26.0,"enemies":"Snake Plant","floor":24.0,"turns":6.0},{"damage":30.0,"enemies":"Book of Stabbing","floor":27.0,"turns":5.0},{"damage":10.0,"enemies":"Cultist and Chosen","floor":30.0,"turns":8.0},{"damage":25,"enemies":"Snecko","floor":31,"turns":6},{"damage":72,"enemies":"Collector","floor":33,"turns":9}],"seed_played":"-6475820697103891771","potions_obtained":[{"floor":7.0,"key":"Ancient Potion"},{"floor":10.0,"key":"EssenceOfDarkness"},{"floor":11.0,"key":"Ancient Potion"},{"floor":12.0,"key":"Cursed Concoction"},{"floor":22.0,"key":"SpeedPotion"},{"floor":24.0,"key":"Venom Potion"},{"floor":30.0,"key":"Elixir"},{"floor":31,"key":"Explosive Potion"}],"is_trial":false,"path_per_floor":["M","M","?","?","?","E","M","R","T","E","M","M","?","?","R","B",null,"M","M","?","?","M","R","M","R","T","E","R","$","M","M","R","B"],"character_chosen":"DEFECT","items_purchased":["Pen Nib","Omamori","Sling","Enlightenment"],"campfire_rested":3,"item_purchase_floors":[29,29,29,29],"current_hp_per_floor":[61,59,59,59,75,38,41,41,41,20,13,17,17,17,39,36,65,58,24,24,24,40,40,38,60,60,44,44,44,48,47,69,0,0],"gold":134,"neow_bonus":"RANDOM_COLORLESS_2","is_daily":false,"chose_seed":false,"campfire_upgraded":2,"win_rate":0.0,"timestamp":1609232806,"path_taken":["M","M","?","?","?","E","M","R","T","E","M","?","?","?","R","BOSS","M","M","?","?","M","R","M","R","T","E","R","$","M","M","R","BOSS"],"items_purchased_type":["Relic","Relic","Relic","Card"],"build_version":"2020-12-22","purchased_purges":0,"victory":false,"max_hp_per_floor":[75,75,75,75,75,75,75,75,75,75,75,75,75,75,75,75,75,75,75,75,75,75,75,75,75,75,75,75,75,75,75,75,75,75],"card_choices":[{"not_picked":["Violence","ReplayUltimateDefense"],"picked":"HandOfGreed","floor":0.0},{"not_picked":["Redo","Skim"],"picked":"Beam Cell","floor":1.0},{"not_picked":["Panic Button","Hologram"],"picked":"FIFO Queue","floor":2.0},{"not_picked":["Beam Cell","Fission"],"picked":"Gash","floor":6.0},{"not_picked":["Heatsinks","Panic Button"],"picked":"Go for the Eyes","floor":7.0},{"not_picked":["BasicCrystalCard","Fusion"],"picked":"Redo","floor":10.0},{"not_picked":["ReplayTheSpireMod:Repulse","Redo","Streamline"],"picked":"SKIP","floor":11.0},{"not_picked":["White Noise","Streamline"],"picked":"Conserve Battery","floor":12.0},{"not_picked":["Amplify","Mirror Shield"],"picked":"Echo Form","floor":16.0},{"not_picked":["Stack","Steam"],"picked":"Coolheaded","floor":18.0},{"not_picked":["BasicCrystalCard","Beam Cell"],"picked":"Gash","floor":19.0},{"not_picked":["Consume","hubris:PowerSurge+1"],"picked":"Cold Snap","floor":22.0},{"not_picked":["Stack","All For One"],"picked":"Melter","floor":24.0},{"not_picked":["Redo","Beam Cell"],"picked":"Leap+1","floor":27.0},{"not_picked":["Genetic Algorithm+1","Steam"],"picked":"Self Repair+1","floor":30.0},{"not_picked":["Blizzard+1","Cold Snap"],"picked":"hubris:Ukulele","floor":31}],"player_experience":282963,"relics_obtained":[{"floor":6.0,"key":"Kunai"},{"floor":9.0,"key":"ReplayTheSpireMod:Ninjato"},{"floor":10.0,"key":"Bronze Scales"},{"floor":27.0,"key":"Replay:Mystery Machine"}],"event_choices":[{"cards_removed":["FIFO Queue"],"damage_healed":16.0,"max_hp_gain":0.0,"max_hp_loss":0.0,"gold_gain":0.0,"event_name":"Bonfire Elementals","player_choice":"Offered Uncommon","floor":5.0,"gold_loss":0.0,"damage_taken":0.0},{"damage_healed":0.0,"max_hp_gain":0.0,"max_hp_loss":0.0,"gold_gain":0.0,"event_name":"Back to Basics","player_choice":"Simplicity","floor":21.0,"gold_loss":0.0,"damage_taken":0.0,"cards_upgraded":["Strike_B","Strike_B","Strike_B","Strike_B","Defend_B","Defend_B"]}],"is_beta":false,"boss_relics":[{"not_picked":["Honey Jar","Fusion Hammer","ReplayTheSpireMod:DimensionalGlitch"]}],"items_purged_floors":[],"is_endless":false,"potions_floor_spawned":[7,10,11,12,22,24,30,31],"killed_by":"Collector","ascension_level":6}}