{"host":"6za4ayowsop7ft3x","time":1609225967,"event":{"mods":["AchievementEnabler","BaseMod","Bestiary","Colored Map","Colored Powertips","Curses Come First","Downfall","Highlight Path","Minty Spire (QoL Compilation)","Quick Restart","StSLib"],"gold_per_floor":[110,89,101,114,127,157,172,201,228,241,96,96,111,131,131,235,235,255,266,278,278,289,289,316,316,362,389,406,406,426,426,426,531,581,593,607,364,382,292,292,292],"floor_reached":40,"playtime":2071,"items_purged":["Strike_G","Strike_G"],"score":519,"play_id":"b736b86d-6654-4fb6-9eb0-621c549bcc9e","local_time":"20201229151247","is_ascension_mode":false,"campfire_choices":[{"floor":12,"key":"REST"},{"floor":15,"key":"REST"},{"floor":23,"key":"REST"},{"floor":25,"key":"REST"},{"floor":29,"key":"REST"},{"floor":32,"key":"REST"}],"circlet_count":0,"master_deck":["Strike_G","Strike_G","Strike_G","Defend_G","Defend_G+1","Defend_G","Defend_G+1","Defend_G","Survivor","Masterful Stab","Dagger Throw","Dodge and Roll","Crippling Poison","Poisoned Stab","Slice","PiercingWail","Footwork","Footwork","After Image","Bouncing Flask","Crippling Poison+1","Backflip","Crippling Poison","Bouncing Flask","Poisoned Stab+1","Envenom","Adrenaline","Poisoned Stab","Footwork","Bouncing Flask+1","Poisoned Stab","Slice+1","Riddle With Holes+1","Crippling Poison","Bane+1"],"relics":["Fusion Hammer","Anchor","Bottled Lightning","Bronze Scales","Black Star","Dream Catcher","Boot","Bag of Preparation","Torii","Bag of Marbles","Tiny House","Orrery"],"acts_visited":["Exordium","TheCity","TheBeyond"],"potions_floor_usage":[33,38,38,38],"damage_taken":[{"damage":0,"enemies":"Small Slimes","floor":1,"turns":5},{"damage":0,"enemies":"2 Louse","floor":3,"turns":2},{"damage":1,"enemies":"Jaw Worm","floor":4,"turns":3},{"damage":8,"enemies":"Red Slaver","floor":5,"turns":3},{"damage":13,"enemies":"Gremlin Nob","floor":6,"turns":5},{"damage":0,"enemies":"Exordium Thugs","floor":7,"turns":5},{"damage":13,"enemies":"Lagavulin","floor":8,"turns":5},{"damage":0,"enemies":"Large Slime","floor":10,"turns":5},{"damage":0,"enemies":"2 Fungi Beasts","floor":13,"turns":2},{"damage":4,"enemies":"Blue Slaver","floor":14,"turns":2},{"damage":9,"enemies":"The Guardian","floor":16,"turns":11},{"damage":13,"enemies":"Shell Parasite","floor":18,"turns":6},{"damage":5,"enemies":"Spheric Guardian","floor":19,"turns":4},{"damage":21,"enemies":"Shelled Parasite and Fungi","floor":20,"turns":5},{"damage":6,"enemies":"Chosen and Byrds","floor":22,"turns":5},{"damage":14,"enemies":"Gremlin Leader","floor":24,"turns":7},{"damage":22,"enemies":"Slavers","floor":27,"turns":4},{"damage":6,"enemies":"Centurion and Healer","floor":28,"turns":6},{"damage":2,"enemies":"Snake Plant","floor":30,"turns":3},{"damage":42,"enemies":"Collector","floor":33,"turns":8},{"damage":9,"enemies":"3 Shapes","floor":35,"turns":3},{"damage":31,"enemies":"Orb Walker","floor":36,"turns":4},{"damage":19,"enemies":"Spire Growth","floor":38,"turns":5},{"damage":17,"enemies":"Reptomancer","floor":40,"turns":2}],"seed_played":"4569358331252175340","potions_obtained":[{"floor":1,"key":"PowerPotion"},{"floor":3,"key":"Block Potion"},{"floor":4,"key":"LiquidMemories"},{"floor":34,"key":"ColorlessPotion"}],"is_trial":false,"path_per_floor":["M","?","M","M","M","E","M","E","T","M","$","R","M","M","R","B",null,"M","M","M","?","M","R","E","R","T","E","M","R","M","?","R","B",null,"M","M","$","M","?","E"],"character_chosen":"THE_SILENT","items_purchased":["Footwork","Orrery"],"campfire_rested":6,"item_purchase_floors":[11,37],"current_hp_per_floor":[70,70,70,69,61,48,48,35,35,35,35,56,56,52,70,61,70,57,52,31,31,25,46,32,53,53,31,25,46,44,44,65,23,75,66,35,35,16,16,0,0],"gold":292,"neow_bonus":"BOSS_RELIC","is_daily":false,"chose_seed":false,"campfire_upgraded":0,"win_rate":0.0,"timestamp":1609225967,"path_taken":["M","?","M","M","M","E","M","E","T","M","$","R","M","M","R","BOSS","M","M","M","?","M","R","E","R","T","E","M","R","M","?","R","BOSS","M","M","$","M","?","E"],"items_purchased_type":["Card","Relic"],"build_version":"2020-12-22","purchased_purges":2,"victory":false,"max_hp_per_floor":[70,70,70,70,70,70,70,70,70,70,70,70,70,70,70,70,70,70,70,70,70,70,70,70,70,70,70,70,70,70,70,70,70,75,75,75,75,75,75,75,75],"card_choices":[{"not_picked":["All Out Attack","Sucker Punch"],"picked":"Masterful Stab","floor":1},{"not_picked":["Backflip","Outmaneuver"],"picked":"Dagger Throw","floor":3},{"not_picked":["Acrobatics","Expertise"],"picked":"Dodge and Roll","floor":4},{"not_picked":["Tools of the Trade","Dagger Throw"],"picked":"Crippling Poison","floor":5},{"not_picked":["Underhanded Strike","Quick Slash"],"picked":"Poisoned Stab","floor":6},{"not_picked":["Slice","Flying Knee"],"picked":"Choke","floor":7},{"not_picked":["Finisher","Tools of the Trade"],"picked":"Slice","floor":8},{"not_picked":["Dagger Throw","All Out Attack"],"picked":"PiercingWail","floor":10},{"not_picked":["Flying Knee","Prepared","Bane"],"picked":"SKIP","floor":13},{"not_picked":["Riddle With Holes","Terror"],"picked":"Footwork","floor":14},{"not_picked":["Tools of the Trade","Doppelganger"],"picked":"After Image","floor":16},{"not_picked":["Reflex","Prepared+1"],"picked":"Bouncing Flask","floor":18},{"not_picked":["Reflex","Backflip+1"],"picked":"Crippling Poison+1","floor":19},{"not_picked":["Reflex","Acrobatics"],"picked":"Backflip","floor":20},{"not_picked":["Dash","Acrobatics","Dagger Spray"],"picked":"SKIP","floor":22},{"not_picked":["Tactician","Deflect"],"picked":"Crippling Poison","floor":24},{"not_picked":["Reflex","Footwork"],"picked":"Bouncing Flask","floor":25},{"not_picked":["Backflip","Outmaneuver+1"],"picked":"Poisoned Stab+1","floor":27},{"not_picked":["Dodge and Roll","Slice"],"picked":"Envenom","floor":28},{"not_picked":["Blade Dance","Acrobatics","Quick Slash"],"picked":"SKIP","floor":30},{"not_picked":["Die Die Die","Unload"],"picked":"Adrenaline","floor":33},{"not_picked":["PiercingWail","Outmaneuver"],"picked":"Poisoned Stab","floor":34},{"not_picked":["Skewer","Outmaneuver"],"picked":"Footwork","floor":35},{"not_picked":["Quick Slash+1","Caltrops"],"picked":"Bouncing Flask+1","floor":36},{"not_picked":["Masterful Stab+1","Blur"],"picked":"Poisoned Stab","floor":37},{"not_picked":["Reflex","Prepared+1"],"picked":"Slice+1","floor":37},{"not_picked":["Tools of the Trade","Expertise"],"picked":"Riddle With Holes+1","floor":37},{"not_picked":["Outmaneuver","Dagger Throw"],"picked":"Crippling Poison","floor":37},{"not_picked":["Underhanded Strike+1","Flying Knee"],"picked":"Bane+1","floor":38}],"player_experience":16752,"relics_obtained":[{"floor":6,"key":"Anchor"},{"floor":8,"key":"Bottled Lightning"},{"floor":9,"key":"Bronze Scales"},{"floor":24,"key":"Dream Catcher"},{"floor":24,"key":"Boot"},{"floor":26,"key":"Bag of Preparation"},{"floor":27,"key":"Torii"},{"floor":27,"key":"Bag of Marbles"}],"event_choices":[{"damage_healed":0,"gold_gain":0,"player_choice":"Left Gold","damage_taken":0,"max_hp_gain":0,"max_hp_loss":0,"event_name":"World of Goop","floor":2,"gold_loss":21},{"damage_healed":0,"gold_gain":0,"player_choice":"Ignored","damage_taken":0,"max_hp_gain":0,"max_hp_loss":0,"event_name":"Vampires","floor":21,"gold_loss":0},{"cards_removed":["Choke"],"damage_healed":0,"gold_gain":0,"player_choice":"Elegance","damage_taken":0,"max_hp_gain":0,"max_hp_loss":0,"event_name":"Back to Basics","floor":31,"gold_loss":0},{"cards_removed":["Neutralize"],"damage_healed":0,"gold_gain":0,"player_choice":"Upgrade and Remove","damage_taken":0,"max_hp_gain":0,"max_hp_loss":0,"event_name":"Designer","floor":39,"gold_loss":90,"cards_upgraded":["Defend_G"]}],"is_beta":false,"boss_relics":[{"not_picked":["Sozu","Runic Dome"],"picked":"Black Star"},{"not_picked":["WristBlade","Coffee Dripper"],"picked":"Tiny House"}],"items_purged_floors":[11,37],"is_endless":false,"potions_floor_spawned":[1,3,4,8,14,22,27,30,36],"killed_by":"Reptomancer","ascension_level":0}}