{"host":"4ag909k4xupnj24b","time":1609242002,"event":{"mods":["BaseMod","Minty Spire (QoL Compilation)","StSLib"],"gold_per_floor":[163,174,174,174,18,18,18,31,58,58,89,105,105,135,135,210,210,226,151,168,178,178,204,204,216,216,232,259,259,14,28,28,106,106,134,165,177,189,226,238,285,350,386,398,77,77,95,95,95,95],"floor_reached":51,"playtime":2852,"items_purged":["Reinforced Body"],"score":1149,"play_id":"a989dbc5-9248-4e99-96cc-e39d52467446","local_time":"20201229034002","is_ascension_mode":true,"campfire_choices":[{"data":"Streamline","floor":6.0,"key":"SMITH"},{"floor":10.0,"key":"REST"},{"data":"Biased Cognition","floor":13.0,"key":"SMITH"},{"data":"Ball Lightning","floor":15.0,"key":"SMITH"},{"data":"Defragment","floor":24.0,"key":"SMITH"},{"data":"Defragment","floor":29.0,"key":"SMITH"},{"data":"Fusion","floor":32.0,"key":"SMITH"},{"floor":40,"key":"RECALL"},{"data":"Lockon","floor":44,"key":"SMITH"},{"data":"Capacitor","floor":46,"key":"SMITH"},{"data":"Creative AI","floor":49,"key":"SMITH"}],"circlet_count":0,"master_deck":["AscendersBane","Zap","Dualcast","Glacier+1","Streamline+1","Self Repair+1","Coolheaded","Biased Cognition+1","Ball Lightning+1","Creative AI+1","Machine Learning","Echo Form","Fusion+1","Glacier","Buffer+1","Biased Cognition","Defragment+1","Defragment+1","CurseOfTheBell","Capacitor+1","Lockon+1","Panacea+1"],"relics":["Tiny House","Happy Flower","Orichalcum","Torii","Odd Mushroom","Pandora\u0027s Box","Toxic Egg 2","Bronze Scales","Mummified Hand","Calling Bell","MawBank","Sundial","Emotion Chip","Gambling Chip","Toy Ornithopter","Ice Cream","Potion Belt","Nunchaku","Shuriken"],"acts_visited":["Exordium","TheCity","TheBeyond"],"potions_floor_usage":[39,50,50],"damage_taken":[{"damage":7.0,"enemies":"2 Louse","floor":1.0,"turns":3.0},{"damage":17.0,"enemies":"Small Slimes","floor":2.0,"turns":4.0},{"damage":10.0,"enemies":"Cultist","floor":8.0,"turns":5.0},{"damage":25.0,"enemies":"Lagavulin","floor":11.0,"turns":6.0},{"damage":9.0,"enemies":"3 Louse","floor":12.0,"turns":5.0},{"damage":12.0,"enemies":"The Mushroom Lair","floor":14.0,"turns":6.0},{"damage":13.0,"enemies":"Hexaghost","floor":16.0,"turns":12.0},{"damage":17.0,"enemies":"2 Thieves","floor":18.0,"turns":4.0},{"damage":1.0,"enemies":"Spheric Guardian","floor":20.0,"turns":4.0},{"damage":17.0,"enemies":"Centurion and Healer","floor":21.0,"turns":7.0},{"damage":24.0,"enemies":"Slavers","floor":23.0,"turns":9.0},{"damage":9.0,"enemies":"Snake Plant","floor":25.0,"turns":5.0},{"damage":7.0,"enemies":"Snecko","floor":27.0,"turns":6.0},{"damage":13.0,"enemies":"Gremlin Leader","floor":28.0,"turns":9.0},{"damage":17.0,"enemies":"Centurion and Healer","floor":31.0,"turns":5.0},{"damage":23.0,"enemies":"Champ","floor":33.0,"turns":8.0},{"damage":0.0,"enemies":"3 Shapes","floor":35.0,"turns":9.0},{"damage":17,"enemies":"3 Darklings","floor":36,"turns":8},{"damage":22,"enemies":"Mind Bloom Boss Battle","floor":39,"turns":9},{"damage":15,"enemies":"Nemesis","floor":41,"turns":9},{"damage":31,"enemies":"2 Orb Walkers","floor":42,"turns":6},{"damage":0,"enemies":"Jaw Worm Horde","floor":47,"turns":5},{"damage":18,"enemies":"Time Eater","floor":50,"turns":8}],"seed_played":"-6637519708966921850","potions_obtained":[{"floor":0.0,"key":"PowerPotion"},{"floor":1.0,"key":"Fruit Juice"},{"floor":12.0,"key":"Weak Potion"},{"floor":16.0,"key":"SneckoOil"},{"floor":21.0,"key":"Energy Potion"},{"floor":23.0,"key":"ColorlessPotion"},{"floor":25.0,"key":"PowerPotion"},{"floor":35.0,"key":"Energy Potion"},{"floor":42,"key":"Energy Potion"}],"is_trial":false,"path_per_floor":["M","M","?","?","$","R","?","M","T","R","E","M","R","?","R","B",null,"M","$","M","M","?","E","R","M","T","M","E","R","$","M","R","B",null,"M","M","?","?","?","R","E","?","T","R","$","R","M","T","R","B",null],"character_chosen":"DEFECT","items_purchased":["Happy Flower","Mummified Hand","Panacea+1","FocusPotion","SkillPotion","Nunchaku"],"campfire_rested":1,"item_purchase_floors":[5,30,45,45,45,45],"current_hp_per_floor":[62,45,30,30,30,30,30,30,30,52,37,38,38,36,36,33,65,58,58,76,69,69,65,65,61,61,74,71,71,71,74,74,61,76,81,74,74,74,62,62,57,46,46,46,46,46,66,66,66,58],"gold":95,"neow_bonus":"BOSS_RELIC","is_daily":false,"chose_seed":false,"campfire_upgraded":9,"win_rate":0.0,"timestamp":1609242002,"path_taken":["M","M","?","?","$","R","?","?","T","R","E","M","R","?","R","BOSS","M","$","M","M","?","E","R","M","T","M","E","R","?","M","R","BOSS","M","M","?","?","?","R","E","?","T","R","$","R","?","?","R","BOSS"],"items_purchased_type":["Relic","Relic","Card","Potion","Potion","Relic"],"build_version":"2020-12-22","purchased_purges":1,"victory":true,"max_hp_per_floor":[76,76,76,76,76,76,76,76,76,76,76,76,76,76,76,76,76,76,76,76,76,76,76,76,81,81,81,81,81,81,81,81,81,81,81,81,77,77,77,77,77,77,77,77,77,77,77,77,77,77],"card_choices":[{"not_picked":["Compile Driver","Defragment"],"picked":"Glacier","floor":0.0},{"not_picked":["Rebound","Coolheaded"],"picked":"Streamline","floor":1.0},{"not_picked":["Sweeping Beam","Aggregate"],"picked":"Self Repair","floor":2.0},{"not_picked":["Stack","Tempest"],"picked":"Coolheaded","floor":8.0},{"not_picked":["Skim","Coolheaded"],"picked":"Biased Cognition","floor":11.0},{"not_picked":["Tempest","Aggregate","Compile Driver"],"picked":"SKIP","floor":12.0},{"not_picked":["Cold Snap","Conserve Battery"],"picked":"Ball Lightning","floor":14.0},{"not_picked":["Machine Learning","Seek"],"picked":"Creative AI","floor":16.0},{"not_picked":["Cold Snap","Conserve Battery","Hologram"],"picked":"SKIP","floor":18.0},{"not_picked":["Compile Driver","Streamline","Cold Snap"],"picked":"SKIP","floor":20.0},{"not_picked":["Steam","Cold Snap","Go for the Eyes"],"picked":"SKIP","floor":21.0},{"not_picked":["Cold Snap","Biased Cognition"],"picked":"Defragment","floor":23.0},{"not_picked":["Hologram+1","Go for the Eyes","Beam Cell"],"picked":"SKIP","floor":25.0},{"not_picked":["Steam Power+1","Capacitor"],"picked":"Defragment","floor":27.0},{"not_picked":["Compile Driver","Leap+1","Go for the Eyes"],"picked":"SKIP","floor":28.0},{"not_picked":["Conserve Battery+1","Cold Snap","Beam Cell"],"picked":"SKIP","floor":31.0},{"not_picked":["Cold Snap","Beam Cell","Gash"],"picked":"SKIP","floor":35.0},{"not_picked":["Barrage","Ball Lightning"],"picked":"Capacitor","floor":36},{"not_picked":["FTL","Redo+1","Cold Snap"],"picked":"SKIP","floor":41},{"not_picked":["Ball Lightning","Redo+1"],"picked":"Lockon","floor":42},{"not_picked":["Barrage","Redo+1","Steam+1"],"picked":"SKIP","floor":47}],"player_experience":825113,"relics_obtained":[{"floor":9.0,"key":"Orichalcum"},{"floor":11.0,"key":"Torii"},{"floor":14.0,"key":"Odd Mushroom"},{"floor":23.0,"key":"Toxic Egg 2"},{"floor":28.0,"key":"Bronze Scales"},{"floor":34.0,"key":"MawBank"},{"floor":34.0,"key":"Sundial"},{"floor":34.0,"key":"Emotion Chip"},{"floor":39,"key":"Gambling Chip"},{"floor":41,"key":"Toy Ornithopter"},{"floor":42,"key":"Ice Cream"},{"floor":43,"key":"Potion Belt"},{"floor":48,"key":"Shuriken"}],"event_choices":[{"damage_healed":0.0,"max_hp_gain":0.0,"max_hp_loss":0.0,"gold_gain":0.0,"event_name":"Shining Light","player_choice":"Entered Light","floor":3.0,"gold_loss":0.0,"damage_taken":15.0,"cards_upgraded":["Defend_B","Glacier"]},{"damage_healed":0.0,"max_hp_gain":0.0,"max_hp_loss":0.0,"gold_gain":0.0,"event_name":"Living Wall","player_choice":"Grow","floor":4.0,"gold_loss":0.0,"damage_taken":0.0,"cards_upgraded":["Self Repair"]},{"cards_removed":["Strike_B"],"damage_healed":0.0,"max_hp_gain":0.0,"max_hp_loss":0.0,"gold_gain":0.0,"event_name":"Purifier","player_choice":"Purged","floor":7.0,"gold_loss":0.0,"damage_taken":0.0},{"damage_healed":0.0,"max_hp_gain":0.0,"max_hp_loss":0.0,"gold_gain":0.0,"event_name":"Mushrooms","player_choice":"Fought Mushrooms","floor":14.0,"gold_loss":0.0,"damage_taken":0.0},{"damage_healed":0.0,"max_hp_gain":0.0,"max_hp_loss":0.0,"gold_gain":0.0,"event_name":"Upgrade Shrine","player_choice":"Upgraded","floor":22.0,"gold_loss":0.0,"damage_taken":0.0,"cards_upgraded":["Buffer"]},{"damage_healed":0,"gold_gain":0,"player_choice":"Max HP","damage_taken":0,"max_hp_gain":0,"max_hp_loss":4,"event_name":"Winding Halls","floor":37,"gold_loss":0},{"damage_healed":0,"gold_gain":0,"player_choice":"Ignored","damage_taken":0,"max_hp_gain":0,"max_hp_loss":0,"event_name":"Tomb of Lord Red Mask","floor":38,"gold_loss":0},{"damage_healed":0,"gold_gain":0,"player_choice":"Fight","damage_taken":0,"max_hp_gain":0,"max_hp_loss":0,"event_name":"MindBloom","floor":39,"gold_loss":0},{"damage_healed":0,"gold_gain":0,"player_choice":"Fight","damage_taken":0,"max_hp_gain":0,"max_hp_loss":0,"event_name":"Mysterious Sphere","floor":42,"gold_loss":0}],"is_beta":false,"boss_relics":[{"not_picked":["Ectoplasm","Runic Pyramid"],"picked":"Pandora\u0027s Box"},{"not_picked":["Velvet Choker","Astrolabe"],"picked":"Calling Bell"}],"items_purged_floors":[19],"is_endless":false,"potions_floor_spawned":[1,12,16,21,23,25,35,42],"ascension_level":14}}