{"host":"yo9wwslrag05lh37","time":1609262215,"event":{"mods":["AchievementEnabler","BaseMod","Block Reminder","Colored Map","Colored Powertips","GifTheSpireLib","HexUI Lib","Highlight Path","Minty Spire (QoL Compilation)","Rare Cards Sparkle","Relic Stats","StSLib","everything is the same but u backflip on backflip"],"gold_per_floor":[115,115,134,146,146,146,178,49,75,75,88,88,101,116,116,210,210,224,224,224,240,240,275,275,299,381,306,73,123,144,168,168,258,258,278,294,274,23,38,74,74,74,74,114,145,157,188,216,228,240,240],"floor_reached":50,"playtime":2238,"items_purged":["Strike_B","Defend_B"],"score":1273,"play_id":"5b2eb1f6-e366-4ec4-9f55-567f4ccc5873","local_time":"20201229181655","is_ascension_mode":true,"campfire_choices":[{"data":"Darkness","floor":6,"key":"SMITH"},{"data":"Defragment","floor":10,"key":"SMITH"},{"data":"Buffer","floor":15,"key":"SMITH"},{"floor":24,"key":"REST"},{"floor":32,"key":"RECALL"},{"floor":42,"key":"REST"},{"floor":49,"key":"REST"}],"circlet_count":0,"master_deck":["AscendersBane","Strike_B+1","Strike_B+1","Defend_B","Defend_B","Zap","Dualcast","Darkness+1","Coolheaded","Sweeping Beam","Defragment+1","Ball Lightning","Reinforced Body","Compile Driver","Buffer+1","Machine Learning","FTL","Ghostly","Ghostly","Ghostly","Consume","Creative AI","Coolheaded","Loop","Compile Driver","Storm","Amplify","Heatsinks","Loop","Electrodynamics","Flash of Steel","Rip and Tear","Glacier"],"relics":["Philosopher\u0027s Stone","Lantern","Golden Idol","Fusion Hammer","Akabeko","White Beast Statue","Inserter","OrangePellets","Cables","Bag of Marbles","MawBank"],"acts_visited":["Exordium","TheCity","TheBeyond"],"potions_floor_usage":[23,23,33,35,40,44,48,50],"damage_taken":[{"damage":3,"enemies":"Jaw Worm","floor":1,"turns":3},{"damage":18,"enemies":"Small Slimes","floor":3,"turns":4},{"damage":1,"enemies":"2 Louse","floor":4,"turns":2},{"damage":46,"enemies":"Gremlin Nob","floor":7,"turns":4},{"damage":2,"enemies":"2 Fungi Beasts","floor":11,"turns":3},{"damage":10,"enemies":"Red Slaver","floor":13,"turns":2},{"damage":2,"enemies":"3 Louse","floor":14,"turns":2},{"damage":0,"enemies":"Hexaghost","floor":16,"turns":8},{"damage":19,"enemies":"2 Thieves","floor":18,"turns":4},{"damage":4,"enemies":"Spheric Guardian","floor":21,"turns":5},{"damage":16,"enemies":"Book of Stabbing","floor":23,"turns":6},{"damage":0,"enemies":"Snake Plant","floor":25,"turns":5},{"damage":0,"enemies":"Snecko","floor":30,"turns":4},{"damage":1,"enemies":"Centurion and Healer","floor":31,"turns":5},{"damage":13,"enemies":"Champ","floor":33,"turns":11},{"damage":6,"enemies":"3 Darklings","floor":35,"turns":5},{"damage":0,"enemies":"Orb Walker","floor":36,"turns":4},{"damage":8,"enemies":"Writhing Mass","floor":39,"turns":5},{"damage":0,"enemies":"Nemesis","floor":40,"turns":5},{"damage":0,"enemies":"Giant Head","floor":44,"turns":6},{"damage":0,"enemies":"Spire Growth","floor":45,"turns":5},{"damage":3,"enemies":"Jaw Worm Horde","floor":47,"turns":3},{"damage":1,"enemies":"3 Darklings","floor":48,"turns":3},{"damage":30,"enemies":"Donu and Deca","floor":50,"turns":3}],"seed_played":"1825540091880920593","potions_obtained":[{"floor":3,"key":"FairyPotion"},{"floor":4,"key":"Block Potion"},{"floor":13,"key":"Energy Potion"},{"floor":25,"key":"Regen Potion"},{"floor":30,"key":"Explosive Potion"},{"floor":31,"key":"ColorlessPotion"},{"floor":33,"key":"Fire Potion"},{"floor":35,"key":"LiquidBronze"},{"floor":36,"key":"DistilledChaos"},{"floor":39,"key":"FocusPotion"},{"floor":40,"key":"Block Potion"},{"floor":44,"key":"EssenceOfSteel"},{"floor":48,"key":"SmokeBomb"}],"is_trial":false,"path_per_floor":["M","?","M","M","?","R","E","$","T","R","M","?","M","M","R","B",null,"M","?","?","M","?","E","R","M","T","?","$","?","M","M","R","B",null,"M","M","?","$","M","E","?","R","T","E","M","?","M","M","R","B"],"character_chosen":"DEFECT","items_purchased":["Ball Lightning","Loop","Compile Driver","Heatsinks","OrangePellets"],"campfire_rested":3,"item_purchase_floors":[8,28,28,38,38],"current_hp_per_floor":[61,40,22,21,21,21,21,21,21,21,19,19,9,7,7,7,50,31,31,31,27,27,11,20,20,20,20,20,17,17,16,16,18,29,23,23,23,23,15,15,15,24,24,24,24,24,21,20,29,0,0],"gold":240,"neow_bonus":"BOSS_RELIC","is_daily":false,"chose_seed":false,"campfire_upgraded":3,"win_rate":0.0,"timestamp":1609262215,"path_taken":["M","?","M","M","?","R","E","$","T","R","M","?","M","M","R","BOSS","M","?","?","M","?","E","R","M","T","?","$","?","?","M","R","BOSS","M","M","?","?","M","E","?","R","T","E","?","?","?","M","R","BOSS"],"items_purchased_type":["Card","Card","Card","Card","Relic"],"build_version":"2020-12-22","purchased_purges":2,"victory":false,"max_hp_per_floor":[71,71,71,71,71,71,71,71,71,71,71,64,64,64,64,64,64,64,64,32,32,32,32,32,32,32,32,32,32,32,32,32,32,32,32,32,32,32,32,32,32,32,32,32,32,32,32,32,32,32,32],"relic_stats":{"OrangePellets":[5],"Inserter":[19],"counters":[24,107],"Golden Idol":106,"MawBank":72,"obtain_stats":[{"OrangePellets":38,"Lantern":7,"Inserter":34,"Golden Idol":12,"Philosopher\u0027s Stone":0,"Fusion Hammer":17,"Bag of Marbles":43,"Cracked Core":0,"MawBank":44,"Akabeko":23,"White Beast Statue":26,"Cables":40},{"OrangePellets":17,"Lantern":4,"Inserter":15,"Golden Idol":5,"Philosopher\u0027s Stone":0,"Fusion Hammer":8,"Bag of Marbles":19,"Cracked Core":0,"MawBank":20,"Akabeko":11,"White Beast Statue":12,"Cables":19},{"OrangePellets":77,"Lantern":13,"Inserter":68,"Golden Idol":16,"Philosopher\u0027s Stone":0,"Fusion Hammer":28,"Bag of Marbles":87,"Cracked Core":0,"MawBank":93,"Akabeko":43,"White Beast Statue":48,"Cables":87}],"Cables":[16,11,4,1,0]},"card_choices":[{"not_picked":["Gash","Hologram"],"picked":"Darkness","floor":1},{"not_picked":["Leap","Auto Shields"],"picked":"Coolheaded","floor":3},{"not_picked":["Barrage","Conserve Battery"],"picked":"Sweeping Beam","floor":4},{"not_picked":["Conserve Battery","BootSequence"],"picked":"Defragment","floor":7},{"not_picked":["Go for the Eyes","Auto Shields"],"picked":"Reinforced Body","floor":11},{"not_picked":["Darkness","Double Energy"],"picked":"Compile Driver","floor":13},{"not_picked":["Turbo","Leap"],"picked":"Buffer","floor":14},{"not_picked":["Hyperbeam","Thunder Strike"],"picked":"Machine Learning","floor":16},{"not_picked":["Conserve Battery","Steam+1"],"picked":"FTL","floor":18},{"not_picked":["Streamline","Rebound"],"picked":"Consume","floor":21},{"not_picked":["Streamline","Beam Cell"],"picked":"Creative AI","floor":23},{"not_picked":["Stack","Rebound"],"picked":"Coolheaded","floor":25},{"not_picked":["Streamline+1","Rebound"],"picked":"Storm","floor":30},{"not_picked":["Rip and Tear","Compile Driver","Rebound"],"picked":"SKIP","floor":31},{"not_picked":["Fission","All For One"],"picked":"Amplify","floor":33},{"not_picked":["Coolheaded","Reinforced Body","Leap"],"picked":"SKIP","floor":35},{"not_picked":["Fusion","Redo","Barrage"],"picked":"SKIP","floor":36},{"not_picked":["Streamline","Compile Driver"],"picked":"Loop","floor":39},{"not_picked":["Defragment","Genetic Algorithm"],"picked":"Electrodynamics","floor":40},{"not_picked":["Finesse","Jack Of All Trades"],"picked":"Flash of Steel","floor":41},{"not_picked":["Conserve Battery","Cold Snap","Turbo+1"],"picked":"SKIP","floor":44},{"not_picked":["Rebound+1","Sunder","Cold Snap+1"],"picked":"SKIP","floor":45},{"not_picked":["Go for the Eyes+1","Compile Driver","Gash"],"picked":"SKIP","floor":47},{"not_picked":["Sweeping Beam","Streamline"],"picked":"Glacier","floor":48}],"player_experience":1404299,"relics_obtained":[{"floor":7,"key":"Lantern"},{"floor":23,"key":"Akabeko"},{"floor":26,"key":"White Beast Statue"},{"floor":40,"key":"Cables"},{"floor":43,"key":"Bag of Marbles"},{"floor":44,"key":"MawBank"}],"event_choices":[{"damage_healed":0,"gold_gain":0,"player_choice":"Entered Light","damage_taken":21,"max_hp_gain":0,"max_hp_loss":0,"event_name":"Shining Light","floor":2,"gold_loss":0,"cards_upgraded":["Strike_B","Strike_B"]},{"damage_healed":0,"gold_gain":0,"player_choice":"Ignored","damage_taken":0,"max_hp_gain":0,"max_hp_loss":0,"event_name":"Liars Game","floor":5,"gold_loss":0},{"damage_healed":0,"gold_gain":0,"player_choice":"Lose Max HP","damage_taken":0,"relics_obtained":["Golden Idol"],"max_hp_gain":0,"max_hp_loss":7,"event_name":"Golden Idol","floor":12,"gold_loss":0},{"damage_healed":0,"gold_gain":0,"player_choice":"Ignored","damage_taken":0,"max_hp_gain":0,"max_hp_loss":0,"event_name":"Vampires","floor":19,"gold_loss":0},{"damage_healed":0,"gold_gain":0,"player_choice":"Became a Ghost","damage_taken":0,"max_hp_gain":0,"max_hp_loss":32,"event_name":"Ghosts","floor":20,"gold_loss":0,"cards_obtained":["Ghostly","Ghostly","Ghostly"]},{"damage_healed":0,"gold_gain":0,"player_choice":"Ignored","damage_taken":0,"max_hp_gain":0,"max_hp_loss":0,"event_name":"The Mausoleum","floor":22,"gold_loss":0},{"cards_removed":["Strike_B"],"damage_healed":0,"gold_gain":0,"player_choice":"Gave Gold","damage_taken":0,"max_hp_gain":0,"max_hp_loss":0,"event_name":"Beggar","floor":27,"gold_loss":75},{"damage_healed":0,"gold_gain":50,"player_choice":"Touch","damage_taken":3,"max_hp_gain":0,"max_hp_loss":0,"event_name":"FaceTrader","floor":29,"gold_loss":0},{"damage_healed":0,"gold_gain":0,"player_choice":"Bought 1 Potion","damage_taken":0,"max_hp_gain":0,"max_hp_loss":0,"event_name":"The Woman in Blue","floor":37,"gold_loss":0},{"damage_healed":0,"gold_gain":0,"player_choice":"Memory 1","damage_taken":0,"max_hp_gain":0,"max_hp_loss":0,"event_name":"SensoryStone","floor":41,"gold_loss":0},{"damage_healed":0,"gold_gain":0,"cards_transformed":["Defend_B"],"player_choice":"Transformed","damage_taken":0,"max_hp_gain":0,"max_hp_loss":0,"event_name":"Transmorgrifier","floor":46,"gold_loss":0,"cards_obtained":["Rip and Tear"]}],"is_beta":false,"boss_relics":[{"not_picked":["Tiny House","Sozu"],"picked":"Fusion Hammer"},{"not_picked":["Busted Crown","Astrolabe"],"picked":"Inserter"}],"items_purged_floors":[8,28],"is_endless":false,"potions_floor_spawned":[3,4,13,14,25,30,31,33,35,36,39,40,44,45,47,48],"killed_by":"Donu and Deca","ascension_level":20}}