{"host":"Alvar","time":1609234748,"event":{"mods":["AchievementEnabler","Aspiration","BaseMod","Minty Spire (QoL Compilation)","StSLib"],"gold_per_floor":[117,131,22,22,37,72,72,122,177,190,190,190],"floor_reached":11,"playtime":253,"items_purged":[],"score":142,"play_id":"48cf0254-172c-443e-a75d-e41ec7bf8b26","local_time":"20201229163908","is_ascension_mode":true,"campfire_choices":[],"circlet_count":0,"master_deck":["AscendersBane","Strike_G","Strike_G","Strike_G","Strike_G","Strike_G","Defend_G","Defend_G","Defend_G","Defend_G","Defend_G","Survivor","Neutralize","Predator","Finisher","Noxious Fumes"],"relics":["Ring of the Snake","aspiration:Nostalgia","PureWater","Mummified Hand","Blood Vial","PreservedInsect"],"acts_visited":["Exordium"],"potions_floor_usage":[6],"damage_taken":[{"damage":3,"enemies":"Cultist","floor":1,"turns":4},{"damage":0,"enemies":"2 Louse","floor":2,"turns":2},{"damage":0,"enemies":"Small Slimes","floor":5,"turns":3},{"damage":32,"enemies":"Gremlin Nob","floor":6,"turns":4},{"damage":22,"enemies":"Exordium Wildlife","floor":10,"turns":6},{"damage":0,"enemies":"Lagavulin","floor":11,"turns":1}],"seed_played":"425278225693308828","potions_obtained":[{"floor":10,"key":"SmokeBomb"}],"is_trial":false,"path_per_floor":["M","M","$","?","M","E","$","?","T","M","E"],"character_chosen":"THE_SILENT","items_purchased":["PowerPotion","Block Potion"],"campfire_rested":0,"item_purchase_floors":[3,3],"current_hp_per_floor":[56,56,56,56,56,24,24,24,24,4,6,6],"gold":190,"neow_bonus":"NOSTALGIA","is_daily":false,"chose_seed":false,"campfire_upgraded":0,"win_rate":0.0,"timestamp":1609234748,"path_taken":["M","M","?","?","?","E","$","?","T","M","E"],"items_purchased_type":["Potion","Potion"],"build_version":"2020-12-18","purchased_purges":0,"victory":false,"max_hp_per_floor":[66,66,66,66,66,66,66,66,66,66,66,66],"card_choices":[{"not_picked":["Cloak And Dagger","Prepared"],"picked":"Predator","floor":1},{"not_picked":["Cloak And Dagger","Riddle With Holes"],"picked":"Quick Slash","floor":2},{"not_picked":["Bane","Outmaneuver"],"picked":"Finisher","floor":5},{"not_picked":["Backflip","Escape Plan"],"picked":"Noxious Fumes","floor":6},{"not_picked":["Dodge and Roll","Slice","Endless Agony"],"picked":"SKIP","floor":10}],"player_experience":753482,"relics_obtained":[{"floor":6,"key":"Blood Vial"},{"floor":9,"key":"PreservedInsect"}],"event_choices":[{"cards_removed":["Quick Slash"],"damage_healed":0,"gold_gain":0,"player_choice":"Gave Card","damage_taken":0,"relics_obtained":["Mummified Hand"],"max_hp_gain":0,"max_hp_loss":0,"event_name":"WeMeetAgain","floor":4,"gold_loss":0},{"damage_healed":0,"gold_gain":50,"player_choice":"Pray","damage_taken":0,"max_hp_gain":0,"max_hp_loss":0,"event_name":"Golden Shrine","floor":8,"gold_loss":0}],"is_beta":true,"boss_relics":[],"items_purged_floors":[],"is_endless":false,"potions_floor_spawned":[5,10],"killed_by":"Lagavulin","ascension_level":19}}