{"host":"bf9sa99gaumonoeu","time":1609248593,"event":{"mods":["AchievementEnabler","BaseMod","Colored Map","Downfall","Friendly Minions","Marisa????????","Minty Spire (QoL Compilation)","Replay The Spire","StSLib","The Cursed","The Disciple","The Servant 0.9.4","everything is the same but u backflip on backflip","slay the spire mod where everything is the same but ironclad has a cowboy hat"],"gold_per_floor":[117,127,140,150,168,203,203,223,249,264,37,37,37,63,63,167,167,178,178,178,190,116,116,147,161,216,315,17,30,56,56,56,161,161,172,172,222,222,278,278,299,323,405,443,443,443,92,106,106,106],"floor_reached":51,"playtime":6601,"items_purged":["Strike_Br","Strike_Br","Strike_Br","Wraith"],"score":900,"play_id":"6e4f859e-96e0-4823-be8e-de5e5c3529d3","local_time":"20201229112953","is_ascension_mode":false,"campfire_choices":[{"data":"ReapSow","floor":13.0,"key":"SMITH"},{"data":"Allegro","floor":15.0,"key":"SMITH"},{"data":"LockedScales","floor":23.0,"key":"SMITH"},{"floor":32.0,"key":"REST"},{"data":"Fragmentalize","floor":40.0,"key":"SMITH"},{"data":"OldTimer","floor":45,"key":"SMITH"},{"floor":49,"key":"REST"}],"circlet_count":0,"master_deck":["Defend_Br","Defend_Br","Defend_Br","SecondHand","PatternShift","Parity","Echoward","TiringSlam+1","LockedScales+1","Break","BackFourSeconds","Allegro+1","ReapSow+6","AlternateTimeline","Pendulum","Backlash","WatchCommand","PrimeTime+1","LockedAnchor","Fragmentalize+1","LockedAnchor+1","RageCommand","LockedThread","MasterKey","Looming Evil","LockedWarPaint","OldTimer+1","Languid","Languid","Hallucinations","Sickly","TickedOff","Apotheosis","LockedAnchor","LockedAnchor","HandsUpC+1"],"relics":["Chronometer","Bag of Preparation","Happy Flower","FaceOfCleric","ReplayTheSpireMod:TigerMarble","Membership Card","MysticCrockPot","Chameleon Ring","Ring of Chaos","Smiling Mask","Pet Ghost","Anchor","HornCleat","BlueBox","Philosopher\u0027s Stone","Ring of Greed","ReplayTheSpireMod:Ring of Addiction","Toy Ornithopter","White Beast Statue","Blue Doll","Golden Idol","Incense Burner","Replay:Accelerometer","Garlic","OrangePellets","Gremlin Horn"],"acts_visited":["Exordium","TheCity","TheBeyond"],"potions_floor_usage":[44,50,50,50],"damage_taken":[{"damage":1.0,"enemies":"Jaw Worm","floor":1.0,"turns":6.0},{"damage":2.0,"enemies":"Cultist","floor":2.0,"turns":4.0},{"damage":0.0,"enemies":"2 Louse","floor":3.0,"turns":3.0},{"damage":5.0,"enemies":"Looter","floor":4.0,"turns":4.0},{"damage":5.0,"enemies":"Large Slime","floor":5.0,"turns":6.0},{"damage":4.0,"enemies":"3 Sentries","floor":6.0,"turns":9.0},{"damage":0.0,"enemies":"2 Fungi Beasts","floor":8.0,"turns":6.0},{"damage":0.0,"enemies":"3 Louse","floor":10.0,"turns":4.0},{"damage":11.0,"enemies":"Gremlin Nob","floor":14.0,"turns":4.0},{"damage":35.0,"enemies":"Fading Forest","floor":16.0,"turns":11.0},{"damage":0.0,"enemies":"3 Byrds","floor":18.0,"turns":3.0},{"damage":0.0,"enemies":"Spheric Guardian","floor":21.0,"turns":1.0},{"damage":16.0,"enemies":"Gremlin Leader","floor":24.0,"turns":9.0},{"damage":10.0,"enemies":"Centurion and Healer","floor":25.0,"turns":8.0},{"damage":0.0,"enemies":"Shelled Parasite and Fungi","floor":29.0,"turns":6.0},{"damage":4.0,"enemies":"Slavers","floor":30.0,"turns":7.0},{"damage":32.0,"enemies":"Collector","floor":33.0,"turns":10.0},{"damage":14.0,"enemies":"3 Darklings","floor":35.0,"turns":9.0},{"damage":22.0,"enemies":"2 Orb Walkers","floor":39.0,"turns":6.0},{"damage":0.0,"enemies":"3 Shapes","floor":41.0,"turns":3.0},{"damage":0.0,"enemies":"Sphere and 2 Shapes","floor":42.0,"turns":4.0},{"damage":21,"enemies":"Giant Head","floor":44,"turns":8},{"damage":0,"enemies":"Jaw Worm Horde","floor":48,"turns":2},{"damage":24,"enemies":"Donu and Deca","floor":50,"turns":10}],"seed_played":"4457111731007285156","potions_obtained":[{"floor":2.0,"key":"BlessingOfTheForge"},{"floor":4.0,"key":"Block Potion"},{"floor":14.0,"key":"Explosive Potion"},{"floor":16.0,"key":"ColorlessPotion"},{"floor":21.0,"key":"PowerPotion"},{"floor":25.0,"key":"Adrenaline Potion"},{"floor":33.0,"key":"Dexterity Potion"},{"floor":37.0,"key":"Toxic Potion"},{"floor":37.0,"key":"Flashbang"},{"floor":37.0,"key":"AttackPotion"},{"floor":39.0,"key":"Energy Potion"},{"floor":42.0,"key":"BlessingOfTheForge"},{"floor":44,"key":"Energy Potion"},{"floor":48,"key":"Cursed Concoction"}],"is_trial":false,"path_per_floor":["M","M","M","M","M","E","?","M","T","M","$","T","R","E","R","B",null,"M","?","?","M","$","R","E","M","T","?","$","M","E","?","R","B",null,"M","?","?","?","?","R","M","M","T","E","R","?","$","M","R","B",null],"character_chosen":"CHRONO_CLASS","items_purchased":["Membership Card","champ:CounterPotion","BlessingOfTheForge","SpeedPotion","Anchor","HornCleat","OrangePellets","Gremlin Horn","Apotheosis","LockedAnchor"],"campfire_rested":2,"item_purchase_floors":[11,22,28,28,28,28,47,47,47,47],"current_hp_per_floor":[64,62,62,57,52,48,48,49,49,50,50,50,50,42,42,21,69,70,70,57,58,58,58,46,41,41,41,41,42,39,39,63,45,81,68,68,68,68,53,53,54,55,55,50,50,50,50,51,74,68],"gold":106,"neow_bonus":"RANDOM_COMMON_RELIC","is_daily":false,"chose_seed":false,"campfire_upgraded":5,"win_rate":0.0,"timestamp":1609248593,"path_taken":["M","M","M","M","M","E","?","M","T","M","$","?","R","E","R","BOSS","M","?","?","M","$","R","E","M","T","?","$","M","E","?","R","BOSS","M","?","?","?","?","R","M","M","T","E","R","?","$","?","R","BOSS"],"items_purchased_type":["Relic","Potion","Potion","Potion","Relic","Relic","Relic","Relic","Card","Card"],"build_version":"2020-12-22","purchased_purges":4,"victory":true,"max_hp_per_floor":[65,65,65,65,65,65,65,66,66,67,67,67,67,68,68,69,69,70,70,75,76,76,76,77,78,78,78,78,79,80,80,80,81,81,82,82,82,78,79,79,80,81,79,80,80,80,80,79,79,80],"card_choices":[{"not_picked":["LockedBlood","CrunchTime"],"picked":"Parity","floor":1.0},{"not_picked":["Engulf","HandsUpC"],"picked":"Echoward","floor":2.0},{"not_picked":["PrimeTime","LockedUrn"],"picked":"TiringSlam","floor":3.0},{"not_picked":["Backlash","TickedOff"],"picked":"LockedScales","floor":4.0},{"not_picked":["Engulf","EscortCommand"],"picked":"Break","floor":5.0},{"not_picked":["Echoward","LockedUrn"],"picked":"BackFourSeconds","floor":6.0},{"not_picked":["BlueShift","LockedBlood","LockedOrichalcum"],"picked":"SKIP","floor":8.0},{"not_picked":["WatchCommand","LockedAnchor"],"picked":"ReapSow","floor":10.0},{"not_picked":["Tempo","LockedWhetstone"],"picked":"AlternateTimeline","floor":14.0},{"not_picked":["OldTimer","Fragmentalize"],"picked":"Pendulum","floor":16.0},{"not_picked":["HandsUpB+1","LockedMercury+1"],"picked":"Backlash","floor":18.0},{"not_picked":["HandsUpB","HandsUpC+1"],"picked":"PrimeTime+1","floor":21.0},{"not_picked":["CrunchTime","Echoward","LockedMedicine"],"picked":"SKIP","floor":24.0},{"not_picked":["LockedMedicine","HandsUpC","BiteCommand"],"picked":"SKIP","floor":25.0},{"not_picked":["HandsUpB+1","CrunchTime+1","ReapSow+1"],"picked":"SKIP","floor":29.0},{"not_picked":["LockedMawBank+1","OracleForm"],"picked":"LockedAnchor+1","floor":30.0},{"not_picked":["LockedLightning","RageCommand"],"picked":"MasterKey","floor":33.0},{"not_picked":["HandsUpB+1","Parity+1","LockedMercury"],"picked":"SKIP","floor":35.0},{"not_picked":["BeatsPerMinute+1","Engulf+1"],"picked":"LockedWarPaint","floor":39.0},{"not_picked":["BeatsPerMinute","BlueShift+1"],"picked":"OldTimer","floor":41.0},{"not_picked":["LockedThread","Parity+1","Recurrance"],"picked":"SKIP","floor":42.0},{"not_picked":["PrimeTime+1","LockedBlood"],"picked":"TickedOff","floor":44},{"not_picked":["ReapSow+1","Echoward+1"],"picked":"HandsUpC+1","floor":48}],"player_experience":538538,"relics_obtained":[{"floor":6.0,"key":"Happy Flower"},{"floor":9.0,"key":"ReplayTheSpireMod:TigerMarble"},{"floor":12.0,"key":"MysticCrockPot"},{"floor":14.0,"key":"Chameleon Ring"},{"floor":24.0,"key":"Smiling Mask"},{"floor":26.0,"key":"Pet Ghost"},{"floor":30.0,"key":"BlueBox"},{"floor":37.0,"key":"Ring of Greed"},{"floor":37.0,"key":"ReplayTheSpireMod:Ring of Addiction"},{"floor":37.0,"key":"Toy Ornithopter"},{"floor":37.0,"key":"White Beast Statue"},{"floor":37.0,"key":"Blue Doll"},{"floor":37.0,"key":"Golden Idol"},{"floor":39.0,"key":"Incense Burner"},{"floor":43.0,"key":"Replay:Accelerometer"},{"floor":44,"key":"Garlic"}],"event_choices":[{"damage_healed":0.0,"max_hp_gain":0.0,"max_hp_loss":0.0,"gold_gain":0.0,"event_name":"FaceTrader","player_choice":"Trade","floor":7.0,"gold_loss":0.0,"damage_taken":0.0,"relics_obtained":["FaceOfCleric"]},{"damage_healed":0.0,"max_hp_gain":0.0,"max_hp_loss":0.0,"gold_gain":0.0,"event_name":"The Library","player_choice":"Read","floor":19.0,"gold_loss":0.0,"damage_taken":0.0,"cards_obtained":["WatchCommand"]},{"damage_healed":0.0,"max_hp_gain":5.0,"max_hp_loss":0.0,"gold_gain":0.0,"event_name":"Forgotten Altar","player_choice":"Shed Blood","floor":20.0,"gold_loss":0.0,"damage_taken":18.0},{"damage_healed":0.0,"max_hp_gain":0.0,"max_hp_loss":0.0,"gold_gain":99.0,"event_name":"Nest","player_choice":"Stole From Cult","floor":27.0,"gold_loss":0.0,"damage_taken":0.0},{"damage_healed":0.0,"max_hp_gain":0.0,"max_hp_loss":0.0,"gold_gain":0.0,"cards_transformed":["Strike_Br","Defend_Br"],"event_name":"Drug Dealer","player_choice":"Became Test Subject","floor":31.0,"gold_loss":0.0,"damage_taken":0.0,"cards_obtained":["RageCommand","LockedThread"]},{"damage_healed":0.0,"max_hp_gain":0.0,"max_hp_loss":0.0,"gold_gain":0.0,"event_name":"OrinTheCat","player_choice":"Ignored","floor":36.0,"gold_loss":0.0,"damage_taken":0.0},{"damage_healed":0.0,"max_hp_gain":0.0,"max_hp_loss":4.0,"gold_gain":0.0,"event_name":"Winding Halls","player_choice":"Max HP","floor":38.0,"gold_loss":0.0,"damage_taken":0.0},{"damage_healed":0.0,"max_hp_gain":0.0,"max_hp_loss":0.0,"gold_gain":0.0,"event_name":"Mysterious Sphere","player_choice":"Fight","floor":39.0,"gold_loss":0.0,"damage_taken":0.0},{"damage_healed":0,"gold_gain":0,"player_choice":"Forge","damage_taken":0,"max_hp_gain":0,"max_hp_loss":0,"event_name":"Accursed Blacksmith","floor":46,"gold_loss":0,"cards_upgraded":["TiringSlam"]}],"is_beta":false,"boss_relics":[{"not_picked":["Replay:Drink Me","Tiny House"],"picked":"Ring of Chaos"},{"not_picked":["Chronograph","Runic Pyramid"],"picked":"Philosopher\u0027s Stone"}],"items_purged_floors":[11,22,28,47],"is_endless":false,"potions_floor_spawned":[2,4,14,16,21,25,29,33,39,41,42,44,48],"ascension_level":0}}