{"host":"f6tqpspb2ou2a4h5","time":1609237199,"event":{"mods":["2.2 Compatiblity","Ascension Unlocker","BaseMod","Colored Map","DeckTracker","Hermit","Highlight Path","KOR Keyword Fix","Keyboard Shortcuts","Minty Spire (QoL Compilation)","Permanent Neow","Quick Restart","Random Character Button","StSLib","SuperFastMode","The Poker Player","everything is the same but u backflip on backflip"],"gold_per_floor":[109,127,127,127,302,302,322,322,390,390,415,431,59,79,79,210,210,235,253,253,253],"floor_reached":20,"playtime":652,"items_purged":["Defend_B"],"score":241,"play_id":"a6dcaff4-1128-4f77-8dad-d06b3c115bc6","local_time":"20201229191959","is_ascension_mode":true,"campfire_choices":[{"data":"Zap","floor":6,"key":"SMITH"},{"data":"Conserve Battery","floor":8,"key":"SMITH"},{"data":"Apotheosis","floor":15,"key":"SMITH"}],"circlet_count":0,"master_deck":["Strike_B","Strike_B","Defend_B","Defend_B","Zap+1","Dualcast","Skim","Compile Driver","Conserve Battery+1","Biased Cognition+1","Apotheosis+1","Capacitor+1","Barrage","Barrage","Biased Cognition+1","Static Discharge+1","Darkness"],"relics":["Cracked Core","Omamori","Bag of Preparation","Golden Idol","Frozen Egg 2","Empty Cage"],"acts_visited":["Exordium","TheCity"],"potions_floor_usage":[14,16,19,19],"damage_taken":[{"damage":0,"enemies":"2 Louse","floor":1,"turns":3},{"damage":7,"enemies":"Jaw Worm","floor":2,"turns":3},{"damage":9,"enemies":"Small Slimes","floor":7,"turns":4},{"damage":0,"enemies":"Exordium Wildlife","floor":11,"turns":3},{"damage":2,"enemies":"Looter","floor":12,"turns":3},{"damage":22,"enemies":"Gremlin Gang","floor":14,"turns":4},{"damage":8,"enemies":"Slime Boss","floor":16,"turns":6},{"damage":43,"enemies":"3 Byrds","floor":18,"turns":4},{"damage":15,"enemies":"2 Thieves","floor":19,"turns":3},{"damage":9,"enemies":"Snake Plant","floor":20,"turns":1}],"seed_played":"-1082956746290043655","potions_obtained":[{"floor":1,"key":"Regen Potion"},{"floor":2,"key":"SpeedPotion"},{"floor":7,"key":"DistilledChaos"},{"floor":14,"key":"PowerPotion"},{"floor":18,"key":"Ancient Potion"},{"floor":19,"key":"DistilledChaos"}],"is_trial":false,"path_per_floor":["M","M","?","?","?","R","M","R","T","?","M","M","$","M","R","B",null,"M","M","M"],"character_chosen":"DEFECT","items_purchased":["Apotheosis","Capacitor+1","Barrage"],"campfire_rested":0,"item_purchase_floors":[13,13,13],"current_hp_per_floor":[68,61,61,61,61,61,52,52,52,52,52,50,50,28,28,20,57,14,8,0,0],"gold":253,"neow_bonus":"RANDOM_COMMON_RELIC","is_daily":false,"chose_seed":false,"campfire_upgraded":3,"win_rate":0.0,"timestamp":1609237199,"path_taken":["M","M","?","?","?","R","?","R","T","?","?","M","$","M","R","BOSS","M","M","M"],"items_purchased_type":["Card","Card","Card"],"build_version":"2020-12-22","purchased_purges":1,"victory":false,"max_hp_per_floor":[75,75,75,69,69,69,69,69,69,69,69,69,69,69,69,69,69,69,69,69,69],"card_choices":[{"not_picked":["Heatsinks","Glacier"],"picked":"Skim","floor":1},{"not_picked":["Scrape","Rebound"],"picked":"Compile Driver","floor":2},{"not_picked":["Redo","Stack"],"picked":"Conserve Battery","floor":7},{"not_picked":["Turbo","Tempest","Fusion"],"picked":"SKIP","floor":11},{"not_picked":["Redo","Chill"],"picked":"Biased Cognition+1","floor":12},{"not_picked":["Steam","Conserve Battery"],"picked":"Barrage","floor":14},{"not_picked":["Thunder Strike","Creative AI+1"],"picked":"Biased Cognition+1","floor":16},{"not_picked":["Redo","Cold Snap"],"picked":"Static Discharge+1","floor":18},{"not_picked":["Barrage","Scrape"],"picked":"Darkness","floor":19}],"player_experience":95941,"relics_obtained":[{"floor":9,"key":"Frozen Egg 2"}],"event_choices":[{"damage_healed":0,"gold_gain":0,"player_choice":"Box","damage_taken":0,"relics_obtained":["Bag of Preparation"],"max_hp_gain":0,"max_hp_loss":0,"event_name":"Big Fish","floor":3,"gold_loss":0,"cards_obtained":["Regret"]},{"damage_healed":0,"gold_gain":0,"player_choice":"Lose Max HP","damage_taken":0,"relics_obtained":["Golden Idol"],"max_hp_gain":0,"max_hp_loss":6,"event_name":"Golden Idol","floor":4,"gold_loss":0},{"damage_healed":0,"gold_gain":175,"player_choice":"AGREE","damage_taken":0,"max_hp_gain":0,"max_hp_loss":0,"event_name":"Liars Game","floor":5,"gold_loss":0,"cards_obtained":["Doubt"]},{"cards_removed":["Strike_B"],"damage_healed":0,"gold_gain":0,"player_choice":"Purged","damage_taken":0,"max_hp_gain":0,"max_hp_loss":0,"event_name":"Purifier","floor":10,"gold_loss":0}],"is_beta":false,"boss_relics":[{"not_picked":["Ectoplasm","FrozenCore"],"picked":"Empty Cage"}],"items_purged_floors":[13],"is_endless":false,"potions_floor_spawned":[1,2,7,11,14,18,19],"killed_by":"Snake Plant","ascension_level":9}}