{"host":"cxvet2awney1vbzu","time":1609212923,"event":{"mods":["AchievementEnabler","BaseMod","Colored Powertips","Highlight Path","Minty Spire (QoL Compilation)","Quick Restart","StSLib"],"gold_per_floor":[216,227,238,256,256,291,216,216,216,247,247,273,236,88,88,183,183,163,176,23,23,35,64,84,113,113,212,238,238,113,126,126,225,225,242,242,322,322,149,176,192,192,238,249,74,109,121,143,155,167,179,191,64,95,95],"floor_reached":56,"playtime":6376,"items_purged":["Defend_G","Defend_G","Strike_G","Defend_G","Defend_G"],"score":1362,"play_id":"f95d7fdf-1f62-4720-b52c-c32295b6610b","local_time":"20201229033523","is_ascension_mode":true,"campfire_choices":[{"data":"Neutralize","floor":8.0,"key":"SMITH"},{"floor":15.0,"key":"REST"},{"data":"Tools of the Trade","floor":32.0,"key":"SMITH"},{"floor":42.0,"key":"RECALL"},{"floor":49.0,"key":"REST"},{"data":"Accuracy","floor":52.0,"key":"SMITH"}],"circlet_count":0,"master_deck":["Strike_G","Survivor","Neutralize+1","Dagger Throw","Sucker Punch","Heel Hook","Storm of Steel+1","Backstab","Tactician+1","Backflip+1","Acrobatics+1","Night Terror+1","Accuracy+1","Die Die Die+1","Acrobatics+1","Tactician+1","Reflex+1","Finisher+1","Envenom"],"relics":["Ring of the Snake","Oddly Smooth Stone","Singing Bowl","Toxic Egg 2","Tiny Chest","Empty Cage","Orrery","Omamori","Molten Egg 2","Orichalcum","Pen Nib","Black Star","Ninja Scroll","Ginger","Toy Ornithopter","MealTicket","Snake Skull","MawBank","Nunchaku","Anchor","Paper Crane"],"acts_visited":["Exordium","TheCity","TheBeyond","TheEnding"],"potions_floor_usage":[55,55],"damage_taken":[{"damage":0.0,"enemies":"Cultist","floor":1.0,"turns":5.0},{"damage":0.0,"enemies":"Small Slimes","floor":2.0,"turns":4.0},{"damage":0.0,"enemies":"2 Louse","floor":3.0,"turns":3.0},{"damage":13.0,"enemies":"Exordium Wildlife","floor":4.0,"turns":6.0},{"damage":29.0,"enemies":"Gremlin Nob","floor":6.0,"turns":5.0},{"damage":11.0,"enemies":"Lagavulin","floor":10.0,"turns":6.0},{"damage":9.0,"enemies":"3 Sentries","floor":12.0,"turns":10.0},{"damage":21.0,"enemies":"The Guardian","floor":16.0,"turns":15.0},{"damage":24.0,"enemies":"2 Thieves","floor":18.0,"turns":4.0},{"damage":3.0,"enemies":"Chosen","floor":19.0,"turns":6.0},{"damage":0.0,"enemies":"Snecko","floor":22.0,"turns":5.0},{"damage":15.0,"enemies":"Slavers","floor":23.0,"turns":6.0},{"damage":1.0,"enemies":"Centurion and Healer","floor":24.0,"turns":4.0},{"damage":11.0,"enemies":"Book of Stabbing","floor":25.0,"turns":8.0},{"damage":0.0,"enemies":"Chosen and Byrds","floor":31.0,"turns":3.0},{"damage":12.0,"enemies":"Automaton","floor":33.0,"turns":12.0},{"damage":6.0,"enemies":"3 Shapes","floor":35.0,"turns":2.0},{"damage":0.0,"enemies":"Reptomancer","floor":40.0,"turns":2.0},{"damage":0.0,"enemies":"3 Darklings","floor":41.0,"turns":3.0},{"damage":0.0,"enemies":"Transient","floor":44.0,"turns":2.0},{"damage":38.0,"enemies":"Nemesis","floor":46.0,"turns":5.0},{"damage":0.0,"enemies":"4 Shapes","floor":48.0,"turns":1.0},{"damage":6.0,"enemies":"Awakened One","floor":50.0,"turns":4.0},{"damage":0,"enemies":"Shield and Spear","floor":54,"turns":3},{"damage":39,"enemies":"The Heart","floor":55,"turns":6}],"seed_played":"2254833749340444179","potions_obtained":[{"floor":1.0,"key":"Weak Potion"},{"floor":4.0,"key":"Block Potion"},{"floor":6.0,"key":"Strength Potion"},{"floor":12.0,"key":"DuplicationPotion"},{"floor":18.0,"key":"EssenceOfSteel"},{"floor":19.0,"key":"Ancient Potion"},{"floor":31.0,"key":"SpeedPotion"},{"floor":33.0,"key":"BlessingOfTheForge"},{"floor":41.0,"key":"Energy Potion"},{"floor":44.0,"key":"GhostInAJar"},{"floor":48.0,"key":"Ancient Potion"}],"is_trial":false,"path_per_floor":["M","M","M","M","?","E","$","R","T","E","?","E","?","$","R","B",null,"M","M","$","?","M","E","M","E","T","?","T","?","$","M","R","B",null,"M","?","T","T","$","E","M","R","T","M","$","E","?","M","R","B",null,"R","$","E","B",null],"character_chosen":"THE_SILENT","items_purchased":["Energy Potion","Orrery","Acrobatics+1","Envenom"],"campfire_rested":2,"item_purchase_floors":[14,20,39,53],"current_hp_per_floor":[70,70,70,57,57,28,28,28,28,19,12,5,5,5,27,6,74,52,49,51,51,53,38,39,28,28,28,28,28,28,30,30,18,84,80,80,80,80,80,80,82,82,82,84,90,52,52,52,79,73,90,90,90,92,60],"gold":95,"neow_bonus":"HUNDRED_GOLD","is_daily":false,"chose_seed":false,"campfire_upgraded":3,"win_rate":0.0,"timestamp":1609212923,"path_taken":["M","?","M","M","?","E","$","R","T","E","?","E","?","$","R","BOSS","M","M","$","?","M","E","M","E","T","?","?","?","$","M","R","BOSS","M","?","?","?","$","E","M","R","T","?","$","E","?","M","R","BOSS","R","$","E","BOSS"],"items_purchased_type":["Potion","Relic","Card","Card"],"build_version":"2020-12-22","purchased_purges":5,"victory":true,"max_hp_per_floor":[70,70,70,70,70,70,70,70,70,72,72,74,74,74,74,74,74,76,76,78,78,80,80,82,82,82,82,82,82,82,84,84,84,84,86,86,86,86,86,86,88,88,88,90,90,90,90,90,90,90,90,90,90,92,92],"card_choices":[{"not_picked":["Calculated Gamble","Distraction","PiercingWail"],"picked":"SKIP","floor":1.0},{"not_picked":["Expertise","Flechettes"],"picked":"Dagger Throw","floor":2.0},{"not_picked":["Eviscerate","Blade Dance"],"picked":"Sucker Punch","floor":3.0},{"not_picked":["Caltrops","Outmaneuver","Leg Sweep"],"picked":"SKIP","floor":4.0},{"not_picked":["Footwork","Doppelganger"],"picked":"Heel Hook","floor":6.0},{"not_picked":["Leg Sweep+1","Predator","Calculated Gamble+1"],"picked":"Singing Bowl","floor":10.0},{"not_picked":["Poisoned Stab","Cloak And Dagger+1","Dagger Spray"],"picked":"Singing Bowl","floor":12.0},{"not_picked":["After Image","Wraith Form v2"],"picked":"Tools of the Trade","floor":16.0},{"not_picked":["Dodge and Roll+1","Flying Knee+1","Bane"],"picked":"Singing Bowl","floor":18.0},{"not_picked":["Dodge and Roll+1","Prepared+1"],"picked":"Storm of Steel+1","floor":19.0},{"not_picked":["Sucker Punch","Cloak And Dagger+1"],"picked":"Backstab","floor":20.0},{"not_picked":["Dagger Throw","Slice"],"picked":"Tactician+1","floor":20.0},{"not_picked":["Caltrops","Corpse Explosion+1"],"picked":"Backflip+1","floor":20.0},{"not_picked":["Dodge and Roll+1","Infinite Blades"],"picked":"Acrobatics+1","floor":20.0},{"not_picked":["Poisoned Stab","Deflect+1","Dagger Throw+1"],"picked":"Singing Bowl","floor":20.0},{"not_picked":["Bane","Slice","Outmaneuver+1"],"picked":"Singing Bowl","floor":22.0},{"not_picked":["Infinite Blades","Flying Knee+1"],"picked":"Night Terror+1","floor":23.0},{"not_picked":["Blade Dance+1","Dagger Spray+1","Dash+1"],"picked":"Singing Bowl","floor":24.0},{"not_picked":["Slice+1","Dodge and Roll+1"],"picked":"Accuracy","floor":25.0},{"not_picked":["Terror+1","Slice+1","Flying Knee+1"],"picked":"Singing Bowl","floor":31.0},{"not_picked":["Bullet Time+1","Night Terror+1"],"picked":"Die Die Die+1","floor":33.0},{"not_picked":["Dagger Throw+1","Backflip+1","Eviscerate+1"],"picked":"Singing Bowl","floor":35.0},{"not_picked":["Outmaneuver+1","Backflip+1"],"picked":"Tactician+1","floor":40.0},{"not_picked":["Infinite Blades","Deadly Poison+1","Calculated Gamble+1"],"picked":"Singing Bowl","floor":41.0},{"not_picked":["Well Laid Plans+1","Cloak And Dagger+1","Quick Slash+1"],"picked":"Singing Bowl","floor":44.0},{"not_picked":["Night Terror+1","Cloak And Dagger+1"],"picked":"Reflex+1","floor":46.0},{"not_picked":["Heel Hook+1","Acrobatics+1"],"picked":"Finisher+1","floor":48.0},{"not_picked":["Prepared+1","All Out Attack+1","Dagger Throw+1"],"picked":"Singing Bowl","floor":54}],"player_experience":436867,"relics_obtained":[{"floor":6.0,"key":"Oddly Smooth Stone"},{"floor":9.0,"key":"Singing Bowl"},{"floor":10.0,"key":"Toxic Egg 2"},{"floor":12.0,"key":"Tiny Chest"},{"floor":23.0,"key":"Molten Egg 2"},{"floor":25.0,"key":"Orichalcum"},{"floor":28.0,"key":"Pen Nib"},{"floor":37.0,"key":"Ninja Scroll"},{"floor":38.0,"key":"Ginger"},{"floor":40.0,"key":"Toy Ornithopter"},{"floor":40.0,"key":"MealTicket"},{"floor":43.0,"key":"Snake Skull"},{"floor":46.0,"key":"MawBank"},{"floor":46.0,"key":"Nunchaku"},{"floor":54,"key":"Anchor"},{"floor":54,"key":"Paper Crane"}],"event_choices":[{"cards_removed":["Strike_G"],"damage_healed":0.0,"max_hp_gain":0.0,"max_hp_loss":0.0,"gold_gain":0.0,"event_name":"Living Wall","player_choice":"Forget","floor":5.0,"gold_loss":0.0,"damage_taken":0.0},{"cards_removed":["Strike_G"],"damage_healed":0.0,"max_hp_gain":0.0,"max_hp_loss":0.0,"gold_gain":0.0,"event_name":"Golden Wing","player_choice":"Card Removal","floor":11.0,"gold_loss":0.0,"damage_taken":7.0},{"damage_healed":0.0,"max_hp_gain":0.0,"max_hp_loss":0.0,"gold_gain":0.0,"event_name":"World of Goop","player_choice":"Left Gold","floor":13.0,"gold_loss":37.0,"damage_taken":0.0},{"damage_healed":0.0,"max_hp_gain":0.0,"max_hp_loss":0.0,"gold_gain":0.0,"event_name":"Addict","player_choice":"Stole Relic","floor":21.0,"gold_loss":0.0,"damage_taken":0.0,"relics_obtained":["Omamori"],"cards_obtained":["Shame"]},{"damage_healed":0.0,"max_hp_gain":0.0,"max_hp_loss":0.0,"gold_gain":99.0,"event_name":"Nest","player_choice":"Stole From Cult","floor":27.0,"gold_loss":0.0,"damage_taken":0.0},{"cards_removed":["Shame"],"damage_healed":0.0,"max_hp_gain":0.0,"max_hp_loss":0.0,"gold_gain":0.0,"event_name":"Back to Basics","player_choice":"Elegance","floor":29.0,"gold_loss":0.0,"damage_taken":0.0},{"cards_removed":["Tools of the Trade"],"damage_healed":0.0,"max_hp_gain":0.0,"max_hp_loss":0.0,"gold_gain":0.0,"event_name":"Falling","player_choice":"Removed Power","floor":36.0,"gold_loss":0.0,"damage_taken":0.0},{"damage_healed":0.0,"max_hp_gain":0.0,"max_hp_loss":0.0,"gold_gain":0.0,"event_name":"Tomb of Lord Red Mask","player_choice":"Ignored","floor":47.0,"gold_loss":0.0,"damage_taken":0.0}],"is_beta":false,"boss_relics":[{"not_picked":["Cursed Key","SlaversCollar"],"picked":"Empty Cage"},{"not_picked":["Velvet Choker","Fusion Hammer"],"picked":"Black Star"}],"items_purged_floors":[7,14,30,39,45],"is_endless":false,"potions_floor_spawned":[1,4,6,12,18,19,31,33,41,44,48,54],"ascension_level":1}}