{"host":"cyiefo55v5hz1ih5","time":1609269658,"event":{"mods":["2.2 Compatiblity","AchievementEnabler","BaseMod","GifTheSpireLib","GungeonMod","Hubris","Minty Spire (QoL Compilation)","Replay The Spire","Spicy Shops","StSLib"],"gold_per_floor":[111,125,207,225,225,256,256,271,296,315,342,342,374,374,374,475,475,495,495,495,505,535,535,589,624,624,646,646,646],"floor_reached":28,"playtime":1559,"items_purged":[],"score":378,"play_id":"97a6dc3b-17e8-4d89-bde0-f10b62975237","local_time":"20201229142058","is_ascension_mode":true,"campfire_choices":[{"floor":12,"key":"REST"},{"data":"DemoMod:ShadowBullets","floor":15,"key":"SMITH"},{"floor":23,"key":"REST"}],"circlet_count":0,"master_deck":["DemoMod:Strike_Huntress","DemoMod:Defend_Huntress","DemoMod:Defend_Huntress","DemoMod:Defend_Huntress","DemoMod:Defend_Huntress","DemoMod:Roll+1","DemoMod:ManualReload","DemoMod:RustySidearm+1","DemoMod:CrossBow","DemoMod:FinishedGun","DemoMod:ShadowBullets+1","DemoMod:Unmoved","DemoMod:GunstockTap","DemoMod:FinishedGun","DemoMod:MachoBrace","DemoMod:GunShield+1"],"relics":["DemoMod:Dog","NeowsBlessing","Whetstone","Simple Rune","PreservedInsect","DemoMod:WhiteGuonStone","Durian","hubris:DisguiseKit","hubris:VirtuousBlindfold","Ancient Tea Set","Mercury Hourglass"],"acts_visited":["Exordium","TheCity"],"potions_floor_usage":[11,18,21,21,22,24,25],"damage_taken":[{"damage":0.0,"enemies":"Cultist","floor":1.0,"turns":1.0},{"damage":0.0,"enemies":"Small Slimes","floor":2.0,"turns":1.0},{"damage":0.0,"enemies":"2 Louse","floor":4.0,"turns":1.0},{"damage":3.0,"enemies":"3 Sentries","floor":6.0,"turns":7.0},{"damage":0.0,"enemies":"Large Slime","floor":8.0,"turns":2.0},{"damage":0.0,"enemies":"Exordium Thugs","floor":10.0,"turns":4.0},{"damage":0,"enemies":"Lagavulin","floor":11,"turns":3},{"damage":0,"enemies":"Gremlin Nob","floor":13,"turns":2},{"damage":0,"enemies":"Slime Boss","floor":16,"turns":5},{"damage":2,"enemies":"Shell Parasite","floor":18,"turns":3},{"damage":1,"enemies":"2 Thieves","floor":21,"turns":2},{"damage":18,"enemies":"Snake Plant","floor":22,"turns":4},{"damage":32,"enemies":"Gremlin Leader","floor":24,"turns":4},{"damage":4,"enemies":"3 Cultists","floor":25,"turns":4},{"damage":12,"enemies":"Centurion and Healer","floor":27,"turns":6},{"damage":17,"enemies":"Replay:Snechameleon","floor":28,"turns":4}],"seed_played":"-2085983447630470164","potions_obtained":[{"floor":3.0,"key":"SteroidPotion"},{"floor":3.0,"key":"Milkshake"},{"floor":6.0,"key":"Elixir"},{"floor":8.0,"key":"SkillPotion"},{"floor":16,"key":"Flashbang"},{"floor":18,"key":"Explosive Potion"},{"floor":22,"key":"AttackPotion"},{"floor":24,"key":"Fire Potion"}],"is_trial":false,"path_per_floor":["M","M","?","M","?","E","?","M","T","M","E","R","E","?","R","B",null,"M","?","?","M","M","R","E","M","T","M","E"],"character_chosen":"HUNTRESS","items_purchased":[],"campfire_rested":2,"item_purchase_floors":[],"current_hp_per_floor":[70,70,42,42,42,39,39,39,39,39,39,60,65,65,65,65,75,73,59,59,58,40,64,32,28,28,16,0,0],"gold":646,"neow_bonus":"THREE_ENEMY_KILL","is_daily":false,"chose_seed":false,"campfire_upgraded":1,"win_rate":0.0,"timestamp":1609269658,"path_taken":["M","?","?","M","?","E","?","?","T","M","E","R","E","?","R","BOSS","M","?","?","M","M","R","E","M","T","?","E"],"items_purchased_type":[],"build_version":"2020-12-22","purchased_purges":0,"victory":false,"max_hp_per_floor":[70,70,70,70,70,70,70,70,70,70,70,70,75,75,75,75,75,75,80,80,80,80,80,80,80,80,80,80,80],"card_choices":[{"not_picked":["DemoMod:BattleInHaste","DemoMod:JK47","DemoMod:FeignSurrender"],"picked":"SKIP","floor":1.0},{"not_picked":["DemoMod:SAA","DemoMod:StickyCrossBow","DemoMod:AC15"],"picked":"SKIP","floor":2.0},{"not_picked":["DemoMod:ZorGun","DemoMod:Unmoved"],"picked":"DemoMod:FinishedGun","floor":4.0},{"not_picked":["DemoMod:FastSwitch","DemoMod:FortunesFavor"],"picked":"DemoMod:ShadowBullets","floor":6.0},{"not_picked":["DemoMod:Camera","DemoMod:SAA"],"picked":"DemoMod:GunstockTap","floor":8.0},{"not_picked":["DemoMod:HighKaliber","DemoMod:LifeOrb"],"picked":"DemoMod:Purify","floor":10.0},{"not_picked":["DemoMod:ZorGun","DemoMod:StrategicReserve","DemoMod:PotionOfGunFriendShip"],"picked":"SKIP","floor":11},{"not_picked":["DemoMod:FeignSurrender","DemoMod:AWP","DemoMod:SpreadAmmo"],"picked":"SKIP","floor":13},{"not_picked":["DemoMod:BalloonGun","DemoMod:Elimentaler","Offering"],"picked":"DemoMod:FinishedGun","floor":16},{"not_picked":["DemoMod:ConditionalReflex","DemoMod:SAA","True Grit"],"picked":"DemoMod:MachoBrace","floor":18},{"not_picked":["DemoMod:ConditionalReflex+1","DemoMod:StrategicReserve","DemoMod:Replace","Heavy Blade"],"picked":"SKIP","floor":21},{"not_picked":["DemoMod:MegaHand","DemoMod:AbyssalTentacle+1","DemoMod:SAA+1","Anger"],"picked":"SKIP","floor":22},{"not_picked":["DemoMod:FinishedGun","DemoMod:Polaris","Power Through"],"picked":"DemoMod:GunShield+1","floor":24},{"not_picked":["DemoMod:BoxingGlove","DemoMod:ConditionalReflex","DemoMod:MegaHand","Run Through"],"picked":"SKIP","floor":25},{"not_picked":["DemoMod:SAA+1","DemoMod:Eureka","DemoMod:MegaHand","Massacre"],"picked":"SKIP","floor":27}],"player_experience":719355,"relics_obtained":[{"floor":3.0,"key":"Whetstone"},{"floor":6.0,"key":"Simple Rune"},{"floor":9.0,"key":"PreservedInsect"},{"floor":11,"key":"DemoMod:WhiteGuonStone"},{"floor":13,"key":"Durian"},{"floor":24,"key":"Ancient Tea Set"},{"floor":26,"key":"Mercury Hourglass"}],"event_choices":[{"damage_healed":0.0,"max_hp_gain":0.0,"max_hp_loss":0.0,"gold_gain":0.0,"event_name":"Match and Keep!","player_choice":"1 cards matched","floor":7.0,"gold_loss":0.0,"damage_taken":0.0,"cards_obtained":["DemoMod:Unmoved"]},{"damage_healed":0,"gold_gain":0,"player_choice":"Shed Blood","damage_taken":19,"max_hp_gain":5,"max_hp_loss":0,"event_name":"Forgotten Altar","floor":19,"gold_loss":0},{"cards_removed":["DemoMod:Strike_Huntress"],"damage_healed":0,"gold_gain":0,"player_choice":"Purged","damage_taken":0,"max_hp_gain":0,"max_hp_loss":0,"event_name":"Purifier","floor":20,"gold_loss":0}],"is_beta":false,"boss_relics":[{"not_picked":["Busted Crown","Astrolabe"],"picked":"hubris:VirtuousBlindfold"}],"items_purged_floors":[],"is_endless":false,"potions_floor_spawned":[6,8,10,11,16,18,22,24],"killed_by":"Replay:Snechameleon","ascension_level":1}}