{"host":"2no1vwhhkhf0ohz3","time":1609236971,"event":{"mods":["AchievementEnabler","BaseMod","Colored Map","DeckTracker","Keyboard Shortcuts","Minty Spire (QoL Compilation)","Relic Stats","SuperFastMode"],"gold_per_floor":[110,110,120,137,149,149,159,159,231,231,104,133,148,8,8,106,106,126,225,38,38,38,38,54,54,54,89,89,89,105,132,132,231,231,247,227,208,219,233,233,262,262,262,272,286,286,286,299,299,299],"floor_reached":51,"playtime":1299,"items_purged":["Strike_B","Strike_B"],"score":720,"play_id":"8f55dc2d-a791-48f3-a08e-ec9c8296e87f","local_time":"20201229191611","is_ascension_mode":false,"campfire_choices":[{"data":"Dualcast","floor":6.0,"key":"SMITH"},{"data":"Beam Cell","floor":8.0,"key":"SMITH"},{"data":"Defragment","floor":15.0,"key":"SMITH"},{"data":"Creative AI","floor":23.0,"key":"SMITH"},{"data":"Capacitor","floor":29.0,"key":"SMITH"},{"data":"Storm","floor":32.0,"key":"SMITH"},{"data":"Zap","floor":40.0,"key":"SMITH"},{"data":"Enlightenment","floor":47,"key":"SMITH"},{"data":"Hologram","floor":49,"key":"SMITH"}],"circlet_count":0,"master_deck":["Defend_B","Defend_B","Zap+1","Dualcast+1","Doom and Gloom+1","Rebound","Ball Lightning","Go for the Eyes","Hologram","Echo Form","Capacitor+1","Defragment+1","Creative AI+1","Storm+1","Chill+1","Hologram+1","Force Field+1","Echo Form","Barrage+1","Thunder Strike+1","Blizzard+1","Undo","Hologram+1","Enlightenment+1","Self Repair"],"relics":["Cracked Core","Meat on the Bone","Mango","Cursed Key","Membership Card","Nilry\u0027s Codex","Mummified Hand","Juzu Bracelet","Red Mask","Astrolabe","Blood Vial"],"acts_visited":["Exordium","TheCity","TheBeyond"],"potions_floor_usage":[44,50,50],"damage_taken":[{"damage":0.0,"enemies":"2 Louse","floor":1.0,"turns":3.0},{"damage":5.0,"enemies":"Cultist","floor":3.0,"turns":4.0},{"damage":2.0,"enemies":"Small Slimes","floor":4.0,"turns":2.0},{"damage":2.0,"enemies":"Blue Slaver","floor":5.0,"turns":2.0},{"damage":1.0,"enemies":"2 Fungi Beasts","floor":7.0,"turns":2.0},{"damage":19.0,"enemies":"3 Sentries","floor":12.0,"turns":3.0},{"damage":3.0,"enemies":"Exordium Wildlife","floor":13.0,"turns":2.0},{"damage":42.0,"enemies":"Hexaghost","floor":16.0,"turns":7.0},{"damage":32.0,"enemies":"Shell Parasite","floor":18.0,"turns":5.0},{"damage":5.0,"enemies":"Chosen","floor":24.0,"turns":3.0},{"damage":23.0,"enemies":"Slavers","floor":27.0,"turns":4.0},{"damage":18.0,"enemies":"Sentry and Sphere","floor":30.0,"turns":4.0},{"damage":14.0,"enemies":"Masked Bandits","floor":31.0,"turns":4.0},{"damage":14.0,"enemies":"Collector","floor":33.0,"turns":6.0},{"damage":20.0,"enemies":"Orb Walker","floor":35.0,"turns":3.0},{"damage":0.0,"enemies":"3 Shapes","floor":38.0,"turns":3.0},{"damage":3.0,"enemies":"Transient","floor":39.0,"turns":5.0},{"damage":7.0,"enemies":"Reptomancer","floor":41.0,"turns":4.0},{"damage":8,"enemies":"Jaw Worm Horde","floor":44,"turns":4},{"damage":16,"enemies":"Writhing Mass","floor":45,"turns":4},{"damage":13,"enemies":"Sphere and 2 Shapes","floor":48,"turns":4},{"damage":37,"enemies":"Donu and Deca","floor":50,"turns":7}],"seed_played":"-2202098568999315371","potions_obtained":[{"floor":3.0,"key":"CultistPotion"},{"floor":5.0,"key":"Explosive Potion"},{"floor":13.0,"key":"Explosive Potion"},{"floor":18.0,"key":"PowerPotion"},{"floor":33.0,"key":"AttackPotion"},{"floor":36.0,"key":"SneckoOil"},{"floor":41.0,"key":"Regen Potion"},{"floor":45,"key":"Explosive Potion"},{"floor":48,"key":"Block Potion"}],"is_trial":false,"path_per_floor":["M","?","M","M","M","R","M","R","T","?","$","E","M","$","R","B",null,"M","?","$","?","T","R","M","$","T","E","?","R","M","?","R","B",null,"M","?","$","M","M","R","E","?","T","M","M","?","R","M","R","B",null],"character_chosen":"DEFECT","items_purchased":["Hologram","Defragment","Membership Card","Storm","Undo"],"campfire_rested":0,"item_purchase_floors":[11,14,20,20,37],"current_hp_per_floor":[75,75,70,68,66,66,65,65,65,70,70,65,62,62,62,32,94,62,62,62,46,46,46,53,53,53,42,42,42,36,34,34,32,94,74,74,74,74,71,71,64,64,64,70,56,56,56,57,57,41],"gold":299,"neow_bonus":"TRANSFORM_CARD","is_daily":false,"chose_seed":false,"campfire_upgraded":9,"win_rate":0.0,"timestamp":1609236971,"path_taken":["M","?","M","?","M","R","M","R","T","?","$","E","M","$","R","BOSS","M","?","$","?","?","R","M","$","T","E","?","R","M","?","R","BOSS","M","?","$","M","M","R","E","?","T","M","M","?","R","M","R","BOSS"],"items_purchased_type":["Card","Card","Relic","Card","Card"],"build_version":"2020-12-22","purchased_purges":2,"victory":true,"max_hp_per_floor":[75,75,75,75,75,75,75,75,75,80,80,94,94,94,94,94,94,94,94,94,94,94,94,94,94,94,94,94,94,94,94,94,94,94,94,94,94,94,94,94,94,94,94,94,94,94,94,94,94,94],"relic_stats":{"Blood Vial":8,"counters":[22,85],"Mummified Hand":[145],"Astrolabe":["Barrage","Thunder Strike","Blizzard"],"Juzu Bracelet":2,"Cursed Key":0,"obtain_stats":[{"Blood Vial":41,"Nilry\u0027s Codex":21,"Mummified Hand":24,"Astrolabe":34,"Mango":12,"Juzu Bracelet":27,"Red Mask":31,"Membership Card":20,"Cracked Core":0,"Cursed Key":17,"Meat on the Bone":9},{"Blood Vial":18,"Nilry\u0027s Codex":9,"Mummified Hand":10,"Astrolabe":14,"Mango":6,"Juzu Bracelet":11,"Red Mask":13,"Membership Card":9,"Cracked Core":0,"Cursed Key":8,"Meat on the Bone":5},{"Blood Vial":66,"Nilry\u0027s Codex":30,"Mummified Hand":32,"Astrolabe":51,"Mango":16,"Juzu Bracelet":37,"Red Mask":45,"Membership Card":30,"Cracked Core":0,"Cursed Key":25,"Meat on the Bone":13}],"Meat on the Bone":96},"card_choices":[{"not_picked":["Compile Driver","Redo"],"picked":"Rebound","floor":1.0},{"not_picked":["Go for the Eyes","Leap"],"picked":"Beam Cell","floor":3.0},{"not_picked":["Coolheaded","Cold Snap"],"picked":"Ball Lightning","floor":4.0},{"not_picked":["Scrape","Reinforced Body"],"picked":"Go for the Eyes","floor":5.0},{"not_picked":["Stack","Steam","Fusion"],"picked":"SKIP","floor":7.0},{"not_picked":["Barrage","Reinforced Body"],"picked":"Echo Form","floor":12.0},{"not_picked":["Steam","Reinforced Body"],"picked":"Capacitor","floor":13.0},{"not_picked":["Reboot","Buffer"],"picked":"Creative AI","floor":16.0},{"not_picked":["Tempest","Reprogram","Rebound"],"picked":"SKIP","floor":18.0},{"not_picked":["Beam Cell","Rip and Tear+1"],"picked":"Aggregate+1","floor":24.0},{"not_picked":["Tempest+1","Steam"],"picked":"Chill+1","floor":27.0},{"not_picked":["Sweeping Beam","Conserve Battery"],"picked":"Force Field+1","floor":30.0},{"not_picked":["Reboot","Fission"],"picked":"Echo Form","floor":33.0},{"not_picked":["Leap+1","Steam","Stack+1"],"picked":"SKIP","floor":35.0},{"not_picked":["Hologram","Doom and Gloom","Lockon+1"],"picked":"SKIP","floor":38.0},{"not_picked":["Undo","Sweeping Beam"],"picked":"Hologram+1","floor":39.0},{"not_picked":["Auto Shields","Streamline+1","Fission"],"picked":"SKIP","floor":41.0},{"not_picked":["Blizzard","Hologram","Compile Driver+1"],"picked":"SKIP","floor":44},{"not_picked":["Rebound+1","Stack","Doom and Gloom+1"],"picked":"SKIP","floor":45},{"not_picked":["Impatience","Forethought"],"picked":"Enlightenment","floor":46},{"not_picked":["BootSequence","Gash"],"picked":"Self Repair","floor":48}],"player_experience":260497,"relics_obtained":[{"floor":9.0,"key":"Meat on the Bone"},{"floor":12.0,"key":"Mango"},{"floor":21.0,"key":"Nilry\u0027s Codex"},{"floor":27.0,"key":"Juzu Bracelet"},{"floor":31.0,"key":"Red Mask"},{"floor":41.0,"key":"Blood Vial"}],"event_choices":[{"damage_healed":0.0,"max_hp_gain":0.0,"max_hp_loss":0.0,"gold_gain":0.0,"event_name":"Upgrade Shrine","player_choice":"Upgraded","floor":2.0,"gold_loss":0.0,"damage_taken":0.0,"cards_upgraded":["Doom and Gloom"]},{"damage_healed":0.0,"max_hp_gain":5.0,"max_hp_loss":0.0,"gold_gain":0.0,"event_name":"Big Fish","player_choice":"Donut","floor":10.0,"gold_loss":0.0,"damage_taken":0.0},{"damage_healed":0.0,"max_hp_gain":0.0,"max_hp_loss":0.0,"gold_gain":99.0,"event_name":"Nest","player_choice":"Stole From Cult","floor":19.0,"gold_loss":0.0,"damage_taken":0.0},{"damage_healed":0.0,"max_hp_gain":0.0,"max_hp_loss":0.0,"gold_gain":0.0,"event_name":"Cursed Tome","player_choice":"Obtained Book","floor":21.0,"gold_loss":0.0,"damage_taken":16.0},{"damage_healed":0.0,"max_hp_gain":0.0,"max_hp_loss":0.0,"gold_gain":0.0,"cards_transformed":["Strike_B","Defend_B"],"event_name":"Drug Dealer","player_choice":"Became Test Subject","floor":28.0,"gold_loss":0.0,"damage_taken":0.0,"cards_obtained":["Hologram","Blizzard"]},{"damage_healed":0.0,"max_hp_gain":0.0,"max_hp_loss":0.0,"gold_gain":0.0,"event_name":"Masked Bandits","player_choice":"Fought Bandits","floor":31.0,"gold_loss":0.0,"damage_taken":0.0},{"damage_healed":0.0,"max_hp_gain":0.0,"max_hp_loss":0.0,"gold_gain":0.0,"event_name":"The Woman in Blue","player_choice":"Bought 1 Potion","floor":36.0,"gold_loss":0.0,"damage_taken":0.0},{"cards_removed":["Beam Cell"],"damage_healed":0.0,"max_hp_gain":0.0,"max_hp_loss":0.0,"gold_gain":0.0,"event_name":"Falling","player_choice":"Removed Attack","floor":42.0,"gold_loss":0.0,"damage_taken":0.0},{"damage_healed":0,"gold_gain":0,"player_choice":"Memory 1","damage_taken":0,"max_hp_gain":0,"max_hp_loss":0,"event_name":"SensoryStone","floor":46,"gold_loss":0}],"is_beta":false,"boss_relics":[{"not_picked":["Fusion Hammer","Runic Pyramid"],"picked":"Cursed Key"},{"not_picked":["Busted Crown","SacredBark"],"picked":"Astrolabe"}],"items_purged_floors":[11,14],"is_endless":false,"potions_floor_spawned":[3,5,13,16,18,24,33,38,41,45,48],"ascension_level":0}}