{"host":"sxnl403xm2xmiyj1","time":1609208579,"event":{"mods":["AchievementEnabler","BaseMod","Colored Map","Keyboard Shortcuts","Minty Spire (QoL Compilation)","Quick Restart","StSLib","SuperFastMode"],"gold_per_floor":[110,126,201,3,3,3,30,49,49,62,96,96,109,134,134,236,236,236,236,236,161,161,161,161,161,161,161,161],"floor_reached":27,"playtime":521,"items_purged":["Strike_G"],"score":502,"play_id":"0dcb3fc8-de65-423b-843f-fc037fc5ce9f","local_time":"20201229112259","is_ascension_mode":true,"campfire_choices":[{"data":"Noxious Fumes","floor":6.0,"key":"SMITH"},{"floor":12.0,"key":"REST"},{"data":"Noxious Fumes","floor":15.0,"key":"SMITH"}],"circlet_count":0,"master_deck":["Strike_G+1","Strike_G+1","Strike_G","Defend_G","Defend_G","Defend_G","Defend_G","Defend_G","Survivor","Neutralize","Poisoned Stab","Slice","Noxious Fumes+1","Bane","Underhanded Strike+1","Noxious Fumes+1","Terror","Bane+1","Choke+1","Reflex","A Thousand Cuts","Backstab+1","Acrobatics","Dagger Spray+1","Poisoned Stab+1","Cloak And Dagger+1"],"relics":["Ring of the Snake","Whetstone","Molten Egg 2","HornCleat","Thread and Needle","Ornamental Fan","Ectoplasm","Vajra","Centennial Puzzle","Frozen Egg 2"],"acts_visited":["Exordium","TheCity"],"potions_floor_usage":[],"damage_taken":[{"damage":0.0,"enemies":"2 Louse","floor":1.0,"turns":3.0},{"damage":0.0,"enemies":"Cultist","floor":2.0,"turns":3.0},{"damage":12.0,"enemies":"3 Sentries","floor":7.0,"turns":6.0},{"damage":0.0,"enemies":"Jaw Worm","floor":8.0,"turns":2.0},{"damage":10.0,"enemies":"Large Slime","floor":10.0,"turns":5.0},{"damage":25.0,"enemies":"Lagavulin","floor":11.0,"turns":5.0},{"damage":0.0,"enemies":"Looter","floor":13.0,"turns":2.0},{"damage":0.0,"enemies":"3 Sentries","floor":14.0,"turns":6.0},{"damage":0.0,"enemies":"Slime Boss","floor":16.0,"turns":5.0},{"damage":12.0,"enemies":"Spheric Guardian","floor":18.0,"turns":5.0},{"damage":0.0,"enemies":"Chosen","floor":22.0,"turns":3.0},{"damage":33.0,"enemies":"Gremlin Leader","floor":23.0,"turns":5.0},{"damage":0.0,"enemies":"Centurion and Healer","floor":24.0,"turns":5.0},{"damage":5,"enemies":"Book of Stabbing","floor":25,"turns":4},{"damage":0,"enemies":"Slavers","floor":27,"turns":1}],"seed_played":"7237368528611047165","potions_obtained":[{"floor":1.0,"key":"Ancient Potion"},{"floor":5.0,"key":"AttackPotion"},{"floor":5.0,"key":"Energy Potion"},{"floor":7.0,"key":"Strength Potion"},{"floor":13.0,"key":"Swift Potion"},{"floor":14.0,"key":"AttackPotion"}],"is_trial":false,"path_per_floor":["M","M","?","$","?","R","E","M","T","M","E","R","M","E","R","B",null,"M","?","?","?","M","E","M","E","T","E"],"character_chosen":"THE_SILENT","items_purchased":["Noxious Fumes","Bane"],"campfire_rested":1,"item_purchase_floors":[4,4],"current_hp_per_floor":[63,63,52,52,52,52,40,40,40,30,5,26,26,26,26,26,59,47,47,47,47,47,14,14,9,9,9,9],"gold":161,"neow_bonus":"RANDOM_COMMON_RELIC","is_daily":false,"chose_seed":false,"campfire_upgraded":2,"win_rate":0.0,"timestamp":1609208579,"path_taken":["M","M","?","$","?","R","E","M","T","?","E","R","M","E","R","BOSS","M","?","?","?","M","E","M","E","T","E"],"items_purchased_type":["Card","Card"],"build_version":"2020-12-22","purchased_purges":1,"victory":false,"max_hp_per_floor":[70,70,70,70,70,70,70,70,70,70,70,70,70,70,70,70,70,70,70,70,70,70,70,70,70,70,70,70],"card_choices":[{"not_picked":["Caltrops","Cloak And Dagger"],"picked":"Poisoned Stab","floor":1.0},{"not_picked":["Caltrops","Underhanded Strike"],"picked":"Slice","floor":2.0},{"not_picked":["Blade Dance","Acrobatics"],"picked":"Underhanded Strike+1","floor":7.0},{"not_picked":["Choke+1","Blade Dance"],"picked":"Noxious Fumes","floor":8.0},{"not_picked":["Footwork","Heel Hook+1"],"picked":"Terror","floor":10.0},{"not_picked":["PiercingWail","Venomology"],"picked":"Bane+1","floor":11.0},{"not_picked":["Blade Dance","Outmaneuver"],"picked":"Choke+1","floor":13.0},{"not_picked":["Quick Slash+1","Sucker Punch+1"],"picked":"Reflex","floor":14.0},{"not_picked":["Wraith Form v2","Phantasmal Killer"],"picked":"A Thousand Cuts","floor":16.0},{"not_picked":["Dagger Spray+1","Outmaneuver"],"picked":"Backstab+1","floor":18.0},{"not_picked":["Slice+1","Underhanded Strike+1"],"picked":"Acrobatics","floor":22.0},{"not_picked":["Deadly Poison","Setup"],"picked":"Dagger Spray+1","floor":23.0},{"not_picked":["Phantasmal Killer","Deflect"],"picked":"Poisoned Stab+1","floor":24.0},{"not_picked":["Flechettes+1","Flying Knee+1"],"picked":"Cloak And Dagger+1","floor":25}],"player_experience":134092,"relics_obtained":[{"floor":7.0,"key":"Molten Egg 2"},{"floor":9.0,"key":"HornCleat"},{"floor":11.0,"key":"Thread and Needle"},{"floor":14.0,"key":"Ornamental Fan"},{"floor":23.0,"key":"Vajra"},{"floor":25,"key":"Centennial Puzzle"},{"floor":26,"key":"Frozen Egg 2"}],"event_choices":[{"damage_healed":0.0,"max_hp_gain":0.0,"max_hp_loss":0.0,"gold_gain":75.0,"event_name":"World of Goop","player_choice":"Gather Gold","floor":3.0,"gold_loss":0.0,"damage_taken":11.0},{"damage_healed":0.0,"max_hp_gain":0.0,"max_hp_loss":0.0,"gold_gain":0.0,"event_name":"Lab","player_choice":"Got Potions","floor":5.0,"gold_loss":0.0,"damage_taken":0.0},{"damage_healed":0.0,"max_hp_gain":0.0,"max_hp_loss":0.0,"gold_gain":99.0,"event_name":"Nest","player_choice":"Stole From Cult","floor":19.0,"gold_loss":0.0,"damage_taken":0.0},{"damage_healed":0.0,"max_hp_gain":0.0,"max_hp_loss":0.0,"gold_gain":0.0,"event_name":"Cursed Tome","player_choice":"Ignored","floor":20.0,"gold_loss":0.0,"damage_taken":0.0},{"cards_removed":["Strike_G"],"damage_healed":0.0,"max_hp_gain":0.0,"max_hp_loss":0.0,"gold_gain":0.0,"event_name":"Beggar","player_choice":"Gave Gold","floor":21.0,"gold_loss":75.0,"damage_taken":0.0}],"is_beta":false,"boss_relics":[{"not_picked":["Philosopher\u0027s Stone","Fusion Hammer"],"picked":"Ectoplasm"}],"items_purged_floors":[4],"is_endless":false,"potions_floor_spawned":[1,7,13,14],"killed_by":"Slavers","ascension_level":9}}