{"host":"6a06qhlf17v5rcww","time":1609224554,"event":{"mods":["BaseMod","Beaked The Cultist","Better Altar","Better Match","Better Note","Better Sensory Stone","Better Skull","Better Third Choice","BetterRewards","Downfall","Hermit","Infinite Spire","Minty Spire (QoL Compilation)","Rare Cards Sparkle","Replay The Spire","StSLib","The Cursed","The Witch"],"gold_per_floor":[349,360,360,52,52,52,52,52,81,28,56,56,67,67,79,79,79,79],"floor_reached":16,"playtime":994,"items_purged":[],"score":111,"play_id":"3124bc75-8d92-4fa4-9ac7-893e867261d2","local_time":"20201229014914","is_ascension_mode":true,"campfire_choices":[{"floor":1.0,"key":"RECALL"},{"data":"champ:BerserkerStyle","floor":6.0,"key":"SMITH"},{"data":"sneckomod:QuickMove","floor":12.0,"key":"SMITH"}],"circlet_count":0,"master_deck":["champ:Strike","champ:Strike","champ:Strike","champ:Strike","champ:Defend","champ:Defend","champ:Defend","champ:Defend","champ:Execute","champ:Taunt","Normality","champ:GutPunch+1","champ:BerserkerStyle+1","champ:DeathBlow","ReplayTheSpireMod:Restless Dread","hermit:BodyArmor","sneckomod:QuickMove+1","champ:Balance","TheCursedMod:SoulCrush","Guardian:Gem_Lightblue","expansioncontent:Flail"],"relics":["champ:ChampionCrown","champ:LiftRelic","infinitespire:WardingShard","Incense Burner","PrismaticShard","Sundial","Orichalcum"],"acts_visited":[],"potions_floor_usage":[16,16],"damage_taken":[{"damage":1.0,"enemies":"Cultist","floor":2.0,"turns":4.0},{"damage":5.0,"enemies":"downfall:FleeingMerchant","floor":4.0,"turns":4.0},{"damage":54.0,"enemies":"Gremlin Nob","floor":9.0,"turns":5.0},{"damage":25.0,"enemies":"downfall:FleeingMerchant","floor":10.0,"turns":4.0},{"damage":43.0,"enemies":"3 Sentries","floor":11.0,"turns":6.0},{"damage":4.0,"enemies":"2 Louse","floor":13.0,"turns":2.0},{"damage":7,"enemies":"Jaw Worm","floor":15,"turns":3},{"damage":55,"enemies":"downfall:Watcher","floor":16,"turns":8}],"seed_played":"6259366363897065927","potions_obtained":[{"floor":2.0,"key":"hexamod:EctoCoolerPotion"},{"floor":11.0,"key":"DuplicationPotion"},{"floor":15,"key":"Elixir"}],"is_trial":false,"path_per_floor":["R","M","?","$","?","R","T","?","E","$","E","R","M","?","M","B"],"character_chosen":"THE_CHAMP","items_purchased":["champ:DeathBlow","infinitespire:WardingShard","champ:Balance"],"campfire_rested":0,"item_purchase_floors":[4,4,10],"current_hp_per_floor":[90,89,89,89,89,89,89,89,48,45,29,29,27,27,27,0,0,0],"gold":79,"neow_bonus":"TWO_FIFTY_GOLD","is_daily":false,"chose_seed":false,"campfire_upgraded":2,"win_rate":0.0,"timestamp":1609224554,"path_taken":["R","M","?","$","?","R","T","?","E","$","E","R","?","?","M","BOSS"],"items_purchased_type":["Card","Relic","Card"],"build_version":"2020-12-22","purchased_purges":0,"victory":false,"max_hp_per_floor":[90,90,90,90,90,90,90,90,90,90,90,90,90,90,90,90,90,90],"card_choices":[{"not_picked":["champ:RageSigil","champ:FanOfKnives"],"picked":"champ:GutPunch","floor":2.0},{"not_picked":["champ:FanOfKnives","champ:Riposte"],"picked":"champ:BerserkerStyle","floor":4.0},{"not_picked":["sneckomod:Unknown1Cost","champ:DefensiveShout"],"picked":"hermit:BodyArmor","floor":9.0},{"not_picked":["Slimebound:SlimeSpikes","Sucker Punch"],"picked":"sneckomod:QuickMove","floor":10.0},{"not_picked":["WheelKick","champ:ViciousMockery"],"picked":"TheCursedMod:SoulCrush","floor":11.0},{"not_picked":["TheCursedMod:CircleOfFocus","BlackShield"],"picked":"Guardian:Gem_Lightblue","floor":13.0},{"not_picked":["Guardian:CrystalBeam","SoulBarrier"],"picked":"expansioncontent:Flail","floor":15}],"player_experience":717748,"relics_obtained":[{"floor":7.0,"key":"Incense Burner"},{"floor":9.0,"key":"Sundial"},{"floor":11.0,"key":"Orichalcum"}],"event_choices":[{"damage_healed":0,"gold_gain":0,"player_choice":"Leave","damage_taken":0,"max_hp_gain":0,"max_hp_loss":0,"event_name":"FaceTrader","floor":14,"gold_loss":0}],"is_beta":false,"boss_relics":[],"items_purged_floors":[],"is_endless":false,"potions_floor_spawned":[2,11,15],"killed_by":"downfall:Watcher","ascension_level":1}}