{"host":"nk9omjk2kxhmuh2l","time":1609214177,"event":{"mods":["AchievementEnabler","BaseMod","Colored Powertips","Minty Spire (QoL Compilation)","Quick Restart","Rare Cards Sparkle","Relic Stats","StSLib"],"gold_per_floor":[115,115,125,139,158,158,170,170,224,234,259,259,270,290,290,395,395,410,410,410,425,438,473,473,388,388,404,404,404],"floor_reached":28,"playtime":1209,"items_purged":[],"score":244,"play_id":"cc32de86-d89d-454a-b88e-c821a44e5cea","local_time":"20201229035617","is_ascension_mode":false,"campfire_choices":[{"data":"Cold Snap","floor":6.0,"key":"SMITH"},{"data":"Coolheaded","floor":8.0,"key":"SMITH"},{"data":"Biased Cognition","floor":15.0,"key":"SMITH"},{"floor":24.0,"key":"REST"}],"circlet_count":0,"master_deck":["Strike_B","Strike_B","Strike_B","Defend_B","Defend_B","Defend_B","Defend_B","Zap","Dualcast","Cold Snap+1","Echo Form","Capacitor","Coolheaded+1","Cold Snap","Heatsinks","Biased Cognition+1","Buffer","Ball Lightning","Genetic Algorithm","Static Discharge","Sweeping Beam"],"relics":["Cracked Core","InkBottle","Philosopher\u0027s Stone","Anchor","Art of War","Blue Candle"],"acts_visited":["Exordium","TheCity"],"potions_floor_usage":[],"damage_taken":[{"damage":2.0,"enemies":"2 Louse","floor":1.0,"turns":3.0},{"damage":11.0,"enemies":"Jaw Worm","floor":3.0,"turns":3.0},{"damage":0.0,"enemies":"Small Slimes","floor":4.0,"turns":2.0},{"damage":26.0,"enemies":"3 Louse","floor":5.0,"turns":3.0},{"damage":11.0,"enemies":"Blue Slaver","floor":7.0,"turns":4.0},{"damage":7.0,"enemies":"Exordium Thugs","floor":10.0,"turns":5.0},{"damage":11.0,"enemies":"Lagavulin","floor":11.0,"turns":7.0},{"damage":6.0,"enemies":"2 Fungi Beasts","floor":13.0,"turns":4.0},{"damage":4.0,"enemies":"Red Slaver","floor":14.0,"turns":4.0},{"damage":36.0,"enemies":"The Guardian","floor":16.0,"turns":14.0},{"damage":0.0,"enemies":"Chosen","floor":18.0,"turns":6.0},{"damage":13.0,"enemies":"Shell Parasite","floor":21.0,"turns":7.0},{"damage":4.0,"enemies":"Centurion and Healer","floor":22.0,"turns":7.0},{"damage":44.0,"enemies":"Book of Stabbing","floor":23.0,"turns":6.0},{"damage":23.0,"enemies":"Shelled Parasite and Fungi","floor":27.0,"turns":6.0},{"damage":0,"enemies":"3 Cultists","floor":28,"turns":1}],"seed_played":"451081920829922829","potions_obtained":[{"floor":5.0,"key":"Regen Potion"},{"floor":7.0,"key":"PotionOfCapacity"},{"floor":10.0,"key":"EntropicBrew"},{"floor":11.0,"key":"FairyPotion"},{"floor":21.0,"key":"SkillPotion"},{"floor":22.0,"key":"EntropicBrew"},{"floor":23.0,"key":"ColorlessPotion"}],"is_trial":false,"path_per_floor":["M","?","M","M","M","R","M","R","T","M","E","?","M","M","R","B",null,"M","?","?","M","M","E","R","?","T","M","M"],"character_chosen":"DEFECT","items_purchased":[],"campfire_rested":1,"item_purchase_floors":[],"current_hp_per_floor":[80,73,62,62,36,36,25,25,25,18,22,22,16,12,12,18,82,82,66,66,53,49,5,31,31,31,8,8,8],"gold":404,"neow_bonus":"TEN_PERCENT_HP_BONUS","is_daily":false,"chose_seed":false,"campfire_upgraded":3,"win_rate":0.0,"timestamp":1609214177,"path_taken":["M","?","M","M","M","R","M","R","T","M","E","?","M","M","R","BOSS","M","?","?","M","M","E","R","?","T","?","M"],"items_purchased_type":[],"build_version":"2020-12-22","purchased_purges":0,"victory":false,"max_hp_per_floor":[82,82,82,82,82,82,82,82,82,82,82,82,82,82,82,82,82,82,87,87,87,87,87,87,87,87,87,87,87],"relic_stats":{"counters":[16,81],"Blue Candle":[0],"Art of War":[2],"obtain_stats":[{"Anchor":23,"Blue Candle":26,"Philosopher\u0027s Stone":17,"Art of War":25,"Cracked Core":0,"InkBottle":11},{"Anchor":14,"Blue Candle":14,"Philosopher\u0027s Stone":10,"Art of War":14,"Cracked Core":0,"InkBottle":7},{"Anchor":75,"Blue Candle":75,"Philosopher\u0027s Stone":49,"Art of War":75,"Cracked Core":0,"InkBottle":27}],"InkBottle":[21]},"card_choices":[{"not_picked":["Turbo","Barrage","Steam"],"picked":"SKIP","floor":1.0},{"not_picked":["FTL","Scrape"],"picked":"Cold Snap","floor":3.0},{"not_picked":["Conserve Battery","Doom and Gloom"],"picked":"Echo Form","floor":4.0},{"not_picked":["Gash","Stack"],"picked":"Capacitor","floor":5.0},{"not_picked":["Turbo","Double Energy"],"picked":"Coolheaded","floor":7.0},{"not_picked":["Sweeping Beam","Conserve Battery"],"picked":"Cold Snap","floor":10.0},{"not_picked":["Hologram","Conserve Battery"],"picked":"Heatsinks","floor":11.0},{"not_picked":["Consume","Streamline"],"picked":"Biased Cognition","floor":13.0},{"not_picked":["Coolheaded","Beam Cell","BootSequence"],"picked":"SKIP","floor":14.0},{"not_picked":["Machine Learning","All For One"],"picked":"Buffer","floor":16.0},{"not_picked":["Self Repair","Beam Cell"],"picked":"Ball Lightning","floor":18.0},{"not_picked":["Rebound+1","Hello World"],"picked":"Static Discharge","floor":21.0},{"not_picked":["Auto Shields","Redo+1","Go for the Eyes+1"],"picked":"SKIP","floor":22.0},{"not_picked":["Cold Snap","Conserve Battery+1"],"picked":"Sweeping Beam","floor":23.0},{"not_picked":["Tempest","Capacitor","Leap+1"],"picked":"SKIP","floor":27.0}],"player_experience":1100281,"relics_obtained":[{"floor":11.0,"key":"InkBottle"},{"floor":23.0,"key":"Anchor"},{"floor":26.0,"key":"Blue Candle"}],"event_choices":[{"cards_removed":["Strike_B"],"damage_healed":0.0,"max_hp_gain":0.0,"max_hp_loss":0.0,"gold_gain":0.0,"event_name":"Golden Wing","player_choice":"Card Removal","floor":2.0,"gold_loss":0.0,"damage_taken":7.0},{"damage_healed":0.0,"max_hp_gain":0.0,"max_hp_loss":0.0,"gold_gain":0.0,"event_name":"Liars Game","player_choice":"Ignored","floor":12.0,"gold_loss":0.0,"damage_taken":0.0},{"damage_healed":0.0,"max_hp_gain":5.0,"max_hp_loss":0.0,"gold_gain":0.0,"event_name":"Forgotten Altar","player_choice":"Shed Blood","floor":19.0,"gold_loss":0.0,"damage_taken":21.0},{"damage_healed":0.0,"max_hp_gain":0.0,"max_hp_loss":0.0,"gold_gain":0.0,"event_name":"The Library","player_choice":"Read","floor":20.0,"gold_loss":0.0,"damage_taken":0.0,"cards_obtained":["Genetic Algorithm"]},{"damage_healed":0.0,"max_hp_gain":0.0,"max_hp_loss":0.0,"gold_gain":0.0,"event_name":"Addict","player_choice":"Obtained Relic","floor":25.0,"gold_loss":85.0,"damage_taken":0.0,"relics_obtained":["Art of War"]}],"is_beta":false,"boss_relics":[{"not_picked":["Coffee Dripper","Runic Dome"],"picked":"Philosopher\u0027s Stone"}],"items_purged_floors":[],"is_endless":false,"potions_floor_spawned":[5,7,10,11,21,22,23],"killed_by":"3 Cultists","ascension_level":0}}