{"host":"l8lkgdumzpe3823a","time":1609203690,"event":{"mods":["Always Whale","Aspiration","BaseMod","Better Note","Clockwork Mod","Colored Powertips","Curses Come First","Custom Start","DeckTracker","Defuse TimeMaze Blight","Highlight Path","Hubris","Infinite Spire","Minty Spire (QoL Compilation)","Quick Restart","Replay The Spire","Shop Mod","StSLib","SuperFastMode","The Construct","The Dragon Tamer","vexMod"],"gold_per_floor":[112,62,78,78,95,95,108,136,136,136,149,149,224,224,224,355,355,380,158,257,275,275,275,293,293,375,398,414,429,429,429,429,554,554,577,204,229,229,229,229,287,287,314,335,72,72,105,105,105,105,105],"floor_reached":50,"playtime":2028,"items_purged":["Delirium","Injury"],"score":652,"play_id":"f2ea4308-2ee3-426b-bd0d-e237a7ca8d50","local_time":"20201228190130","is_ascension_mode":true,"campfire_choices":[{"data":"Cloak And Dagger","floor":6.0,"key":"SMITH"},{"data":"Accuracy","floor":10.0,"key":"SMITH"},{"data":"Cloak And Dagger","floor":15.0,"key":"SMITH"},{"data":"Cloak And Dagger","floor":23.0,"key":"SMITH"},{"floor":25.0,"key":"REST"},{"floor":32.0,"key":"REST"},{"data":"infinitespire:Neurotoxin","floor":40.0,"key":"SMITH"},{"data":"1","floor":42,"key":"LIFT"},{"floor":49,"key":"REST"}],"circlet_count":0,"master_deck":["Strike_G","Strike_G","Strike_G","Strike_G","Strike_G","Defend_G","Defend_G","Defend_G","Defend_G","Defend_G","Survivor","Neutralize","Cloak And Dagger+1","Accuracy+1","A Thousand Cuts","Cloak And Dagger+1","Well Laid Plans","Cloak And Dagger+1","infinitespire:Neurotoxin+1","Blur","Calculated Gamble+1","Prepared+1"],"relics":["Ring of the Snake","NeowsBlessing","Ring of Peace","Ring of Misfortune","hubris:CuriousFeather","hubris:MysteriousPyramids","Golden Idol","TwistedFunnel","infinitespire:FocusingShard","hubris:ScarierMask","MerchantsRug","infinitespire:EmpoweringShard","Girya","aspiration:VileToxins","Snake Skull","Mummified Hand","aspiration:HiddenCompartment","hubris:Towel"],"acts_visited":["Exordium","TheCity","TheBeyond"],"potions_floor_usage":[],"damage_taken":[{"damage":0.0,"enemies":"Small Slimes","floor":1.0,"turns":1.0},{"damage":0.0,"enemies":"Jaw Worm","floor":3.0,"turns":1.0},{"damage":0.0,"enemies":"2 Louse","floor":5.0,"turns":1.0},{"damage":0.0,"enemies":"Large Slime","floor":7.0,"turns":8.0},{"damage":0.0,"enemies":"3 Sentries","floor":8.0,"turns":12.0},{"damage":0.0,"enemies":"2 Fungi Beasts","floor":11.0,"turns":3.0},{"damage":0.0,"enemies":"Slime Boss","floor":16.0,"turns":7.0},{"damage":8.0,"enemies":"Chosen","floor":18.0,"turns":5.0},{"damage":11.0,"enemies":"Spheric Guardian","floor":21.0,"turns":4.0},{"damage":0.0,"enemies":"Snecko","floor":24.0,"turns":4.0},{"damage":15.0,"enemies":"Sentry and Sphere","floor":27.0,"turns":6.0},{"damage":4.0,"enemies":"3 Cultists","floor":28.0,"turns":5.0},{"damage":11.0,"enemies":"Chosen and Byrds","floor":29.0,"turns":7.0},{"damage":0.0,"enemies":"Snecko","floor":30.0,"turns":3.0},{"damage":16.0,"enemies":"Colosseum Slavers","floor":31.0,"turns":5.0},{"damage":29.0,"enemies":"hubris:MusketHawk","floor":33.0,"turns":8.0},{"damage":23.0,"enemies":"3 Darklings","floor":35.0,"turns":7.0},{"damage":0.0,"enemies":"3 Shapes","floor":37.0,"turns":5.0},{"damage":4.0,"enemies":"2 Orb Walkers","floor":41.0,"turns":4.0},{"damage":6,"enemies":"Sphere and 2 Shapes","floor":44,"turns":4},{"damage":31,"enemies":"Reptomancer","floor":47,"turns":7},{"damage":27,"enemies":"infinitespire:MassOfShapes","floor":50,"turns":7}],"seed_played":"-7724340777919373682","potions_obtained":[{"floor":1.0,"key":"Venom Potion"},{"floor":7.0,"key":"BlessingOfTheForge"},{"floor":8.0,"key":"Energy Potion"},{"floor":16.0,"key":"EssenceOfSteel"},{"floor":24.0,"key":"SmokeBomb"},{"floor":29.0,"key":"Weak Potion"},{"floor":41.0,"key":"SteroidPotion"},{"floor":47,"key":"Ancient Potion"}],"is_trial":false,"path_per_floor":["M","$","M","?","M","R","M","E","T","R","M","?","?","?","R","B",null,"M","$","?","M","?","R","M","R","T","M","M","M","M","?","R","B",null,"M","$","M","?","?","R","?","R","T","M","$","$","E","?","R","B"],"character_chosen":"THE_SILENT","items_purchased":["Cloak And Dagger","TwistedFunnel","MerchantsRug","infinitespire:EmpoweringShard","Snake Skull","Mummified Hand"],"campfire_rested":3,"item_purchase_floors":[2,19,36,36,45,45],"current_hp_per_floor":[70,70,70,70,70,70,70,70,70,70,70,70,59,59,59,59,70,62,62,62,51,45,45,45,66,66,51,47,36,36,20,41,12,70,47,47,47,47,47,47,43,43,43,37,37,37,6,6,27,0,0],"gold":105,"neow_bonus":"THREE_ENEMY_KILL","is_daily":false,"chose_seed":false,"campfire_upgraded":5,"win_rate":0.0,"timestamp":1609203690,"path_taken":["M","$","M","?","M","R","M","E","T","R","M","?","?","?","R","BOSS","M","$","?","M","?","R","M","R","T","M","M","M","?","?","R","BOSS","M","$","M","?","?","R","?","R","T","?","?","$","E","?","R","BOSS"],"items_purchased_type":["Card","Relic","Relic","Relic","Relic","Relic"],"build_version":"2020-12-22","purchased_purges":2,"victory":false,"max_hp_per_floor":[70,70,70,70,70,70,70,70,70,70,70,70,70,70,70,70,70,70,70,70,70,70,70,70,70,70,70,70,70,70,70,70,70,70,70,70,70,70,70,70,70,70,70,70,70,70,70,70,70,70,70],"card_choices":[{"not_picked":["Endless Agony","Sucker Punch","Deflect"],"picked":"SKIP","floor":1.0},{"not_picked":["ReplayTheSpireMod:Tripwire","ReplayTheSpireMod:Speed Training","Crippling Poison"],"picked":"SKIP","floor":3.0},{"not_picked":["Dodge and Roll","Deadly Poison"],"picked":"Accuracy","floor":5.0},{"not_picked":["Slice","Distraction","Flying Knee"],"picked":"SKIP","floor":7.0},{"not_picked":["Riddle With Holes","Predator"],"picked":"A Thousand Cuts","floor":8.0},{"not_picked":["Hidden Blade","Predator"],"picked":"Cloak And Dagger","floor":11.0},{"not_picked":["Dagger Throw","Dodge and Roll","Acrobatics+1"],"picked":"SKIP","floor":18.0},{"not_picked":["Skewer","Draining Mist+1"],"picked":"Cloak And Dagger","floor":21.0},{"not_picked":["Dodge and Roll","Setup","Acrobatics"],"picked":"SKIP","floor":24.0},{"not_picked":["Atom Bomb","Outmaneuver","Heel Hook+1"],"picked":"SKIP","floor":27.0},{"not_picked":["hubris:SlightOfHand","Dodge and Roll","Slice+1"],"picked":"SKIP","floor":28.0},{"not_picked":["Slice","Flying Knee+1","Backflip+1"],"picked":"SKIP","floor":29.0},{"not_picked":["Doppelganger","Phantasmal Killer"],"picked":"infinitespire:Neurotoxin","floor":33.0},{"not_picked":["Riddle With Holes+1","Dagger Spray+1","Deadly Poison+1"],"picked":"SKIP","floor":35.0},{"not_picked":["Blur","Bouncing Flask+1","PiercingWail"],"picked":"SKIP","floor":37.0},{"not_picked":["Bouncing Flask+1","PiercingWail"],"picked":"Blur","floor":37.0},{"not_picked":["Dodge and Roll","Flechettes"],"picked":"Calculated Gamble+1","floor":41.0},{"not_picked":["Slice+1","Deadly Poison","Outmaneuver+1"],"picked":"SKIP","floor":44},{"not_picked":["Deadly Poison","Doppelganger"],"picked":"Prepared+1","floor":47}],"player_experience":655457,"relics_obtained":[{"floor":4.0,"key":"Ring of Peace"},{"floor":4.0,"key":"Ring of Misfortune"},{"floor":8.0,"key":"hubris:CuriousFeather"},{"floor":9.0,"key":"hubris:MysteriousPyramids"},{"floor":26.0,"key":"infinitespire:FocusingShard"},{"floor":41.0,"key":"Girya"},{"floor":43,"key":"aspiration:VileToxins"},{"floor":47,"key":"aspiration:HiddenCompartment"}],"event_choices":[{"damage_healed":0.0,"max_hp_gain":0.0,"max_hp_loss":0.0,"gold_gain":75.0,"event_name":"World of Goop","player_choice":"Gather Gold","floor":13.0,"gold_loss":0.0,"damage_taken":11.0},{"damage_healed":0.0,"max_hp_gain":0.0,"max_hp_loss":0.0,"gold_gain":0.0,"event_name":"Golden Idol","player_choice":"Take Wound","floor":14.0,"gold_loss":0.0,"damage_taken":0.0,"relics_obtained":["Golden Idol"],"cards_obtained":["Injury"]},{"damage_healed":0.0,"max_hp_gain":0.0,"max_hp_loss":0.0,"gold_gain":99.0,"event_name":"Nest","player_choice":"Stole From Cult","floor":20.0,"gold_loss":0.0,"damage_taken":0.0},{"damage_healed":0.0,"max_hp_gain":0.0,"max_hp_loss":0.0,"gold_gain":0.0,"event_name":"Knowing Skull","player_choice":"","floor":22.0,"potions_obtained":[],"gold_loss":0.0,"damage_taken":6.0,"cards_obtained":[]},{"damage_healed":0.0,"max_hp_gain":0.0,"max_hp_loss":0.0,"gold_gain":0.0,"event_name":"Colosseum","player_choice":"Fight","floor":31.0,"gold_loss":0.0,"damage_taken":0.0},{"damage_healed":0.0,"max_hp_gain":0.0,"max_hp_loss":0.0,"gold_gain":0.0,"event_name":"Colosseum","player_choice":"Fled From Nobs","floor":31.0,"gold_loss":0.0,"damage_taken":0.0},{"damage_healed":0.0,"max_hp_gain":0.0,"max_hp_loss":0.0,"gold_gain":0.0,"event_name":"Mysterious Sphere","player_choice":"Fight","floor":41.0,"gold_loss":0.0,"damage_taken":0.0}],"is_beta":false,"boss_relics":[{"not_picked":["vexMod:RockOfEvil","Philosopher\u0027s Stone"],"picked":"vexMod:MysteryBossChallenge"},{"not_picked":["hubris:CrackedHourglass","Replay:Bronze Core"],"picked":"hubris:ScarierMask"}],"items_purged_floors":[19,36],"is_endless":false,"potions_floor_spawned":[1,7,8,16,24,29,30,31,41,47],"killed_by":"infinitespire:MassOfShapes","ascension_level":3}}