{"host":"fdmexzkyss3ff9bv","time":1609264697,"event":{"mods":["BaseMod","Beaked The Cultist","BetterRewards","Downfall","Glutton Mod","Halation","Hubris","Infinite Spire","Minty Spire (QoL Compilation)","Replay The Spire","StSLib","The Animator","The Blackbeard","The Bug Knight","The Construct","The Mystic","The Servant 0.9.4","The Witch"],"gold_per_floor":[109,126,145,145,145,145,184,184,207,223,223,247,271,310,310,438,438,451,475,494,494,494],"floor_reached":21,"playtime":1648,"items_purged":[],"score":343,"play_id":"fc4fe01b-a7a9-4e47-a566-06d1a35216d4","local_time":"20201229185817","is_ascension_mode":false,"campfire_choices":[{"floor":6,"key":"REST"},{"floor":8,"key":"REST"},{"floor":15,"key":"REST"}],"circlet_count":0,"master_deck":["Strike_B","Strike_B","Strike_B","Strike_B","Defend_B","Defend_B","Zap","Dualcast","sneckomod:Bewildered","Replay:Hysterical Blindness","Sweeping Beam","Glacier","FTL","Consume+1","Ball Lightning","Compile Driver","Creative AI","Chill","Undo","Leap","Rebound","hubris:DoWhile","Double Energy","Aggregate+1","Undo"],"relics":["Cracked Core","hubris:Zylophone","FossilizedHelix","halation:PinkSoulGem","Golden Idol","Dream Catcher","ReplayFunnel","halation:EternalFortune","HollowMod:PaleOreRelic","halation:Prosthetics"],"acts_visited":["Exordium","TheCity"],"potions_floor_usage":[7,12,16,20,20],"damage_taken":[{"damage":0,"enemies":"2 Louse","floor":1,"turns":2},{"damage":0,"enemies":"Small Slimes","floor":2,"turns":3},{"damage":0,"enemies":"Jaw Worm","floor":3,"turns":3},{"damage":8,"enemies":"Gremlin Nob","floor":7,"turns":6},{"damage":0,"enemies":"Exordium Thugs","floor":10,"turns":3},{"damage":0,"enemies":"Exordium Wildlife","floor":12,"turns":3},{"damage":33,"enemies":"Gremlin Gang","floor":13,"turns":4},{"damage":0,"enemies":"HollowMod:MossKnight","floor":14,"turns":4},{"damage":39,"enemies":"Slime Boss","floor":16,"turns":10},{"damage":10,"enemies":"Spheric Guardian","floor":18,"turns":4},{"damage":15,"enemies":"2 Thieves","floor":19,"turns":4},{"damage":8,"enemies":"Centurion and Healer","floor":20,"turns":4},{"damage":19,"enemies":"3 Cultists","floor":21,"turns":4}],"seed_played":"2775570578811816933","potions_obtained":[{"floor":1,"key":"GamblersBrew"},{"floor":3,"key":"Adrenaline Potion"},{"floor":7,"key":"AttackPotion"},{"floor":13,"key":"Milkshake"},{"floor":16,"key":"Reflective Coating"},{"floor":19,"key":"ColorlessPotion"}],"is_trial":false,"path_per_floor":["M","M","M","?","?","R","E","R","T","M","?","M","M","E","R","B",null,"M","M","M","M"],"character_chosen":"DEFECT","items_purchased":["FossilizedHelix"],"campfire_rested":3,"item_purchase_floors":[0],"current_hp_per_floor":[41,41,41,23,23,45,37,59,59,59,62,62,29,29,52,13,43,33,18,13,0,0],"gold":494,"neow_bonus":"","is_daily":false,"chose_seed":false,"campfire_upgraded":0,"win_rate":0.0,"timestamp":1609264697,"path_taken":["M","M","M","?","?","R","E","R","T","M","?","M","M","E","R","BOSS","M","M","M","M"],"items_purchased_type":["Relic"],"build_version":"2020-12-13","purchased_purges":0,"victory":false,"max_hp_per_floor":[75,75,75,75,75,75,75,75,75,75,78,78,78,78,78,78,43,43,43,46,46,46],"card_choices":[{"not_picked":["BasicCrystalCard","Steam"],"picked":"Sweeping Beam","floor":1},{"not_picked":["Coolheaded","Blizzard"],"picked":"Glacier","floor":2},{"not_picked":["Stack","Undo"],"picked":"FTL","floor":3},{"not_picked":["Rebound","Streamline"],"picked":"Ball Lightning","floor":7},{"not_picked":["Gash","Go for the Eyes"],"picked":"Compile Driver","floor":8},{"not_picked":["Streamline","Reprogram"],"picked":"Creative AI","floor":10},{"not_picked":["Ball Lightning","Cold Snap"],"picked":"Chill","floor":12},{"not_picked":["Cold Snap","Scrape"],"picked":"Undo","floor":13},{"not_picked":["Rebound","Reprogram"],"picked":"Leap","floor":14},{"not_picked":["Go for the Eyes","Gash"],"picked":"Rebound","floor":15},{"not_picked":["Machine Learning","Biased Cognition"],"picked":"hubris:DoWhile","floor":16},{"not_picked":["Panic Button","Compile Driver"],"picked":"Double Energy","floor":18},{"not_picked":["Leap","Steam Power"],"picked":"Aggregate+1","floor":19},{"not_picked":["BasicCrystalCard","ReplayTheSpireMod:GoodbyeWorld"],"picked":"Undo","floor":20}],"player_experience":44861,"relics_obtained":[{"floor":7,"key":"Dream Catcher"},{"floor":9,"key":"ReplayFunnel"},{"floor":14,"key":"HollowMod:PaleOreRelic"},{"floor":20,"key":"halation:EternalFortune"}],"event_choices":[{"damage_healed":0,"gold_gain":0,"player_choice":"Take Damage","damage_taken":18,"relics_obtained":["Golden Idol"],"max_hp_gain":0,"max_hp_loss":0,"event_name":"Golden Idol","floor":4,"gold_loss":0}],"is_beta":false,"boss_relics":[{"not_picked":["halation:PinkAlligatorPlush","Replay:Grab Bag"],"picked":"halation:Prosthetics"}],"items_purged_floors":[],"is_endless":false,"potions_floor_spawned":[1,3,7,13,16,19],"killed_by":"3 Cultists","ascension_level":0}}