{"host":"1c52r9kaxdyo25eq","time":1609259233,"event":{"mods":["AchievementEnabler","BaseMod","Minty Spire (QoL Compilation)","Rare Cards Sparkle","SuperFastMode","everything is the same but u backflip on backflip"],"gold_per_floor":[118,128,145,156,156,156,170,180,180,199,199,225,241,241,241,314,314,326,326,241,241,166,166,177,177,177,177,187,187,200,213,213,290,290,309,309,322,322,339,351,351,368,441,466,366,366,184,204,204,204,204,204],"floor_reached":51,"playtime":1119,"items_purged":["Strike_G","Strike_G","Defend_G"],"score":1296,"play_id":"fa99a1c3-19bb-4173-8ad9-67c086218749","local_time":"20201230012713","is_ascension_mode":true,"campfire_choices":[{"data":"Accuracy","floor":6.0,"key":"SMITH"},{"floor":11.0,"key":"REST"},{"data":"Blade Dance","floor":15.0,"key":"SMITH"},{"data":"Tactician","floor":23.0,"key":"SMITH"},{"data":"Cloak And Dagger","floor":25.0,"key":"SMITH"},{"data":"Accuracy","floor":29.0,"key":"SMITH"},{"data":"Adrenaline","floor":32.0,"key":"SMITH"},{"data":"Phantasmal Killer","floor":41,"key":"SMITH"},{"floor":49,"key":"RECALL"}],"circlet_count":0,"master_deck":["AscendersBane","Strike_G","Strike_G","Defend_G","Defend_G","Defend_G","Survivor","Blade Dance+1","Accuracy+1","Tactician+1","Acrobatics","Cloak And Dagger+1","Accuracy+1","Adrenaline+1","Acrobatics","Phantasmal Killer+1"],"relics":["Ring of the Snake","Strawberry","Akabeko","WristBlade","Ancient Tea Set","Ornamental Fan","HoveringKite","Pen Nib"],"acts_visited":["Exordium","TheCity","TheBeyond"],"potions_floor_usage":[33,39,44,50,50],"damage_taken":[{"damage":1.0,"enemies":"Small Slimes","floor":1.0,"turns":5.0},{"damage":2.0,"enemies":"Jaw Worm","floor":2.0,"turns":4.0},{"damage":14.0,"enemies":"2 Louse","floor":3.0,"turns":3.0},{"damage":9.0,"enemies":"Looter","floor":4.0,"turns":4.0},{"damage":11.0,"enemies":"Exordium Thugs","floor":7.0,"turns":5.0},{"damage":2.0,"enemies":"Large Slime","floor":8.0,"turns":6.0},{"damage":3.0,"enemies":"Looter","floor":10.0,"turns":2.0},{"damage":0.0,"enemies":"Lots of Slimes","floor":13.0,"turns":4.0},{"damage":37.0,"enemies":"Hexaghost","floor":16.0,"turns":9.0},{"damage":9.0,"enemies":"3 Byrds","floor":18.0,"turns":4.0},{"damage":0.0,"enemies":"Shell Parasite","floor":24.0,"turns":2.0},{"damage":8.0,"enemies":"Snecko","floor":28.0,"turns":3.0},{"damage":0.0,"enemies":"Sentry and Sphere","floor":30.0,"turns":1.0},{"damage":0.0,"enemies":"3 Cultists","floor":31.0,"turns":3.0},{"damage":32,"enemies":"Champ","floor":33,"turns":6},{"damage":0,"enemies":"3 Darklings","floor":35,"turns":2},{"damage":0,"enemies":"Orb Walker","floor":37,"turns":2},{"damage":19,"enemies":"Jaw Worm Horde","floor":39,"turns":3},{"damage":14,"enemies":"3 Darklings","floor":40,"turns":4},{"damage":11,"enemies":"Spire Growth","floor":42,"turns":3},{"damage":0,"enemies":"Giant Head","floor":44,"turns":2},{"damage":0,"enemies":"Jaw Worm Horde","floor":48,"turns":2},{"damage":8,"enemies":"Time Eater","floor":50,"turns":2},{"damage":5,"enemies":"Awakened One","floor":51,"turns":3}],"seed_played":"9130082938288045574","potions_obtained":[{"floor":1.0,"key":"BlessingOfTheForge"},{"floor":4.0,"key":"Poison Potion"},{"floor":18.0,"key":"Block Potion"},{"floor":28.0,"key":"DistilledChaos"},{"floor":33,"key":"DuplicationPotion"},{"floor":37,"key":"Regen Potion"},{"floor":39,"key":"AttackPotion"},{"floor":44,"key":"Fire Potion"}],"is_trial":false,"path_per_floor":["M","M","M","M","?","R","M","M","T","M","R","T","M","?","R","B",null,"M","?","?","?","$","R","M","R","T","?","M","R","M","M","R","B",null,"M","?","M","?","M","M","R","M","T","E","$","?","$","M","R","B","B"],"character_chosen":"THE_SILENT","items_purchased":["Block Potion"],"campfire_rested":1,"item_purchase_floors":[47],"current_hp_per_floor":[58,56,42,33,26,26,15,13,20,17,38,38,38,38,38,1,55,46,46,46,46,46,46,46,46,46,46,38,38,38,38,38,6,56,56,56,56,56,46,32,32,21,21,21,21,21,21,21,21,13,8,8],"gold":204,"neow_bonus":"REMOVE_CARD","is_daily":false,"chose_seed":false,"campfire_upgraded":7,"win_rate":0.0,"timestamp":1609259233,"path_taken":["M","M","M","M","?","R","M","M","T","M","R","?","?","?","R","BOSS","M","?","?","?","$","R","M","R","T","?","M","R","M","?","R","BOSS","M","?","M","?","M","M","R","M","T","E","$","?","$","M","R","BOSS","BOSS"],"items_purchased_type":["Potion"],"build_version":"2020-12-22","purchased_purges":3,"victory":false,"max_hp_per_floor":[66,66,66,66,66,66,66,66,73,73,73,73,73,73,73,73,73,73,73,73,73,73,73,73,73,73,73,73,73,73,73,73,73,73,73,73,73,73,73,73,73,73,73,73,73,73,73,73,73,73,73,73],"card_choices":[{"not_picked":["Dash","Cloak And Dagger"],"picked":"Blade Dance","floor":1.0},{"not_picked":["Slice","Dagger Throw"],"picked":"Accuracy","floor":2.0},{"not_picked":["Cloak And Dagger","Sucker Punch"],"picked":"Tactician","floor":3.0},{"not_picked":["Dodge and Roll","Dagger Throw","Underhanded Strike"],"picked":"SKIP","floor":4.0},{"not_picked":["Prepared","Deadly Poison"],"picked":"Acrobatics","floor":7.0},{"not_picked":["Masterful Stab","Skewer","Deadly Poison"],"picked":"SKIP","floor":8.0},{"not_picked":["Bullet Time","Blur"],"picked":"Cloak And Dagger","floor":10.0},{"not_picked":["Dagger Throw","Slice"],"picked":"Accuracy","floor":13.0},{"not_picked":["Venomology","Tools of the Trade"],"picked":"Adrenaline","floor":16.0},{"not_picked":["Sucker Punch","Slice+1","Escape Plan"],"picked":"SKIP","floor":18.0},{"not_picked":["Quick Slash","Finisher","Heel Hook"],"picked":"SKIP","floor":24.0},{"not_picked":["Crippling Poison","Flying Knee","Deflect+1"],"picked":"SKIP","floor":28.0},{"not_picked":["Masterful Stab","Sucker Punch","Leg Sweep+1"],"picked":"SKIP","floor":30.0},{"not_picked":["Acrobatics","Dodge and Roll","Dagger Spray+1"],"picked":"SKIP","floor":31.0},{"not_picked":["Envenom","Bullet Time"],"picked":"Phantasmal Killer","floor":33},{"not_picked":["Acrobatics","Endless Agony","PiercingWail"],"picked":"SKIP","floor":35},{"not_picked":["Bane","Setup","Slice+1"],"picked":"SKIP","floor":37},{"not_picked":["Infinite Blades","Dagger Spray","Accuracy"],"picked":"SKIP","floor":39},{"not_picked":["Deflect","Sucker Punch+1","Slice"],"picked":"SKIP","floor":40},{"not_picked":["Dagger Spray+1","Leg Sweep","Quick Slash"],"picked":"SKIP","floor":42},{"not_picked":["Flying Knee","Doppelganger","Dagger Throw+1"],"picked":"SKIP","floor":44},{"not_picked":["Crippling Poison","Underhanded Strike+1","Blade Dance"],"picked":"SKIP","floor":48}],"player_experience":527866,"relics_obtained":[{"floor":9.0,"key":"Strawberry"},{"floor":12.0,"key":"Akabeko"},{"floor":26.0,"key":"Ornamental Fan"},{"floor":44,"key":"Pen Nib"}],"event_choices":[{"cards_removed":["Strike_G"],"damage_healed":0.0,"max_hp_gain":0.0,"max_hp_loss":0.0,"gold_gain":0.0,"event_name":"Golden Wing","player_choice":"Card Removal","floor":5.0,"gold_loss":0.0,"damage_taken":7.0},{"damage_healed":0.0,"max_hp_gain":0.0,"max_hp_loss":0.0,"gold_gain":0.0,"event_name":"Scrap Ooze","player_choice":"Fled","floor":14.0,"gold_loss":0.0,"damage_taken":0.0},{"damage_healed":0.0,"max_hp_gain":0.0,"max_hp_loss":0.0,"gold_gain":0.0,"event_name":"The Library","player_choice":"Read","floor":19.0,"gold_loss":0.0,"damage_taken":0.0,"cards_obtained":["Acrobatics"]},{"damage_healed":0.0,"max_hp_gain":0.0,"max_hp_loss":0.0,"gold_gain":0.0,"event_name":"Addict","player_choice":"Obtained Relic","floor":20.0,"gold_loss":85.0,"damage_taken":0.0,"relics_obtained":["Ancient Tea Set"]},{"damage_healed":0.0,"max_hp_gain":0.0,"max_hp_loss":0.0,"gold_gain":0.0,"event_name":"Vampires","player_choice":"Ignored","floor":21.0,"gold_loss":0.0,"damage_taken":0.0},{"damage_healed":0.0,"max_hp_gain":0.0,"max_hp_loss":0.0,"gold_gain":0.0,"event_name":"The Mausoleum","player_choice":"Ignored","floor":27.0,"gold_loss":0.0,"damage_taken":0.0},{"cards_removed":["Neutralize"],"damage_healed":0,"gold_gain":0,"player_choice":"Removed Attack","damage_taken":0,"max_hp_gain":0,"max_hp_loss":0,"event_name":"Falling","floor":36,"gold_loss":0},{"damage_healed":0,"gold_gain":0,"player_choice":"Ignored","damage_taken":0,"max_hp_gain":0,"max_hp_loss":0,"event_name":"Tomb of Lord Red Mask","floor":38,"gold_loss":0},{"damage_healed":0,"gold_gain":0,"player_choice":"Ignored","damage_taken":0,"max_hp_gain":0,"max_hp_loss":0,"event_name":"Mysterious Sphere","floor":46,"gold_loss":0}],"is_beta":false,"boss_relics":[{"not_picked":["Sozu","Runic Pyramid"],"picked":"WristBlade"},{"not_picked":["Velvet Choker","Fusion Hammer"],"picked":"HoveringKite"}],"items_purged_floors":[22,45,47],"is_endless":false,"potions_floor_spawned":[1,4,7,10,18,28,33,37,39,44],"killed_by":"Awakened One","ascension_level":20}}