{"host":"1sffrtwlowhx7ota","time":1609240969,"event":{"mods":["2.2 Compatiblity","Abigail Mod","AchievementEnabler","Aspiration","BaseMod","Better Altar","Better Match","Better Note","Better Sensory Stone","Better Skull","Better Synergies","Better Third Choice","BetterRewards","Colored Map","Colored Powertips","Defuse TimeMaze Blight","Displayed Cursed Tome","Downfall","Downfall-Rebalance","Gold Saver","Hubris","Infinite Spire","Minty Spire (QoL Compilation)","Permanent Neow","Quick Restart","Rare Cards Sparkle","Relic Sorter","Remove Card Discount Mod","Spicy Shops","StSLib","The Blue Laboratory","The Exalted","The Marked","The Vixen","Uncapped","vexMod"],"gold_per_floor":[705,705,705,716,734,761,204,204,256,256,286,305,305,336,336,440,440,457,557,557,576,329,361,380,412,488,518,531,531,255,28,28,133,133,144,161,172,172,172,172,203,221,298,324,324,406,406,406,406,504,504,511,511,511,522,528,528,542,542,542,542,544,534,531,531,531,601,601,600,672,672,672,668,677,677,677,704,689,679,695,834,824,824,886,886,890,890,873,873,866,854,837,837,837,820,800,800,800,794,794,848,848,862,864,789,789,789,789,795,791,816,940,940,946,1021,1025,1025,1004,1004],"floor_reached":118,"playtime":4583,"items_purged":["Strike_B","Defend_B","Strike_B","Defend_B","Pain","Strike_B","Strike_B","Dualcast+1","Defend_B"],"score":3137,"play_id":"a7e71d1f-5f66-4778-a0b7-c18af38efda1","local_time":"20201229062249","is_ascension_mode":true,"campfire_choices":[{"data":"Defragment","floor":8.0,"key":"SMITH"},{"data":"Defragment","floor":10.0,"key":"SMITH"},{"data":"Defragment","floor":15.0,"key":"SMITH"},{"floor":32.0,"key":"REST"},{"data":"Capacitor","floor":40.0,"key":"SMITH"},{"data":"Deep Breath","floor":45.0,"key":"SMITH"},{"data":"Echo Form","floor":49.0,"key":"SMITH"},{"data":"Corpse Explosion","floor":57.0,"key":"SMITH"},{"data":"Glacier","floor":66,"key":"SMITH"},{"data":"Gash","floor":75,"key":"SMITH"},{"floor":83,"key":"REST"},{"floor":93,"key":"RECALL"},{"data":"Gash","floor":98,"key":"SMITH"},{"data":"Leg Sweep","floor":100,"key":"SMITH"},{"data":"Defragment","floor":108,"key":"SMITH"},{"data":"Adrenaline","floor":113,"key":"SMITH"},{"data":"Gash","floor":117,"key":"SMITH"}],"circlet_count":0,"master_deck":["Defragment+1","Capacitor+1","Cold Snap","Glacier+1","Defragment+1","Gash+1","White Noise","Cold Snap","Gash+1","Gash+1","Defragment+1","Ball Lightning","Gash+1","Ball Lightning","Chill","Echo Form+1","Gash+1","Deep Breath+1","Corpse Explosion+1","Core Surge","Crippling Poison","Leg Sweep+1","Parasite","Core Surge","infinitespire:NeuralNetwork","Biased Cognition","Defragment+1","Adrenaline+1","Genetic Algorithm"],"relics":["Cracked Core","ClockworkSouvenir","WarpedTongs","Ancient Tea Set","Cables","War Paint","Orrery","Strawberry","aspiration:StickyExplosives","Peace Pipe","Pocketwatch","vexMod:TanglingVine","FaceOfCleric","hubris:MobiusCoin","Tiny Chest","hubris:DisguiseKit","Bromod:ArcaneTrickery","Bromod:ArcaneMomentum","aspiration:HatOfInfinitePower","Gremlin Horn","hubris:EmptyBottle","aspiration:Lifesprig","Philosopher\u0027s Stone","hubris:Backtick","Calipers","aspiration:KaomsHeart"],"acts_visited":["Exordium","TheCity","TheBeyond","Exordium","TheCity","TheBeyond","Exordium"],"potions_floor_usage":[78,78,79,80,84,86,88,88,92,92,95,101,116,116,118],"damage_taken":[{"damage":6.0,"enemies":"2 Louse","floor":1.0,"turns":4.0},{"damage":5.0,"enemies":"Small Slimes","floor":4.0,"turns":4.0},{"damage":5.0,"enemies":"infinitespire:Voidling","floor":5.0,"turns":5.0},{"damage":8.0,"enemies":"Lagavulin","floor":6.0,"turns":7.0},{"damage":0.0,"enemies":"Gremlin Nob","floor":11.0,"turns":3.0},{"damage":0.0,"enemies":"Exordium Thugs","floor":12.0,"turns":2.0},{"damage":3.0,"enemies":"3 Sentries","floor":14.0,"turns":5.0},{"damage":0.0,"enemies":"Slime Boss","floor":16.0,"turns":6.0},{"damage":2.0,"enemies":"Spheric Guardian","floor":18.0,"turns":3.0},{"damage":0.0,"enemies":"3 Byrds","floor":21.0,"turns":4.0},{"damage":22.0,"enemies":"Slavers","floor":23.0,"turns":5.0},{"damage":0.0,"enemies":"Snecko","floor":24.0,"turns":3.0},{"damage":0.0,"enemies":"Nightmare","floor":25.0,"turns":6.0},{"damage":21.0,"enemies":"Slavers","floor":27.0,"turns":5.0},{"damage":12.0,"enemies":"Cultist and Chosen","floor":28.0,"turns":4.0},{"damage":4.0,"enemies":"Collector","floor":33.0,"turns":6.0},{"damage":14.0,"enemies":"Orb Walker","floor":35.0,"turns":3.0},{"damage":0.0,"enemies":"3 Darklings","floor":36.0,"turns":4.0},{"damage":0.0,"enemies":"4 Shapes","floor":37.0,"turns":3.0},{"damage":49.0,"enemies":"Nightmare","floor":41.0,"turns":7.0},{"damage":12.0,"enemies":"Maw","floor":42.0,"turns":5.0},{"damage":0.0,"enemies":"Reptomancer","floor":44.0,"turns":5.0},{"damage":14.0,"enemies":"Nemesis","floor":46.0,"turns":5.0},{"damage":29.0,"enemies":"infinitespire:MassOfShapes","floor":50.0,"turns":6.0},{"damage":0.0,"enemies":"2 Louse","floor":52.0,"turns":2.0},{"damage":0.0,"enemies":"Small Slimes","floor":55.0,"turns":2.0},{"damage":19.0,"enemies":"Jaw Worm","floor":56.0,"turns":2.0},{"damage":4.0,"enemies":"3 Sentries","floor":58.0,"turns":2.0},{"damage":0.0,"enemies":"Exordium Thugs","floor":62.0,"turns":2.0},{"damage":0.0,"enemies":"Nightmare","floor":63.0,"turns":7.0},{"damage":6.0,"enemies":"Looter","floor":64.0,"turns":2.0},{"damage":0,"enemies":"Slime Boss","floor":67,"turns":5},{"damage":0,"enemies":"Spheric Guardian","floor":69,"turns":2},{"damage":25,"enemies":"Shell Parasite","floor":73,"turns":3},{"damage":57,"enemies":"Slavers","floor":74,"turns":4},{"damage":36,"enemies":"Nightmare","floor":78,"turns":7},{"damage":1,"enemies":"Shelled Parasite and Fungi","floor":79,"turns":3},{"damage":6,"enemies":"Slavers","floor":80,"turns":3},{"damage":4,"enemies":"Snecko","floor":81,"turns":4},{"damage":27,"enemies":"Snake Plant","floor":82,"turns":5},{"damage":38,"enemies":"hubris:MusketHawk","floor":84,"turns":7},{"damage":28,"enemies":"3 Shapes","floor":86,"turns":2},{"damage":6,"enemies":"3 Darklings","floor":88,"turns":6},{"damage":9,"enemies":"Sphere and 2 Shapes","floor":90,"turns":4},{"damage":0,"enemies":"Giant Head","floor":91,"turns":8},{"damage":12,"enemies":"Writhing Mass","floor":92,"turns":5},{"damage":11,"enemies":"Nightmare_Alpha","floor":95,"turns":9},{"damage":7,"enemies":"Maw","floor":96,"turns":6},{"damage":0,"enemies":"Sphere and 2 Shapes","floor":97,"turns":4},{"damage":42,"enemies":"3 Darklings","floor":99,"turns":4},{"damage":33,"enemies":"Donu and Deca","floor":101,"turns":6},{"damage":0,"enemies":"2 Louse","floor":103,"turns":1},{"damage":24,"enemies":"Jaw Worm","floor":104,"turns":2},{"damage":36,"enemies":"Lagavulin","floor":109,"turns":5},{"damage":19,"enemies":"Small Slimes","floor":110,"turns":4},{"damage":65,"enemies":"Nightmare","floor":112,"turns":9},{"damage":35,"enemies":"Exordium Thugs","floor":114,"turns":2},{"damage":0,"enemies":"Lots of Slimes","floor":116,"turns":1},{"damage":41,"enemies":"The Guardian","floor":118,"turns":4}],"seed_played":"-1178183303912500986","potions_obtained":[{"floor":1.0,"key":"SteroidPotion"},{"floor":14.0,"key":"Explosive Potion"},{"floor":16.0,"key":"blueLaboratory:PyrophylliteBrew"},{"floor":18.0,"key":"blueLaboratory:CoolantVial"},{"floor":21.0,"key":"BlessingOfTheForge"},{"floor":24.0,"key":"infinitespire:BlackPotion"},{"floor":35.0,"key":"AttackPotion"},{"floor":41.0,"key":"blueLaboratory:SystemWipe"},{"floor":46.0,"key":"blueLaboratory:FruitPunch"},{"floor":52.0,"key":"blueLaboratory:FruitPunch"},{"floor":64.0,"key":"Weak Potion"},{"floor":69,"key":"blueLaboratory:PlasmaFuel"},{"floor":79,"key":"blueLaboratory:BiasPotion"},{"floor":86,"key":"PowerPotion"},{"floor":88,"key":"Strength Potion"},{"floor":99,"key":"Energy Potion"},{"floor":101,"key":"Fire Potion"}],"is_trial":false,"path_per_floor":["M","?","?","M","M","E","$","R","T","R","E","M","T","E","R","B",null,"M","?","?","M","$","E","M","NM","T","E","M","AVR","$","$","R","B",null,"M","M","M","?","AVR","R","NM","M","T","E","R","E","?","T","R","B",null,"M","$","?","M","M","R","E","?","T","AVR","M","NM","M","$","R","B",null,"M","T","?","?","M","E","R","?","T","NM","M","E","M","M","R","B",null,"M","T","M","?","M","E","M","R","T","NM","M","M","R","M","R","B",null,"M","M","?","T","$","R","E","M","T","NM","R","M","?","M","R","B"],"character_chosen":"DEFECT","items_purchased":["Defragment","Capacitor","Cold Snap","Glacier","Defragment","Cables","War Paint","Orrery","hubris:MobiusCoin","Gremlin Horn","hubris:EmptyBottle","ClockworkSouvenir","aspiration:Lifesprig"],"campfire_rested":2,"item_purchase_floors":[0,0,0,0,0,7,7,7,22,30,30,31,31],"current_hp_per_floor":[69,69,69,64,63,55,55,55,62,62,62,62,62,59,59,59,82,80,80,80,81,81,60,61,62,62,42,31,31,31,31,57,54,89,76,77,78,78,178,178,130,119,119,120,120,107,107,107,107,83,201,202,202,202,203,185,185,182,182,182,182,183,188,183,183,183,184,213,214,214,214,214,190,134,134,134,134,99,99,94,91,65,131,94,222,195,195,190,190,182,183,172,172,172,162,156,157,157,116,116,84,232,233,210,210,210,210,210,175,157,157,93,93,59,36,37,37,0,0],"gold":1004,"neow_bonus":"","is_daily":false,"chose_seed":false,"campfire_upgraded":14,"win_rate":0.0,"timestamp":1609240969,"path_taken":["M","?","?","?","M","E","$","R","T","R","E","M","?","E","R","BOSS","M","?","?","M","$","E","M","NM","T","E","M","AVR","?","$","R","BOSS","M","M","M","?","AVR","R","NM","M","T","E","R","E","?","?","R","BOSS","M","$","?","M","M","R","E","?","T","AVR","?","NM","M","$","R","BOSS","M","?","?","?","M","E","R","?","T","NM","M","E","M","M","R","BOSS","M","?","?","?","M","E","M","R","T","NM","M","M","R","M","R","BOSS","M","M","?","?","$","R","E","M","T","NM","R","?","?","M","R","BOSS"],"items_purchased_type":["Card","Card","Card","Card","Card","Relic","Relic","Relic","Relic","Relic","Relic","Relic","Relic"],"build_version":"2020-12-22","purchased_purges":9,"victory":false,"max_hp_per_floor":[75,75,75,75,75,75,75,75,82,82,82,82,82,82,82,82,82,82,82,82,83,83,84,85,86,86,87,88,88,88,88,88,89,89,90,91,92,92,192,192,193,194,194,195,195,196,196,196,196,201,201,202,202,202,203,204,204,205,205,205,205,206,211,212,212,212,213,213,214,214,214,214,215,216,216,216,216,217,218,219,220,221,221,222,222,223,223,224,224,225,226,227,227,227,228,229,230,230,231,231,232,232,233,234,234,234,234,234,235,236,236,237,237,238,238,239,239,239,239],"card_choices":[{"not_picked":["Leap","Redo"],"picked":"Gash","floor":1.0},{"not_picked":["Self Repair","BootSequence"],"picked":"White Noise","floor":4.0},{"not_picked":["Beam Cell","Sweeping Beam"],"picked":"Cold Snap","floor":5.0},{"not_picked":["Compile Driver","White Noise"],"picked":"Gash","floor":6.0},{"not_picked":["hubris:Ukulele","Storm"],"picked":"Gash","floor":7.0},{"not_picked":["Turbo","hubris:Prefetch"],"picked":"Defragment","floor":7.0},{"not_picked":["Steam","Defragment"],"picked":"Ball Lightning","floor":7.0},{"not_picked":["Machine Learning","Hologram"],"picked":"Gash","floor":7.0},{"not_picked":["Stack","Fusion"],"picked":"Ball Lightning","floor":7.0},{"not_picked":["Undo","hubris:PowerSurge"],"picked":"Chill","floor":11.0},{"not_picked":["Blizzard","Reinforced Body","Heatsinks"],"picked":"SKIP","floor":12.0},{"not_picked":["Doom and Gloom","Steam","Sweeping Beam"],"picked":"SKIP","floor":14.0},{"not_picked":["Electrodynamics","Buffer"],"picked":"Echo Form","floor":16.0},{"not_picked":["Leap+1","Double Energy+1","Rebound"],"picked":"SKIP","floor":18.0},{"not_picked":["Leap","Redo"],"picked":"Gash+1","floor":21.0},{"not_picked":["Turbo+1","Lockon","Gash"],"picked":"SKIP","floor":23.0},{"not_picked":["Cold Snap","Rebound","Leap+1"],"picked":"SKIP","floor":24.0},{"not_picked":["Gash","Sweeping Beam","Redo"],"picked":"SKIP","floor":25.0},{"not_picked":["Streamline","Stack","Compile Driver","Bane"],"picked":"SKIP","floor":27.0},{"not_picked":["Reinforced Body","Defragment","hubris:Ukulele+1","Sucker Punch"],"picked":"SKIP","floor":28.0},{"not_picked":["Sweeping Beam+1","Conserve Battery","Streamline","Dagger Throw"],"picked":"SKIP","floor":35.0},{"not_picked":["FTL","Consume","hubris:Ukulele","Predator"],"picked":"SKIP","floor":36.0},{"not_picked":["Rebound+1","Leap+1","Conserve Battery","Underhanded Strike"],"picked":"SKIP","floor":37.0},{"not_picked":["Mind Blast","expansioncontent:ManipulateTime"],"picked":"Deep Breath","floor":38.0},{"not_picked":["Melter+1","Rebound","Fusion+1","Cloak And Dagger"],"picked":"SKIP","floor":41.0},{"not_picked":["Loop+1","Genetic Algorithm+1","Gash+1","Distraction"],"picked":"SKIP","floor":42.0},{"not_picked":["Cold Snap+1","Barrage+1","Fusion","Endless Agony"],"picked":"SKIP","floor":44.0},{"not_picked":["Coolheaded","Barrage+1","Redo+1","Tactician"],"picked":"SKIP","floor":46.0},{"not_picked":["Buffer","Rainbow","Amplify"],"picked":"Corpse Explosion","floor":50.0},{"not_picked":["Redo","Rip and Tear","Beam Cell","PiercingWail"],"picked":"SKIP","floor":52.0},{"not_picked":["Leap","Steam","Hello World","Dagger Spray"],"picked":"SKIP","floor":55.0},{"not_picked":["Doom and Gloom","aspiration:Polymerization","Rebound","Skewer"],"picked":"SKIP","floor":56.0},{"not_picked":["Glacier","Rebound","Go for the Eyes","Skewer"],"picked":"SKIP","floor":58.0},{"not_picked":["Storm","Barrage","Steam Power","PiercingWail"],"picked":"SKIP","floor":62.0},{"not_picked":["Tempest","Heatsinks","Barrage","Setup"],"picked":"SKIP","floor":63.0},{"not_picked":["Gash","Barrage","Force Field","Escape Plan"],"picked":"SKIP","floor":64.0},{"not_picked":["Hyperbeam","Amplify","Doppelganger"],"picked":"Core Surge","floor":67},{"not_picked":["Cold Snap+1","Go for the Eyes","Loop","hubris:Sniper"],"picked":"SKIP","floor":69},{"not_picked":["Redo","Capacitor","Tempest","Slice"],"picked":"SKIP","floor":73},{"not_picked":["Blizzard+1","Streamline","Force Field","Crippling Poison"],"picked":"SKIP","floor":74},{"not_picked":["Blizzard+1","Streamline","Force Field"],"picked":"Crippling Poison","floor":74},{"not_picked":["BootSequence+1","Melter+1","Double Energy"],"picked":"Leg Sweep","floor":78},{"not_picked":["Rebound","Stack","Undo","Underhanded Strike"],"picked":"SKIP","floor":79},{"not_picked":["Compile Driver","Amplify","Recycle","Bane"],"picked":"SKIP","floor":80},{"not_picked":["Blizzard","Coolheaded","Hello World","Bane"],"picked":"SKIP","floor":81},{"not_picked":["Self Repair","Steam","Conserve Battery","Outmaneuver"],"picked":"SKIP","floor":82},{"not_picked":["Leap","Turbo","Skim+1","Caltrops"],"picked":"SKIP","floor":86},{"not_picked":["Melter+1","Go for the Eyes","Undo","Slice"],"picked":"SKIP","floor":88},{"not_picked":["Go for the Eyes+1","Conserve Battery+1","Recycle+1","Distraction"],"picked":"SKIP","floor":90},{"not_picked":["Biased Cognition","Scrape","hubris:PowerSurge","Expertise"],"picked":"SKIP","floor":91},{"not_picked":["Sweeping Beam","Coolheaded+1","Go for the Eyes+1","PiercingWail"],"picked":"SKIP","floor":92},{"not_picked":["Genetic Algorithm","Static Discharge+1","PiercingWail"],"picked":"Core Surge","floor":95},{"not_picked":["infinitespire:Fortify","infinitespire:FutureSight"],"picked":"infinitespire:NeuralNetwork","floor":95},{"not_picked":["Turbo","Redo","Compile Driver","Deflect"],"picked":"SKIP","floor":96},{"not_picked":["Stack+1","Chaos+1","Beam Cell+1","Sucker Punch"],"picked":"SKIP","floor":97},{"not_picked":["Beam Cell+1","Redo+1","Ball Lightning","Reflex"],"picked":"SKIP","floor":99},{"not_picked":["hubris:Prefetch","Reboot","Adrenaline"],"picked":"Biased Cognition","floor":101},{"not_picked":["Sunder","Compile Driver","Melter","Deadly Poison"],"picked":"SKIP","floor":103},{"not_picked":["Stack","Capacitor","PiercingWail"],"picked":"Defragment","floor":104},{"not_picked":["Redo","Chaos","Darkness","PiercingWail"],"picked":"SKIP","floor":109},{"not_picked":["Go for the Eyes","Redo","Machine Learning","Sucker Punch"],"picked":"SKIP","floor":110},{"not_picked":["Stack","Cold Snap","Compile Driver"],"picked":"Adrenaline","floor":112},{"not_picked":["Ball Lightning","Hello World","hubris:SlightOfHand"],"picked":"Genetic Algorithm","floor":114},{"not_picked":["FTL","Genetic Algorithm","Turbo","Backstab"],"picked":"SKIP","floor":116}],"player_experience":935310,"relics_obtained":[{"floor":6.0,"key":"Ancient Tea Set"},{"floor":9.0,"key":"Strawberry"},{"floor":11.0,"key":"aspiration:StickyExplosives"},{"floor":13.0,"key":"Peace Pipe"},{"floor":14.0,"key":"Pocketwatch"},{"floor":23.0,"key":"Tiny Chest"},{"floor":25.0,"key":"hubris:DisguiseKit"},{"floor":26.0,"key":"Bromod:ArcaneTrickery"},{"floor":27.0,"key":"Bromod:ArcaneMomentum"},{"floor":41.0,"key":"aspiration:KMNothing"},{"floor":43.0,"key":"aspiration:KMNothing"},{"floor":44.0,"key":"aspiration:KMNothing"},{"floor":46.0,"key":"aspiration:KMNothing"},{"floor":48.0,"key":"aspiration:KMNothing"},{"floor":58.0,"key":"Question Card"},{"floor":60.0,"key":"aspiration:FetidBarrel"},{"floor":63.0,"key":"TungstenRod"},{"floor":70,"key":"vexMod:BerryBomb"},{"floor":74,"key":"PreservedInsect"},{"floor":77,"key":"infinitespire:Beetle Shell"},{"floor":78,"key":"Potion Belt"},{"floor":80,"key":"Kunai"},{"floor":87,"key":"FossilizedHelix"},{"floor":91,"key":"DataDisk"},{"floor":94,"key":"Bottled Flame"},{"floor":95,"key":"aspiration:EnhancedActuators"},{"floor":106,"key":"Girya"},{"floor":109,"key":"vexMod:Dragonfruit"},{"floor":112,"key":"Regal Pillow"}],"event_choices":[{"damage_healed":0.0,"max_hp_gain":0.0,"max_hp_loss":0.0,"gold_gain":0.0,"event_name":"Golden Wing","player_choice":"Ignored","floor":2.0,"gold_loss":0.0,"damage_taken":0.0},{"damage_healed":0.0,"max_hp_gain":0.0,"max_hp_loss":0.0,"gold_gain":0.0,"event_name":"Accursed Blacksmith","player_choice":"Rummage","floor":3.0,"gold_loss":0.0,"damage_taken":0.0,"relics_obtained":["WarpedTongs"],"cards_obtained":["Pain"]},{"damage_healed":0.0,"max_hp_gain":0.0,"max_hp_loss":0.0,"gold_gain":100.0,"event_name":"Golden Shrine","player_choice":"Pray","floor":19.0,"gold_loss":0.0,"damage_taken":0.0},{"damage_healed":0.0,"max_hp_gain":0.0,"max_hp_loss":0.0,"gold_gain":0.0,"event_name":"FaceTrader","player_choice":"Trade","floor":20.0,"gold_loss":0.0,"damage_taken":0.0,"relics_obtained":["FaceOfCleric"]},{"damage_healed":0.0,"max_hp_gain":0.0,"max_hp_loss":0.0,"gold_gain":3.0,"event_name":"betterStone:BetterStone","player_choice":"1","floor":38.0,"gold_loss":0.0,"damage_taken":0.0},{"cards_removed":["Defend_B"],"damage_healed":0.0,"max_hp_gain":0.0,"max_hp_loss":0.0,"gold_gain":0.0,"event_name":"Bonfire Elementals","player_choice":"Offered Basic","floor":47.0,"gold_loss":0.0,"damage_taken":0.0},{"cards_removed":["Zap"],"damage_healed":0.0,"max_hp_gain":0.0,"max_hp_loss":0.0,"gold_gain":0.0,"event_name":"Wheel of Change","player_choice":"Card Removal","floor":59.0,"gold_loss":0.0,"damage_taken":0.0},{"damage_healed":0,"gold_gain":0,"player_choice":"Ignored","damage_taken":0,"max_hp_gain":0,"max_hp_loss":0,"event_name":"Transmorgrifier","floor":89,"gold_loss":0},{"damage_healed":0,"gold_gain":0,"player_choice":"3","damage_taken":0,"max_hp_gain":0,"max_hp_loss":0,"event_name":"betterMatch:BetterMatch","floor":105,"gold_loss":0,"cards_obtained":[]},{"damage_healed":0,"gold_gain":75,"player_choice":"Touch","damage_taken":23,"max_hp_gain":0,"max_hp_loss":0,"event_name":"FaceTrader","floor":115,"gold_loss":0}],"is_beta":false,"boss_relics":[{"not_picked":["hubris:HollowSoul","hubris:TerracottaHorce"],"picked":"vexMod:TanglingVine"},{"not_picked":["vexMod:RockOfEvil","hubris:RunicObelisk"],"picked":"Philosopher\u0027s Stone"},{"not_picked":["aspiration:KMNothing","aspiration:KMNothing"],"picked":"aspiration:KMNothing"},{"not_picked":["Runic Pyramid","Black Star"],"picked":"Busted Crown"},{"not_picked":["vexMod:ImprovementManual","hubris:BlackHole"],"picked":"Inserter"},{"not_picked":["Velvet Choker","Nuclear Battery"],"picked":"FrozenCore"}],"items_purged_floors":[0,0,0,0,7,7,7,7,22],"is_endless":true,"potions_floor_spawned":[1,14,16,18,21,23,24,35,36,41,46,52,62,64,67,69,74,79,86,88,91,99,101,110,114],"killed_by":"The Guardian","ascension_level":1}}