{"host":"f6tqpspb2ou2a4h5","time":1609230387,"event":{"mods":["2.2 Compatiblity","Ascension Unlocker","BaseMod","Colored Map","DeckTracker","Hermit","Highlight Path","KOR Keyword Fix","Keyboard Shortcuts","Minty Spire (QoL Compilation)","Permanent Neow","Quick Restart","Random Character Button","StSLib","SuperFastMode","The Poker Player","everything is the same but u backflip on backflip"],"gold_per_floor":[119,44,55,55,1,12,23,58,85,85,98,98,133,144,144,240,240,257,257,111,123,123,123,142,177,200,200,210,210,239,253,253,355,355,365,17,17,29,45,76,76,102,102,102,52,65,0,29,29,29],"floor_reached":51,"playtime":2703,"items_purged":["Defend_B","Defend_B","Defend_B","Dualcast"],"score":1229,"play_id":"6743b55b-5f7b-47a2-815c-85cffc6feb1c","local_time":"20201229172627","is_ascension_mode":true,"campfire_choices":[{"floor":10.0,"key":"REST"},{"data":"Reprogram","floor":12.0,"key":"SMITH"},{"floor":15.0,"key":"REST"},{"data":"Seek","floor":23.0,"key":"SMITH"},{"data":"Conserve Battery","floor":27.0,"key":"SMITH"},{"data":"Rip and Tear","floor":29.0,"key":"SMITH"},{"data":"BootSequence","floor":32.0,"key":"SMITH"},{"data":"Buffer","floor":41,"key":"SMITH"},{"data":"Hologram","floor":44,"key":"SMITH"},{"floor":49,"key":"DIG"}],"circlet_count":0,"master_deck":["Strike_B+1","Zap","Gash+1","Hyperbeam+1","Undo","Compile Driver","Reprogram+1","Rip and Tear+1","Conserve Battery+1","Seek+1","BootSequence+1","Beam Cell+1","Steam+1","White Noise+1","Buffer+1","Reinforced Body+1","Hologram+1","Reinforced Body+1","Hologram+1"],"relics":["Cracked Core","Omamori","PreservedInsect","Potion Belt","Mercury Hourglass","Empty Cage","Meat on the Bone","Smiling Mask","Bag of Marbles","Question Card","Coffee Dripper","Shovel","Gremlin Horn","Anchor","Whetstone","Red Mask","Lantern","Bottled Lightning"],"acts_visited":["Exordium","TheCity","TheBeyond"],"potions_floor_usage":[50,50,50,50,50],"damage_taken":[{"damage":0.0,"enemies":"Small Slimes","floor":1.0,"turns":1.0},{"damage":7.0,"enemies":"Jaw Worm","floor":3.0,"turns":3.0},{"damage":1.0,"enemies":"Cultist","floor":6.0,"turns":3.0},{"damage":6.0,"enemies":"Looter","floor":7.0,"turns":3.0},{"damage":26.0,"enemies":"Gremlin Nob","floor":8.0,"turns":4.0},{"damage":9.0,"enemies":"Red Slaver","floor":11.0,"turns":3.0},{"damage":3.0,"enemies":"3 Sentries","floor":13.0,"turns":3.0},{"damage":1.0,"enemies":"Blue Slaver","floor":14.0,"turns":2.0},{"damage":22.0,"enemies":"Hexaghost","floor":16.0,"turns":12.0},{"damage":10.0,"enemies":"Shell Parasite","floor":18.0,"turns":7.0},{"damage":0.0,"enemies":"2 Thieves","floor":21.0,"turns":1.0},{"damage":15.0,"enemies":"Shelled Parasite and Fungi","floor":24.0,"turns":4.0},{"damage":0.0,"enemies":"Gremlin Leader","floor":25.0,"turns":3.0},{"damage":0.0,"enemies":"Cultist and Chosen","floor":28.0,"turns":3.0},{"damage":0.0,"enemies":"Slavers","floor":30.0,"turns":1.0},{"damage":0.0,"enemies":"Snake Plant","floor":31.0,"turns":2.0},{"damage":35.0,"enemies":"Collector","floor":33.0,"turns":8.0},{"damage":0.0,"enemies":"Orb Walker","floor":35.0,"turns":3.0},{"damage":0.0,"enemies":"3 Shapes","floor":38.0,"turns":1.0},{"damage":0,"enemies":"Writhing Mass","floor":39,"turns":7},{"damage":16,"enemies":"Reptomancer","floor":40,"turns":8},{"damage":2,"enemies":"Giant Head","floor":42,"turns":8},{"damage":0,"enemies":"Jaw Worm Horde","floor":46,"turns":1},{"damage":0,"enemies":"Nemesis","floor":48,"turns":5},{"damage":0,"enemies":"Time Eater","floor":50,"turns":13}],"seed_played":"-8968221780692713163","potions_obtained":[{"floor":3.0,"key":"DuplicationPotion"},{"floor":7.0,"key":"Fire Potion"},{"floor":13.0,"key":"FocusPotion"},{"floor":14.0,"key":"EssenceOfSteel"},{"floor":16.0,"key":"PowerPotion"},{"floor":25.0,"key":"Explosive Potion"},{"floor":28.0,"key":"Dexterity Potion"},{"floor":30.0,"key":"Explosive Potion"},{"floor":31.0,"key":"Block Potion"},{"floor":39,"key":"DistilledChaos"},{"floor":40,"key":"EssenceOfSteel"},{"floor":48,"key":"PowerPotion"}],"is_trial":false,"path_per_floor":["M","$","M","?","?","M","M","E","T","R","M","R","E","M","R","B",null,"M","T","$","M","?","R","M","E","T","R","M","R","E","M","R","B",null,"M","$","?","M","M","E","R","E","T","R","$","M","?","E","R","B",null],"character_chosen":"DEFECT","items_purchased":["Gash","Shovel"],"campfire_rested":2,"item_purchase_floors":[20,36],"current_hp_per_floor":[50,50,43,43,43,42,36,10,10,32,23,23,20,19,41,19,61,51,51,51,51,51,51,48,48,48,48,48,48,48,48,48,25,63,63,63,63,63,63,47,47,45,45,45,45,45,45,45,45,45],"gold":29,"neow_bonus":"TRANSFORM_TWO_CARDS","is_daily":false,"chose_seed":false,"campfire_upgraded":7,"win_rate":0.0,"timestamp":1609230387,"path_taken":["M","$","M","?","?","M","M","E","T","R","M","R","E","M","R","BOSS","M","?","$","M","?","R","M","E","T","R","M","R","E","?","R","BOSS","M","$","?","M","M","E","R","E","T","R","$","M","?","E","R","BOSS"],"items_purchased_type":["Card","Relic"],"build_version":"2020-12-22","purchased_purges":4,"victory":true,"max_hp_per_floor":[75,75,75,75,75,75,75,75,75,75,75,75,75,75,75,75,75,75,75,75,75,75,75,75,75,75,75,75,75,75,75,75,75,75,75,75,75,75,75,75,75,75,75,75,75,75,75,75,75,75],"card_choices":[{"not_picked":["Cold Snap","Redo"],"picked":"Undo","floor":1.0},{"not_picked":["Self Repair","Redo"],"picked":"Compile Driver","floor":3.0},{"not_picked":["Defragment","Lockon","Recycle"],"picked":"SKIP","floor":6.0},{"not_picked":["Turbo","Recycle"],"picked":"Reprogram","floor":7.0},{"not_picked":["Force Field","Multi-Cast","Stack"],"picked":"SKIP","floor":8.0},{"not_picked":["Sweeping Beam","Leap"],"picked":"Rip and Tear","floor":11.0},{"not_picked":["Rebound","Coolheaded","Go for the Eyes"],"picked":"SKIP","floor":13.0},{"not_picked":["Cold Snap","Static Discharge"],"picked":"Conserve Battery","floor":14.0},{"not_picked":["Core Surge","Creative AI"],"picked":"Seek","floor":16.0},{"not_picked":["Darkness","Scrape","Compile Driver"],"picked":"SKIP","floor":18.0},{"not_picked":["Go for the Eyes","Lockon","Barrage"],"picked":"SKIP","floor":21.0},{"not_picked":["Streamline+1","Turbo+1"],"picked":"BootSequence","floor":24.0},{"not_picked":["Auto Shields+1","Hello World"],"picked":"Beam Cell+1","floor":25.0},{"not_picked":["Redo","Steam","Steam Power"],"picked":"SKIP","floor":28.0},{"not_picked":["White Noise","Ball Lightning"],"picked":"Steam+1","floor":30.0},{"not_picked":["Cold Snap","Turbo","Genetic Algorithm"],"picked":"White Noise+1","floor":31.0},{"not_picked":["Biased Cognition","Core Surge","Electrodynamics"],"picked":"Buffer","floor":33.0},{"not_picked":["Gash+1","Compile Driver","Self Repair"],"picked":"Reinforced Body+1","floor":35.0},{"not_picked":["Turbo+1","FTL","Fusion","Redo"],"picked":"SKIP","floor":38.0},{"not_picked":["Tempest+1","Compile Driver","Steam+1"],"picked":"Hologram","floor":39},{"not_picked":["Meteor Strike","Barrage","Go for the Eyes","Multi-Cast"],"picked":"SKIP","floor":40},{"not_picked":["Melter+1","Ball Lightning","Cold Snap+1"],"picked":"Reinforced Body+1","floor":42},{"not_picked":["Genetic Algorithm","Undo","Streamline","Self Repair+1"],"picked":"SKIP","floor":46},{"not_picked":["Hello World","Sweeping Beam+1","Rebound"],"picked":"Hologram+1","floor":48}],"player_experience":88256,"relics_obtained":[{"floor":8.0,"key":"PreservedInsect"},{"floor":9.0,"key":"Potion Belt"},{"floor":13.0,"key":"Mercury Hourglass"},{"floor":19.0,"key":"Meat on the Bone"},{"floor":25.0,"key":"Smiling Mask"},{"floor":26.0,"key":"Bag of Marbles"},{"floor":30.0,"key":"Question Card"},{"floor":40,"key":"Gremlin Horn"},{"floor":42,"key":"Anchor"},{"floor":43,"key":"Whetstone"},{"floor":48,"key":"Lantern"},{"floor":49,"key":"Bottled Lightning"}],"event_choices":[{"damage_healed":0.0,"max_hp_gain":0.0,"max_hp_loss":0.0,"gold_gain":0.0,"event_name":"Liars Game","player_choice":"Ignored","floor":4.0,"gold_loss":0.0,"damage_taken":0.0},{"damage_healed":0.0,"max_hp_gain":0.0,"max_hp_loss":0.0,"gold_gain":0.0,"event_name":"WeMeetAgain","player_choice":"Paid Gold","floor":5.0,"gold_loss":54.0,"damage_taken":0.0,"relics_obtained":["Omamori"]},{"damage_healed":0.0,"max_hp_gain":0.0,"max_hp_loss":0.0,"gold_gain":0.0,"event_name":"Upgrade Shrine","player_choice":"Upgraded","floor":22.0,"gold_loss":0.0,"damage_taken":0.0,"cards_upgraded":["Hyperbeam"]},{"cards_removed":["Gash"],"damage_healed":0.0,"max_hp_gain":0.0,"max_hp_loss":0.0,"gold_gain":0.0,"event_name":"Falling","player_choice":"Removed Attack","floor":37.0,"gold_loss":0.0,"damage_taken":0.0},{"damage_healed":0,"gold_gain":0,"player_choice":"Paid","damage_taken":0,"relics_obtained":["Red Mask"],"max_hp_gain":0,"max_hp_loss":0,"event_name":"Tomb of Lord Red Mask","floor":47,"gold_loss":65}],"is_beta":false,"boss_relics":[{"not_picked":["Black Star","Fusion Hammer"],"picked":"Empty Cage"},{"not_picked":["Nuclear Battery","Busted Crown"],"picked":"Coffee Dripper"}],"items_purged_floors":[2,20,36,45],"is_endless":false,"potions_floor_spawned":[3,7,13,14,16,25,28,30,31,39,40,46,48],"ascension_level":8}}