{"host":"uwh382mre4waz4ff","time":1609228490,"event":{"mods":["AchievementEnabler","BaseMod","Better Note","Better Third Choice","BetterRewards","Decade(â§è¨ñæ)","Minty Spire (QoL Compilation)","Quick Restart","Shop Mod","StSLib"],"gold_per_floor":[113,113,131,105,280,319,319,355,355,393,393,409,424,437,437,566,566,590,606,606,621,640,680,680,718,718,751,774,788,806,425,425,545,545,563,583,583,583,583,583,619,619,687,705,744,763,783,295,295,295],"floor_reached":51,"playtime":3691,"items_purged":["Doubt","Decade_Attack+1"],"score":1192,"play_id":"52749445-5966-4d1d-86db-ea1cf592e053","local_time":"20201229155450","is_ascension_mode":true,"campfire_choices":[{"data":"KamenRide","floor":7.0,"key":"SMITH"},{"data":"Dragreder","floor":15.0,"key":"SMITH"},{"data":"MirrorWorld","floor":24.0,"key":"SMITH"},{"data":"Dragreder","floor":32.0,"key":"SMITH"},{"floor":40,"key":"RECALL"}],"circlet_count":0,"master_deck":["Decade_Attack+1","Decade_Attack+1","Decade_Attack+1","KamenRide+1","Decade_SpecialSkill+1","Decade_Defend+1","MirrorWorld+1","Dragreder+1","AttackRide+1","UnarmedAttack3+1","PrometheusPower+1","Dragreder+1","UnarmedAttack3+1","RideBooker_Skill_3+1","AttackRide+1","KamenRideRyuki+1","DecadeViolentEmotion+1","KamenRideDecade+1","UnarmedAttack6+1","KamenRideKabuto+1"],"relics":["Decadriver","TOEIDeficitBill","Golden Idol","betterThird:SlimedRelic","CaptainsWheel","Toy Ornithopter","Ginger","Lantern","Coffee Dripper","Letter Opener","Incense Burner","Matryoshka","Bag of Marbles","Nunchaku","OrangePellets","Astrolabe","Mark of the Bloom","Ancient Tea Set","Pear","Regal Pillow","Medical Kit","Molten Egg 2"],"acts_visited":[],"potions_floor_usage":[],"damage_taken":[{"damage":2.0,"enemies":"Small Slimes","floor":1.0,"turns":3.0},{"damage":5.0,"enemies":"Jaw Worm","floor":3.0,"turns":3.0},{"damage":2.0,"enemies":"Gremlin Nob","floor":6.0,"turns":2.0},{"damage":10.0,"enemies":"3 Sentries","floor":8.0,"turns":3.0},{"damage":14.0,"enemies":"Gremlin Nob","floor":10.0,"turns":3.0},{"damage":2.0,"enemies":"2 Louse","floor":12.0,"turns":2.0},{"damage":0.0,"enemies":"Lots of Slimes","floor":13.0,"turns":1.0},{"damage":4.0,"enemies":"2 Fungi Beasts","floor":14.0,"turns":1.0},{"damage":2.0,"enemies":"The Guardian","floor":16.0,"turns":3.0},{"damage":11.0,"enemies":"3 Byrds","floor":18.0,"turns":5.0},{"damage":0.0,"enemies":"Chosen","floor":19.0,"turns":4.0},{"damage":0.0,"enemies":"Centurion and Healer","floor":21.0,"turns":5.0},{"damage":0.0,"enemies":"3 Cultists","floor":22.0,"turns":5.0},{"damage":0.0,"enemies":"Gremlin Leader","floor":23.0,"turns":4.0},{"damage":2.0,"enemies":"Slavers","floor":25.0,"turns":3.0},{"damage":2.0,"enemies":"Book of Stabbing","floor":27.0,"turns":4.0},{"damage":0.0,"enemies":"Snake Plant","floor":28.0,"turns":2.0},{"damage":0.0,"enemies":"Snecko","floor":29.0,"turns":5.0},{"damage":0.0,"enemies":"Sentry and Sphere","floor":30.0,"turns":4.0},{"damage":0.0,"enemies":"Collector","floor":33.0,"turns":5.0},{"damage":2,"enemies":"3 Darklings","floor":35,"turns":3},{"damage":2,"enemies":"3 Shapes","floor":36,"turns":1},{"damage":7,"enemies":"Nemesis","floor":41,"turns":1},{"damage":14,"enemies":"Maw","floor":44,"turns":4},{"damage":1,"enemies":"Reptomancer","floor":45,"turns":1},{"damage":8,"enemies":"Transient","floor":46,"turns":5},{"damage":4,"enemies":"Sphere and 2 Shapes","floor":47,"turns":2},{"damage":4,"enemies":"Time Eater","floor":50,"turns":3}],"seed_played":"3145404640714054022","potions_obtained":[{"floor":1.0,"key":"SkillPotion"},{"floor":3.0,"key":"SteroidPotion"},{"floor":8.0,"key":"BlessingOfTheForge"},{"floor":12.0,"key":"GamblersBrew"},{"floor":16.0,"key":"Block Potion"},{"floor":21.0,"key":"PowerPotion"},{"floor":44,"key":"DuplicationPotion"}],"is_trial":false,"path_per_floor":["M","?","M","?","?","E","R","E","T","E","?","M","M","M","R","B",null,"M","M","?","M","M","E","R","E","T","E","M","M","M","$","R","B",null,"M","M","?","?","?","R","E","R","T","M","E","M","M","$","R","B",null],"character_chosen":"Decade","items_purchased":["Nunchaku","OrangePellets","Medical Kit","Molten Egg 2"],"campfire_rested":0,"item_purchase_floors":[31,31,48,48],"current_hp_per_floor":[77,58,59,48,48,46,46,49,49,24,24,22,30,26,26,13,77,74,64,64,67,87,87,87,92,92,90,92,97,107,107,107,112,112,112,110,110,110,106,106,99,99,99,85,84,76,72,72,72,68],"gold":295,"neow_bonus":"TEN_PERCENT_HP_BONUS","is_daily":false,"chose_seed":false,"campfire_upgraded":4,"win_rate":0.0,"timestamp":1609228490,"path_taken":["M","?","M","?","?","E","R","E","T","E","?","M","M","?","R","BOSS","M","M","?","M","M","E","R","E","T","E","M","M","M","$","R","BOSS","M","M","?","?","?","R","E","R","T","M","E","M","?","$","R","BOSS"],"items_purchased_type":["Relic","Relic","Relic","Relic"],"build_version":"2020-12-22","purchased_purges":2,"victory":true,"max_hp_per_floor":[77,77,77,77,77,77,77,77,77,77,77,77,77,77,77,77,77,82,82,82,87,87,87,87,92,92,92,92,97,107,107,107,112,112,112,112,112,112,106,106,106,106,116,116,116,116,116,116,116,116],"card_choices":[{"not_picked":["RideBooker_Skill_1","PhotonAcceleration"],"picked":"MirrorWorld","floor":1.0},{"not_picked":["FormRideFlame","FormRideTitan"],"picked":"Dragreder","floor":3.0},{"not_picked":["Blade_Slash","Kiva_Frozen"],"picked":"AttackRide","floor":6.0},{"not_picked":["Kiva_Swallow","UnarmedAttack4"],"picked":"UnarmedAttack3","floor":13.0},{"not_picked":["FormRideDragon","UnarmedAttack3"],"picked":"PrometheusPower+1","floor":18.0},{"not_picked":["RideBooker","DenO_Gun"],"picked":"Dragreder","floor":19.0},{"not_picked":["Kiva_Frozen","Blade_Slash"],"picked":"UnarmedAttack3+1","floor":19.0},{"not_picked":["FormRideAxel","FormRideDogga"],"picked":"RideBooker_Skill_3","floor":23.0},{"not_picked":["KamenRideDecade","MirrorWorld+1"],"picked":"AttackRide","floor":25.0},{"not_picked":["FormRideFlame","Hibiki_Attack3"],"picked":"KamenRideRyuki+1","floor":27.0},{"not_picked":["DenO_Climax","NMDAZYYGL"],"picked":"DecadeViolentEmotion","floor":33.0}],"player_experience":135055,"relics_obtained":[{"floor":6.0,"key":"CaptainsWheel"},{"floor":8.0,"key":"Toy Ornithopter"},{"floor":9.0,"key":"Ginger"},{"floor":10.0,"key":"Lantern"},{"floor":23.0,"key":"Letter Opener"},{"floor":25.0,"key":"Incense Burner"},{"floor":26.0,"key":"Matryoshka"},{"floor":27.0,"key":"Bag of Marbles"},{"floor":41,"key":"Ancient Tea Set"},{"floor":43,"key":"Pear"},{"floor":45,"key":"Regal Pillow"}],"event_choices":[{"damage_healed":0.0,"max_hp_gain":0.0,"max_hp_loss":0.0,"gold_gain":0.0,"event_name":"Golden Idol","player_choice":"Take Damage","floor":2.0,"gold_loss":0.0,"damage_taken":19.0,"relics_obtained":["Golden Idol"]},{"damage_healed":0.0,"max_hp_gain":0.0,"max_hp_loss":0.0,"gold_gain":0.0,"event_name":"betterThird:BetterGoop","player_choice":"Slimed","floor":4.0,"gold_loss":26.0,"damage_taken":11.0},{"damage_healed":0.0,"max_hp_gain":0.0,"max_hp_loss":0.0,"gold_gain":175.0,"event_name":"betterThird:BetterSerpent","player_choice":"AGREE","floor":5.0,"gold_loss":0.0,"damage_taken":105.0},{"damage_healed":0.0,"max_hp_gain":0.0,"max_hp_loss":0.0,"gold_gain":0.0,"event_name":"Upgrade Shrine","player_choice":"Upgraded","floor":11.0,"gold_loss":0.0,"damage_taken":0.0,"cards_upgraded":["Decade_SpecialSkill"]},{"cards_removed":["Doubt"],"damage_healed":0.0,"max_hp_gain":0.0,"max_hp_loss":0.0,"gold_gain":0.0,"event_name":"betterNote:BetterNote","player_choice":"Give","floor":20.0,"gold_loss":0.0,"damage_taken":0.0,"cards_obtained":["None"]},{"damage_healed":0,"gold_gain":0,"player_choice":"Upgrade","damage_taken":0,"relics_obtained":["Mark of the Bloom"],"max_hp_gain":0,"max_hp_loss":0,"event_name":"MindBloom","floor":37,"gold_loss":0,"cards_upgraded":["Decade_Attack","Decade_Attack","Decade_Attack","Decade_Attack","Decade_Defend","AttackRide","UnarmedAttack3","RideBooker_Skill_3","AttackRide","DecadeViolentEmotion"]},{"damage_healed":0,"gold_gain":0,"player_choice":"Ignored","damage_taken":0,"max_hp_gain":0,"max_hp_loss":0,"event_name":"Tomb of Lord Red Mask","floor":38,"gold_loss":0},{"damage_healed":0,"gold_gain":0,"player_choice":"Max HP","damage_taken":0,"max_hp_gain":0,"max_hp_loss":6,"event_name":"Winding Halls","floor":39,"gold_loss":0}],"is_beta":false,"boss_relics":[{"not_picked":["Ectoplasm","Empty Cage"],"picked":"Coffee Dripper"},{"not_picked":["Runic Pyramid","Velvet Choker"],"picked":"Astrolabe"}],"items_purged_floors":[31,48],"is_endless":false,"potions_floor_spawned":[1,3,8,12,16,21,22,25,28,29,30,35,41,44,47],"ascension_level":1}}