{"host":"tder1l6ikse0p2as","time":1609277682,"event":{"mods":["AchievementEnabler","Aspiration","BaseMod","Best Route Mod","Better Third Choice","BetterRewards","CapriCore","Colored Powertips","Dota2Spire","Evolution","Friendly Minions","Grow up Mod","Hubris","Infinite Spire","Luminous","Minty Spire (QoL Compilation)","Relic Stats","Replay The Spire","Shop Mod","StSLib","SuperFastMode","The Alterego","The Bug Knight","The Forsaken","The Marked","The Servant 0.9.4","Treasure Hunter","Uncapped"],"gold_per_floor":[310,329,342,342,101,101,129,129,129,162,207,238,278,317,317,430,430,455,62,89,89,113,165,165,257,257,38,57,80,135,164,164,274,274,301,152,318,350,400,447,447,467,493,545,545,581,581,725,725,830,830,846,855,921,445,464,488,488,504,504,546,546,546,546,622,622,747,797,806,659,1003,1039,499,499,555,605,605,704,704,619,636,681,681,681,681],"floor_reached":84,"playtime":4362,"items_purged":[],"score":1573,"play_id":"9ee84bf5-4c38-4d63-8963-cc7f6d4e60f3","local_time":"20201229213442","daily_mods":["Vintage","Heirloom","Time Dilation","DeadlyEvents","Elite Swarm","Night Terrors","Terminal"],"is_ascension_mode":false,"campfire_choices":[{"data":"Bash","floor":6.0,"key":"SMITH"},{"data":"Demon Form","floor":8.0,"key":"SMITH"},{"data":"Demon Form","floor":15.0,"key":"SMITH"},{"data":"Demon Form","floor":24.0,"key":"SMITH"},{"data":"ReplayTheSpireMod:Muscle Training","floor":32.0,"key":"SMITH"},{"data":"Limit Break","floor":41.0,"key":"SMITH"},{"data":"Iron Wave","floor":45.0,"key":"SMITH"},{"floor":49.0,"key":"DIG"},{"floor":58.0,"key":"DIG"},{"floor":62.0,"key":"DIG"},{"data":"1","floor":66.0,"key":"LIFT"},{"data":"2","floor":74.0,"key":"LIFT"},{"data":"3","floor":76.0,"key":"LIFT"},{"data":"Replay:Fractal Strike","floor":83.0,"key":"SMITH"}],"circlet_count":0,"master_deck":["Strike_R","Strike_R","Strike_R","Strike_R","Defend_R+1","Defend_R+1","Defend_R+1","Defend_R+1","Bash+1","Iron Wave+1","Demon Form+1","Demon Form+1","Limit Break+1","Demon Form+1","ReplayTheSpireMod:Muscle Training+1","Metallicize+1","Iron Wave+1","infinitespire:Starlight","Replay:Fractal Strike+1","Dramatic Entrance+1"],"relics":["Burning Blood","Incense Burner","theForsaken:Lifeblossom","Boot","Shuriken","Replay:Bandana","infinitespire:Midas Blood","Durian","aspiration:Lifesprig","hubris:MedicalManual","King of Hearts","hubris:MobiusCoin","hubris:EmptyBottle","hubris:Towel","theForsaken:Gavel","Calipers","Dota2Spire:OrchidMalevolence","Thread and Needle","Vajra","Garlic","HollowMod:PaleOreRelic","Ice Cream","Bag of Marbles","Coffee Dripper","HollowMod:StagPassRelic","Strange Spoon","Champion Belt","hubris:ChampionShield","Pen Nib","Nunchaku","Shovel","hubris:SlimyHat","Dota2Spire:AssaultCuirass","Dota2Spire:PowerTreads","TH:HealthInsurance","Letter Opener","hubris:GlazedTorus","hubris:TerracottaHorce","infinitespire:Broken Mirror","Dota2Spire:DrumOfEndurance","Bronze Scales","hubris:OldNail","Golden Egg","Ginger","Mercury Hourglass","Anchor","Dota2Spire:HandOfMidas","Oddly Smooth Stone","Counterbalance","HornCleat","Girya","Ooze Armor","aspiration:ChemicalBlood","aspiration:TomeofQuesting","Old Coin","Replay:Bottled Eggs","aspiration:Nostalgia","infinitespire:DarkRift","MealTicket","hubris:SphereOfDissonance","infinitespire:BottledMercury","Iron Hammer","Mango","Pet Ghost","Mummified Hand","Sundial"],"acts_visited":["Exordium","TheCity","TheBeyond","Exordium","TheCity"],"potions_floor_usage":[],"damage_taken":[{"damage":0.0,"enemies":"2 Louse","floor":1.0,"turns":3.0},{"damage":4.0,"enemies":"infinitespire:Voidling","floor":2.0,"turns":5.0},{"damage":0.0,"enemies":"Cultist","floor":3.0,"turns":3.0},{"damage":23.0,"enemies":"Lagavulin","floor":7.0,"turns":7.0},{"damage":13.0,"enemies":"3 Louse","floor":10.0,"turns":4.0},{"damage":9.0,"enemies":"HollowMod:MossKnight","floor":11.0,"turns":5.0},{"damage":8.0,"enemies":"Lagavulin","floor":12.0,"turns":5.0},{"damage":16.0,"enemies":"Gremlin Nob","floor":13.0,"turns":4.0},{"damage":0.0,"enemies":"Lagavulin","floor":14.0,"turns":4.0},{"damage":2.0,"enemies":"Hexaghost","floor":16.0,"turns":5.0},{"damage":5.0,"enemies":"Spheric Guardian","floor":18.0,"turns":5.0},{"damage":5.0,"enemies":"Chosen","floor":20.0,"turns":4.0},{"damage":27.0,"enemies":"Snecko","floor":22.0,"turns":5.0},{"damage":81.0,"enemies":"Slavers","floor":23.0,"turns":7.0},{"damage":31.0,"enemies":"Nightmare","floor":25.0,"turns":7.0},{"damage":15.0,"enemies":"Cultist and Chosen","floor":28.0,"turns":6.0},{"damage":3.0,"enemies":"Sentry and Sphere","floor":29.0,"turns":5.0},{"damage":72.0,"enemies":"Slavers","floor":30.0,"turns":7.0},{"damage":13.0,"enemies":"Snake Plant","floor":31.0,"turns":5.0},{"damage":1.0,"enemies":"Automaton","floor":33.0,"turns":6.0},{"damage":2.0,"enemies":"Orb Walker","floor":35.0,"turns":4.0},{"damage":15.0,"enemies":"infinitespire:Three Voidlings","floor":37.0,"turns":5.0},{"damage":95.0,"enemies":"Nightmare_Alpha","floor":37.0,"turns":8.0},{"damage":18.0,"enemies":"3 Shapes","floor":38.0,"turns":5.0},{"damage":8.0,"enemies":"Giant Head","floor":40.0,"turns":6.0},{"damage":1.0,"enemies":"Spire Growth","floor":42.0,"turns":5.0},{"damage":9.0,"enemies":"R_Hoarder","floor":44.0,"turns":4.0},{"damage":2.0,"enemies":"3 Darklings","floor":46.0,"turns":5.0},{"damage":9.0,"enemies":"Nemesis","floor":48.0,"turns":7.0},{"damage":3.0,"enemies":"Time Eater","floor":50.0,"turns":5.0},{"damage":1.0,"enemies":"2 Louse","floor":52.0,"turns":3.0},{"damage":1.0,"enemies":"Small Slimes","floor":53.0,"turns":2.0},{"damage":1.0,"enemies":"Cultist","floor":54.0,"turns":2.0},{"damage":1.0,"enemies":"Exordium Thugs","floor":56.0,"turns":3.0},{"damage":25.0,"enemies":"Nightmare","floor":57.0,"turns":5.0},{"damage":1.0,"enemies":"Exordium Wildlife","floor":59.0,"turns":3.0},{"damage":0.0,"enemies":"Gremlin Gang","floor":61.0,"turns":2.0},{"damage":0.0,"enemies":"Gremlin Nob","floor":65.0,"turns":3.0},{"damage":377.0,"enemies":"Hexaghost","floor":67.0,"turns":5.0},{"damage":0.0,"enemies":"2 Thieves","floor":69.0,"turns":2.0},{"damage":0.0,"enemies":"3 Byrds","floor":71.0,"turns":3.0},{"damage":0.0,"enemies":"Slavers","floor":72.0,"turns":3.0},{"damage":0.0,"enemies":"Gremlin Leader","floor":75.0,"turns":3.0},{"damage":7.0,"enemies":"Nightmare_Alpha","floor":78.0,"turns":6.0},{"damage":0.0,"enemies":"Cultist and Chosen","floor":81.0,"turns":3.0},{"damage":0.0,"enemies":"Centurion and Healer","floor":82.0,"turns":2.0},{"damage":0,"enemies":"Pondfish","floor":84,"turns":1}],"seed_played":"-981592445413364356","potions_obtained":[{"floor":2.0,"key":"BloodPotion"},{"floor":7.0,"key":"DuplicationPotion"},{"floor":14.0,"key":"Energy Potion"},{"floor":22.0,"key":"LiquidBronze"},{"floor":30.0,"key":"Dexterity Potion"},{"floor":35.0,"key":"AttackPotion"},{"floor":40.0,"key":"Energy Potion"},{"floor":42.0,"key":"FearPotion"},{"floor":53.0,"key":"SkillPotion"},{"floor":56.0,"key":"Dexterity Potion"},{"floor":69.0,"key":"Fire Potion"},{"floor":72.0,"key":"SkillPotion"},{"floor":82.0,"key":"LiquidBronze"}],"is_trial":true,"path_per_floor":["M","M","M","?","$","R","E","R","T","M","E","E","E","E","R","B",null,"M","$","M","?","M","E","R","NM","T","$","M","M","E","M","R","B",null,"M","$","?","M","T","E","R","M","T","E","R","M","AVR","E","R","B",null,"M","M","M","$","M","NM","R","M","T","M","R","?","?","E","R","B",null,"M","$","M","E","$","R","E","R","T","NM","?","$","M","M","R","B"],"character_chosen":"IRONCLAD","items_purchased":["Shuriken","hubris:MobiusCoin","hubris:EmptyBottle","Vajra","ReplayTheSpireMod:Muscle Training","Strange Spoon","hubris:OldNail","Golden Egg","Metallicize","aspiration:TomeofQuesting","aspiration:Nostalgia","MealTicket","hubris:SphereOfDissonance","Dramatic Entrance"],"campfire_rested":0,"item_purchase_floors":[5,19,19,27,27,36,55,55,55,70,73,73,73,80],"current_hp_per_floor":[98,107,116,125,134,143,136,146,156,165,183,197,203,220,229,238,247,256,265,274,283,272,213,223,214,224,234,241,260,352,361,371,391,400,409,418,340,344,354,368,378,399,409,422,432,452,462,475,485,504,544,562,571,580,589,598,589,599,619,629,643,652,661,670,679,688,328,615,634,644,675,696,706,716,747,757,767,810,819,828,837,846,855,855,855],"gold":681,"neow_bonus":"","is_daily":false,"chose_seed":false,"campfire_upgraded":8,"win_rate":0.0,"timestamp":1609277682,"path_taken":["M","M","M","?","$","R","E","R","T","M","E","?","E","?","R","BOSS","M","$","M","?","M","E","R","NM","T","?","?","M","?","M","R","BOSS","M","$","?","M","?","E","R","M","T","E","R","M","AVR","E","R","BOSS","M","M","M","$","M","NM","R","M","T","M","R","?","?","E","R","BOSS","M","$","?","?","?","R","E","R","T","NM","?","$","M","M","R","BOSS"],"items_purchased_type":["Relic","Relic","Relic","Relic","Card","Relic","Relic","Relic","Card","Relic","Relic","Relic","Relic","Card"],"build_version":"2020-12-22","purchased_purges":0,"victory":false,"max_hp_per_floor":[98,107,116,125,134,143,152,161,170,179,193,202,211,220,229,238,247,256,265,274,283,292,301,310,319,328,337,346,355,364,373,382,391,400,409,418,427,436,445,454,463,472,481,490,499,508,517,526,535,544,553,562,571,580,589,598,607,616,625,634,643,652,661,670,679,688,697,706,715,724,733,742,751,760,769,778,787,810,819,828,837,846,855,855,855],"relic_stats":{"counters":[47,206],"Pen Nib":[11],"Letter Opener":[106],"Ginger":[1],"Boot":[34],"Burning Blood":195,"Mercury Hourglass":[147],"Strange Spoon":[2],"Nunchaku":[10],"Shovel":3,"Shuriken":[23],"Mummified Hand":[1],"Sundial":[0],"Bronze Scales":[206],"MealTicket":0,"Champion Belt":[153],"obtain_stats":[{"Ice Cream":30,"Golden Egg":55,"infinitespire:BottledMercury":75,"Dota2Spire:PowerTreads":46,"Calipers":23,"Vajra":27,"Ginger":56,"Boot":2,"HollowMod:StagPassRelic":35,"hubris:TerracottaHorce":51,"Old Coin":71,"HornCleat":62,"Sundial":82,"MealTicket":73,"Iron Hammer":77,"HollowMod:PaleOreRelic":29,"hubris:MobiusCoin":19,"Dota2Spire:HandOfMidas":59,"Girya":65,"aspiration:Nostalgia":73,"Counterbalance":61,"Oddly Smooth Stone":60,"hubris:SphereOfDissonance":73,"Pen Nib":39,"Letter Opener":48,"Shuriken":5,"infinitespire:Broken Mirror":52,"Ooze Armor":68,"Bronze Scales":54,"aspiration:Lifesprig":12,"Dota2Spire:OrchidMalevolence":25,"theForsaken:Lifeblossom":1,"Dota2Spire:DrumOfEndurance":53,"aspiration:TomeofQuesting":70,"Mango":78,"King of Hearts":18,"Incense Burner":0,"hubris:SlimyHat":43,"hubris:EmptyBottle":19,"theForsaken:Gavel":22,"Burning Blood":0,"Pet Ghost":79,"Replay:Bandana":7,"Nunchaku":40,"Shovel":42,"Mummified Hand":81,"Dota2Spire:AssaultCuirass":44,"hubris:ChampionShield":38,"Replay:Bottled Eggs":72,"hubris:GlazedTorus":49,"aspiration:ChemicalBlood":69,"Thread and Needle":26,"hubris:MedicalManual":13,"hubris:Towel":21,"Mercury Hourglass":57,"Strange Spoon":36,"Anchor":58,"infinitespire:DarkRift":73,"Durian":11,"Garlic":28,"Bag of Marbles":31,"Coffee Dripper":34,"TH:HealthInsurance":47,"Champion Belt":37,"hubris:OldNail":55,"infinitespire:Midas Blood":9},{"Ice Cream":18,"Golden Egg":33,"infinitespire:BottledMercury":43,"Dota2Spire:PowerTreads":28,"Calipers":14,"Vajra":15,"Ginger":34,"Boot":2,"HollowMod:StagPassRelic":21,"hubris:TerracottaHorce":30,"Old Coin":41,"HornCleat":37,"Sundial":46,"MealTicket":42,"Iron Hammer":43,"HollowMod:PaleOreRelic":17,"hubris:MobiusCoin":11,"Dota2Spire:HandOfMidas":36,"Girya":38,"aspiration:Nostalgia":42,"Counterbalance":37,"Oddly Smooth Stone":36,"hubris:SphereOfDissonance":42,"Pen Nib":24,"Letter Opener":29,"Shuriken":3,"infinitespire:Broken Mirror":31,"Ooze Armor":39,"Bronze Scales":33,"aspiration:Lifesprig":7,"Dota2Spire:OrchidMalevolence":15,"theForsaken:Lifeblossom":1,"Dota2Spire:DrumOfEndurance":32,"aspiration:TomeofQuesting":40,"Mango":44,"King of Hearts":11,"Incense Burner":0,"hubris:SlimyHat":26,"hubris:EmptyBottle":11,"theForsaken:Gavel":13,"Burning Blood":0,"Pet Ghost":44,"Replay:Bandana":4,"Nunchaku":25,"Shovel":26,"Mummified Hand":45,"Dota2Spire:AssaultCuirass":27,"hubris:ChampionShield":24,"Replay:Bottled Eggs":42,"hubris:GlazedTorus":29,"aspiration:ChemicalBlood":40,"Thread and Needle":15,"hubris:MedicalManual":8,"hubris:Towel":12,"Mercury Hourglass":35,"Strange Spoon":21,"Anchor":35,"infinitespire:DarkRift":42,"Durian":6,"Garlic":16,"Bag of Marbles":19,"Coffee Dripper":20,"TH:HealthInsurance":28,"Champion Belt":23,"hubris:OldNail":33,"infinitespire:Midas Blood":4},{"Ice Cream":91,"Golden Egg":163,"infinitespire:BottledMercury":195,"Dota2Spire:PowerTreads":144,"Calipers":66,"Vajra":73,"Ginger":166,"Boot":8,"HollowMod:StagPassRelic":106,"hubris:TerracottaHorce":156,"Old Coin":189,"HornCleat":176,"Sundial":206,"MealTicket":192,"Iron Hammer":195,"HollowMod:PaleOreRelic":84,"hubris:MobiusCoin":50,"Dota2Spire:HandOfMidas":174,"Girya":179,"aspiration:Nostalgia":192,"Counterbalance":176,"Oddly Smooth Stone":174,"hubris:SphereOfDissonance":192,"Pen Nib":124,"Letter Opener":151,"Shuriken":11,"infinitespire:Broken Mirror":159,"Ooze Armor":184,"Bronze Scales":163,"aspiration:Lifesprig":32,"Dota2Spire:OrchidMalevolence":73,"theForsaken:Lifeblossom":3,"Dota2Spire:DrumOfEndurance":161,"aspiration:TomeofQuesting":186,"Mango":201,"King of Hearts":50,"Incense Burner":0,"hubris:SlimyHat":135,"hubris:EmptyBottle":50,"theForsaken:Gavel":59,"Burning Blood":0,"Pet Ghost":201,"Replay:Bandana":18,"Nunchaku":130,"Shovel":135,"Mummified Hand":204,"Dota2Spire:AssaultCuirass":139,"hubris:ChampionShield":124,"Replay:Bottled Eggs":192,"hubris:GlazedTorus":151,"aspiration:ChemicalBlood":186,"Thread and Needle":73,"hubris:MedicalManual":36,"hubris:Towel":54,"Mercury Hourglass":171,"Strange Spoon":106,"Anchor":171,"infinitespire:DarkRift":192,"Durian":27,"Garlic":79,"Bag of Marbles":96,"Coffee Dripper":102,"TH:HealthInsurance":144,"Champion Belt":119,"hubris:OldNail":163,"infinitespire:Midas Blood":18}]},"card_choices":[{"not_picked":["Limit Break","Hemogenesis"],"picked":"Demon Form","floor":7.0},{"not_picked":["TH:PixieDust","TH:CursedSword"],"picked":"SKIP","floor":7.0},{"not_picked":["TH:Mimic","TH:DeckOfManyThings"],"picked":"SKIP","floor":9.0},{"not_picked":["Corruption","Juggernaut"],"picked":"Demon Form","floor":11.0},{"not_picked":["TH:ElvenBoots","TH:PixieDust"],"picked":"SKIP","floor":11.0},{"not_picked":["TH:EnergyPotion","TH:ArmorSpikes"],"picked":"SKIP","floor":12.0},{"not_picked":["Berserk","Juggernaut","Brutality"],"picked":"SKIP","floor":12.0},{"not_picked":["Exhume","Brutality"],"picked":"Limit Break","floor":13.0},{"not_picked":["TH:ElvenBoots","TH:Mimic"],"picked":"SKIP","floor":13.0},{"not_picked":["TH:ArmorSpikes","TH:ElvenBoots"],"picked":"SKIP","floor":14.0},{"not_picked":["Exhume","Demonic Infusion","Immolate"],"picked":"SKIP","floor":14.0},{"not_picked":["Hemogenesis","Offering"],"picked":"Demon Form","floor":16.0},{"not_picked":["TH:TreasureMap","TH:CopperCoins"],"picked":"SKIP","floor":23.0},{"not_picked":["Double Tap","Hemogenesis","hubris:StunningStrike"],"picked":"SKIP","floor":23.0},{"not_picked":["TH:CopperCoins","TH:ElvenBoots"],"picked":"SKIP","floor":25.0},{"not_picked":["Limit Break","hubris:StunningStrike","Exhume"],"picked":"SKIP","floor":25.0},{"not_picked":["TH:PixieDust","TH:ArmorSpikes"],"picked":"SKIP","floor":26.0},{"not_picked":["TH:ArmorSpikes","TH:ElvenBoots"],"picked":"SKIP","floor":30.0},{"not_picked":["Hemogenesis","Barricade","Bludgeon"],"picked":"SKIP","floor":30.0},{"not_picked":["TH:TreasureMap","TH:ArmorSpikes"],"picked":"SKIP","floor":39.0},{"not_picked":["TH:DeckOfManyThings","TH:CopperCoins"],"picked":"SKIP","floor":40.0},{"not_picked":["Double Tap","Reaper","Fiend Fire"],"picked":"SKIP","floor":40.0},{"not_picked":["TH:TreasureMap","TH:Mimic"],"picked":"SKIP","floor":43.0},{"not_picked":["TH:ElvenBoots","TH:Mimic"],"picked":"SKIP","floor":44.0},{"not_picked":["hubris:StunningStrike","Demon Form","Replay:Many Hands"],"picked":"SKIP","floor":44.0},{"not_picked":["TH:DeckOfManyThings","TH:ArmorSpikes"],"picked":"SKIP","floor":48.0},{"not_picked":["Demon Form","Barricade","Immolate"],"picked":"SKIP","floor":48.0},{"not_picked":["TH:TreasureMap","TH:BikiniMail"],"picked":"SKIP","floor":57.0},{"not_picked":["Demonic Infusion","Replay:Many Hands","hubris:StunningStrike"],"picked":"SKIP","floor":57.0},{"not_picked":["TH:DeckOfManyThings","TH:PixieDust"],"picked":"SKIP","floor":60.0},{"not_picked":["TH:BikiniMail","TH:TreasureMap"],"picked":"SKIP","floor":65.0},{"not_picked":["hubris:StunningStrike","Hemogenesis","Immolate"],"picked":"SKIP","floor":65.0},{"not_picked":["infinitespire:UltimateForm","infinitespire:Punishment"],"picked":"infinitespire:Starlight","floor":68.0},{"not_picked":["TH:PixieDust","TH:ArmorSpikes"],"picked":"SKIP","floor":72.0},{"not_picked":["Double Tap","Corruption","Barricade"],"picked":"SKIP","floor":72.0},{"not_picked":["TH:CopperCoins","TH:ElvenBoots"],"picked":"SKIP","floor":75.0},{"not_picked":["Berserk","Replay:Many Hands","Juggernaut"],"picked":"SKIP","floor":75.0},{"not_picked":["TH:BikiniMail","TH:DeckOfManyThings"],"picked":"SKIP","floor":77.0},{"not_picked":["infinitespire:Collect","hubris:Fate"],"picked":"Replay:Fractal Strike","floor":78.0},{"not_picked":["TH:ArmorSpikes","TH:EnergyPotion"],"picked":"SKIP","floor":78.0},{"not_picked":["Replay:Many Hands","Bludgeon","Limit Break"],"picked":"SKIP","floor":78.0}],"player_experience":133167,"relics_obtained":[{"floor":1.0,"key":"theForsaken:Lifeblossom"},{"floor":2.0,"key":"Boot"},{"floor":7.0,"key":"Replay:Bandana"},{"floor":9.0,"key":"infinitespire:Midas Blood"},{"floor":11.0,"key":"Durian"},{"floor":12.0,"key":"aspiration:Lifesprig"},{"floor":13.0,"key":"hubris:MedicalManual"},{"floor":18.0,"key":"King of Hearts"},{"floor":22.0,"key":"theForsaken:Gavel"},{"floor":23.0,"key":"Calipers"},{"floor":25.0,"key":"Dota2Spire:OrchidMalevolence"},{"floor":26.0,"key":"Thread and Needle"},{"floor":28.0,"key":"Garlic"},{"floor":29.0,"key":"HollowMod:PaleOreRelic"},{"floor":30.0,"key":"Ice Cream"},{"floor":31.0,"key":"Bag of Marbles"},{"floor":35.0,"key":"HollowMod:StagPassRelic"},{"floor":37.0,"key":"Champion Belt"},{"floor":38.0,"key":"hubris:ChampionShield"},{"floor":39.0,"key":"Pen Nib"},{"floor":40.0,"key":"Nunchaku"},{"floor":42.0,"key":"Shovel"},{"floor":43.0,"key":"hubris:SlimyHat"},{"floor":44.0,"key":"Dota2Spire:AssaultCuirass"},{"floor":46.0,"key":"Dota2Spire:PowerTreads"},{"floor":48.0,"key":"Letter Opener"},{"floor":49.0,"key":"hubris:GlazedTorus"},{"floor":52.0,"key":"infinitespire:Broken Mirror"},{"floor":53.0,"key":"Dota2Spire:DrumOfEndurance"},{"floor":54.0,"key":"Bronze Scales"},{"floor":56.0,"key":"Ginger"},{"floor":57.0,"key":"Mercury Hourglass"},{"floor":58.0,"key":"Anchor"},{"floor":59.0,"key":"Dota2Spire:HandOfMidas"},{"floor":60.0,"key":"Oddly Smooth Stone"},{"floor":61.0,"key":"Counterbalance"},{"floor":62.0,"key":"HornCleat"},{"floor":65.0,"key":"Girya"},{"floor":69.0,"key":"aspiration:ChemicalBlood"},{"floor":71.0,"key":"Old Coin"},{"floor":72.0,"key":"Replay:Bottled Eggs"},{"floor":75.0,"key":"infinitespire:BottledMercury"},{"floor":77.0,"key":"Iron Hammer"},{"floor":78.0,"key":"Mango"},{"floor":81.0,"key":"Mummified Hand"},{"floor":82.0,"key":"Sundial"}],"event_choices":[{"cards_removed":["Strike_R"],"damage_healed":0.0,"max_hp_gain":0.0,"max_hp_loss":0.0,"gold_gain":0.0,"event_name":"NoteForYourself","player_choice":"Took Card","floor":4.0,"gold_loss":0.0,"damage_taken":0.0,"cards_obtained":["Iron Wave"]},{"damage_healed":0.0,"max_hp_gain":0.0,"max_hp_loss":0.0,"gold_gain":0.0,"event_name":"NoteForYourself","player_choice":"Ignored","floor":37.0,"gold_loss":0.0,"damage_taken":0.0},{"damage_healed":0.0,"max_hp_gain":0.0,"max_hp_loss":0.0,"gold_gain":0.0,"event_name":"Upgrade Shrine","player_choice":"Upgraded","floor":64.0,"gold_loss":0.0,"damage_taken":0.0,"cards_upgraded":["Iron Wave"]},{"damage_healed":0.0,"max_hp_gain":0.0,"max_hp_loss":0.0,"gold_gain":0.0,"event_name":"WeMeetAgain","player_choice":"Gave Potion","floor":79.0,"gold_loss":0.0,"damage_taken":0.0,"relics_obtained":["Pet Ghost"]}],"is_beta":false,"boss_relics":[{"not_picked":["ReplayTheSpireMod:DimensionalGlitch","Runic Dome","aspiration:SilentSkillbook"]},{"not_picked":["hubris:ScarierMask","Philosopher\u0027s Stone"],"picked":"Coffee Dripper"},{"not_picked":["hubris:VirtuousBlindfold","Ooze Armor"],"picked":"hubris:TerracottaHorce"},{"not_picked":["Velvet Choker","ChewingGum"],"picked":"Ooze Armor"}],"items_purged_floors":[],"is_endless":true,"potions_floor_spawned":[2,7,11,14,22,23,25,29,30,35,40,42,50,53,54,56,65,69,72,82],"killed_by":"Pondfish","ascension_level":0}}