{"host":"bxdue9bkfm2khp2x","time":1609218971,"event":{"mods":["ATMod(阿瑾Mod)","Aspiration","BaseMod","Better Vampires","Challenge The Spire","Colored Powertips","Conspire","Decade(王小明)","Dota2Spire","Highlight Path","Minty Spire (QoL Compilation)","MostiFishMod","Replay The Spire","RumiaBox-露米娅的神秘盒子","Spicy Shops","StSLib","Td1madao Mod","The Alterego","The Cursed","WarShipGirlsR/战舰少女R mod","noobMod","vexMod","【功能Mod】混沌之环修复补丁","【遗物卡牌】REMEMod","篝火指南"],"gold_per_floor":[112,112,112,112,136,136,150,175,250,250,200,200,214,227,227,351,351,374,395,395,408,408,408,432,447,447,488,488,488,12,25,25,145,145,169,194,194,194,527,527,557,577,577,14,41,41,41,56,56,56],"floor_reached":51,"playtime":3595,"items_purged":["rmod:defend","rmod:defend","rmod:defend"],"score":1329,"play_id":"2fd03b89-b44a-4421-a021-9f30c3b0b77b","local_time":"20201229131611","is_ascension_mode":true,"campfire_choices":[{"data":"TheCursedMod:NeowsMight","floor":6.0,"key":"SMITH"},{"data":"rmod:basicallowance","floor":10.0,"key":"SMITH"},{"data":"rmod:aviationdawn","floor":12.0,"key":"SMITH"},{"data":"MostiFishMod:WinterMarkForm","floor":15.0,"key":"SMITH"},{"data":"rmod:abidefaith","floor":23.0,"key":"SMITH"},{"data":"AT_CaressingTears","floor":28.0,"key":"SMITH"},{"data":"rmod:maingunfire","floor":32.0,"key":"SMITH"},{"data":"rmod:mineteam","floor":40.0,"key":"SMITH"},{"data":"rmod:expedition+1","floor":47.0,"key":"SMITH"},{"data":"rmod:expedition+2","floor":49,"key":"SMITH"}],"circlet_count":0,"master_deck":["rmod:defend","rmod:basicallowance+1","rmod:maingunfire+1","MostiFishMod:WinterMarkForm+1","AT_CaressingTears+1","TheCursedMod:NeowsMight+1","rmod:aviationdawn+1","rmod:aluminumsupply+1","rmod:wife+1","rmod:smokecover+1","rmod:victimresponsibility+1","rmod:abidefaith+1","rmod:robin+1","rmod:secretscript+1","rmod:overbreakdown+1","rmod:heivgo+1","rmod:diaomin+1","rmod:mineteam+1","rmod:expedition+3"],"relics":["rmod:firstchargereward","DaveBox","REME_ComplimentaryCards","ice","AT_ATBox","FrostBlade","SynthV:TestCard","Toxic Egg 2","Matryoshka","Astrolabe","Replay:Rubber Ducky","AT_SilverBalance","Blue Doll","Strawberry","Boot","Coffee Dripper","Turnip","Dota2Spire:ShadowBlade","InkBottle","OriginationStaff","ClockworkSouvenir","Dota2Spire:MonkeyKingBar"],"acts_visited":["Exordium","TheCity","TheBeyond"],"potions_floor_usage":[50],"damage_taken":[{"damage":0.0,"enemies":"Cultist","floor":1.0,"turns":2.0},{"damage":0.0,"enemies":"Jaw Worm","floor":5.0,"turns":2.0},{"damage":0.0,"enemies":"Small Slimes","floor":7.0,"turns":2.0},{"damage":0.0,"enemies":"Blue Slaver","floor":8.0,"turns":2.0},{"damage":0.0,"enemies":"2 Fungi Beasts","floor":13.0,"turns":3.0},{"damage":4.0,"enemies":"Looter","floor":14.0,"turns":3.0},{"damage":0.0,"enemies":"The Guardian","floor":16.0,"turns":5.0},{"damage":11.0,"enemies":"2 Thieves","floor":18.0,"turns":4.0},{"damage":0.0,"enemies":"3 Byrds","floor":19.0,"turns":7.0},{"damage":9.0,"enemies":"Sentry and Sphere","floor":21.0,"turns":5.0},{"damage":16.0,"enemies":"Snake Plant","floor":24.0,"turns":3.0},{"damage":0.0,"enemies":"Centurion and Healer","floor":25.0,"turns":6.0},{"damage":0.0,"enemies":"Slavers","floor":27.0,"turns":5.0},{"damage":0.0,"enemies":"Cultist and Chosen","floor":31.0,"turns":6.0},{"damage":0.0,"enemies":"Collector","floor":33.0,"turns":6.0},{"damage":0.0,"enemies":"3 Shapes","floor":35.0,"turns":5.0},{"damage":31.0,"enemies":"3 Darklings","floor":36.0,"turns":4.0},{"damage":0.0,"enemies":"Nemesis","floor":41.0,"turns":4.0},{"damage":16.0,"enemies":"Transient","floor":42.0,"turns":5.0},{"damage":0.0,"enemies":"R_Hoarder","floor":45.0,"turns":6.0},{"damage":26.0,"enemies":"Jaw Worm Horde","floor":48.0,"turns":4.0},{"damage":11,"enemies":"Donu and Deca","floor":50,"turns":5}],"seed_played":"3142643331236326546","potions_obtained":[{"floor":13.0,"key":"Languid Potion"},{"floor":14.0,"key":"ColorlessPotion"},{"floor":21.0,"key":"PowerPotion"},{"floor":24.0,"key":"Block Potion"},{"floor":25.0,"key":"GamblersBrew"},{"floor":27.0,"key":"Elixir"},{"floor":33.0,"key":"SteroidPotion"},{"floor":36.0,"key":"Energy Potion"}],"is_trial":false,"path_per_floor":["M","?","?","T","M","R","M","M","T","R","?","R","M","M","R","B",null,"M","M","?","M","?","R","M","M","T","E","R","?","$","M","R","B",null,"M","M","?","?","?","R","E","M","T","R","E","?","R","M","R","B",null],"character_chosen":"PRAEFECT","items_purchased":["Strawberry","Boot","OriginationStaff","ClockworkSouvenir"],"campfire_rested":0,"item_purchase_floors":[30,30,44,44],"current_hp_per_floor":[68,68,68,68,68,68,68,68,68,68,68,68,68,64,64,64,68,57,57,57,50,50,50,34,34,34,34,34,34,41,46,46,38,67,38,7,7,15,15,15,38,22,22,22,38,38,38,12,12,35],"gold":56,"neow_bonus":"REMOVE_CARD","is_daily":false,"chose_seed":false,"campfire_upgraded":10,"win_rate":0.0,"timestamp":1609218971,"path_taken":["M","?","?","?","M","R","?","M","T","R","?","R","M","M","R","BOSS","M","M","?","M","?","R","M","M","T","E","R","?","$","M","R","BOSS","M","M","?","?","?","R","E","M","T","R","E","?","R","?","R","BOSS"],"items_purchased_type":["Relic","Relic","Relic","Relic"],"build_version":"2020-12-22","purchased_purges":3,"victory":true,"max_hp_per_floor":[75,69,69,69,69,69,69,69,69,69,69,69,69,69,69,69,69,69,69,69,69,69,69,69,69,69,69,69,69,76,76,76,76,76,76,76,76,76,76,76,76,76,76,76,76,76,76,76,76,76],"card_choices":[{"not_picked":["rmod:firesupport","rmod:circuitoustactics"],"picked":"rmod:aviationdawn","floor":1.0},{"not_picked":["rmod:capitalist+1","rmod:wife+1","rmod:garrisonisland","rmod:shuttlebombing+1"],"picked":"rmod:aluminumsupply+1","floor":5.0},{"not_picked":["rmod:luckystar","rmod:launchingtorpedo","rmod:garrisonisland","rmod:chargemoney"],"picked":"rmod:wife+1","floor":7.0},{"not_picked":["rmod:launchingtorpedo","rmod:ammunitionsupply+1","rmod:spoils+1","rmod:salvage"],"picked":"rmod:smokecover+1","floor":8.0},{"not_picked":["rmod:acesubmarine","rmod:circuitoustactics+1","rmod:wife+1","rmod:firesupport"],"picked":"rmod:victimresponsibility+1","floor":13.0},{"not_picked":["rmod:guardianhero+1","rmod:firesupport","rmod:ring+1","rmod:aggressivemary","rmod:intelligenceanalysis"],"picked":"SKIP","floor":14.0},{"not_picked":["rmod:desperatesituation","rmod:u235+1","rmod:expeditionaryescort","rmod:auspiciousomen+1"],"picked":"rmod:abidefaith","floor":16.0},{"not_picked":["rmod:diamondstrike","rmod:aviationdawn+1","rmod:intelligenceanalysis+1","rmod:firesupport"],"picked":"rmod:heivgo+1","floor":18.0},{"not_picked":["rmod:salvage","rmod:supportaircraftcarrier+1","rmod:highspeedshooting","rmod:generalist+1","rmod:diamondstrike"],"picked":"SKIP","floor":19.0},{"not_picked":["rmod:guardianhero+1","rmod:steelsupply+1","rmod:aluminumsupply+1","rmod:highspeedshooting","rmod:unsinkable+1"],"picked":"SKIP","floor":21.0},{"not_picked":["rmod:acesubmarine","rmod:unsinkable+1","rmod:salvage","rmod:victimresponsibility+1","rmod:fuelsupply+1"],"picked":"SKIP","floor":24.0},{"not_picked":["rmod:aluminumsupply+1","rmod:firesupport+1","rmod:diamondstrike+1","rmod:fletcherpendant","rmod:circuitoustactics+1"],"picked":"SKIP","floor":25.0},{"not_picked":["rmod:supportaircraftcarrier+1","rmod:tearstotiara","rmod:selfconfidence","rmod:fletcherpendant+1"],"picked":"rmod:diaomin+1","floor":27.0},{"not_picked":["rmod:goodfighter","rmod:rockthrower","rmod:sl+1","rmod:concentratefire+1","rmod:wife+1"],"picked":"SKIP","floor":31.0},{"not_picked":["rmod:rockthrower+1","rmod:steelsupply+1","rmod:combined","rmod:smokecover+1","rmod:wasp"],"picked":"SKIP","floor":35.0},{"not_picked":["rmod:circuitoustactics+1","rmod:victimresponsibility+1","rmod:steelsupply+1","rmod:firesupport"],"picked":"rmod:mineteam","floor":36.0},{"not_picked":["rmod:combined+1","rmod:tearstotiara","rmod:goodsister+1","rmod:gendarmerie+1","rmod:fletcherpendant+1"],"picked":"SKIP","floor":41.0},{"not_picked":["rmod:aggressivemary","rmod:mineteam+1","rmod:royalracing+1","rmod:diamondstrike+1","rmod:salvage+1"],"picked":"SKIP","floor":42.0},{"not_picked":["rmod:rockthrower","rmod:sl+1","rmod:supriseattacks+1","rmod:gendarmerie+1"],"picked":"rmod:expedition+1","floor":45.0},{"not_picked":["rmod:bulid+1","rmod:rockthrower+1","rmod:openingtorpedo","rmod:circuitoustactics+1","rmod:fletcherpendant+1"],"picked":"SKIP","floor":48.0}],"player_experience":762170,"relics_obtained":[{"floor":1.0,"key":"SynthV:TestCard"},{"floor":9.0,"key":"Matryoshka"},{"floor":26.0,"key":"Replay:Rubber Ducky"},{"floor":26.0,"key":"AT_SilverBalance"},{"floor":27.0,"key":"Blue Doll"},{"floor":41.0,"key":"Turnip"},{"floor":43.0,"key":"Dota2Spire:ShadowBlade"},{"floor":43.0,"key":"InkBottle"},{"floor":45.0,"key":"Dota2Spire:MonkeyKingBar"}],"event_choices":[{"damage_healed":0.0,"max_hp_gain":0.0,"max_hp_loss":6.0,"gold_gain":0.0,"event_name":"Golden Idol","player_choice":"Lose Max HP","floor":2.0,"gold_loss":0.0,"damage_taken":0.0,"relics_obtained":["Golden Idol"]},{"cards_removed":["Injury"],"damage_healed":0.0,"max_hp_gain":0.0,"max_hp_loss":0.0,"gold_gain":0.0,"event_name":"The Cleric","player_choice":"Card Removal","floor":11.0,"gold_loss":50.0,"damage_taken":0.0},{"damage_healed":0.0,"max_hp_gain":0.0,"max_hp_loss":0.0,"gold_gain":0.0,"event_name":"conspire:Investor","player_choice":"Leave","floor":22.0,"gold_loss":0.0,"damage_taken":0.0},{"cards_removed":["rmod:strick"],"damage_healed":0.0,"max_hp_gain":0.0,"max_hp_loss":0.0,"gold_gain":0.0,"event_name":"Back to Basics","player_choice":"Elegance","floor":29.0,"gold_loss":0.0,"damage_taken":0.0},{"damage_healed":0.0,"max_hp_gain":0.0,"max_hp_loss":0.0,"gold_gain":0.0,"event_name":"SensoryStone","player_choice":"Memory 1","floor":37.0,"gold_loss":0.0,"damage_taken":0.0},{"damage_healed":0.0,"max_hp_gain":0.0,"max_hp_loss":0.0,"gold_gain":333.0,"event_name":"The Moai Head","player_choice":"Gave Idol","floor":39.0,"relics_lost":["Golden Idol"],"gold_loss":0.0,"damage_taken":0.0},{"damage_healed":0.0,"max_hp_gain":0.0,"max_hp_loss":0.0,"gold_gain":0.0,"event_name":"Match and Keep!","player_choice":"0 cards matched","floor":46.0,"gold_loss":0.0,"damage_taken":0.0,"cards_obtained":[]}],"is_beta":false,"boss_relics":[{"not_picked":["FeatherPendant","vexMod:MysteryBossChallenge"],"picked":"Astrolabe"},{"not_picked":["vexMod:RockOfEvil","Pandora\u0027s Box"],"picked":"Coffee Dripper"}],"items_purged_floors":[30,30,44],"is_endless":false,"potions_floor_spawned":[13,14,21,24,25,27,33,36,41],"ascension_level":8}}