{"host":"appz8zkad29u9482","time":1609213326,"event":{"mods":["2.2 Compatiblity","Act Like it!","Aspiration","BaseMod","Better Altar","Better Match","Better Note","Better Skull","Better Third Choice","BetterRewards","CapriCore","Conspire","Disable Question Mark Monsters","Energized Spire","GifTheSpireLib","Gold Saver","Halation","Hermit","HololiveMod","Hubris","Infinite Spire","Jedi Mod","Marisa????????","Minty Spire (QoL Compilation)","Reimu??????","Replay The Spire","Spicy Shops","StSLib","Strawberry Spire","Stuff the Spire","The Alterego","The Immortal","yUi"],"gold_per_floor":[417,432,357,357,375,375,450,563,609,42,59,86,86,121,121,220,320,333,113,131,131,151,151,151,151,178,178,178,203,203,203],"floor_reached":30,"playtime":1654,"items_purged":["hermit:Defend_Hermit"],"score":261,"play_id":"4060589b-73f4-4407-8f89-1947d210550f","local_time":"20201228174206","is_ascension_mode":false,"campfire_choices":[{"data":"hermit:Snipe","floor":6,"key":"SMITH"},{"floor":13,"key":"REST"},{"floor":15,"key":"REST"},{"data":"hermit:EternalForm","floor":23,"key":"SMITH"},{"data":"infinitespire:NeuralNetwork","floor":24,"key":"SMITH"},{"data":"hermit:HighNoon","floor":27,"key":"SMITH"}],"circlet_count":0,"master_deck":["hermit:Strike_Hermit","hermit:Strike_Hermit","hermit:Strike_Hermit","hermit:Defend_Hermit","hermit:Defend_Hermit","hermit:Defend_Hermit","hermit:Snapshot","hermit:Covet","hermit:Snipe+1","hermit:Glare","hermit:Headshot+1","hermit:Deadeye","hermit:Gambit","hermit:Determination","hermit:TakeAim","hermit:HighNoon+1","hermit:Combo","hermit:EternalForm+1","hermit:Scavenge","hermit:Midnight+1","infinitespire:NeuralNetwork+1","hermit:EternalForm+1","hermit:ItchyTrigger+1"],"relics":["hermit:Momento","NeowsBlessing","hermit:RyeStalk","Pen Nib","hubris:SphereOfDissonance","jedi:arcanewood","strawberrySpire:ShipInABottle","Replay:Wanted Poster","Blue Doll","Tiny Chest","infinitespire:Joker Card","ReplayTheSpireMod:Lightbulb","halation:SelfBoilingWater"],"acts_visited":["Exordium","TheCity"],"potions_floor_usage":[20,30],"damage_taken":[{"damage":0,"enemies":"Jaw Worm","floor":1,"turns":1},{"damage":0,"enemies":"Cultist","floor":2,"turns":1},{"damage":0,"enemies":"Small Slimes","floor":5,"turns":1},{"damage":0,"enemies":"Looter","floor":11,"turns":1},{"damage":0,"enemies":"Gremlin Nob","floor":12,"turns":2},{"damage":39,"enemies":"3 Sentries","floor":14,"turns":8},{"damage":1,"enemies":"Slime Boss","floor":16,"turns":6},{"damage":11,"enemies":"3 Byrds","floor":18,"turns":5},{"damage":24,"enemies":"Chosen","floor":20,"turns":6},{"damage":28,"enemies":"Centurion and Healer","floor":22,"turns":6},{"damage":32,"enemies":"Snake Plant","floor":29,"turns":3},{"damage":9,"enemies":"Slavers","floor":30,"turns":1}],"seed_played":"-566345504698549930","potions_obtained":[{"floor":5,"key":"Venom Potion"},{"floor":11,"key":"GrandPatriotsElixir:ReiMu"},{"floor":14,"key":"Explosive Potion"},{"floor":22,"key":"jedi:hoardpotion"}],"is_trial":false,"path_per_floor":["M","M","?","?","M","R","?","?","T","$","M","E","R","E","R","B",null,"M","$","M","AVR","M","R","R","?","T","R","T","M","E"],"character_chosen":"HERMIT","items_purchased":["Regen Potion","hermit:Determination","hubris:SphereOfDissonance","Blue Doll","Tiny Chest"],"campfire_rested":2,"item_purchase_floors":[10,10,10,19,19],"current_hp_per_floor":[75,75,75,75,75,75,64,20,20,20,20,20,42,3,25,24,75,64,64,65,65,37,37,37,37,37,37,37,5,0,0],"gold":203,"neow_bonus":"THREE_ENEMY_KILL","is_daily":false,"chose_seed":false,"campfire_upgraded":4,"win_rate":0.0,"timestamp":1609213326,"path_taken":["M","M","?","?","M","R","?","?","T","$","M","E","R","E","R","BOSS","M","$","?","AVR","M","?","R","?","T","R","?","M","E"],"items_purchased_type":["Potion","Card","Relic","Relic","Relic"],"build_version":"2020-12-22","purchased_purges":1,"victory":false,"max_hp_per_floor":[75,75,75,75,75,75,75,75,75,75,75,75,75,75,75,75,75,75,75,75,75,75,75,75,75,75,75,75,75,75,75],"card_choices":[{"not_picked":["hermit:Vantage","hermit:Roulette"],"picked":"hermit:Snipe","floor":1},{"not_picked":["hermit:Feint","hermit:Misfire"],"picked":"hermit:Glare","floor":2},{"not_picked":["hermit:Snipe+1","hermit:ItchyTrigger+1"],"picked":"hermit:Headshot+1","floor":3},{"not_picked":["hermit:FlashPowder","hermit:Midnight"],"picked":"hermit:Gambit","floor":5},{"not_picked":["hermit:HoleUp","hermit:Desperado"],"picked":"hermit:TakeAim","floor":11},{"not_picked":["hermit:Determination","hermit:ShadowCloak"],"picked":"hermit:HighNoon","floor":12},{"not_picked":["hermit:Showdown","hermit:Misfire"],"picked":"hermit:Combo","floor":14},{"not_picked":["hermit:DeadOrAlive","hermit:Magnum+1"],"picked":"hermit:EternalForm","floor":16},{"not_picked":["hermit:Showdown+1","hermit:ItchyTrigger"],"picked":"hermit:Scavenge","floor":18},{"not_picked":["hermit:Ricochet+1","hermit:EyeOfTheStorm+1"],"picked":"hermit:Midnight+1","floor":20},{"not_picked":["hermit:Deadeye","hermit:Feint","hermit:WideOpen+1"],"picked":"SKIP","floor":22},{"not_picked":["hermit:SprayPray+1","hermit:LowProfile"],"picked":"hermit:ItchyTrigger+1","floor":29}],"player_experience":350738,"relics_obtained":[{"floor":12,"key":"jedi:arcanewood"},{"floor":14,"key":"strawberrySpire:ShipInABottle"},{"floor":26,"key":"ReplayTheSpireMod:Lightbulb"},{"floor":28,"key":"halation:SelfBoilingWater"}],"event_choices":[{"damage_healed":0,"gold_gain":0,"player_choice":"2","damage_taken":0,"max_hp_gain":0,"max_hp_loss":0,"event_name":"betterMatch:BetterMatch","floor":3,"gold_loss":0,"cards_obtained":["betterMatch:CommonCard"]},{"damage_healed":0,"gold_gain":0,"cards_transformed":["hermit:Strike_Hermit"],"player_choice":"Change","damage_taken":0,"max_hp_gain":0,"max_hp_loss":0,"event_name":"Living Wall","floor":4,"gold_loss":0,"cards_obtained":["hermit:Deadeye"]},{"damage_healed":0,"gold_gain":75,"player_choice":"Gold","damage_taken":11,"max_hp_gain":0,"max_hp_loss":0,"event_name":"betterThird:BetterGoop","floor":7,"gold_loss":0},{"damage_healed":0,"gold_gain":113,"player_choice":"GO RE RE ","damage_taken":49,"relics_obtained":["hermit:RyeStalk","Pen Nib"],"max_hp_gain":0,"max_hp_loss":0,"event_name":"betterSkull:BetterSkull","floor":8,"gold_loss":0,"cards_upgraded":[]},{"damage_healed":0,"gold_gain":0,"player_choice":"Copied","damage_taken":0,"max_hp_gain":0,"max_hp_loss":0,"event_name":"Duplicator","floor":25,"gold_loss":0,"cards_obtained":["hermit:EternalForm"]}],"is_beta":false,"boss_relics":[{"not_picked":["halation:ForbiddenBikini","conspire:SeveredTorchhead"],"picked":"Replay:Wanted Poster"}],"items_purged_floors":[10],"is_endless":false,"potions_floor_spawned":[5,11,14,18,22],"killed_by":"Slavers","ascension_level":0}}