{"host":"xh3brefae6wm9kl8","time":1609262598,"event":{"mods":["AchievementEnabler","BaseMod","GifTheSpireLib","Keyboard Shortcuts","Minty Spire (QoL Compilation)","Permanent Neow","Relic Stats","StSLib","SuperFastMode"],"gold_per_floor":[112,125,49,60,60,89,89,114,114,114,140,140,140,155,155,233,233,251,266,266,279,204,231,231,244,271,186,224,245,145,155,155,227,227,245,120,132,143,143,143,169,169,193,193,193,193],"floor_reached":45,"playtime":1560,"items_purged":["Strike_B","Defend_B","Defend_B"],"score":877,"play_id":"adcadbdb-276c-4a56-84c7-de0eab1f9a71","local_time":"20201230022318","is_ascension_mode":true,"campfire_choices":[{"data":"Defragment","floor":7.0,"key":"SMITH"},{"floor":10.0,"key":"REST"},{"data":"Defragment","floor":12.0,"key":"SMITH"},{"floor":15.0,"key":"REST"},{"data":"Dualcast","floor":24.0,"key":"SMITH"},{"floor":32.0,"key":"REST"},{"data":"Coolheaded","floor":40.0,"key":"SMITH"},{"floor":42,"key":"REST"},{"data":"Buffer","floor":44,"key":"SMITH"}],"circlet_count":0,"master_deck":["AscendersBane","Strike_B","Strike_B","Defend_B","Defend_B","Zap+1","Dualcast+1","Conserve Battery","Defragment+1","Self Repair","Streamline","Defragment+1","Buffer+1","Defragment","Skim","Tempest+1","Ball Lightning","Thunder Strike","Coolheaded+1"],"relics":["FrozenCore","StrikeDummy","Boot","Kunai","Mercury Hourglass","Akabeko","DataDisk","CeramicFish","InkBottle","Inserter","Sundial","PreservedInsect"],"acts_visited":["Exordium","TheCity","TheBeyond"],"potions_floor_usage":[],"damage_taken":[{"damage":4.0,"enemies":"Small Slimes","floor":1.0,"turns":2.0},{"damage":2.0,"enemies":"Jaw Worm","floor":2.0,"turns":4.0},{"damage":1.0,"enemies":"Cultist","floor":4.0,"turns":4.0},{"damage":18.0,"enemies":"Lagavulin","floor":6.0,"turns":7.0},{"damage":31.0,"enemies":"3 Sentries","floor":8.0,"turns":7.0},{"damage":20.0,"enemies":"Gremlin Nob","floor":11.0,"turns":4.0},{"damage":7.0,"enemies":"Looter","floor":14.0,"turns":3.0},{"damage":24.0,"enemies":"The Guardian","floor":16.0,"turns":9.0},{"damage":0.0,"enemies":"Shell Parasite","floor":18.0,"turns":6.0},{"damage":21.0,"enemies":"3 Byrds","floor":19.0,"turns":5.0},{"damage":0.0,"enemies":"Snecko","floor":21.0,"turns":4.0},{"damage":17.0,"enemies":"Book of Stabbing","floor":23.0,"turns":7.0},{"damage":0.0,"enemies":"Snake Plant","floor":25.0,"turns":5.0},{"damage":25.0,"enemies":"Gremlin Leader","floor":28.0,"turns":6.0},{"damage":10.0,"enemies":"Centurion and Healer","floor":29.0,"turns":5.0},{"damage":15.0,"enemies":"Shelled Parasite and Fungi","floor":31.0,"turns":6.0},{"damage":15.0,"enemies":"Automaton","floor":33.0,"turns":8.0},{"damage":7.0,"enemies":"Orb Walker","floor":35.0,"turns":4.0},{"damage":6.0,"enemies":"3 Shapes","floor":37.0,"turns":4.0},{"damage":1.0,"enemies":"Writhing Mass","floor":38.0,"turns":7.0},{"damage":36,"enemies":"Giant Head","floor":41,"turns":9},{"damage":51,"enemies":"Reptomancer","floor":45,"turns":2}],"seed_played":"3409471752681230125","potions_obtained":[{"floor":2.0,"key":"FearPotion"},{"floor":4.0,"key":"Swift Potion"},{"floor":14.0,"key":"AttackPotion"},{"floor":21.0,"key":"AttackPotion"},{"floor":23.0,"key":"FearPotion"},{"floor":31.0,"key":"Strength Potion"},{"floor":38.0,"key":"PowerPotion"}],"is_trial":false,"path_per_floor":["M","M","$","M","?","E","R","E","T","R","E","R","?","M","R","B",null,"M","M","?","M","$","E","R","M","T","?","E","M","$","M","R","B",null,"M","$","M","M","?","R","E","R","T","R","E"],"character_chosen":"DEFECT","items_purchased":["Defragment"],"campfire_rested":4,"item_purchase_floors":[3],"current_hp_per_floor":[60,58,58,57,50,39,39,15,15,36,23,23,23,23,44,27,60,67,46,46,53,53,43,43,50,50,50,25,22,22,14,35,20,58,58,58,52,58,58,58,29,49,49,49,0,0],"gold":193,"neow_bonus":"UPGRADE_CARD","is_daily":false,"chose_seed":false,"campfire_upgraded":5,"win_rate":0.0,"timestamp":1609262598,"path_taken":["M","M","$","M","?","E","R","E","T","R","E","R","?","M","R","BOSS","M","M","?","?","$","E","R","M","T","?","E","M","?","M","R","BOSS","M","$","?","M","?","R","E","R","T","R","E"],"items_purchased_type":["Card"],"build_version":"2020-12-22","purchased_purges":3,"victory":false,"max_hp_per_floor":[71,71,71,71,71,71,71,71,71,71,71,71,71,71,71,71,71,71,71,71,71,71,71,71,71,71,71,71,71,71,71,71,71,71,71,71,71,71,67,67,67,67,67,67,67,67],"relic_stats":{"Inserter":[13],"counters":[22,117],"Sundial":[0],"CeramicFish":18,"PreservedInsect":62,"Kunai":[6],"Boot":[7],"obtain_stats":[{"Inserter":34,"CeramicFish":27,"PreservedInsect":43,"Boot":8,"Akabeko":23,"Mercury Hourglass":11,"FrozenCore":17,"DataDisk":26,"Sundial":41,"Kunai":9,"Cracked Core":0,"StrikeDummy":6,"InkBottle":28},{"Inserter":17,"CeramicFish":13,"PreservedInsect":21,"Boot":5,"Akabeko":12,"Mercury Hourglass":6,"FrozenCore":8,"DataDisk":13,"Sundial":21,"Kunai":5,"Cracked Core":0,"StrikeDummy":4,"InkBottle":14},{"Inserter":91,"CeramicFish":66,"PreservedInsect":115,"Boot":24,"Akabeko":62,"Mercury Hourglass":28,"FrozenCore":40,"DataDisk":66,"Sundial":115,"Kunai":24,"Cracked Core":0,"StrikeDummy":17,"InkBottle":72}],"InkBottle":[11],"FrozenCore":[45],"Mercury Hourglass":[316]},"card_choices":[{"not_picked":["Turbo","Melter"],"picked":"Conserve Battery","floor":1.0},{"not_picked":["BootSequence","Steam","Fusion"],"picked":"SKIP","floor":2.0},{"not_picked":["Heatsinks","Lockon"],"picked":"Self Repair","floor":4.0},{"not_picked":["Aggregate","Leap"],"picked":"Streamline","floor":6.0},{"not_picked":["Gash","Static Discharge"],"picked":"Defragment","floor":8.0},{"not_picked":["Machine Learning","Streamline","Melter"],"picked":"SKIP","floor":11.0},{"not_picked":["Fusion","Gash","Rebound"],"picked":"SKIP","floor":14.0},{"not_picked":["Hyperbeam","Rainbow"],"picked":"Buffer","floor":16.0},{"not_picked":["Static Discharge","Fusion","Undo"],"picked":"SKIP","floor":18.0},{"not_picked":["Turbo","Compile Driver"],"picked":"Defragment","floor":19.0},{"not_picked":["Beam Cell","Barrage"],"picked":"Skim","floor":21.0},{"not_picked":["Cold Snap","Double Energy"],"picked":"Tempest+1","floor":23.0},{"not_picked":["Leap","Aggregate"],"picked":"Ball Lightning","floor":25.0},{"not_picked":["Self Repair","Hologram"],"picked":"Thunder Strike","floor":28.0},{"not_picked":["Hologram","White Noise"],"picked":"Coolheaded","floor":29.0},{"not_picked":["Streamline","Ball Lightning","Redo"],"picked":"SKIP","floor":31.0},{"not_picked":["Compile Driver","Beam Cell","Coolheaded"],"picked":"SKIP","floor":35.0},{"not_picked":["Leap","Streamline+1","Beam Cell+1"],"picked":"SKIP","floor":37.0},{"not_picked":["Sweeping Beam","Cold Snap","Redo"],"picked":"SKIP","floor":38.0},{"not_picked":["Rainbow","Rebound","BootSequence"],"picked":"SKIP","floor":41}],"player_experience":372473,"relics_obtained":[{"floor":6.0,"key":"StrikeDummy"},{"floor":8.0,"key":"Boot"},{"floor":9.0,"key":"Kunai"},{"floor":11.0,"key":"Mercury Hourglass"},{"floor":23.0,"key":"Akabeko"},{"floor":26.0,"key":"DataDisk"},{"floor":28.0,"key":"InkBottle"},{"floor":41,"key":"Sundial"},{"floor":43,"key":"PreservedInsect"}],"event_choices":[{"cards_removed":["Strike_B"],"damage_healed":0.0,"max_hp_gain":0.0,"max_hp_loss":0.0,"gold_gain":0.0,"event_name":"Golden Wing","player_choice":"Card Removal","floor":5.0,"gold_loss":0.0,"damage_taken":7.0},{"damage_healed":0.0,"max_hp_gain":0.0,"max_hp_loss":0.0,"gold_gain":0.0,"event_name":"Shining Light","player_choice":"Ignored","floor":13.0,"gold_loss":0.0,"damage_taken":0.0},{"damage_healed":0.0,"max_hp_gain":0.0,"max_hp_loss":0.0,"gold_gain":0.0,"event_name":"Match and Keep!","player_choice":"0 cards matched","floor":20.0,"gold_loss":0.0,"damage_taken":0.0,"cards_obtained":[]},{"damage_healed":0.0,"max_hp_gain":0.0,"max_hp_loss":0.0,"gold_gain":0.0,"event_name":"Addict","player_choice":"Obtained Relic","floor":27.0,"gold_loss":85.0,"damage_taken":0.0,"relics_obtained":["CeramicFish"]},{"damage_healed":0.0,"max_hp_gain":0.0,"max_hp_loss":4.0,"gold_gain":0.0,"event_name":"Winding Halls","player_choice":"Max HP","floor":39.0,"gold_loss":0.0,"damage_taken":0.0}],"is_beta":false,"boss_relics":[{"not_picked":["Black Star","Velvet Choker"],"picked":"FrozenCore"},{"not_picked":["Tiny House","Sozu"],"picked":"Inserter"}],"items_purged_floors":[22,30,36],"is_endless":false,"potions_floor_spawned":[2,4,14,16,19,21,23,28,31,35,38],"killed_by":"Reptomancer","ascension_level":15}}