{"host":"ovxa65d68iy9l57e","time":1609271670,"event":{"mods":["AchievementEnabler","BaseMod","Better Altar","Better Skull","Better Vampires","Colored Map","Curses Come First","Minty Spire (QoL Compilation)","Relic Stats","StSLib"],"gold_per_floor":[119,119,80,93,110,110,143,143,170,188,202,228,246,263,263,263,263],"floor_reached":16,"playtime":1170,"items_purged":[],"score":131,"play_id":"d13b81b0-59d0-4614-9ffd-42105ad7398d","local_time":"20201229205430","is_ascension_mode":true,"campfire_choices":[{"data":"Defragment","floor":6.0,"key":"SMITH"},{"floor":15,"key":"REST"}],"circlet_count":0,"master_deck":["Strike_B","Strike_B","Strike_B","Strike_B","Defend_B","Defend_B","Defend_B","Defend_B","Zap","Dualcast","BootSequence","Hello World","Defragment+1","Conserve Battery","Sweeping Beam","Ball Lightning","Barrage","Electrodynamics","Skim","Streamline"],"relics":["Cracked Core","Bronze Scales","Omamori","Bag of Marbles"],"acts_visited":["Exordium"],"potions_floor_usage":[16,16],"damage_taken":[{"damage":7.0,"enemies":"Jaw Worm","floor":1.0,"turns":3.0},{"damage":0.0,"enemies":"Cultist","floor":4.0,"turns":3.0},{"damage":8.0,"enemies":"Small Slimes","floor":5.0,"turns":4.0},{"damage":34.0,"enemies":"Gremlin Nob","floor":7.0,"turns":6.0},{"damage":2.0,"enemies":"2 Fungi Beasts","floor":10.0,"turns":2.0},{"damage":6.0,"enemies":"3 Louse","floor":11.0,"turns":2.0},{"damage":6.0,"enemies":"Lagavulin","floor":12.0,"turns":6.0},{"damage":2.0,"enemies":"Looter","floor":13.0,"turns":3.0},{"damage":0.0,"enemies":"Exordium Wildlife","floor":14.0,"turns":2.0},{"damage":38,"enemies":"The Guardian","floor":16,"turns":5}],"seed_played":"-2004931317423039243","potions_obtained":[{"floor":4.0,"key":"SpeedPotion"},{"floor":7.0,"key":"EssenceOfDarkness"},{"floor":11.0,"key":"Block Potion"},{"floor":12.0,"key":"FearPotion"},{"floor":13.0,"key":"FearPotion"}],"is_trial":false,"path_per_floor":["M","?","$","M","M","R","E","$","T","M","M","E","M","M","R","B"],"character_chosen":"DEFECT","items_purchased":["Hello World"],"campfire_rested":1,"item_purchase_floors":[3],"current_hp_per_floor":[68,68,68,68,60,60,26,26,26,24,18,12,10,10,32,0,0],"gold":263,"neow_bonus":"ONE_RANDOM_RARE_CARD","is_daily":false,"chose_seed":false,"campfire_upgraded":1,"win_rate":0.0,"timestamp":1609271670,"path_taken":["M","?","$","M","M","R","E","?","T","M","M","E","M","M","R","BOSS"],"items_purchased_type":["Card"],"build_version":"2020-12-22","purchased_purges":0,"victory":false,"max_hp_per_floor":[75,75,75,75,75,75,75,75,75,75,75,75,75,75,75,75,75],"relic_stats":{"counters":[10,36],"Bronze Scales":[41],"obtain_stats":[{"Bronze Scales":7,"Omamori":9,"Bag of Marbles":12,"Cracked Core":0},{"Bronze Scales":4,"Omamori":4,"Bag of Marbles":7,"Cracked Core":0},{"Bronze Scales":16,"Omamori":16,"Bag of Marbles":26,"Cracked Core":0}]},"card_choices":[{"not_picked":["Turbo","FTL","Steam"],"picked":"SKIP","floor":1.0},{"not_picked":["Darkness","Lockon"],"picked":"Defragment","floor":4.0},{"not_picked":["Beam Cell","Streamline"],"picked":"Conserve Battery","floor":5.0},{"not_picked":["Hologram","Loop"],"picked":"Sweeping Beam","floor":7.0},{"not_picked":["Darkness","Defragment"],"picked":"Ball Lightning","floor":10.0},{"not_picked":["Reinforced Body","Stack"],"picked":"Barrage","floor":11.0},{"not_picked":["Gash","Barrage"],"picked":"Electrodynamics","floor":12.0},{"not_picked":["Chaos","Steam"],"picked":"Skim","floor":13.0},{"not_picked":["Steam","Tempest"],"picked":"Streamline","floor":14.0}],"player_experience":249753,"relics_obtained":[{"floor":7.0,"key":"Bronze Scales"},{"floor":9.0,"key":"Omamori"},{"floor":12.0,"key":"Bag of Marbles"}],"event_choices":[{"damage_healed":0.0,"max_hp_gain":0.0,"max_hp_loss":0.0,"gold_gain":0.0,"cards_transformed":["Biased Cognition"],"event_name":"Transmorgrifier","player_choice":"Transformed","floor":2.0,"gold_loss":0.0,"damage_taken":0.0,"cards_obtained":["BootSequence"]}],"is_beta":false,"boss_relics":[],"items_purged_floors":[],"is_endless":false,"potions_floor_spawned":[4,7,11,12,13],"killed_by":"The Guardian","ascension_level":3}}