{"host":"egkmzmldr8t233lo","time":1609255920,"event":{"mods":["Act Like it!","BaseMod","Colored Powertips","Luminous","Minty Spire (QoL Compilation)","Replay The Spire","StSLib","¡¾ÒÅÎï¿¨ÅÆ¡¿REMEMod"],"gold_per_floor":[129,171,171,188,188,216,216,248,273,273,273],"floor_reached":10,"playtime":544,"items_purged":[],"score":74,"play_id":"65cd30de-440b-46b1-8a36-05165d233221","local_time":"20201229233200","is_ascension_mode":false,"campfire_choices":[{"data":"Luminous:Equalize_Luminous","floor":7.0,"key":"SMITH"}],"circlet_count":0,"master_deck":["Luminous:Light_Flash_Shower","Luminous:Light_Flash_Shower","Luminous:Light_Flash_Shower","Luminous:Dark_Abyssal_Drop","Luminous:Dark_Abyssal_Drop","Luminous:Dark_Abyssal_Drop","Luminous:Defend_Luminous","Luminous:Defend_Luminous","Luminous:Defend_Luminous","Luminous:Defend_Luminous","Luminous:Switch_Luminous","Luminous:Dark_Morning_Star","Luminous:Darks_Surge_Luminous+1","Trip+1","Luminous:Equalize_Luminous+1"],"relics":["Luminous:MirrorRelic","REME_ComplimentaryCards","StrikeDummy","Orichalcum","Replay:Mystery Machine"],"acts_visited":["Exordium"],"potions_floor_usage":[],"damage_taken":[{"damage":1.0,"enemies":"2 Louse","floor":1.0,"turns":3.0},{"damage":0.0,"enemies":"Small Slimes","floor":4.0,"turns":3.0},{"damage":26.0,"enemies":"Gremlin Nob","floor":6.0,"turns":4.0},{"damage":12.0,"enemies":"Replay:BlueRogue","floor":8.0,"turns":7.0},{"damage":23,"enemies":"Lagavulin","floor":10,"turns":4}],"seed_played":"-1168118446186182483","potions_obtained":[{"floor":4.0,"key":"Fire Potion"}],"is_trial":false,"path_per_floor":["M","?","?","M","?","E","R","E","T","E"],"character_chosen":"LuminousClass","items_purchased":[],"campfire_rested":0,"item_purchase_floors":[],"current_hp_per_floor":[81,61,61,61,61,35,35,23,23,0,0],"gold":273,"neow_bonus":"TEN_PERCENT_HP_BONUS","is_daily":false,"chose_seed":false,"campfire_upgraded":1,"win_rate":0.0,"timestamp":1609255920,"path_taken":["M","?","?","M","?","E","R","E","T","E"],"items_purchased_type":[],"build_version":"2020-12-22","purchased_purges":0,"victory":false,"max_hp_per_floor":[82,82,82,82,82,82,82,82,82,82,82],"card_choices":[{"not_picked":["Luminous:Light_Gather","Luminous:Concentrate_Luminous","Luminous:Light_Wash_Luminous"],"picked":"SKIP","floor":1.0},{"not_picked":["Luminous:Light_Wash_Luminous","Luminous:Dark_Dim_Erosion"],"picked":"Luminous:Dark_Morning_Star","floor":2.0},{"not_picked":["Luminous:Light_Wash_Luminous","Luminous:Reverse_Spell_Luminous"],"picked":"Luminous:Darks_Surge_Luminous","floor":2.0},{"not_picked":["Luminous:Light_Wash_Luminous","Luminous:Light_Disperse","Luminous:Dark_Morning_Star"],"picked":"SKIP","floor":4.0},{"not_picked":["Luminous:Light_Sylvan_Lance","Luminous:Blinding_Pillar_Luminous"],"picked":"Luminous:Equalize_Luminous","floor":6.0},{"not_picked":["Luminous:Light_Sylvan_Lance","Luminous:Dark_Dim_Erosion","Luminous:Accumulation_Luminous"],"picked":"SKIP","floor":8.0}],"player_experience":242933,"relics_obtained":[{"floor":2.0,"key":"StrikeDummy"},{"floor":6.0,"key":"Orichalcum"},{"floor":8.0,"key":"Replay:Mystery Machine"}],"event_choices":[{"damage_healed":0.0,"max_hp_gain":0.0,"max_hp_loss":0.0,"gold_gain":0.0,"event_name":"Accursed Blacksmith","player_choice":"Forge","floor":5.0,"gold_loss":0.0,"damage_taken":0.0,"cards_upgraded":["Luminous:Darks_Surge_Luminous"]}],"is_beta":false,"boss_relics":[],"items_purged_floors":[],"is_endless":false,"potions_floor_spawned":[4],"killed_by":"Lagavulin","ascension_level":0}}