{"host":"kh6fvhxn285ncg0o","time":1609209493,"event":{"mods":["Act Like it!","BaseMod","Colored Map","Friendly Minions","Keyboard Shortcuts","Minty Spire (QoL Compilation)","Quick Restart","Relic Stats","StSLib","SuperFastMode"],"gold_per_floor":[15,28,28,38,49,49,78,78,78,78,228,228,271,294,294,390,390,405,455,455,73,73,73,106,106,132,182,197,232,69,110,122,229,241,277,289,325,360,167,167,167],"floor_reached":40,"playtime":1110,"items_purged":["Strike_R","Strike_R"],"score":950,"play_id":"c8bc7dfb-5792-4f78-98be-2b10a485e02b","local_time":"20201229113813","is_ascension_mode":true,"campfire_choices":[{"data":"Feel No Pain","floor":6.0,"key":"SMITH"},{"data":"Evolve","floor":8.0,"key":"SMITH"},{"floor":10.0,"key":"REST"},{"floor":15.0,"key":"RECALL"},{"floor":23.0,"key":"REST"},{"floor":25.0,"key":"REST"},{"floor":32.0,"key":"REST"}],"circlet_count":0,"master_deck":["AscendersBane","Strike_R","Defend_R","Defend_R","Defend_R","Defend_R","Bash","Apotheosis+1","Entrench","Second Wind","Feel No Pain+1","Evolve+1","Doubt","Reckless Charge","Shockwave","Feed","Rage","Fire Breathing","Cleave","Double Tap","Dropkick","Barricade+1","Purity","Flash of Steel","Body Slam+1","Dark Shackles"],"relics":["Burning Blood","Paper Frog","Golden Idol","Boot","Philosopher\u0027s Stone","HornCleat","Frozen Egg 2","MealTicket","Strawberry","Centennial Puzzle","MawBank","Runic Pyramid"],"acts_visited":["Exordium","TheCity","TheBeyond"],"potions_floor_usage":[40],"damage_taken":[{"damage":4.0,"enemies":"Small Slimes","floor":1.0,"turns":4.0},{"damage":5.0,"enemies":"2 Louse","floor":2.0,"turns":4.0},{"damage":3.0,"enemies":"Jaw Worm","floor":4.0,"turns":5.0},{"damage":14.0,"enemies":"3 Louse","floor":5.0,"turns":5.0},{"damage":32.0,"enemies":"Gremlin Nob","floor":7.0,"turns":5.0},{"damage":22.0,"enemies":"3 Sentries","floor":13.0,"turns":10.0},{"damage":8.0,"enemies":"Blue Slaver","floor":14.0,"turns":5.0},{"damage":27.0,"enemies":"Hexaghost","floor":16.0,"turns":11.0},{"damage":38.0,"enemies":"3 Byrds","floor":18.0,"turns":8.0},{"damage":14.0,"enemies":"Gremlin Leader","floor":24.0,"turns":7.0},{"damage":6.0,"enemies":"Chosen","floor":28.0,"turns":5.0},{"damage":33.0,"enemies":"Book of Stabbing","floor":29.0,"turns":7.0},{"damage":36.0,"enemies":"Slavers","floor":31.0,"turns":5.0},{"damage":49.0,"enemies":"Champ","floor":33.0,"turns":17.0},{"damage":4.0,"enemies":"3 Shapes","floor":35.0,"turns":5.0},{"damage":7.0,"enemies":"3 Darklings","floor":37.0,"turns":4.0},{"damage":5.0,"enemies":"Transient","floor":38.0,"turns":6.0},{"damage":86,"enemies":"Reptomancer","floor":40,"turns":3}],"seed_played":"-7291334289051054533","potions_obtained":[{"floor":1.0,"key":"BloodPotion"},{"floor":7.0,"key":"LiquidMemories"},{"floor":13.0,"key":"SkillPotion"},{"floor":18.0,"key":"DistilledChaos"},{"floor":28.0,"key":"Dexterity Potion"},{"floor":33.0,"key":"Energy Potion"},{"floor":38.0,"key":"Weak Potion"}],"is_trial":false,"path_per_floor":["M","M","?","M","M","R","E","R","T","R","?","?","E","M","R","B",null,"M","?","?","$","?","R","E","R","T","?","M","E","$","E","R","B",null,"M","?","M","M","$","E"],"character_chosen":"IRONCLAD","items_purchased":["Fire Breathing","HornCleat","Centennial Puzzle","Dark Shackles"],"campfire_rested":4,"item_purchase_floors":[21,21,30,39],"current_hp_per_floor":[70,71,71,74,66,66,40,40,40,62,62,36,35,33,33,12,59,27,27,27,27,27,49,41,63,63,56,56,40,55,29,56,13,71,77,67,66,67,82,0,0],"gold":167,"neow_bonus":"RANDOM_COLORLESS_2","is_daily":false,"chose_seed":false,"campfire_upgraded":2,"win_rate":0.0,"timestamp":1609209493,"path_taken":["M","M","?","M","M","R","E","R","T","R","?","?","E","?","R","BOSS","M","?","?","$","?","R","E","R","T","?","M","E","$","E","R","BOSS","M","?","M","M","$","E"],"items_purchased_type":["Card","Relic","Relic","Card"],"build_version":"2020-12-22","purchased_purges":2,"victory":false,"max_hp_per_floor":[75,75,75,75,75,75,75,75,75,75,75,75,75,75,75,75,75,75,75,75,75,75,75,75,75,75,75,75,86,86,90,90,90,90,94,94,94,94,94,94,94],"relic_stats":{"Centennial Puzzle":[18],"counters":[18,116],"Golden Idol":95,"MealTicket":30,"Boot":[20],"MawBank":96,"obtain_stats":[{"Centennial Puzzle":30,"HornCleat":21,"Golden Idol":12,"Strawberry":29,"Philosopher\u0027s Stone":17,"MealTicket":26,"Frozen Egg 2":24,"Boot":13,"MawBank":31,"Burning Blood":0,"Paper Frog":7,"Runic Pyramid":34},{"Centennial Puzzle":12,"HornCleat":9,"Golden Idol":5,"Strawberry":12,"Philosopher\u0027s Stone":8,"MealTicket":10,"Frozen Egg 2":10,"Boot":6,"MawBank":13,"Burning Blood":0,"Paper Frog":5,"Runic Pyramid":14},{"Centennial Puzzle":76,"HornCleat":57,"Golden Idol":23,"Strawberry":76,"Philosopher\u0027s Stone":49,"MealTicket":64,"Frozen Egg 2":64,"Boot":33,"MawBank":81,"Burning Blood":0,"Paper Frog":23,"Runic Pyramid":98}],"Burning Blood":102},"card_choices":[{"not_picked":["Thinking Ahead","Metamorphosis"],"picked":"Apotheosis","floor":0.0},{"not_picked":["Clash","Heavy Blade"],"picked":"Entrench","floor":2.0},{"not_picked":["Body Slam","Sword Boomerang"],"picked":"Second Wind","floor":4.0},{"not_picked":["Headbutt","Flame Barrier"],"picked":"Feel No Pain","floor":5.0},{"not_picked":["Twin Strike","Reckless Charge"],"picked":"Evolve","floor":7.0},{"not_picked":["Rupture","Flex"],"picked":"Reckless Charge","floor":13.0},{"not_picked":["Hemokinesis","Reckless Charge"],"picked":"Shockwave","floor":14.0},{"not_picked":["Brutality","Reaper"],"picked":"Feed","floor":16.0},{"not_picked":["Sword Boomerang","Sever Soul"],"picked":"Rage","floor":18.0},{"not_picked":["Pummel","Uppercut+1","Clash"],"picked":"SKIP","floor":24.0},{"not_picked":["Carnage","Rupture+1"],"picked":"Dropkick","floor":28.0},{"not_picked":["Clash","Pummel","Inflame+1"],"picked":"SKIP","floor":29.0},{"not_picked":["Inflame+1","Blood for Blood","Sever Soul"],"picked":"SKIP","floor":31.0},{"not_picked":["Exhume","Immolate"],"picked":"Barricade+1","floor":33.0},{"not_picked":["Blood for Blood","Havoc+1","Thunderclap"],"picked":"SKIP","floor":35.0},{"not_picked":["Enlightenment","Good Instincts"],"picked":"Purity","floor":36.0},{"not_picked":["Enlightenment","Blind"],"picked":"Flash of Steel","floor":36.0},{"not_picked":["Power Through","Carnage"],"picked":"Body Slam+1","floor":37.0},{"not_picked":["Sword Boomerang","True Grit","Heavy Blade"],"picked":"SKIP","floor":38.0}],"player_experience":3298627,"relics_obtained":[{"floor":7.0,"key":"Paper Frog"},{"floor":13.0,"key":"Boot"},{"floor":24.0,"key":"Frozen Egg 2"},{"floor":26.0,"key":"MealTicket"},{"floor":29.0,"key":"Strawberry"},{"floor":31.0,"key":"MawBank"}],"event_choices":[{"damage_healed":0.0,"max_hp_gain":0.0,"max_hp_loss":0.0,"gold_gain":0.0,"event_name":"Living Wall","player_choice":"Grow","floor":3.0,"gold_loss":0.0,"damage_taken":0.0,"cards_upgraded":["Apotheosis"]},{"damage_healed":0.0,"max_hp_gain":0.0,"max_hp_loss":0.0,"gold_gain":150.0,"event_name":"Liars Game","player_choice":"AGREE","floor":11.0,"gold_loss":0.0,"damage_taken":0.0,"cards_obtained":["Doubt"]},{"damage_healed":0.0,"max_hp_gain":0.0,"max_hp_loss":0.0,"gold_gain":0.0,"event_name":"Golden Idol","player_choice":"Take Damage","floor":12.0,"gold_loss":0.0,"damage_taken":26.0,"relics_obtained":["Golden Idol"]},{"damage_healed":0.0,"max_hp_gain":0.0,"max_hp_loss":0.0,"gold_gain":50.0,"event_name":"Nest","player_choice":"Stole From Cult","floor":19.0,"gold_loss":0.0,"damage_taken":0.0},{"damage_healed":0.0,"max_hp_gain":0.0,"max_hp_loss":0.0,"gold_gain":0.0,"event_name":"The Mausoleum","player_choice":"Ignored","floor":20.0,"gold_loss":0.0,"damage_taken":0.0},{"damage_healed":0.0,"max_hp_gain":0.0,"max_hp_loss":0.0,"gold_gain":0.0,"cards_transformed":["Strike_R","Strike_R"],"event_name":"Drug Dealer","player_choice":"Became Test Subject","floor":22.0,"gold_loss":0.0,"damage_taken":0.0,"cards_obtained":["Cleave","Double Tap"]},{"damage_healed":0.0,"max_hp_gain":0.0,"max_hp_loss":0.0,"gold_gain":50.0,"event_name":"FaceTrader","player_choice":"Touch","floor":27.0,"gold_loss":0.0,"damage_taken":7.0},{"damage_healed":0.0,"max_hp_gain":0.0,"max_hp_loss":0.0,"gold_gain":0.0,"event_name":"SensoryStone","player_choice":"Memory 3","floor":36.0,"gold_loss":0.0,"damage_taken":10.0}],"is_beta":false,"boss_relics":[{"not_picked":["Black Star","Black Blood"],"picked":"Philosopher\u0027s Stone"},{"not_picked":["Velvet Choker","Empty Cage"],"picked":"Runic Pyramid"}],"items_purged_floors":[21,39],"is_endless":false,"potions_floor_spawned":[1,7,13,18,28,33,38],"killed_by":"Reptomancer","ascension_level":20}}