{"host":"cpsd6klcopw7ctxe","time":1609222077,"event":{"mods":["Aspiration","BaseMod","BetterRewards","Colored Powertips","Dota2Spire","Minty Spire (QoL Compilation)","MostiFishMod","Quick Restart","Remove Card Discount Mod","Replay The Spire","RumiaBox-露米娅的神秘盒子","Shop Mod","Spicy Shops","StSLib","TestMod","The Alterego","The Saiyan","【遗物卡牌】REMEMod"],"gold_per_floor":[121,131,151,109,129,161,161,161,188,188,249,267,267,267,267,368,368,386,253,272,319,336,367,44,57,84,98,153,165,194,224,236,350,362,390,212,262,262,262,262,293,293,293,293,311,311,321,355,355,385,385,385,208,233,233],"floor_reached":56,"playtime":2458,"items_purged":["Saiyan:SAIYA_Strike","Saiyan:SAIYA_Defend","Saiyan:SAIYA_Strike","Saiyan:SAIYA_Defend","Saiyan:SAIYA_Strike","Saiyan:SAIYA_Defend","Normality","Saiyan:SAIYA_Defend","Saiyan:SAIYA_Strike","Saiyan:KiExplosion","Saiyan:LastResort","Saiyan:PowerStance","Saiyan:RuthlessBlow+1","MostiFishMod:Confrontation"],"score":1884,"play_id":"118fca2b-15ba-40de-8b24-085cfa2d6b4c","local_time":"20201229140757","is_ascension_mode":false,"campfire_choices":[{"data":"Saiyan:ExtremeSpeed","floor":13.0,"key":"SMITH"},{"data":"Saiyan:KaioKen","floor":15.0,"key":"SMITH"},{"data":"Saiyan:Teleport","floor":29,"key":"SMITH"},{"floor":32,"key":"RECALL"},{"data":"Saiyan:MonkeyTail","floor":40,"key":"SMITH"},{"data":"Flash of Steel","floor":42,"key":"SMITH"},{"data":"Finesse","floor":49,"key":"SMITH"},{"floor":52,"key":"REST"}],"circlet_count":0,"master_deck":["Saiyan:EnergyBlast+1","Saiyan:KaioKen+1","Flash of Steel+1","Saiyan:Flurry+1","Saiyan:ExtremeSpeed+1","Saiyan:Rekindle+1","Clumsy","Saiyan:Teleport+1","Saiyan:MonkeyTail+1","Regret","Finesse+1","Saiyan:ReverberatingForce+1"],"relics":["SaiyanSoul","SaiyanHeart","DaveBox","testmod-TestBox","REME_ComplimentaryCards","FeatherPendant","testmod-CardMagician","Civilization","ReplayTheSpireMod:CursedCoin","Dota2Spire:HandOfMidas","Gambling Chip","SynthV:TestCard","testmod-AssaultLearning","testmod-IntensifyImprint","Toy Ornithopter","ShadowXiaoBlade","MagicDraw4","Bag of Preparation","Technique","Dota2Spire:PowerTreads","ReplayTheSpireMod:Shallot","Anchor","MawBank","GuanYuAspect","Membership Card","TheAbacus","ReplayTheSpireMod:Ring of Challenge","Dota2Spire:EchoSabre","Orichalcum","HornCleat","Oddly Smooth Stone","Potion Belt","Dota2Spire:MonkeyKingBar","Centennial Puzzle"],"acts_visited":["Exordium","TheCity","TheBeyond","TheEnding"],"potions_floor_usage":[55,55,55,55],"damage_taken":[{"damage":0.0,"enemies":"Jaw Worm","floor":1.0,"turns":1.0},{"damage":0.0,"enemies":"2 Louse","floor":2.0,"turns":1.0},{"damage":0.0,"enemies":"Cultist","floor":3.0,"turns":1.0},{"damage":0.0,"enemies":"Exordium Thugs","floor":5.0,"turns":1.0},{"damage":0.0,"enemies":"3 Sentries","floor":6.0,"turns":1.0},{"damage":0.0,"enemies":"Lagavulin","floor":11.0,"turns":1.0},{"damage":0.0,"enemies":"Lots of Slimes","floor":12.0,"turns":1.0},{"damage":0,"enemies":"The Guardian","floor":16,"turns":1},{"damage":0,"enemies":"Chosen","floor":18,"turns":1},{"damage":0,"enemies":"Shell Parasite","floor":20,"turns":1},{"damage":0,"enemies":"Snake Plant","floor":21,"turns":1},{"damage":0,"enemies":"Snecko","floor":22,"turns":1},{"damage":0,"enemies":"REME_1_Revenger","floor":23,"turns":1},{"damage":0,"enemies":"Cultist and Chosen","floor":25,"turns":1},{"damage":0,"enemies":"3 Cultists","floor":27,"turns":1},{"damage":0,"enemies":"Gremlin Leader","floor":28,"turns":1},{"damage":0,"enemies":"Shelled Parasite and Fungi","floor":30,"turns":1},{"damage":0,"enemies":"Snake Plant","floor":31,"turns":1},{"damage":0,"enemies":"Champ","floor":33,"turns":1},{"damage":2,"enemies":"3 Shapes","floor":35,"turns":1},{"damage":0,"enemies":"Orb Walker","floor":37,"turns":1},{"damage":0,"enemies":"Reptomancer","floor":41,"turns":1},{"damage":0,"enemies":"4 Shapes","floor":45,"turns":1},{"damage":0,"enemies":"Maw","floor":47,"turns":1},{"damage":0,"enemies":"Nemesis","floor":48,"turns":1},{"damage":0,"enemies":"Awakened One","floor":50,"turns":2},{"damage":0,"enemies":"Shield and Spear","floor":54,"turns":1},{"damage":0,"enemies":"The Heart","floor":55,"turns":1}],"seed_played":"4587637045524216956","potions_obtained":[{"floor":2.0,"key":"CultistPotion"},{"floor":5.0,"key":"Dexterity Potion"},{"floor":6.0,"key":"Fire Potion"},{"floor":41,"key":"REME_GoldPotion"},{"floor":47,"key":"Explosive Potion"},{"floor":48,"key":"SkillPotion"}],"is_trial":false,"path_per_floor":["M","M","M","$","M","E","?","T","T","?","E","M","R","$","R","B",null,"M","$","M","M","M","E","$","M","T","M","E","R","M","M","R","B",null,"M","$","M","?","T","R","E","R","T","?","M","?","M","E","R","B",null,"R","$","E","B",null],"character_chosen":"SAIYAJIN","items_purchased":["Flash of Steel","ReplayTheSpireMod:CursedCoin","Dota2Spire:HandOfMidas","Saiyan:Flurry","MagicDraw4","Technique","Dota2Spire:PowerTreads","ReplayTheSpireMod:Shallot","Membership Card","TheAbacus","Dota2Spire:MonkeyKingBar","Adrenaline Potion","Adrenaline Potion"],"campfire_rested":1,"item_purchase_floors":[0,0,0,4,19,24,24,24,36,36,53,53,53],"current_hp_per_floor":[45,49,54,54,61,71,53,53,53,53,64,80,80,80,80,97,133,150,150,168,188,209,231,231,254,254,280,309,309,341,373,373,406,203,221,221,244,244,244,244,271,271,271,261,290,290,321,350,350,389,506,506,506,533,583],"gold":233,"neow_bonus":"","is_daily":false,"chose_seed":false,"campfire_upgraded":6,"win_rate":0.0,"timestamp":1609222077,"path_taken":["M","M","M","$","M","E","?","?","T","?","E","M","R","$","R","BOSS","M","?","M","M","M","E","?","M","T","M","E","R","M","?","R","BOSS","M","$","M","?","?","R","E","R","T","?","M","?","?","E","R","BOSS","R","$","E","BOSS"],"items_purchased_type":["Card","Relic","Relic","Card","Relic","Relic","Relic","Relic","Relic","Relic","Relic","Potion","Potion"],"build_version":"2020-12-22","purchased_purges":14,"victory":true,"max_hp_per_floor":[63,67,72,72,79,89,89,89,89,89,100,116,116,116,116,133,133,150,150,168,188,209,231,231,254,254,280,309,309,341,373,373,406,203,239,239,277,277,277,277,317,317,317,317,362,362,408,455,455,506,506,506,506,559,614],"card_choices":[{"not_picked":["Saiyan:FingerParry","Saiyan:KiExplosion","Saiyan:TurtleShell"],"picked":"SKIP","floor":1.0},{"not_picked":["Saiyan:PowerPole","Saiyan:BigBangAttack","Saiyan:Scouter","Saiyan:Overexert","Saiyan:Honing"],"picked":"SKIP","floor":2.0},{"not_picked":["Saiyan:Pacing","Saiyan:Honing","Saiyan:RemoveWeights","Saiyan:SenzuBean"],"picked":"Saiyan:KiExplosion","floor":3.0},{"not_picked":["Saiyan:TurtleShell","Saiyan:BackAttack","Saiyan:SaiyanHubris","Saiyan:PowerStance"],"picked":"Saiyan:LastResort","floor":5.0},{"not_picked":["Saiyan:PlotArmor","Saiyan:TurtleShell","Saiyan:SolarFlare","Saiyan:PressOn","Saiyan:ExpandingShockwave"],"picked":"SKIP","floor":6.0},{"not_picked":["Saiyan:PowerUp","Saiyan:Expend","Saiyan:BigBangAttack","Saiyan:Scouter","Saiyan:DoubleMasenko"],"picked":"SKIP","floor":11.0},{"not_picked":["Saiyan:Expend","Saiyan:Medicine","Saiyan:Afterimage","Saiyan:RemoveWeights"],"picked":"Saiyan:ExtremeSpeed","floor":12.0},{"not_picked":["Saiyan:Momentum","Saiyan:TheBomb","Saiyan:GenkiDama","Saiyan:TransfigurationBeam"],"picked":"Saiyan:Rekindle","floor":16},{"not_picked":["Saiyan:PowerPole+1","Saiyan:UltraInstinct+1","Saiyan:Flurry+1","Saiyan:Quickening","Saiyan:ExpandingShockwave"],"picked":"SKIP","floor":18},{"not_picked":["Saiyan:KiExplosion","Saiyan:BurningSoul+1","Saiyan:Scouter","Saiyan:RemoveWeights+1","Saiyan:ExtremeSpeed"],"picked":"SKIP","floor":20},{"not_picked":["Saiyan:ExpandingShockwave","Saiyan:GenkiDama","Saiyan:RemoveWeights","Saiyan:Kienzan","Saiyan:PowerUp"],"picked":"SKIP","floor":21},{"not_picked":["Saiyan:ConcussiveBlow+1","Saiyan:FingerParry","Saiyan:FinalFlash+1","Saiyan:Pacing","Saiyan:LastResort"],"picked":"SKIP","floor":22},{"not_picked":["Saiyan:SpiritSword","Saiyan:BurningSoul","Saiyan:Planning","Saiyan:DragonFist"],"picked":"Saiyan:PowerStance","floor":23},{"not_picked":["Saiyan:BigBangAttack+1","Saiyan:DragonFist","Saiyan:FingerParry","Saiyan:MajinSeal"],"picked":"Saiyan:Teleport","floor":25},{"not_picked":["Saiyan:PlotArmor","Saiyan:Pacing","Saiyan:Furor+1","Saiyan:Makankosappo","Saiyan:PowerUp+1"],"picked":"SKIP","floor":27},{"not_picked":["Saiyan:MajinSeal","Saiyan:MeteorDash","Saiyan:Twize","Saiyan:ThirstForFight","Saiyan:Planning"],"picked":"SKIP","floor":28},{"not_picked":["Saiyan:BigBangAttack","Saiyan:KameHameHa","Saiyan:Pacing+1","Saiyan:KiExplosion","Saiyan:Fly"],"picked":"SKIP","floor":30},{"not_picked":["Saiyan:TurtleShell","Saiyan:PowerUp","Saiyan:Scouter+1","Saiyan:Honing","Saiyan:KiExplosion+1"],"picked":"SKIP","floor":31},{"not_picked":["Saiyan:SolarFlare","Saiyan:Rekindle","Saiyan:GhostAttack","Saiyan:MajinSeal"],"picked":"Saiyan:MonkeyTail","floor":33},{"not_picked":["Saiyan:KameHameHa","Saiyan:BackAttack+1","Saiyan:TurtleShell+1","Saiyan:Scouter","Saiyan:ExpandingShockwave+1"],"picked":"SKIP","floor":35},{"not_picked":["Saiyan:SolarFlare","Saiyan:SaiyanHubris+1","Saiyan:KiExplosion","Saiyan:FingerParry","Saiyan:Reset+1"],"picked":"SKIP","floor":37},{"not_picked":["Saiyan:PowerUp+1","Saiyan:DoubleMasenko+1","Saiyan:Quickening","Saiyan:Expend+1","Saiyan:PressOn"],"picked":"SKIP","floor":41},{"not_picked":["Saiyan:PowerUp+1","Saiyan:DoubleMasenko+1","Saiyan:Quickening","Saiyan:Expend+1","Saiyan:PressOn"],"picked":"SKIP","floor":41},{"not_picked":["Replay:BasicMightCard","Swift Strike","REME_BuildACard","testmod-DeathImprint"],"picked":"Finesse","floor":44},{"not_picked":["Saiyan:Furor+1","Saiyan:Fly+1","Saiyan:TurtleShell","Saiyan:MeteorDash+1","Saiyan:WarmUp+1"],"picked":"SKIP","floor":45},{"not_picked":["Saiyan:DoubleMasenko+1","Saiyan:DragonFist","Saiyan:DrainingStrike+1","Saiyan:Planning","Saiyan:AugmentedBlast"],"picked":"SKIP","floor":47},{"not_picked":["Saiyan:KiExplosion+1","Saiyan:KameHameHa","Saiyan:BigBangAttack+1","Saiyan:Teleport+1","Saiyan:DragonFist+1"],"picked":"SKIP","floor":48},{"not_picked":["Saiyan:ExtremeSpeed","Saiyan:DragonFist","Saiyan:Fly","Saiyan:Expend"],"picked":"Saiyan:ReverberatingForce+1","floor":54}],"player_experience":347565,"relics_obtained":[{"floor":1.0,"key":"SynthV:TestCard"},{"floor":6.0,"key":"testmod-AssaultLearning"},{"floor":8.0,"key":"testmod-IntensifyImprint"},{"floor":11.0,"key":"Toy Ornithopter"},{"floor":23,"key":"Bag of Preparation"},{"floor":26,"key":"Anchor"},{"floor":28,"key":"MawBank"},{"floor":38,"key":"ReplayTheSpireMod:Ring of Challenge"},{"floor":39,"key":"Dota2Spire:EchoSabre"},{"floor":41,"key":"Orichalcum"},{"floor":43,"key":"HornCleat"},{"floor":48,"key":"Potion Belt"},{"floor":54,"key":"Centennial Puzzle"}],"event_choices":[{"damage_healed":0.0,"max_hp_gain":0.0,"max_hp_loss":0.0,"gold_gain":0.0,"event_name":"Shining Light","player_choice":"Entered Light","floor":7.0,"gold_loss":0.0,"damage_taken":18.0,"cards_upgraded":["Saiyan:RuthlessBlow","Saiyan:Flurry"]},{"cards_removed":["Saiyan:Flurry"],"damage_healed":0.0,"max_hp_gain":0.0,"max_hp_loss":0.0,"gold_gain":0.0,"event_name":"Purifier","player_choice":"Purged","floor":10.0,"gold_loss":0.0,"damage_taken":0.0},{"damage_healed":0,"gold_gain":0,"player_choice":"Memory 3","damage_taken":10,"max_hp_gain":0,"max_hp_loss":0,"event_name":"SensoryStone","floor":44,"gold_loss":0},{"damage_healed":0,"gold_gain":0,"player_choice":"Gave Potion","damage_taken":0,"relics_obtained":["Oddly Smooth Stone"],"max_hp_gain":0,"max_hp_loss":0,"event_name":"WeMeetAgain","floor":46,"gold_loss":0}],"is_beta":false,"boss_relics":[{"not_picked":["Pandora\u0027s Box","testmod-KeyOfTheVoid"],"picked":"ShadowXiaoBlade"},{"not_picked":["testmod-EnergyCheck","TakeMeEscape"],"picked":"GuanYuAspect"}],"items_purged_floors":[0,0,0,0,0,0,0,0,4,19,36,36,36,36],"is_endless":false,"potions_floor_spawned":[2,5,6,20,21,25,27,30,31,33,41,47,48],"ascension_level":0}}