{"host":"r3islh0l1a1ykxfu","time":1609256790,"event":{"mods":["BaseMod","Bestiary","Colored Map","Colored Powertips","Highlight Path","Minty Spire (QoL Compilation)","Relic Stats","Slay-I"],"gold_per_floor":[15,15,31,31,62,100,112,149,188,200,223,235,278,308,320,436,448,478,490,412,440,469,481,19,29,29,29,40,0,0,34,34,137,137,153,153,168,168,168,168,179,205,285,285,285,305,136,146,146,146],"floor_reached":51,"playtime":4006,"items_purged":["Cold Snap"],"score":750,"play_id":"8e9030d0-cb7d-4862-908d-b2667faffbf1","local_time":"20201229094630","is_ascension_mode":true,"campfire_choices":[{"floor":10.0,"key":"REST"},{"floor":12.0,"key":"REST"},{"data":"Zap","floor":15.0,"key":"SMITH"},{"floor":23.0,"key":"REST"},{"data":"Go for the Eyes","floor":27.0,"key":"PURGE"},{"data":"Static Discharge","floor":32.0,"key":"SMITH"},{"data":"Electrodynamics","floor":40,"key":"SMITH"},{"data":"Electrodynamics","floor":44,"key":"SMITH"},{"data":"Thunder Strike","floor":49,"key":"SMITH"}],"circlet_count":0,"master_deck":["Zap+1","Dualcast","Streamline","Streamline","Zap+1","Seek","Redo","Thunder Strike+1","Hologram+1","Tempest","Streamline","Static Discharge+1","Stack+1","Redo+1","Necronomicurse","Ball Lightning","Electrodynamics+1","Electrodynamics+1","Ball Lightning"],"relics":["Cracked Core","MawBank","Bag of Preparation","Akabeko","Regal Pillow","Anchor","Pandora\u0027s Box","Necronomicon","Letter Opener","Chemical X","Peace Pipe","War Paint","Busted Crown","Meat on the Bone","Eternal Feather","Pantograph"],"acts_visited":["Exordium","TheCity","TheBeyond"],"potions_floor_usage":[50],"damage_taken":[{"damage":2.0,"enemies":"Small Slimes","floor":1.0,"turns":3.0},{"damage":0.0,"enemies":"Cultist","floor":3.0,"turns":3.0},{"damage":4.0,"enemies":"Jaw Worm","floor":5.0,"turns":2.0},{"damage":20.0,"enemies":"3 Sentries","floor":6.0,"turns":6.0},{"damage":27.0,"enemies":"Lagavulin","floor":8.0,"turns":5.0},{"damage":11.0,"enemies":"Exordium Wildlife","floor":11.0,"turns":3.0},{"damage":0.0,"enemies":"Gremlin Nob","floor":13.0,"turns":2.0},{"damage":1.0,"enemies":"Exordium Thugs","floor":14.0,"turns":3.0},{"damage":39.0,"enemies":"Hexaghost","floor":16.0,"turns":8.0},{"damage":10.0,"enemies":"Shell Parasite","floor":18.0,"turns":3.0},{"damage":6.0,"enemies":"3 Byrds","floor":21.0,"turns":3.0},{"damage":15.0,"enemies":"Snecko","floor":22.0,"turns":3.0},{"damage":5.0,"enemies":"Snake Plant","floor":25.0,"turns":2.0},{"damage":0.0,"enemies":"Chosen and Byrds","floor":28.0,"turns":3.0},{"damage":9.0,"enemies":"Slavers","floor":31.0,"turns":2.0},{"damage":32.0,"enemies":"Collector","floor":33.0,"turns":5.0},{"damage":5.0,"enemies":"Orb Walker","floor":35.0,"turns":2.0},{"damage":0.0,"enemies":"3 Shapes","floor":37.0,"turns":2.0},{"damage":6,"enemies":"3 Darklings","floor":41,"turns":2},{"damage":29,"enemies":"Giant Head","floor":42,"turns":5},{"damage":22,"enemies":"Maw","floor":46,"turns":3},{"damage":4,"enemies":"Jaw Worm Horde","floor":48,"turns":2},{"damage":82,"enemies":"Time Eater","floor":50,"turns":5}],"seed_played":"-3512040913391879318","potions_obtained":[{"floor":1.0,"key":"Ancient Potion"},{"floor":6.0,"key":"Fire Potion"},{"floor":11.0,"key":"GamblersBrew"},{"floor":18.0,"key":"Fire Potion"},{"floor":21.0,"key":"EssenceOfSteel"},{"floor":31.0,"key":"Energy Potion"},{"floor":35.0,"key":"Regen Potion"}],"is_trial":false,"path_per_floor":["M","?","M","?","M","E","?","E","T","R","M","R","E","M","R","B",null,"M","?","?","M","M","R","$","M","T","R","M","?","$","E","R","B",null,"M","?","M","?","T","R","M","E","T","R","?","M","$","M","R","B",null],"character_chosen":"DEFECT","items_purchased":["Letter Opener","Chemical X","FairyPotion","DistilledChaos"],"campfire_rested":3,"item_purchase_floors":[24,24,47,47],"current_hp_per_floor":[73,73,73,61,57,37,37,10,10,47,36,73,73,72,72,33,75,65,49,49,43,28,65,65,60,60,60,60,60,60,51,51,19,75,70,70,70,70,70,70,64,47,47,56,56,46,46,42,51,34],"gold":146,"neow_bonus":"REMOVE_TWO","is_daily":false,"chose_seed":false,"campfire_upgraded":5,"win_rate":0.0,"timestamp":1609256790,"path_taken":["M","?","M","?","M","E","?","E","T","R","?","R","E","M","R","BOSS","M","?","?","?","M","R","$","M","T","R","M","?","?","E","R","BOSS","M","?","?","?","?","R","?","E","T","R","?","M","$","M","R","BOSS"],"items_purchased_type":["Relic","Relic","Potion","Potion"],"build_version":"2020-12-22","purchased_purges":1,"victory":true,"max_hp_per_floor":[75,75,75,75,75,75,75,75,75,75,75,75,75,75,75,75,75,75,75,75,75,75,75,75,75,75,75,75,75,75,75,75,75,75,75,75,75,75,75,75,75,75,75,75,75,75,75,75,75,75],"relic_stats":{"Regal Pillow":45,"counters":[23,77],"Eternal Feather":18,"Bag of Preparation":[38],"Letter Opener":[70],"War Paint":["Redo","Stack"],"MawBank":240,"Peace Pipe":2,"Busted Crown":14,"Pantograph":24,"Pandora\u0027s Box":["Hologram","Tempest","Streamline","Go for the Eyes","Static Discharge","Stack"],"Necronomicon":[26],"Chemical X":[10],"obtain_stats":[{"Regal Pillow":9,"Eternal Feather":42,"Bag of Preparation":6,"Letter Opener":24,"War Paint":31,"MawBank":4,"Akabeko":8,"Peace Pipe":26,"Anchor":13,"Busted Crown":34,"Pantograph":43,"Pandora\u0027s Box":17,"Necronomicon":19,"Chemical X":24,"Cracked Core":0,"Meat on the Bone":39},{"Regal Pillow":5,"Eternal Feather":20,"Bag of Preparation":4,"Letter Opener":12,"War Paint":15,"MawBank":2,"Akabeko":5,"Peace Pipe":13,"Anchor":7,"Busted Crown":16,"Pantograph":20,"Pandora\u0027s Box":9,"Necronomicon":10,"Chemical X":12,"Cracked Core":0,"Meat on the Bone":18},{"Regal Pillow":19,"Eternal Feather":67,"Bag of Preparation":14,"Letter Opener":44,"War Paint":51,"MawBank":6,"Akabeko":19,"Peace Pipe":46,"Anchor":24,"Busted Crown":56,"Pantograph":67,"Pandora\u0027s Box":35,"Necronomicon":38,"Chemical X":44,"Cracked Core":0,"Meat on the Bone":60}],"Meat on the Bone":36},"card_choices":[{"not_picked":["Heatsinks","Rebound"],"picked":"Coolheaded","floor":1.0},{"not_picked":["Barrage","Stack"],"picked":"Cold Snap","floor":3.0},{"not_picked":["Steam","Heatsinks"],"picked":"Streamline","floor":5.0},{"not_picked":["Beam Cell","Darkness"],"picked":"Streamline","floor":6.0},{"not_picked":["Sweeping Beam","Turbo"],"picked":"Seek","floor":8.0},{"not_picked":["Reinforced Body","Steam","Loop"],"picked":"SKIP","floor":11.0},{"not_picked":["Reprogram","Ball Lightning"],"picked":"Redo","floor":13.0},{"not_picked":["Gash","Turbo","Beam Cell"],"picked":"SKIP","floor":14.0},{"not_picked":["Gash","Turbo","Beam Cell"],"picked":"SKIP","floor":14.0},{"not_picked":["Echo Form","Rainbow"],"picked":"Thunder Strike","floor":16.0},{"not_picked":["Darkness","Static Discharge"],"picked":"Redo","floor":18.0},{"not_picked":["Chill+1","Barrage+1","Hologram"],"picked":"SKIP","floor":21.0},{"not_picked":["Heatsinks","Hologram"],"picked":"Ball Lightning","floor":22.0},{"not_picked":["Sweeping Beam","Scrape+1","Rebound"],"picked":"SKIP","floor":25.0},{"not_picked":["Stack","Steam Power+1","Hello World"],"picked":"SKIP","floor":28.0},{"not_picked":["Rainbow","Blizzard","Beam Cell+1"],"picked":"SKIP","floor":31.0},{"not_picked":["Multi-Cast","All For One"],"picked":"Electrodynamics","floor":33.0},{"not_picked":["Streamline+1"],"picked":"SKIP","floor":35.0},{"not_picked":["Barrage"],"picked":"SKIP","floor":37.0},{"not_picked":[],"picked":"Ball Lightning","floor":41},{"not_picked":["Conserve Battery+1"],"picked":"SKIP","floor":42},{"not_picked":["Redo"],"picked":"SKIP","floor":46},{"not_picked":["Barrage"],"picked":"SKIP","floor":48}],"player_experience":1126632,"relics_obtained":[{"floor":6.0,"key":"Bag of Preparation"},{"floor":8.0,"key":"Akabeko"},{"floor":9.0,"key":"Regal Pillow"},{"floor":13.0,"key":"Anchor"},{"floor":19.0,"key":"Necronomicon"},{"floor":26.0,"key":"Peace Pipe"},{"floor":31.0,"key":"War Paint"},{"floor":39,"key":"Meat on the Bone"},{"floor":42,"key":"Eternal Feather"},{"floor":43,"key":"Pantograph"}],"event_choices":[{"damage_healed":0.0,"max_hp_gain":0.0,"max_hp_loss":0.0,"gold_gain":0.0,"event_name":"Living Wall","player_choice":"Grow","floor":2.0,"gold_loss":0.0,"damage_taken":0.0,"cards_upgraded":["Zap"]},{"damage_healed":0.0,"max_hp_gain":0.0,"max_hp_loss":0.0,"gold_gain":0.0,"event_name":"Scrap Ooze","player_choice":"Success","floor":4.0,"gold_loss":0.0,"damage_taken":12.0,"relics_obtained":["MawBank"]},{"damage_healed":0.0,"max_hp_gain":0.0,"max_hp_loss":0.0,"gold_gain":0.0,"event_name":"Match and Keep!","player_choice":"1 cards matched","floor":7.0,"gold_loss":0.0,"damage_taken":0.0,"cards_obtained":["Zap"]},{"damage_healed":0.0,"max_hp_gain":0.0,"max_hp_loss":0.0,"gold_gain":0.0,"event_name":"Cursed Tome","player_choice":"Obtained Book","floor":19.0,"gold_loss":0.0,"damage_taken":16.0},{"cards_removed":["Coolheaded"],"damage_healed":0.0,"max_hp_gain":0.0,"max_hp_loss":0.0,"gold_gain":0.0,"event_name":"Designer","player_choice":"Upgrade and Remove","floor":20.0,"gold_loss":90.0,"damage_taken":0.0,"cards_upgraded":["Hologram"]},{"damage_healed":0.0,"max_hp_gain":0.0,"max_hp_loss":0.0,"gold_gain":0.0,"event_name":"Masked Bandits","player_choice":"Paid Fearfully","floor":29.0,"gold_loss":40.0,"damage_taken":0.0},{"damage_healed":0.0,"max_hp_gain":0.0,"max_hp_loss":0.0,"gold_gain":0.0,"event_name":"Duplicator","player_choice":"Copied","floor":36.0,"gold_loss":0.0,"damage_taken":0.0,"cards_obtained":["Electrodynamics"]},{"damage_healed":0,"gold_gain":0,"player_choice":"Ignored","damage_taken":0,"max_hp_gain":0,"max_hp_loss":0,"event_name":"Tomb of Lord Red Mask","floor":38,"gold_loss":0},{"damage_healed":0,"gold_gain":0,"player_choice":"Memory 1","damage_taken":0,"max_hp_gain":0,"max_hp_loss":0,"event_name":"SensoryStone","floor":45,"gold_loss":0}],"is_beta":false,"boss_relics":[{"not_picked":["Coffee Dripper","Runic Dome"],"picked":"Pandora\u0027s Box"},{"not_picked":["SacredBark","Cursed Key"],"picked":"Busted Crown"}],"items_purged_floors":[24],"is_endless":false,"potions_floor_spawned":[1,6,11,18,21,31,35,42,46],"ascension_level":1}}