{"host":"s1gi8xs3so6zkrm7","time":1609202551,"event":{"mods":["BaseMod","Filter the Spire","Minty Spire (QoL Compilation)"],"gold_per_floor":[110,124,136,211,211,211,237,237,263,263,263,283,299,72,72,168,168,179,179,179,199,213,213,239,239,539,573,587,606,147,147,147,251,251,271,283,51,51,51,81,97,107,134,149,162,162,178,198,198,198],"floor_reached":51,"playtime":3519,"items_purged":["Defend_P","PathToVictory"],"score":771,"play_id":"8ae111eb-a245-42e0-8067-9d26ce25f524","local_time":"20201228184231","is_ascension_mode":false,"campfire_choices":[{"data":"Ragnarok","floor":6.0,"key":"SMITH"},{"floor":8.0,"key":"REST"},{"floor":15.0,"key":"REST"},{"data":"ClearTheMind","floor":23.0,"key":"SMITH"},{"floor":25.0,"key":"REST"},{"floor":32.0,"key":"REST"},{"floor":46,"key":"REST"},{"data":"Vault","floor":49,"key":"SMITH"}],"circlet_count":0,"master_deck":["Defend_P","Defend_P+1","Defend_P","Eruption+1","Vigilance","Ragnarok+1","FlyingSleeves","Crescendo+1","Swivel","Halt","FearNoEvil","Vengeance","Judgement","EmptyMind","CutThroughFate","Bite","Bite","Bite","Bite","Bite","ClearTheMind+1","Indignation","WreathOfFlame","SignatureMove+1","Consecrate","Vault+1","Wallop","Tantrum","Good Instincts","FlurryOfBlows+1","EmptyFist","Protect","EmptyBody+1"],"relics":["PureWater","Happy Flower","Anchor","Runic Pyramid","Meat on the Bone","Old Coin","Shuriken","Lizard Tail","Philosopher\u0027s Stone","Oddly Smooth Stone","Strawberry","Damaru"],"acts_visited":["Exordium","TheCity","TheBeyond"],"potions_floor_usage":[50],"damage_taken":[{"damage":1.0,"enemies":"2 Louse","floor":1.0,"turns":2.0},{"damage":3.0,"enemies":"Jaw Worm","floor":2.0,"turns":3.0},{"damage":0.0,"enemies":"Small Slimes","floor":3.0,"turns":2.0},{"damage":21.0,"enemies":"Lagavulin","floor":7.0,"turns":3.0},{"damage":7.0,"enemies":"3 Louse","floor":12.0,"turns":3.0},{"damage":0.0,"enemies":"Red Slaver","floor":13.0,"turns":1.0},{"damage":23.0,"enemies":"The Guardian","floor":16.0,"turns":5.0},{"damage":0.0,"enemies":"Spheric Guardian","floor":18.0,"turns":2.0},{"damage":0.0,"enemies":"3 Byrds","floor":21.0,"turns":3.0},{"damage":0.0,"enemies":"Snake Plant","floor":22.0,"turns":1.0},{"damage":31.0,"enemies":"Book of Stabbing","floor":24.0,"turns":4.0},{"damage":31.0,"enemies":"Slavers","floor":27.0,"turns":4.0},{"damage":0.0,"enemies":"Cultist and Chosen","floor":28.0,"turns":3.0},{"damage":0.0,"enemies":"Chosen and Byrds","floor":29.0,"turns":4.0},{"damage":15.0,"enemies":"Automaton","floor":33.0,"turns":6.0},{"damage":0.0,"enemies":"3 Darklings","floor":35.0,"turns":4.0},{"damage":0.0,"enemies":"Orb Walker","floor":36.0,"turns":3.0},{"damage":32.0,"enemies":"Reptomancer","floor":40.0,"turns":4.0},{"damage":6.0,"enemies":"Transient","floor":41.0,"turns":6.0},{"damage":5.0,"enemies":"4 Shapes","floor":42.0,"turns":3.0},{"damage":46.0,"enemies":"Jaw Worm Horde","floor":44.0,"turns":4.0},{"damage":13.0,"enemies":"Writhing Mass","floor":45.0,"turns":3.0},{"damage":39,"enemies":"4 Shapes","floor":47,"turns":3},{"damage":0,"enemies":"Spire Growth","floor":48,"turns":3},{"damage":53,"enemies":"Donu and Deca","floor":50,"turns":7}],"seed_played":"-354246385583832559","potions_obtained":[{"floor":1.0,"key":"SkillPotion"},{"floor":3.0,"key":"SpeedPotion"},{"floor":13.0,"key":"AttackPotion"},{"floor":22.0,"key":"SkillPotion"},{"floor":35.0,"key":"Ambrosia"}],"is_trial":false,"path_per_floor":["M","M","M","?","?","R","E","R","T","?","?","M","M","$","R","B",null,"M","?","?","M","M","R","E","R","T","E","M","M","$","?","R","B",null,"M","M","$","?","?","E","M","M","T","M","M","R","M","M","R","B",null],"character_chosen":"WATCHER","items_purchased":["FearNoEvil","Vengeance","Lizard Tail","Consecrate","Oddly Smooth Stone","Wallop"],"campfire_rested":5,"item_purchase_floors":[14,14,30,30,37,37],"current_hp_per_floor":[71,68,68,57,50,50,29,50,50,36,36,29,29,29,50,27,72,72,72,50,50,50,50,27,42,42,31,33,37,37,29,45,38,55,55,55,55,55,55,46,52,49,49,23,22,40,17,33,33,33],"gold":198,"neow_bonus":"ONE_RANDOM_RARE_CARD","is_daily":false,"chose_seed":false,"campfire_upgraded":3,"win_rate":0.0,"timestamp":1609202551,"path_taken":["M","M","M","?","?","R","E","R","T","?","?","M","M","$","R","BOSS","M","?","?","M","M","R","E","R","T","E","M","M","$","?","R","BOSS","M","M","$","?","?","E","M","?","T","M","M","R","?","M","R","BOSS"],"items_purchased_type":["Card","Card","Relic","Card","Relic","Card"],"build_version":"2020-12-22","purchased_purges":2,"victory":true,"max_hp_per_floor":[72,72,72,72,72,72,72,72,72,72,72,72,72,72,72,72,72,72,72,50,50,50,50,50,50,50,50,50,50,50,55,55,55,55,55,55,55,55,55,62,62,62,62,62,62,62,62,62,62,62],"card_choices":[{"not_picked":["WaveOfTheHand","Meditate"],"picked":"PathToVictory","floor":1.0},{"not_picked":["EmptyMind","ThirdEye"],"picked":"FlyingSleeves","floor":2.0},{"not_picked":["Nirvana","MasterReality"],"picked":"Tantrum","floor":3.0},{"not_picked":["Conclude","DeceiveReality"],"picked":"Crescendo","floor":7.0},{"not_picked":["PathToVictory","WaveOfTheHand"],"picked":"Swivel","floor":12.0},{"not_picked":["JustLucky","Weave"],"picked":"Halt","floor":13.0},{"not_picked":["Blasphemy","Devotion"],"picked":"Judgement","floor":16.0},{"not_picked":["ThirdEye","SandsOfTime"],"picked":"EmptyMind","floor":18.0},{"not_picked":["Pray","JustLucky+1","SashWhip"],"picked":"SKIP","floor":21.0},{"not_picked":["ThirdEye","Meditate"],"picked":"ClearTheMind","floor":22.0},{"not_picked":["BattleHymn","CutThroughFate"],"picked":"Indignation","floor":24.0},{"not_picked":["PathToVictory","Protect","CrushJoints"],"picked":"SKIP","floor":27.0},{"not_picked":["PathToVictory","Protect","CrushJoints"],"picked":"SKIP","floor":27.0},{"not_picked":["Wallop","Evaluate"],"picked":"WreathOfFlame","floor":28.0},{"not_picked":["SandsOfTime","WreathOfFlame"],"picked":"SignatureMove+1","floor":29.0},{"not_picked":["Ragnarok","Blasphemy"],"picked":"Vault","floor":33.0},{"not_picked":["Consecrate","ClearTheMind","BowlingBash+1"],"picked":"SKIP","floor":35.0},{"not_picked":["Vengeance","Protect+1","CrushJoints+1"],"picked":"SKIP","floor":36.0},{"not_picked":["Fasting2","Judgement","PathToVictory+1"],"picked":"SKIP","floor":40.0},{"not_picked":["Evaluate+1","Sanctity","Protect"],"picked":"SKIP","floor":41.0},{"not_picked":["ThirdEye","FlyingSleeves"],"picked":"FlurryOfBlows+1","floor":42.0},{"not_picked":["ThirdEye+1","FlyingSleeves","Halt+1"],"picked":"SKIP","floor":44.0},{"not_picked":["Evaluate+1","Brilliance"],"picked":"EmptyFist","floor":45},{"not_picked":["DeceiveReality","SandsOfTime"],"picked":"Protect","floor":47},{"not_picked":["EmptyFist","CrushJoints+1"],"picked":"EmptyBody+1","floor":48}],"player_experience":198314,"relics_obtained":[{"floor":7.0,"key":"Happy Flower"},{"floor":9.0,"key":"Anchor"},{"floor":24.0,"key":"Meat on the Bone"},{"floor":26.0,"key":"Old Coin"},{"floor":27.0,"key":"Shuriken"},{"floor":40.0,"key":"Strawberry"},{"floor":43.0,"key":"Damaru"}],"event_choices":[{"damage_healed":0.0,"max_hp_gain":0.0,"max_hp_loss":0.0,"gold_gain":75.0,"event_name":"World of Goop","player_choice":"Gather Gold","floor":4.0,"gold_loss":0.0,"damage_taken":11.0},{"cards_removed":["Strike_P"],"damage_healed":0.0,"max_hp_gain":0.0,"max_hp_loss":0.0,"gold_gain":0.0,"event_name":"Golden Wing","player_choice":"Card Removal","floor":5.0,"gold_loss":0.0,"damage_taken":7.0},{"damage_healed":0.0,"max_hp_gain":0.0,"max_hp_loss":0.0,"gold_gain":0.0,"event_name":"Shining Light","player_choice":"Entered Light","floor":10.0,"gold_loss":0.0,"damage_taken":14.0,"cards_upgraded":["Eruption","Defend_P"]},{"damage_healed":0.0,"max_hp_gain":0.0,"max_hp_loss":0.0,"gold_gain":0.0,"event_name":"Accursed Blacksmith","player_choice":"Forge","floor":11.0,"gold_loss":0.0,"damage_taken":0.0,"cards_upgraded":["Crescendo"]},{"damage_healed":0.0,"max_hp_gain":0.0,"max_hp_loss":0.0,"gold_gain":0.0,"event_name":"The Library","player_choice":"Read","floor":19.0,"gold_loss":0.0,"damage_taken":0.0,"cards_obtained":["CutThroughFate"]},{"damage_healed":0.0,"max_hp_gain":0.0,"max_hp_loss":22.0,"gold_gain":0.0,"event_name":"Vampires","player_choice":"Became a vampire","floor":20.0,"gold_loss":0.0,"damage_taken":0.0,"cards_obtained":["Bite","Bite","Bite","Bite","Bite"]},{"damage_healed":0.0,"max_hp_gain":5.0,"max_hp_loss":0.0,"gold_gain":0.0,"event_name":"Forgotten Altar","player_choice":"Shed Blood","floor":31.0,"gold_loss":0.0,"damage_taken":13.0},{"cards_removed":["Tantrum"],"damage_healed":0.0,"max_hp_gain":0.0,"max_hp_loss":0.0,"gold_gain":0.0,"event_name":"Falling","player_choice":"Removed Attack","floor":38.0,"gold_loss":0.0,"damage_taken":0.0},{"damage_healed":0.0,"max_hp_gain":0.0,"max_hp_loss":0.0,"gold_gain":0.0,"event_name":"Match and Keep!","player_choice":"2 cards matched","floor":39.0,"gold_loss":0.0,"damage_taken":0.0,"cards_obtained":["Tantrum","Good Instincts"]}],"is_beta":false,"boss_relics":[{"not_picked":["Runic Dome","Sozu"],"picked":"Runic Pyramid"},{"not_picked":["Tiny House","Pandora\u0027s Box"],"picked":"Philosopher\u0027s Stone"}],"items_purged_floors":[14,30],"is_endless":false,"potions_floor_spawned":[1,3,13,22,27,28,35,36,40],"ascension_level":0}}