{"host":"15dd7v8o90xso62x","time":1609226390,"event":{"mods":["BaseMod","Minty Spire (QoL Compilation)","Quick Restart","StSLib","SuperFastMode"],"gold_per_floor":[113,133,144,155,174,208,219,219,219,239,264,189,189,189],"floor_reached":13,"playtime":487,"items_purged":[],"score":182,"play_id":"caccfec6-3220-4807-a4af-b97c2b97867a","local_time":"20201229161950","is_ascension_mode":true,"campfire_choices":[{"floor":8.0,"key":"REST"}],"circlet_count":0,"master_deck":["AscendersBane","Strike_G","Strike_G","Strike_G","Strike_G","Defend_G","Defend_G","Defend_G","Defend_G","Defend_G","Survivor","Neutralize","Grand Finale","Acrobatics","Backflip","Quick Slash","Acrobatics","Escape Plan","Reflex","Dagger Throw"],"relics":["Ring of the Snake","Potion Belt","CeramicFish"],"acts_visited":["Exordium"],"potions_floor_usage":[13],"damage_taken":[{"damage":6.0,"enemies":"Cultist","floor":1.0,"turns":4.0},{"damage":11.0,"enemies":"Jaw Worm","floor":2.0,"turns":5.0},{"damage":8.0,"enemies":"2 Louse","floor":3.0,"turns":4.0},{"damage":10.0,"enemies":"2 Fungi Beasts","floor":4.0,"turns":7.0},{"damage":6.0,"enemies":"Looter","floor":5.0,"turns":4.0},{"damage":2.0,"enemies":"Lagavulin","floor":6.0,"turns":5.0},{"damage":7.0,"enemies":"Large Slime","floor":7.0,"turns":5.0},{"damage":6.0,"enemies":"3 Louse","floor":10.0,"turns":3.0},{"damage":0.0,"enemies":"Exordium Thugs","floor":11.0,"turns":2.0},{"damage":32,"enemies":"Gremlin Nob","floor":13,"turns":3}],"seed_played":"7936697506010647348","potions_obtained":[{"floor":4.0,"key":"AttackPotion"},{"floor":5.0,"key":"Explosive Potion"},{"floor":10.0,"key":"Fruit Juice"}],"is_trial":false,"path_per_floor":["M","M","M","M","M","E","M","R","T","M","M","?","E"],"character_chosen":"THE_SILENT","items_purchased":[],"campfire_rested":1,"item_purchase_floors":[],"current_hp_per_floor":[53,42,34,24,18,16,9,27,27,21,21,21,0,0],"gold":189,"neow_bonus":"THREE_RARE_CARDS","is_daily":false,"chose_seed":false,"campfire_upgraded":0,"win_rate":0.0,"timestamp":1609226390,"path_taken":["M","M","M","M","M","E","?","R","T","M","M","?","E"],"items_purchased_type":[],"build_version":"2020-12-22","purchased_purges":0,"victory":false,"max_hp_per_floor":[60,60,60,60,60,60,60,60,60,60,60,60,65,65],"card_choices":[{"not_picked":["Glass Knife","Storm of Steel"],"picked":"Grand Finale","floor":0.0},{"not_picked":["Outmaneuver","Reflex"],"picked":"Acrobatics","floor":1.0},{"not_picked":["Cloak And Dagger","Tools of the Trade"],"picked":"Backflip","floor":2.0},{"not_picked":["PiercingWail","Dagger Spray"],"picked":"Quick Slash","floor":3.0},{"not_picked":["Outmaneuver","Underhanded Strike","Accuracy"],"picked":"SKIP","floor":4.0},{"not_picked":["Sucker Punch","Dodge and Roll","Flying Knee"],"picked":"SKIP","floor":5.0},{"not_picked":["Poisoned Stab","Noxious Fumes"],"picked":"Acrobatics","floor":6.0},{"not_picked":["Endless Agony","Deadly Poison"],"picked":"Escape Plan","floor":7.0},{"not_picked":["Skewer","Finisher"],"picked":"Reflex","floor":10.0},{"not_picked":["Noxious Fumes","Expertise"],"picked":"Dagger Throw","floor":11.0}],"player_experience":962699,"relics_obtained":[{"floor":6.0,"key":"Potion Belt"},{"floor":9.0,"key":"CeramicFish"}],"event_choices":[{"cards_removed":["Strike_G"],"damage_healed":0.0,"max_hp_gain":0.0,"max_hp_loss":0.0,"gold_gain":0.0,"event_name":"The Cleric","player_choice":"Card Removal","floor":12.0,"gold_loss":75.0,"damage_taken":0.0}],"is_beta":false,"boss_relics":[],"items_purged_floors":[],"is_endless":false,"potions_floor_spawned":[4,5,10],"killed_by":"Gremlin Nob","ascension_level":20}}