{"host":"g75gtovmj0ine2rf","time":1609220465,"event":{"mods":["2.2 Compatiblity","AchievementEnabler","Act Like it!","Aspiration","Astrologer","Bard","BaseMod","Better Match","BetterRewards","CapriCore","Challenge The Spire","ChefMod","Colored Map","Conspire","Elementarium","Energized Spire","Friendly Minions","Gensokyo","Halation","Hallownest","Hermit","HexUI Lib","Highlight Path","Hubris","Infinite Spire","Jedi Mod","Lobotomy","Menagerie","Minty Spire (QoL Compilation)","Puzzle Mod","Quick Restart","Rare Cards Sparkle","Relic Stats","Replay The Spire","Robot Space Explorer","Shade Mod","Shop Mod","Spicy Shops","StSLib","SuperFastMode","The Construct","The Cursed","The Dragon Tamer","The Factory","The Jungle","The Marked","The Runesmith","TheBandit","TheFirefly","TheSwordswoman","TheVacant","Transform Curses","Wandering Minibosses","thorton","vexMod"],"gold_per_floor":[117,117,136,55,5,36,36,120,120,145,174,187,199,199,199,306,381,427,267,267,267,283,283,301,301,301],"floor_reached":25,"playtime":1229,"items_purged":[],"score":232,"play_id":"acbc7fde-8bc5-41ec-8254-5ea6711c5159","local_time":"20201229164105","is_ascension_mode":true,"campfire_choices":[{"data":"RobotSpaceExplorer:Calculate","floor":7,"key":"SMITH"},{"floor":23,"key":"REST"}],"circlet_count":0,"master_deck":["RobotSpaceExplorer:Strike","RobotSpaceExplorer:Strike","RobotSpaceExplorer:Defend","RobotSpaceExplorer:Defend","RobotSpaceExplorer:Defend","RobotSpaceExplorer:Defend","RobotSpaceExplorer:Scan","RobotSpaceExplorer:MiniLasers+1","RobotSpaceExplorer:Calculate+1","RobotSpaceExplorer:PowerGlove","conspire:SpireCoStock","RobotSpaceExplorer:PowerGlove","RobotSpaceExplorer:ScrapMissile","RobotSpaceExplorer:StunGrenade+1","RobotSpaceExplorer:Probe","RobotSpaceExplorer:TrailblazerForm+1","Decay","RobotSpaceExplorer:DroneSwarm","RobotSpaceExplorer:GlueShot+1","RobotSpaceExplorer:Autoloader"],"relics":["RobotSpaceExplorer:RoboCore","Replay:Bottled Flurry","hubris:MobiusCoin","vexMod:Dragonfruit","thethorton:GreedFountain","conspire:TopHat","halation:PinkSoulGem"],"acts_visited":["Exordium","TheCity"],"potions_floor_usage":[10,13,16,22,24,25],"damage_taken":[{"damage":5,"enemies":"Menagerie:StygianBoar","floor":1,"turns":4},{"damage":0,"enemies":"Menagerie:WhisperingWraith","floor":3,"turns":6},{"damage":3,"enemies":"Menagerie:MaskedSummoner","floor":6,"turns":9},{"damage":13,"enemies":"Menagerie:VoidReaper","floor":8,"turns":3},{"damage":6,"enemies":"Menagerie:2_RABBITS","floor":10,"turns":2},{"damage":4,"enemies":"Menagerie:BEAST_MAGE_AND_PROWLING_AMALGAM","floor":11,"turns":3},{"damage":5,"enemies":"Menagerie:RedMage","floor":12,"turns":3},{"damage":6,"enemies":"Menagerie:STYGIAN_BOAR_AND_RABBIT","floor":13,"turns":3},{"damage":14,"enemies":"Menagerie:AVATARS","floor":16,"turns":4},{"damage":25,"enemies":"Spheric Guardian","floor":18,"turns":6},{"damage":42,"enemies":"conspire:FuzzyDice","floor":22,"turns":5},{"damage":14,"enemies":"Shelled Parasite and Fungi","floor":24,"turns":3},{"damage":15,"enemies":"conspire:Head Lice","floor":25,"turns":1}],"seed_played":"-2046585083180058884","potions_obtained":[{"floor":3,"key":"jedi:StrikingPotion"},{"floor":6,"key":"SteroidPotion"},{"floor":8,"key":"AttackPotion"},{"floor":12,"key":"jedi:StrikingPotion"},{"floor":16,"key":"Flashbang"},{"floor":22,"key":"SteroidPotion"},{"floor":24,"key":"Energy Potion"}],"is_trial":false,"path_per_floor":["M","?","M","$","?","E","R","E","T","M","M","M","M","?","R_BF","B",null,"M","?","?","?","M","R","M","E"],"character_chosen":"RobotSpaceExplorer","items_purchased":["RobotSpaceExplorer:PowerGlove"],"campfire_rested":1,"item_purchase_floors":[4],"current_hp_per_floor":[63,63,63,63,63,60,60,47,52,46,42,37,31,52,73,59,73,48,48,48,48,6,27,13,0,0],"gold":301,"neow_bonus":"REMOVE_TWO","is_daily":false,"chose_seed":false,"campfire_upgraded":1,"win_rate":0.0,"timestamp":1609220465,"path_taken":["M","?","?","$","?","E","R","E","T","M","M","M","M","?","R_BF","BOSS","M","?","?","?","M","R","M","E"],"items_purchased_type":["Card"],"build_version":"2020-12-22","purchased_purges":0,"victory":false,"max_hp_per_floor":[68,68,68,68,68,68,68,68,73,73,73,73,73,73,73,73,73,73,73,73,73,73,73,73,73,73],"relic_stats":{"counters":[13,52],"obtain_stats":[{"vexMod:Dragonfruit":9,"hubris:MobiusCoin":8,"RobotSpaceExplorer:RoboCore":0,"Replay:Bottled Flurry":6,"thethorton:GreedFountain":17,"halation:PinkSoulGem":20,"conspire:TopHat":19},{"vexMod:Dragonfruit":4,"hubris:MobiusCoin":4,"RobotSpaceExplorer:RoboCore":0,"Replay:Bottled Flurry":3,"thethorton:GreedFountain":9,"halation:PinkSoulGem":10,"conspire:TopHat":10},{"vexMod:Dragonfruit":22,"hubris:MobiusCoin":22,"RobotSpaceExplorer:RoboCore":0,"Replay:Bottled Flurry":19,"thethorton:GreedFountain":37,"halation:PinkSoulGem":43,"conspire:TopHat":43}]},"card_choices":[{"not_picked":["RobotSpaceExplorer:ShockKick","RobotSpaceExplorer:Blitz","RobotSpaceExplorer:ImprovisedAttack"],"picked":"SKIP","floor":1},{"not_picked":["RobotSpaceExplorer:ImprovisedAttack","RobotSpaceExplorer:ShockKick"],"picked":"RobotSpaceExplorer:Calculate","floor":3},{"not_picked":["RobotSpaceExplorer:Multitool","RobotSpaceExplorer:MiniDrones"],"picked":"RobotSpaceExplorer:PowerGlove","floor":6},{"not_picked":["RobotSpaceExplorer:BigMissile","RobotSpaceExplorer:SlimeMissile"],"picked":"RobotSpaceExplorer:ScrapMissile","floor":8},{"not_picked":["RobotSpaceExplorer:ShockKick","RobotSpaceExplorer:Ammunition"],"picked":"RobotSpaceExplorer:StunGrenade","floor":10},{"not_picked":["RobotSpaceExplorer:ScrapMissile","RobotSpaceExplorer:SurgingStrike"],"picked":"RobotSpaceExplorer:Probe","floor":11},{"not_picked":["RobotSpaceExplorer:ToxicBomb","RobotSpaceExplorer:SlimeMissile"],"picked":"RobotSpaceExplorer:TrailblazerForm","floor":12},{"not_picked":["RobotSpaceExplorer:ToxicBomb","RobotSpaceExplorer:Ammunition","RobotSpaceExplorer:Blitz"],"picked":"SKIP","floor":13},{"not_picked":["RobotSpaceExplorer:Comet","RobotSpaceExplorer:Wormhole"],"picked":"RobotSpaceExplorer:DroneSwarm","floor":16},{"not_picked":["RobotSpaceExplorer:SwiftStep+1","RobotSpaceExplorer:StunGrenade"],"picked":"RobotSpaceExplorer:GlueShot+1","floor":18},{"not_picked":["RobotSpaceExplorer:GlueShot","RobotSpaceExplorer:FranticSearch+1"],"picked":"RobotSpaceExplorer:Autoloader","floor":22},{"not_picked":["RobotSpaceExplorer:Probe+1","RobotSpaceExplorer:ShockKick","RobotSpaceExplorer:SelfCleaning"],"picked":"SKIP","floor":24}],"player_experience":1356042,"relics_obtained":[{"floor":6,"key":"Replay:Bottled Flurry"},{"floor":8,"key":"hubris:MobiusCoin"},{"floor":9,"key":"vexMod:Dragonfruit"}],"event_choices":[{"damage_healed":0,"gold_gain":0,"player_choice":"Invest 1","damage_taken":0,"max_hp_gain":0,"max_hp_loss":0,"event_name":"conspire:Investor","floor":5,"gold_loss":0},{"damage_healed":0,"gold_gain":0,"player_choice":"Continue","damage_taken":0,"max_hp_gain":0,"max_hp_loss":0,"event_name":"Menagerie:MossyPath","floor":14,"gold_loss":0,"cards_obtained":["Decay"]},{"damage_healed":0,"gold_gain":0,"player_choice":"Upgraded","damage_taken":0,"max_hp_gain":0,"max_hp_loss":0,"event_name":"Upgrade Shrine","floor":21,"gold_loss":0,"cards_upgraded":["RobotSpaceExplorer:TrailblazerForm"]}],"is_beta":false,"boss_relics":[{"not_picked":["Replay:Ancient Bell","hubris:TerracottaHorce"],"picked":"thethorton:GreedFountain"}],"items_purged_floors":[],"is_endless":false,"potions_floor_spawned":[3,6,8,12,16,22,24],"killed_by":"conspire:Head Lice","ascension_level":2}}