{"host":"a6jc8uoa78jpqx9a","time":1609228630,"event":{"mods":["BaseMod","Duelist Mod","GifTheSpireLib","Hermit","Hubris","Infinite Spire","Mimic Mod","Minty Spire (QoL Compilation)","Replay The Spire","StSLib","The Animator","The Bug Knight","The Construct","The Cursed","The Mystic","The Servant 0.9.4"],"gold_per_floor":[143,166,166,187,187,187,90,110,137,21,21,40,40,40,40,161,161,186,201,224,224,224,224],"floor_reached":22,"playtime":2025,"items_purged":["theDuelist:Sparks","theDuelist:DeltaMagnet+1"],"score":174,"play_id":"55f3b10a-729e-4219-a18b-d0f275462780","local_time":"20201229025710","is_ascension_mode":false,"campfire_choices":[{"data":"theDuelist:DeltaMagnet","floor":6,"key":"SMITH"},{"floor":11,"key":"REST"},{"floor":13,"key":"REST"},{"data":"theDuelist:PowerKaishin","floor":15,"key":"SMITH"}],"circlet_count":0,"master_deck":["theDuelist:DarkMagician","theDuelist:MysticalElf","theDuelist:MysticalElf","theDuelist:NeoMagic","theDuelist:NeoMagic","theDuelist:BlueDragonSummoner","theDuelist:ThousandEyesRestrict","theDuelist:DarkMagician","theDuelist:PowerKaishin+1","theDuelist:Yami+1","theDuelist:DarkMagician+1","theDuelist:InjectionFairy","theDuelist:IrisEarthMother","theDuelist:MagiciansRobe","theDuelist:ExodiaLL","theDuelist:AltarTribute"],"relics":["theDuelist:CardPoolRelic","theDuelist:CardPoolBasicRelic","theDuelist:BoosterPackPoolRelic","theDuelist:CardPoolAddRelic","theDuelist:CardPoolMinusRelic","theDuelist:CardPoolSaveRelic","theDuelist:CardPoolOptionsRelic","Replay:Drink Me","Golden Idol","ReplayTheSpireMod:Lightbulb","hubris:VirtuousBlindfold","ReplayTheSpireMod:Ninjato"],"acts_visited":["Exordium","TheCity"],"potions_floor_usage":[],"damage_taken":[{"damage":0,"enemies":"2 Louse","floor":1,"turns":3},{"damage":3,"enemies":"Small Slimes","floor":4,"turns":6},{"damage":9,"enemies":"Jaw Worm","floor":8,"turns":7},{"damage":18,"enemies":"Lots of Slimes","floor":12,"turns":10},{"damage":36,"enemies":"The Guardian","floor":16,"turns":20},{"damage":31,"enemies":"Spheric Guardian","floor":18,"turns":6},{"damage":0,"enemies":"3 Byrds","floor":19,"turns":4},{"damage":15,"enemies":"Snake Plant","floor":20,"turns":6},{"damage":42,"enemies":"Cultist and Chosen","floor":22,"turns":7}],"seed_played":"4679315081560678419","potions_obtained":[{"floor":8,"key":"PowerPotion"},{"floor":20,"key":"theDuelist:CoolBottle"}],"is_trial":false,"path_per_floor":["M","?","?","M","?","R","$","M","T","$","R","M","R","?","R","B",null,"M","M","M","AVR","M"],"character_chosen":"THE_DUELIST","items_purchased":["theDuelist:DarkMagician","theDuelist:Yami","theDuelist:DarkMagician+1"],"campfire_rested":2,"item_purchase_floors":[7,10,10],"current_hp_per_floor":[60,60,56,53,53,53,53,44,44,44,56,38,54,54,54,47,56,25,29,22,22,0,0],"gold":224,"neow_bonus":"BOSS_RELIC","is_daily":false,"chose_seed":false,"campfire_upgraded":2,"win_rate":0.0,"timestamp":1609228630,"path_taken":["M","?","?","M","?","R","$","?","T","$","R","?","R","?","R","BOSS","M","M","M","AVR","M"],"items_purchased_type":["Card","Card","Card"],"build_version":"2020-12-22","purchased_purges":2,"victory":false,"max_hp_per_floor":[60,60,56,56,56,56,56,56,56,56,56,56,56,56,56,56,56,56,56,56,56,56,56],"card_choices":[{"not_picked":["theDuelist:SangaThunder","theDuelist:ThousandEyesIdol","theDuelist:Mudballman","theDuelist:WhiteHowling"],"picked":"theDuelist:BlueDragonSummoner","floor":1},{"not_picked":["theDuelist:CosmicHorrorGangiel","theDuelist:DiffusionWaveMotion","theDuelist:ExodiaHead","theDuelist:SwordsRevealing"],"picked":"theDuelist:ThousandEyesRestrict","floor":4},{"not_picked":["theDuelist:NeoMagic","theDuelist:BlueDragonSummoner","theDuelist:OnslaughtFireKings","theDuelist:CircleFireKings"],"picked":"theDuelist:PowerKaishin","floor":8},{"not_picked":["theDuelist:SpellShatteringArrow","theDuelist:SangaThunder","theDuelist:NeoMagic","theDuelist:LegendaryFlameLord"],"picked":"theDuelist:InjectionFairy","floor":12},{"not_picked":["theDuelist:RainbowDarkDragon","theDuelist:RainbowMagician","theDuelist:RainbowKuriboh","theDuelist:RainbowOverdragon"],"picked":"theDuelist:IrisEarthMother","floor":16},{"not_picked":["theDuelist:MagiciansRod","theDuelist:InariFire+1","theDuelist:GoblinSecret","theDuelist:VoidExpansion"],"picked":"theDuelist:MagiciansRobe","floor":18},{"not_picked":["theDuelist:SpellShatteringArrow","theDuelist:SangaThunder+1","theDuelist:OnslaughtFireKings+1","theDuelist:AncientElf"],"picked":"theDuelist:ExodiaLL","floor":19},{"not_picked":["theDuelist:DarkHorizon","theDuelist:BadReaction","theDuelist:WhiteHowling+1","theDuelist:StatueAnguishPattern"],"picked":"theDuelist:AltarTribute","floor":20}],"player_experience":42389,"relics_obtained":[{"floor":9,"key":"ReplayTheSpireMod:Lightbulb"}],"event_choices":[{"damage_healed":0,"gold_gain":0,"player_choice":"Sold Sparks for 23 Gold.","duelist":true,"damage_taken":0,"max_hp_gain":0,"max_hp_loss":0,"event_name":"Card Trader","floor":2,"gold_loss":0},{"damage_healed":0,"gold_gain":0,"player_choice":"Lose Max HP","damage_taken":0,"relics_obtained":["Golden Idol"],"max_hp_gain":0,"max_hp_loss":4,"event_name":"Golden Idol","floor":3,"gold_loss":0},{"damage_healed":0,"gold_gain":0,"player_choice":"Delta Electro","duelist":true,"damage_taken":0,"max_hp_gain":0,"max_hp_loss":0,"event_name":"Egyptian Village","floor":5,"gold_loss":0,"cards_obtained":["Delta Electromagnet Warrior"]}],"is_beta":false,"boss_relics":[{"not_picked":["Calling Bell","Ring of Chaos"],"picked":"hubris:VirtuousBlindfold"}],"items_purged_floors":[7,21],"is_endless":false,"potions_floor_spawned":[8,20],"killed_by":"Cultist and Chosen","ascension_level":0}}