{"host":"6r3ioyv75hs1gp74","time":1609239879,"event":{"mods":["AchievementEnabler","BaseMod","Colored Map","Colored Powertips","Minty Spire (QoL Compilation)"],"gold_per_floor":[112,2,2,13,13,13,28,28,28,41,59,76,3,33,33,136,136,154,169,181,196,196,196,224,224,302,331,331,347,347,378,378,481,481,492,502,68,68,80,80,80,80],"floor_reached":41,"playtime":4168,"items_purged":["Strike_G"],"score":448,"play_id":"92414c97-7542-4964-9944-f5e0181b697a","local_time":"20201229110439","is_ascension_mode":false,"campfire_choices":[{"data":"Prepared","floor":6.0,"key":"SMITH"},{"data":"Crippling Poison","floor":8.0,"key":"SMITH"},{"floor":15.0,"key":"REST"},{"data":"Finisher","floor":23,"key":"SMITH"},{"floor":25,"key":"REST"},{"floor":30,"key":"REST"},{"floor":32,"key":"REST"},{"data":"Infinite Blades","floor":40,"key":"SMITH"}],"circlet_count":0,"master_deck":["Strike_G","Strike_G","Defend_G","Defend_G","Defend_G+1","Defend_G","Defend_G","Survivor","Neutralize","CurseOfTheBell","Finisher+1","Backstab+1","Well Laid Plans","Prepared+1","Crippling Poison+1","Caltrops","Blur","Blade Dance","Dagger Spray","Deflect","Slice","Tools of the Trade","Backflip","Dagger Spray+1","Deflect","Flying Knee+1","Bane","Dagger Throw","After Image","Bane+1","Infinite Blades+1","Poisoned Stab","Secret Weapon"],"relics":["Calling Bell","The Specimen","Ornamental Fan","Strawberry","MealTicket","Odd Mushroom","Empty Cage","Meat on the Bone","Paper Crane","Smiling Mask","Red Mask","Busted Crown"],"acts_visited":["Exordium","TheCity","TheBeyond"],"potions_floor_usage":[18,21,29,33,33,33,39,39,41],"damage_taken":[{"damage":0.0,"enemies":"Small Slimes","floor":1.0,"turns":4.0},{"damage":1.0,"enemies":"Jaw Worm","floor":4.0,"turns":5.0},{"damage":0.0,"enemies":"2 Louse","floor":7.0,"turns":2.0},{"damage":12.0,"enemies":"Exordium Wildlife","floor":10.0,"turns":4.0},{"damage":2.0,"enemies":"3 Louse","floor":11.0,"turns":4.0},{"damage":14.0,"enemies":"Large Slime","floor":12.0,"turns":7.0},{"damage":0.0,"enemies":"The Mushroom Lair","floor":14.0,"turns":2.0},{"damage":24.0,"enemies":"Hexaghost","floor":16.0,"turns":9.0},{"damage":25,"enemies":"Spheric Guardian","floor":18,"turns":6},{"damage":0,"enemies":"3 Byrds","floor":19,"turns":5},{"damage":15,"enemies":"Centurion and Healer","floor":20,"turns":6},{"damage":15,"enemies":"Snecko","floor":21,"turns":7},{"damage":13,"enemies":"Gremlin Leader","floor":24,"turns":6},{"damage":27,"enemies":"Book of Stabbing","floor":27,"turns":6},{"damage":12,"enemies":"Shelled Parasite and Fungi","floor":29,"turns":7},{"damage":6,"enemies":"Masked Bandits","floor":31,"turns":2},{"damage":38,"enemies":"Collector","floor":33,"turns":11},{"damage":1,"enemies":"Orb Walker","floor":35,"turns":3},{"damage":35,"enemies":"3 Shapes","floor":36,"turns":6},{"damage":0,"enemies":"Transient","floor":39,"turns":5},{"damage":72,"enemies":"Giant Head","floor":41,"turns":12}],"seed_played":"-2867306797472499100","potions_obtained":[{"floor":1.0,"key":"CultistPotion"},{"floor":7.0,"key":"Fire Potion"},{"floor":10.0,"key":"ColorlessPotion"},{"floor":12.0,"key":"SkillPotion"},{"floor":19,"key":"Dexterity Potion"},{"floor":21,"key":"Poison Potion"},{"floor":27,"key":"FearPotion"},{"floor":29,"key":"BlessingOfTheForge"},{"floor":31,"key":"Dexterity Potion"},{"floor":33,"key":"CunningPotion"},{"floor":39,"key":"Weak Potion"}],"is_trial":false,"path_per_floor":["M","$","?","M","?","R","M","R","T","M","M","M","$","?","R","B",null,"M","M","M","M","?","R","E","R","T","E","?","M","R","?","R","B",null,"M","M","$","?","M","R","E"],"character_chosen":"THE_SILENT","items_purchased":["Backstab","Well Laid Plans","Dagger Spray","Deflect","GhostInAJar","Infinite Blades","Poisoned Stab","Secret Weapon"],"campfire_rested":4,"item_purchase_floors":[2,2,13,13,37,37,37,37],"current_hp_per_floor":[77,77,62,61,66,66,66,66,66,54,52,38,53,53,77,53,82,57,57,42,27,54,54,41,65,65,50,34,34,60,54,80,54,87,86,51,66,66,66,66,0,0],"gold":80,"neow_bonus":"BOSS_RELIC","is_daily":false,"chose_seed":false,"campfire_upgraded":4,"win_rate":0.0,"timestamp":1609239879,"path_taken":["M","$","?","M","?","R","M","R","T","M","M","M","$","?","R","BOSS","M","M","M","M","?","R","E","R","T","E","?","M","R","?","R","BOSS","M","M","$","?","M","R","E"],"items_purchased_type":["Card","Card","Card","Card","Potion","Card","Card","Card"],"build_version":"2020-12-22","purchased_purges":1,"victory":false,"max_hp_per_floor":[77,77,77,77,82,82,82,82,82,82,82,82,82,82,82,82,82,82,82,82,82,82,82,82,82,82,82,87,87,87,87,87,87,87,87,87,87,87,87,87,87,87],"card_choices":[{"not_picked":["Prepared","PiercingWail"],"picked":"Finisher","floor":1.0},{"not_picked":["Flying Knee","Finisher"],"picked":"Prepared","floor":4.0},{"not_picked":["Slice","Tactician"],"picked":"Crippling Poison","floor":7.0},{"not_picked":["Calculated Gamble","Sucker Punch"],"picked":"Caltrops","floor":10.0},{"not_picked":["Footwork","Prepared"],"picked":"Blur","floor":11.0},{"not_picked":["Flechettes","A Thousand Cuts"],"picked":"Blade Dance","floor":12.0},{"not_picked":["Choke","Sucker Punch"],"picked":"Slice","floor":14.0},{"not_picked":["Phantasmal Killer","Adrenaline"],"picked":"Tools of the Trade","floor":16.0},{"not_picked":["Dagger Spray","Backstab"],"picked":"Backflip","floor":18},{"not_picked":["Outmaneuver","Dagger Spray","Acrobatics"],"picked":"SKIP","floor":19},{"not_picked":["Outmaneuver","Acrobatics"],"picked":"Poisoned Stab","floor":20},{"not_picked":["Skewer","Acrobatics+1"],"picked":"Dagger Spray+1","floor":21},{"not_picked":["Leg Sweep","Eviscerate"],"picked":"Deflect","floor":24},{"not_picked":["Calculated Gamble","Eviscerate+1"],"picked":"Flying Knee+1","floor":27},{"not_picked":["Riddle With Holes","Escape Plan"],"picked":"Bane","floor":29},{"not_picked":["Deflect","Dagger Spray"],"picked":"Dagger Throw","floor":31},{"not_picked":["Bullet Time","Burst"],"picked":"After Image","floor":33},{"not_picked":["PiercingWail+1"],"picked":"SKIP","floor":35},{"not_picked":[],"picked":"Bane+1","floor":36},{"not_picked":["Backflip"],"picked":"SKIP","floor":39}],"player_experience":24674,"relics_obtained":[{"floor":0.0,"key":"The Specimen"},{"floor":0.0,"key":"Ornamental Fan"},{"floor":0.0,"key":"Strawberry"},{"floor":9.0,"key":"MealTicket"},{"floor":14.0,"key":"Odd Mushroom"},{"floor":24,"key":"Meat on the Bone"},{"floor":26,"key":"Paper Crane"},{"floor":27,"key":"Smiling Mask"},{"floor":31,"key":"Red Mask"}],"event_choices":[{"damage_healed":0.0,"max_hp_gain":0.0,"max_hp_loss":0.0,"gold_gain":0.0,"event_name":"Shining Light","player_choice":"Entered Light","floor":3.0,"gold_loss":0.0,"damage_taken":15.0,"cards_upgraded":["Defend_G","Backstab"]},{"damage_healed":0.0,"max_hp_gain":5.0,"max_hp_loss":0.0,"gold_gain":0.0,"event_name":"Big Fish","player_choice":"Donut","floor":5.0,"gold_loss":0.0,"damage_taken":0.0},{"damage_healed":0.0,"max_hp_gain":0.0,"max_hp_loss":0.0,"gold_gain":0.0,"event_name":"Mushrooms","player_choice":"Fought Mushrooms","floor":14.0,"gold_loss":0.0,"damage_taken":0.0},{"damage_healed":27,"gold_gain":0,"player_choice":"Heal","damage_taken":0,"max_hp_gain":0,"max_hp_loss":0,"event_name":"The Library","floor":22,"gold_loss":0},{"damage_healed":0,"gold_gain":0,"player_choice":"Shed Blood","damage_taken":21,"max_hp_gain":5,"max_hp_loss":0,"event_name":"Forgotten Altar","floor":28,"gold_loss":0},{"damage_healed":0,"gold_gain":0,"player_choice":"Fought Bandits","damage_taken":0,"max_hp_gain":0,"max_hp_loss":0,"event_name":"Masked Bandits","floor":31,"gold_loss":0},{"cards_removed":["Poisoned Stab"],"damage_healed":0,"gold_gain":0,"player_choice":"Removed Attack","damage_taken":0,"max_hp_gain":0,"max_hp_loss":0,"event_name":"Falling","floor":38,"gold_loss":0}],"is_beta":false,"boss_relics":[{"not_picked":["Ectoplasm","Snecko Eye"],"picked":"Empty Cage"},{"not_picked":["Runic Pyramid","Velvet Choker"],"picked":"Busted Crown"}],"items_purged_floors":[37],"is_endless":false,"potions_floor_spawned":[1,7,10,12,19,21,27,29,31,33,39],"killed_by":"Giant Head","ascension_level":0}}