{"host":"kpyoctgc7jne3jiy","time":1609274894,"event":{"mods":["AchievementEnabler","BaseMod","Minty Spire (QoL Compilation)","Relic Stats"],"gold_per_floor":[113,63,63,74,88,88,104,138,138,138,138],"floor_reached":10,"playtime":263,"items_purged":[],"score":82,"play_id":"76d5409e-fb68-4ffc-a939-3ecd52fd089b","local_time":"20201229214814","is_ascension_mode":true,"campfire_choices":[{"data":"Rampage","floor":6,"key":"SMITH"}],"circlet_count":0,"master_deck":["Strike_R","Strike_R","Strike_R","Strike_R","Defend_R","Defend_R","Defend_R","Defend_R","Bash","Pommel Strike","Heavy Blade","Rampage+1","Clash","Carnage"],"relics":["Burning Blood","Gremlin Horn","Bottled Flame"],"acts_visited":["Exordium"],"potions_floor_usage":[8],"damage_taken":[{"damage":1.0,"enemies":"Cultist","floor":1.0,"turns":3.0},{"damage":7.0,"enemies":"2 Louse","floor":4.0,"turns":3.0},{"damage":15,"enemies":"Small Slimes","floor":5,"turns":3},{"damage":21,"enemies":"Looter","floor":7,"turns":4},{"damage":40,"enemies":"Lagavulin","floor":8,"turns":5},{"damage":29,"enemies":"Gremlin Nob","floor":10,"turns":3}],"seed_played":"-5003644124711535203","potions_obtained":[{"floor":7,"key":"FearPotion"}],"is_trial":false,"path_per_floor":["M","?","?","M","M","R","M","E","T","E"],"character_chosen":"IRONCLAD","items_purchased":[],"campfire_rested":0,"item_purchase_floors":[],"current_hp_per_floor":[88,88,88,87,78,78,63,29,29,0,0],"gold":138,"neow_bonus":"TEN_PERCENT_HP_BONUS","is_daily":false,"chose_seed":false,"campfire_upgraded":1,"win_rate":0.0,"timestamp":1609274894,"path_taken":["M","?","?","M","M","R","M","E","T","E"],"items_purchased_type":[],"build_version":"2020-12-22","purchased_purges":0,"victory":false,"max_hp_per_floor":[88,88,88,88,88,88,88,88,88,88,88],"relic_stats":{"Gremlin Horn":[0,0],"counters":[6,21],"obtain_stats":[{"Bottled Flame":9,"Gremlin Horn":8,"Burning Blood":0},{"Bottled Flame":5,"Gremlin Horn":5,"Burning Blood":0},{"Bottled Flame":18,"Gremlin Horn":18,"Burning Blood":0}],"Burning Blood":25},"card_choices":[{"not_picked":["Thunderclap","Headbutt"],"picked":"Pommel Strike","floor":1.0},{"not_picked":["Infernal Blade","True Grit"],"picked":"Heavy Blade","floor":4.0},{"not_picked":["Sword Boomerang","Anger"],"picked":"Rampage","floor":5},{"not_picked":["True Grit","Havoc"],"picked":"Clash","floor":7},{"not_picked":["Juggernaut","Armaments"],"picked":"Carnage","floor":8}],"player_experience":258859,"relics_obtained":[{"floor":8,"key":"Gremlin Horn"},{"floor":9,"key":"Bottled Flame"}],"event_choices":[{"cards_removed":["Strike_R"],"damage_healed":0.0,"max_hp_gain":0.0,"max_hp_loss":0.0,"gold_gain":0.0,"event_name":"The Cleric","player_choice":"Card Removal","floor":2.0,"gold_loss":50.0,"damage_taken":0.0},{"damage_healed":0.0,"max_hp_gain":0.0,"max_hp_loss":0.0,"gold_gain":0.0,"event_name":"Wheel of Change","player_choice":"Full Heal","floor":3.0,"gold_loss":0.0,"damage_taken":0.0}],"is_beta":false,"boss_relics":[],"items_purged_floors":[],"is_endless":false,"potions_floor_spawned":[7],"killed_by":"Gremlin Nob","ascension_level":4}}