{"host":"a9gsz7kv8aebwp1f","time":1609242054,"event":{"mods":["AchievementEnabler","BaseMod","Minty Spire (QoL Compilation)"],"gold_per_floor":[110,110,120,85,102,134,134,144,144,144,144,144,162,19,19,120,170,187,187,102,11,21,21,35,35,89,89,104,104,104,119,119,119,119],"floor_reached":33,"playtime":1028,"items_purged":[],"score":368,"play_id":"5105dd50-ea6c-438a-b76a-92fee1cc8ef6","local_time":"20201229204054","is_ascension_mode":true,"campfire_choices":[{"data":"Cleave","floor":7,"key":"SMITH"},{"floor":12,"key":"REST"},{"data":"Demon Form","floor":15,"key":"SMITH"},{"floor":23,"key":"REST"},{"floor":25,"key":"REST"},{"floor":27,"key":"REST"},{"floor":30,"key":"REST"},{"data":"Limit Break","floor":32,"key":"SMITH"}],"circlet_count":0,"master_deck":["AscendersBane","Strike_R+1","Strike_R+1","Strike_R+1","Strike_R+1","Strike_R+1","Defend_R+1","Defend_R+1","Defend_R+1","Defend_R+1","Bash","Impervious","Cleave+1","Clash","Heavy Blade+1","Rage","Twin Strike+1","Wild Strike","Demon Form+1","Perfected Strike","Cleave","Power Through","Perfected Strike","Shrug It Off","Limit Break+1","Twin Strike","Armaments","True Grit","True Grit","Shrug It Off","Anger+1","Flex","Clash+1","Anger"],"relics":["Burning Blood","The Courier","Unceasing Top","Peace Pipe","Orrery","Tiny House","Anchor","Lantern"],"acts_visited":["Exordium","TheCity"],"potions_floor_usage":[16,24,33,33,33],"damage_taken":[{"damage":13,"enemies":"Jaw Worm","floor":1,"turns":4},{"damage":7,"enemies":"Small Slimes","floor":3,"turns":4},{"damage":1,"enemies":"2 Louse","floor":5,"turns":4},{"damage":25,"enemies":"3 Sentries","floor":6,"turns":9},{"damage":22,"enemies":"Exordium Wildlife","floor":8,"turns":4},{"damage":10,"enemies":"3 Louse","floor":13,"turns":3},{"damage":23,"enemies":"Slime Boss","floor":16,"turns":8},{"damage":38,"enemies":"Shell Parasite","floor":18,"turns":4},{"damage":40,"enemies":"3 Byrds","floor":22,"turns":7},{"damage":26,"enemies":"Shelled Parasite and Fungi","floor":24,"turns":9},{"damage":6,"enemies":"3 Cultists","floor":28,"turns":5},{"damage":12,"enemies":"Chosen and Byrds","floor":31,"turns":5},{"damage":76,"enemies":"Automaton","floor":33,"turns":8}],"seed_played":"4668468092815358245","potions_obtained":[{"floor":3,"key":"SneckoOil"},{"floor":13,"key":"FearPotion"},{"floor":16,"key":"AttackPotion"},{"floor":17,"key":"SneckoOil"},{"floor":18,"key":"Explosive Potion"},{"floor":31,"key":"PowerPotion"}],"is_trial":false,"path_per_floor":["M","?","M","?","M","E","R","M","T","?","?","R","M","$","R","B",null,"M","?","?","$","M","R","M","R","T","R","M","?","R","M","R","B"],"character_chosen":"IRONCLAD","items_purchased":["Orrery","Shrug It Off","True Grit","True Grit","Shrug It Off"],"campfire_rested":5,"item_purchase_floors":[14,14,21,21,21],"current_hp_per_floor":[65,65,64,80,80,61,61,45,45,27,27,51,47,47,47,30,73,41,41,41,41,7,32,12,37,37,62,62,46,73,67,67,0,0],"gold":119,"neow_bonus":"ONE_RANDOM_RARE_CARD","is_daily":false,"chose_seed":false,"campfire_upgraded":3,"win_rate":0.0,"timestamp":1609242054,"path_taken":["M","?","M","?","?","E","R","M","T","?","?","R","M","?","R","BOSS","M","?","?","$","M","R","M","R","T","R","M","?","R","M","R","BOSS"],"items_purchased_type":["Relic","Card","Card","Card","Card"],"build_version":"2020-12-22","purchased_purges":0,"victory":false,"max_hp_per_floor":[80,80,80,80,80,80,80,80,80,80,80,80,80,80,80,80,85,85,85,85,85,85,85,85,85,85,85,85,90,90,90,90,90,90],"card_choices":[{"not_picked":["Clothesline","Warcry"],"picked":"Cleave","floor":1},{"not_picked":["Clothesline","Dropkick"],"picked":"Clash","floor":3},{"not_picked":["Body Slam","Reckless Charge"],"picked":"Heavy Blade","floor":5},{"not_picked":["Iron Wave","Dual Wield"],"picked":"Rage","floor":6},{"not_picked":["Sword Boomerang","Warcry"],"picked":"Twin Strike","floor":8},{"not_picked":["Sword Boomerang","Searing Blow"],"picked":"Wild Strike","floor":13},{"not_picked":["Burning Pact","Body Slam"],"picked":"Demon Form","floor":14},{"not_picked":["Feel No Pain","Inflame"],"picked":"Perfected Strike","floor":14},{"not_picked":["Pummel","Rupture"],"picked":"Cleave","floor":14},{"not_picked":["Clothesline","Thunderclap"],"picked":"Power Through","floor":14},{"not_picked":["Pommel Strike","Clash"],"picked":"Perfected Strike","floor":14},{"not_picked":["Demon Form","Feed"],"picked":"Limit Break","floor":16},{"not_picked":["True Grit","Sever Soul"],"picked":"Twin Strike","floor":17},{"not_picked":["Uppercut","Anger+1"],"picked":"Armaments","floor":18},{"not_picked":["Havoc+1","Pommel Strike+1"],"picked":"Anger+1","floor":22},{"not_picked":["Infernal Blade+1","Evolve"],"picked":"Flex","floor":24},{"not_picked":["Body Slam+1","Heavy Blade"],"picked":"Clash+1","floor":28},{"not_picked":["Intimidate","Double Tap"],"picked":"Anger","floor":31}],"player_experience":448145,"relics_obtained":[{"floor":6,"key":"The Courier"},{"floor":9,"key":"Unceasing Top"},{"floor":26,"key":"Lantern"}],"event_choices":[{"damage_healed":0,"gold_gain":0,"player_choice":"Ignored","damage_taken":0,"max_hp_gain":0,"max_hp_loss":0,"event_name":"Liars Game","floor":2,"gold_loss":0},{"damage_healed":20,"gold_gain":0,"player_choice":"Healed","damage_taken":0,"max_hp_gain":0,"max_hp_loss":0,"event_name":"The Cleric","floor":4,"gold_loss":35},{"damage_healed":0,"gold_gain":0,"player_choice":"Success","damage_taken":18,"relics_obtained":["Peace Pipe"],"max_hp_gain":0,"max_hp_loss":0,"event_name":"Scrap Ooze","floor":10,"gold_loss":0},{"damage_healed":0,"gold_gain":0,"player_choice":"Grow","damage_taken":0,"max_hp_gain":0,"max_hp_loss":0,"event_name":"Living Wall","floor":11,"gold_loss":0,"cards_upgraded":["Twin Strike"]},{"damage_healed":0,"gold_gain":0,"player_choice":"Simplicity","damage_taken":0,"max_hp_gain":0,"max_hp_loss":0,"event_name":"Back to Basics","floor":19,"gold_loss":0,"cards_upgraded":["Strike_R","Strike_R","Strike_R","Strike_R","Strike_R","Defend_R","Defend_R","Defend_R","Defend_R"]},{"damage_healed":0,"gold_gain":0,"player_choice":"Obtained Relic","damage_taken":0,"relics_obtained":["Anchor"],"max_hp_gain":0,"max_hp_loss":0,"event_name":"Addict","floor":20,"gold_loss":85},{"damage_healed":0,"gold_gain":0,"player_choice":"Shed Blood","damage_taken":21,"max_hp_gain":5,"max_hp_loss":0,"event_name":"Forgotten Altar","floor":29,"gold_loss":0}],"is_beta":false,"boss_relics":[{"not_picked":["Runic Dome","Black Star"],"picked":"Tiny House"}],"items_purged_floors":[],"is_endless":false,"potions_floor_spawned":[3,13,16,18,31],"killed_by":"Automaton","ascension_level":10}}