{"host":"y15j0sqd0it1yzon","time":1609205184,"event":{"mods":["AchievementEnabler","BaseMod","Minty Spire (QoL Compilation)","StSLib"],"gold_per_floor":[119,131,104,150,165,190,190,221,248,276,276,276,289,299,299,404,404,415,415,431,32,49,76,76,76,76,76,93,105,4,22,22,127,127,145,145,145,160,3,38,54,54,54,2,2,17,67,84,84,84,84],"floor_reached":50,"playtime":4554,"items_purged":["Strike_B","Redo"],"score":512,"play_id":"3ff887f6-7b72-4602-877a-6b79be342494","local_time":"20201229012624","is_ascension_mode":false,"campfire_choices":[{"floor":7,"key":"REST"},{"floor":11,"key":"REST"},{"floor":15,"key":"REST"},{"floor":24,"key":"REST"},{"data":"Loop","floor":32,"key":"SMITH"},{"floor":42,"key":"REST"},{"data":"Conserve Battery","floor":45,"key":"SMITH"},{"floor":49,"key":"REST"}],"circlet_count":0,"master_deck":["Defend_B","Defend_B","Defend_B+1","Defend_B","Zap","Dualcast","Beam Cell+1","Conserve Battery+1","Storm","Defragment","Ball Lightning+1","Machine Learning","Storm+1","Storm+1","Steam+1","Leap","Loop","Conserve Battery+1","Self Repair","White Noise","Redo+1","Leap","Melter","Steam+1","Redo+1","Auto Shields","Rainbow","Turbo+1","Turbo+1","Auto Shields+1","Parasite","Coolheaded+1"],"relics":["Cracked Core","Vajra","Eternal Feather","Dead Branch","Toy Ornithopter","Kunai","Strawberry","Astrolabe","Membership Card","Regal Pillow","Dream Catcher","Whetstone","War Paint","Centennial Puzzle","Pen Nib","Lantern","Pocketwatch"],"acts_visited":["Exordium","TheCity","TheBeyond"],"potions_floor_usage":[8,10,16,16,16,23,31,40,40,50,50,50],"damage_taken":[{"damage":0,"enemies":"Small Slimes","floor":1,"turns":4},{"damage":3,"enemies":"Jaw Worm","floor":2,"turns":3},{"damage":0,"enemies":"2 Louse","floor":5,"turns":3},{"damage":32,"enemies":"Lagavulin","floor":6,"turns":7},{"damage":23,"enemies":"Gremlin Nob","floor":8,"turns":4},{"damage":32,"enemies":"Lagavulin","floor":10,"turns":8},{"damage":11,"enemies":"Red Slaver","floor":13,"turns":3},{"damage":7,"enemies":"Blue Slaver","floor":14,"turns":3},{"damage":39,"enemies":"Hexaghost","floor":16,"turns":7},{"damage":12,"enemies":"Shell Parasite","floor":18,"turns":5},{"damage":9,"enemies":"Spheric Guardian","floor":20,"turns":4},{"damage":16,"enemies":"Snake Plant","floor":22,"turns":3},{"damage":36,"enemies":"Gremlin Leader","floor":23,"turns":7},{"damage":11,"enemies":"Chosen and Byrds","floor":28,"turns":5},{"damage":32,"enemies":"3 Cultists","floor":29,"turns":5},{"damage":0,"enemies":"Snecko","floor":31,"turns":3},{"damage":68,"enemies":"Automaton","floor":33,"turns":9},{"damage":8,"enemies":"3 Shapes","floor":35,"turns":4},{"damage":15,"enemies":"Orb Walker","floor":38,"turns":3},{"damage":22,"enemies":"Reptomancer","floor":40,"turns":8},{"damage":48,"enemies":"3 Darklings","floor":41,"turns":5},{"damage":16,"enemies":"Maw","floor":46,"turns":6},{"damage":33,"enemies":"Mind Bloom Boss Battle","floor":47,"turns":5},{"damage":15,"enemies":"Writhing Mass","floor":48,"turns":5},{"damage":88,"enemies":"Awakened One","floor":50,"turns":6}],"seed_played":"6298840730099347760","potions_obtained":[{"floor":5,"key":"SteroidPotion"},{"floor":8,"key":"SkillPotion"},{"floor":10,"key":"EssenceOfSteel"},{"floor":13,"key":"DuplicationPotion"},{"floor":14,"key":"LiquidBronze"},{"floor":18,"key":"EssenceOfSteel"},{"floor":29,"key":"SkillPotion"},{"floor":31,"key":"SneckoOil"},{"floor":33,"key":"Dexterity Potion"},{"floor":35,"key":"AttackPotion"},{"floor":46,"key":"Dexterity Potion"},{"floor":47,"key":"DistilledChaos"}],"is_trial":false,"path_per_floor":["M","M","?","T","M","E","R","E","T","E","R","?","M","M","R","B",null,"M","?","M","$","M","E","R","?","T","T","M","M","$","M","R","B",null,"M","?","?","M","$","E","M","R","T","$","R","M","?","M","R","B"],"character_chosen":"DEFECT","items_purchased":["Membership Card","Loop","Conserve Battery","Regal Pillow","Dream Catcher","Leap","Melter","Loop","Auto Shields","Rainbow","EssenceOfDarkness"],"campfire_rested":6,"item_purchase_floors":[21,21,21,21,21,30,30,30,39,39,44],"current_hp_per_floor":[82,79,79,79,79,47,77,54,54,27,60,42,31,24,59,35,89,77,77,68,68,52,21,71,71,71,71,67,42,42,54,69,8,89,81,81,81,66,66,54,13,68,68,68,83,74,48,40,85,0,0],"gold":84,"neow_bonus":"TEN_PERCENT_HP_BONUS","is_daily":false,"chose_seed":false,"campfire_upgraded":2,"win_rate":0.0,"timestamp":1609205184,"path_taken":["M","M","?","?","M","E","R","E","T","E","R","?","M","M","R","BOSS","M","?","?","$","M","E","R","?","T","?","M","?","$","M","R","BOSS","M","?","?","M","$","E","M","R","T","$","R","M","?","M","R","BOSS"],"items_purchased_type":["Relic","Card","Card","Relic","Relic","Card","Card","Card","Card","Card","Potion"],"build_version":"2020-12-22","purchased_purges":2,"victory":false,"max_hp_per_floor":[82,82,82,82,82,82,82,82,82,82,82,89,89,89,89,89,89,89,89,89,89,89,89,89,89,89,89,89,89,89,89,89,89,89,89,89,85,85,85,85,85,85,85,85,85,85,85,85,85,85,85],"card_choices":[{"not_picked":["Coolheaded","Turbo"],"picked":"Beam Cell","floor":1},{"not_picked":["Consume","Streamline"],"picked":"Conserve Battery","floor":2},{"not_picked":["Consume","Blizzard"],"picked":"Redo","floor":5},{"not_picked":["Beam Cell","Aggregate","Cold Snap"],"picked":"SKIP","floor":6},{"not_picked":["Multi-Cast","Steam"],"picked":"Storm","floor":8},{"not_picked":["BootSequence","Force Field"],"picked":"Defragment","floor":10},{"not_picked":["Stack","Barrage"],"picked":"Ball Lightning","floor":13},{"not_picked":["Blizzard","Compile Driver","Capacitor"],"picked":"SKIP","floor":14},{"not_picked":["Buffer","Seek"],"picked":"Machine Learning","floor":16},{"not_picked":["Gash","Capacitor","Steam"],"picked":"SKIP","floor":18},{"not_picked":["Steam+1","Turbo"],"picked":"Leap","floor":20},{"not_picked":["Hyperbeam","Lockon+1","Cold Snap"],"picked":"SKIP","floor":22},{"not_picked":["Steam","Barrage","Streamline"],"picked":"SKIP","floor":23},{"not_picked":["Darkness","Stack"],"picked":"Self Repair","floor":24},{"not_picked":["Redo","Skim+1"],"picked":"White Noise","floor":28},{"not_picked":["Lockon","Compile Driver+1"],"picked":"Redo+1","floor":29},{"not_picked":["Leap","Rebound","Ball Lightning"],"picked":"SKIP","floor":31},{"not_picked":["Go for the Eyes+1","Gash+1"],"picked":"Steam+1","floor":35},{"not_picked":["Ball Lightning","Compile Driver"],"picked":"Redo+1","floor":38},{"not_picked":["Barrage+1","Creative AI"],"picked":"Turbo+1","floor":40},{"not_picked":["Glacier","Coolheaded+1","Redo+1"],"picked":"SKIP","floor":41},{"not_picked":["Sweeping Beam","Streamline"],"picked":"Turbo+1","floor":42},{"not_picked":["Turbo+1","Reprogram","Meteor Strike"],"picked":"SKIP","floor":46},{"not_picked":["Redo","Force Field"],"picked":"Auto Shields+1","floor":47},{"not_picked":["Scrape","Rebound+1","Ball Lightning+1"],"picked":"SKIP","floor":48},{"not_picked":["Redo","Beam Cell"],"picked":"Coolheaded+1","floor":49}],"player_experience":399341,"relics_obtained":[{"floor":4,"key":"Vajra"},{"floor":6,"key":"Eternal Feather"},{"floor":8,"key":"Dead Branch"},{"floor":9,"key":"Toy Ornithopter"},{"floor":10,"key":"Kunai"},{"floor":23,"key":"Whetstone"},{"floor":26,"key":"War Paint"},{"floor":27,"key":"Centennial Puzzle"},{"floor":40,"key":"Pen Nib"},{"floor":43,"key":"Lantern"},{"floor":47,"key":"Pocketwatch"}],"event_choices":[{"damage_healed":0,"gold_gain":0,"player_choice":"Left Gold","damage_taken":0,"max_hp_gain":0,"max_hp_loss":0,"event_name":"World of Goop","floor":3,"gold_loss":27},{"damage_healed":0,"gold_gain":0,"player_choice":"Success","damage_taken":25,"relics_obtained":["Strawberry"],"max_hp_gain":0,"max_hp_loss":0,"event_name":"Scrap Ooze","floor":12,"gold_loss":0},{"damage_healed":0,"gold_gain":0,"player_choice":"Leave","damage_taken":0,"max_hp_gain":0,"max_hp_loss":0,"event_name":"FaceTrader","floor":19,"gold_loss":0},{"damage_healed":0,"gold_gain":0,"player_choice":"Ignored","damage_taken":0,"max_hp_gain":0,"max_hp_loss":0,"event_name":"Vampires","floor":25,"gold_loss":0},{"cards_removed":["Loop"],"damage_healed":0,"gold_gain":0,"player_choice":"Removed Power","damage_taken":0,"max_hp_gain":0,"max_hp_loss":0,"event_name":"Falling","floor":36,"gold_loss":0},{"damage_healed":0,"gold_gain":0,"player_choice":"Max HP","damage_taken":0,"max_hp_gain":0,"max_hp_loss":4,"event_name":"Winding Halls","floor":37,"gold_loss":0},{"damage_healed":0,"gold_gain":0,"player_choice":"Fight","damage_taken":0,"max_hp_gain":0,"max_hp_loss":0,"event_name":"MindBloom","floor":47,"gold_loss":0}],"is_beta":false,"boss_relics":[{"not_picked":["Ectoplasm","Coffee Dripper"],"picked":"Astrolabe"},{"not_picked":["Cursed Key","Runic Dome","Pandora\u0027s Box"]}],"items_purged_floors":[21,39],"is_endless":false,"potions_floor_spawned":[5,8,10,13,14,18,29,31,33,35,46,47],"killed_by":"Awakened One","ascension_level":0}}