{"host":"y9jgkjnf95sujozk","time":1609252815,"event":{"mods":["2.2 Compatiblity","AchievementEnabler","Act Like it!","BaseMod","Block Reminder","Colored Map","Colored Powertips","Downfall","Friendly Minions","Gensokyo","GifTheSpireLib","Hermit","Highlight Path","HololiveMod","Marisa（霧雨　魔理沙）","Minty Spire (QoL Compilation)","Random Character Button","Rare Cards Sparkle","Remilia（蕾米莉?）","Replay The Spire","StSLib","SuperFastMode","The Animator","The Bug Knight","The Cursed","The Jungle","The Senshi","The Servant 0.9.4"],"gold_per_floor":[81,94,110,56,121,121,132,132,132,132,157,177,177,107,107,225,225,243,243,255,255,274,274,287,287,335,385,401,85,104,54,54,154,154,165,188,188,208,16,35,81,81,81,134,134,151,151,173,173,173],"floor_reached":51,"playtime":1409,"items_purged":["Hallucinations","Voices"],"score":666,"play_id":"e8c10a29-d938-49bb-a4fa-e098741dabb1","local_time":"20201229154015","is_ascension_mode":false,"campfire_choices":[{"data":"Hololive_LuckPotion","floor":6,"key":"SMITH"},{"floor":13,"key":"REST"},{"data":"Hololive_BringToTrial","floor":15,"key":"SMITH"},{"floor":23,"key":"REST"},{"floor":25,"key":"REST"},{"floor":32,"key":"REST"},{"floor":42,"key":"REST"},{"floor":47,"key":"REST"},{"floor":49,"key":"RECALL"}],"circlet_count":0,"master_deck":["Hololive_Strike","Hololive_Strike","Hololive_Defend","Hololive_Defend","Hololive_CallNakiriAyame","Hololive_CallRosalyn","Hololive_CallMurasakiShion","Hololive_CallShiroganeNoel+1","Hololive_CallTsunomakiWatame","Hololive_Trident+1","Hololive_RevenueBasedLive","Hololive_HuntDinosaur","Hololive_Trident+1","Hololive_LuckPotion+1","Hololive_Breathe","Hololive_BringToTrial+1","Hololive_ScarfAndHalo","Hololive_Trident+1","Ghostly","Ghostly","Ghostly","Ghostly","Ghostly","Hololive_CandyCastle","Hololive_CallMomosuzuNene+7","Hololive_CallRoboco","Hololive_Sequa","Finesse","Hololive_Trident+1","Hololive_Trident+1","Hololive_Rebirth","Hololive_HuntDinosaur","Hololive_Psychosis+1","Dramatic Entrance","Replay:SS_forest_2","expansioncontent:DonusPower","Hololive_Sequa+1","expansioncontent:YouAreMine","Hololive_StrengthChampion","TheCursedMod:Dregs","Hololive_CallArtia","Sickly","Hololive_CallOkamiMio+1","Gensokyo:ImpossibleRequest","Hololive_CallOkamiMio","Hololive_HuntDinosaur"],"relics":["Hololive_TheStar","NeowsBlessing","ReplayTheSpireMod:Ninjato","Happy Flower","Replay:Bottled Steam","Gensokyo:Justice","Fusion Hammer","Bag of Marbles","Ring of Greed","Ring of Hypnosis","MealTicket","Replay:Wax Seal","Lee\u0027s Waffle","Cursed Key","Incense Burner","Replay:Bottled Eggs","Replay:Kaleidoscope","Letter Opener"],"acts_visited":["Exordium","TheCity","TheBeyond"],"potions_floor_usage":[16,16,16,20,33,38,38,50,50],"damage_taken":[{"damage":0,"enemies":"Gensokyo:Python","floor":1,"turns":1},{"damage":0,"enemies":"Gensokyo:Gryphon","floor":2,"turns":1},{"damage":0,"enemies":"Gensokyo:2_Kodama","floor":3,"turns":1},{"damage":0,"enemies":"Gensokyo:VengefulSpirit","floor":7,"turns":4},{"damage":0,"enemies":"Gensokyo:Python_and_Kodama","floor":11,"turns":3},{"damage":1,"enemies":"Gensokyo:Gryphon_and_Rabbit","floor":12,"turns":4},{"damage":0,"enemies":"Gensokyo:Reimu","floor":16,"turns":5},{"damage":0,"enemies":"Spheric Guardian","floor":18,"turns":4},{"damage":2,"enemies":"2 Thieves","floor":20,"turns":2},{"damage":0,"enemies":"Shelled Parasite and Fungi","floor":22,"turns":5},{"damage":0,"enemies":"Snake Plant","floor":24,"turns":3},{"damage":0,"enemies":"Snecko","floor":28,"turns":3},{"damage":0,"enemies":"Centurion and Healer","floor":30,"turns":5},{"damage":0,"enemies":"Champ","floor":33,"turns":10},{"damage":0,"enemies":"3 Darklings","floor":35,"turns":4},{"damage":0,"enemies":"Orb Walker","floor":36,"turns":3},{"damage":0,"enemies":"Spire Growth","floor":38,"turns":5},{"damage":0,"enemies":"4 Shapes","floor":40,"turns":2},{"damage":1,"enemies":"2 Orb Walkers","floor":41,"turns":4},{"damage":0,"enemies":"Mind Bloom Boss Battle","floor":44,"turns":6},{"damage":0,"enemies":"Sphere and 2 Shapes","floor":46,"turns":4},{"damage":0,"enemies":"Writhing Mass","floor":48,"turns":5},{"damage":0,"enemies":"Replay:Hell Engine","floor":50,"turns":9}],"seed_played":"8780993429264247504","potions_obtained":[{"floor":5,"key":"Regen Potion"},{"floor":7,"key":"Swift Potion"},{"floor":11,"key":"Doom Potion"},{"floor":18,"key":"AttackPotion"},{"floor":28,"key":"SteroidPotion"},{"floor":33,"key":"Energy Potion"},{"floor":35,"key":"Guardian:BlockOnCardUsePotion"},{"floor":46,"key":"hexamod:EctoCoolerPotion"},{"floor":48,"key":"PowerPotion"}],"is_trial":false,"path_per_floor":["M","M","M","$","?","R","M","?","T","?","M","M","R","?","R","B",null,"M","?","M","?","M","R","M","R","T","?","M","$","M","$","R","B",null,"M","M","?","M","$","M","?","R","T","?","T","M","R","M","R","B",null],"character_chosen":"Hololive_HololiveCharacter","items_purchased":["Hololive_Trident","Lee\u0027s Waffle","Finesse","Hololive_Trident","expansioncontent:YouAreMine"],"campfire_rested":6,"item_purchase_floors":[4,29,29,31,39],"current_hp_per_floor":[35,35,35,35,35,35,35,35,35,35,35,34,35,35,35,35,35,35,17,15,15,15,17,17,17,17,17,17,24,24,24,24,24,24,24,24,14,14,24,24,23,24,24,24,24,24,24,24,24,24],"gold":173,"neow_bonus":"THREE_ENEMY_KILL","is_daily":false,"chose_seed":false,"campfire_upgraded":2,"win_rate":0.0,"timestamp":1609252815,"path_taken":["M","M","M","$","?","R","M","?","T","?","?","M","R","?","R","BOSS","M","?","M","?","?","R","M","R","T","?","M","$","M","$","R","BOSS","M","M","?","M","$","M","?","R","T","?","?","M","R","M","R","BOSS"],"items_purchased_type":["Card","Relic","Card","Card","Card"],"build_version":"2020-12-22","purchased_purges":2,"victory":true,"max_hp_per_floor":[35,35,35,35,35,35,35,35,35,35,35,35,35,35,35,35,35,35,17,17,17,17,17,17,17,17,17,17,24,24,24,24,24,24,24,24,24,24,24,24,24,24,24,24,24,24,24,24,24,24],"card_choices":[{"not_picked":["Hololive_StrengthChampion","Hololive_Rebound","Hololive_CallAkiRosenthal"],"picked":"Hololive_Trident","floor":1},{"not_picked":["Hololive_CallOzoraSubaru","Hololive_Psychosis","Hololive_CallYozoraMel"],"picked":"Hololive_RevenueBasedLive","floor":2},{"not_picked":["Hololive_RevenueBasedLive","Hololive_StrengthChampion","Hololive_Psychosis"],"picked":"Hololive_HuntDinosaur","floor":3},{"not_picked":["Hololive_StrengthChampion","Hololive_Drill","Hololive_AWSL"],"picked":"Hololive_LuckPotion","floor":5},{"not_picked":["Hololive_CallAmaneKanata","Hololive_Drill","Hololive_SummonFox"],"picked":"Hololive_Rebound","floor":7},{"not_picked":["Hololive_Sequa","Hololive_OvertimeWork","Hololive_DevilCharm"],"picked":"Hololive_Breathe","floor":11},{"not_picked":["Hololive_Sequa","Hololive_StrengthChampion","Hololive_Rebound"],"picked":"Hololive_BringToTrial","floor":12},{"not_picked":["Hololive_Nanodesu","Hololive_DiamondStrike","Hololive_WolfAndLamb"],"picked":"Hololive_ScarfAndHalo","floor":16},{"not_picked":["Hololive_CocoNews","Hololive_RevenueBasedLive","Hololive_HuntDinosaur"],"picked":"Hololive_Trident+1","floor":18},{"not_picked":["Hololive_CallRosalyn","Hololive_CocoNews","Hololive_CallUsadaPekora"],"picked":"Hololive_CandyCastle","floor":20},{"not_picked":["Hololive_Breathe","Hololive_LuckPotion","Hololive_StrengthChampion"],"picked":"Hololive_CallMomosuzuNene","floor":22},{"not_picked":["Hololive_StrengthChampion","Hololive_RevenueBasedLive","Hololive_CallAkaiHaato"],"picked":"Hololive_CallRoboco","floor":24},{"not_picked":["Hololive_CallSpadeEcho","Hololive_FlyingPonyTail","Hololive_CallTsunomakiWatame+1"],"picked":"Hololive_Sequa","floor":28},{"not_picked":["Hololive_CallHoushouMarine","Hololive_CallAyundaRisu+1","Hololive_ILoveYou"],"picked":"Hololive_Trident","floor":30},{"not_picked":["Hololive_IdolExercise","Hololive_MaximGun","Hololive_WolfAndLamb"],"picked":"Hololive_Rebirth","floor":33},{"not_picked":["Hololive_Psychosis+1","Hololive_CallManoAloe+1","Hololive_Drill+1"],"picked":"Hololive_HuntDinosaur","floor":35},{"not_picked":["Hololive_Watashimo","Hololive_Breathe+1","Hololive_CallMomosuzuNene"],"picked":"Hololive_Psychosis+1","floor":36},{"not_picked":["Flash of Steel","Midas Touch","Mayhem"],"picked":"Dramatic Entrance","floor":37},{"not_picked":["Poisoned Strike","Impatience","expansioncontent:DefensiveStance"],"picked":"Replay:SS_forest_2","floor":37},{"not_picked":["expansioncontent:Collect","Specialist","expansioncontent:CaCaw"],"picked":"expansioncontent:DonusPower","floor":37},{"not_picked":["Hololive_LuckPotion+1","Hololive_StrengthChampion","Hololive_CallHoshimachiSuisei+1"],"picked":"Hololive_Sequa+1","floor":38},{"not_picked":["Hololive_CallUruhaRushia","Hololive_RevenueBasedLive+1","Hololive_HuntDinosaur+1"],"picked":"Hololive_StrengthChampion","floor":40},{"not_picked":["Hololive_OvertimeWork+1","Hololive_CallYuzukiChoco","Hololive_Drill"],"picked":"Hololive_CallArtia","floor":41},{"not_picked":["Hololive_CallRosalyn","Hololive_StarCraft","Hololive_FlyingPonyTail+1"],"picked":"Hololive_CallOkamiMio+1","floor":44},{"not_picked":["Hololive_CallShirakamiFubuki+1","Hololive_CallManoAloe","Hololive_FlyingPonyTail+1"],"picked":"Hololive_CallOkamiMio","floor":46},{"not_picked":["Hololive_FlyingPonyTail","Hololive_ASMR","Hololive_CallOkamiMio"],"picked":"Hololive_HuntDinosaur","floor":48}],"player_experience":126990,"relics_obtained":[{"floor":5,"key":"ReplayTheSpireMod:Ninjato"},{"floor":9,"key":"Replay:Bottled Steam"},{"floor":26,"key":"Bag of Marbles"},{"floor":27,"key":"Ring of Greed"},{"floor":27,"key":"Ring of Hypnosis"},{"floor":27,"key":"MealTicket"},{"floor":27,"key":"Replay:Wax Seal"},{"floor":41,"key":"Incense Burner"},{"floor":43,"key":"Replay:Bottled Eggs"},{"floor":44,"key":"Replay:Kaleidoscope"},{"floor":45,"key":"Letter Opener"}],"event_choices":[{"damage_healed":0,"gold_gain":0,"player_choice":"Became a Ghost","damage_taken":0,"max_hp_gain":0,"max_hp_loss":18,"event_name":"Ghosts","floor":19,"gold_loss":0,"cards_obtained":["Ghostly","Ghostly","Ghostly","Ghostly","Ghostly"]},{"damage_healed":0,"gold_gain":0,"player_choice":"Ignored","damage_taken":0,"max_hp_gain":0,"max_hp_loss":0,"event_name":"Purifier","floor":21,"gold_loss":0},{"damage_healed":0,"gold_gain":0,"player_choice":"Memory 3","damage_taken":10,"max_hp_gain":0,"max_hp_loss":0,"event_name":"SensoryStone","floor":37,"gold_loss":0},{"damage_healed":0,"gold_gain":0,"player_choice":"Fight","damage_taken":0,"max_hp_gain":0,"max_hp_loss":0,"event_name":"Mysterious Sphere","floor":41,"gold_loss":0},{"damage_healed":0,"gold_gain":0,"player_choice":"Fight","damage_taken":0,"max_hp_gain":0,"max_hp_loss":0,"event_name":"MindBloom","floor":44,"gold_loss":0}],"is_beta":false,"boss_relics":[{"not_picked":["Replay:Grab Bag","Snecko Eye"],"picked":"Fusion Hammer"},{"not_picked":["Tiny House","Astrolabe"],"picked":"Cursed Key"}],"items_purged_floors":[29,39],"is_endless":false,"potions_floor_spawned":[7,11,12,18,28,33,35,46,48],"ascension_level":0}}