{"host":"zt56gx41altgtukx","time":1609201555,"event":{"mods":["Act Like it!","Aspiration","BaseMod","Better Altar","Better Match","Better Note","Better Sensory Stone","Better Skull","Better Third Choice","BetterRewards","Conspire","Downfall","GifTheSpireLib","Halation","Hallownest","Highlight Path","Hubris","Mimic Mod","Minty Spire (QoL Compilation)","Replay The Spire","Shade Mod","StSLib","Stuff the Spire","The Cursed","Unceasing Turn Reminder","everything is the same but u backflip on backflip"],"gold_per_floor":[99,99,99,21,41,71,106,133,156,156,176,190,224,235,248,349,349,349,364,374,374,389,400,439,439,439,539,539,539,539],"floor_reached":29,"playtime":6427,"items_purged":[],"score":293,"play_id":"552abb50-d426-4f6e-b5f1-b279d024921c","local_time":"20201228182555","is_ascension_mode":false,"campfire_choices":[{"data":"sneckomod:Unknown","floor":1,"key":"SMITH"},{"floor":10,"key":"REST"},{"floor":18,"key":"DIG"},{"floor":26,"key":"REST"}],"circlet_count":0,"master_deck":["Demon Form","sneckomod:Strike","sneckomod:Strike","sneckomod:Strike+1","sneckomod:Defend","sneckomod:Defend","sneckomod:Defend","sneckomod:TailWhip","sneckomod:SnekBite+1","sneckomod:Unknown+1","sneckomod:Unknown","sneckomod:UnknownUncommonPower","sneckomod:CheapStock","sneckomod:MorePower","sneckomod:SnakeSap","sneckomod:UnknownClassRED","sneckomod:UnknownClassTHE_CHAMP_GRAY+1","sneckomod:DiceCrush","sneckomod:UnknownStrength+1","sneckomod:UnknownClassSLIMEBOUND","sneckomod:WideSting","sneckomod:DiceBlock","sneckomod:UnknownExhaust+1","sneckomod:UnknownUncommonPower","sneckomod:UnknownColorless+1","sneckomod:UnknownBlock","sneckomod:UnknownClassBLUE+1","sneckomod:UnknownClassBLUE","sneckomod:UnknownDexterity+1","sneckomod:TrashToTreasure","sneckomod:UnknownRarePower+1","sneckomod:UnknownWeak","sneckomod:UnknownClassGREEN+1","sneckomod:UnknownRareSkill","sneckomod:UnknownWeak+1","sneckomod:CheapStock","sneckomod:UnknownClassBLUE+1","sneckomod:SerpentMind","sneckomod:UnknownClassGREEN+1","sneckomod:Unknown1Cost","sneckomod:UnknownRarePower+1","sneckomod:UnknownUncommonPower+1","sneckomod:QuickMove","sneckomod:UnknownRareAttack+1","sneckomod:MasterEye","sneckomod:UnknownVulnerable+1","sneckomod:UnknownRarePower+1","sneckomod:SnekBeam+1"],"relics":["sneckomod:SneckoSoul","downfall:HeartsMalice","ReplayFunnel","hubris:FunFungus","Odd Mushroom","Whetstone","hubris:GrandSneckoEye","halation:WeightlessCrab","Molten Egg 2","White Beast Statue","hubris:Icosahedron"],"acts_visited":["Exordium","TheCity"],"potions_floor_usage":[13,20,22,22,27],"damage_taken":[{"damage":0,"enemies":"Cultist","floor":2,"turns":1},{"damage":0,"enemies":"Small Slimes","floor":3,"turns":1},{"damage":0,"enemies":"downfall:FleeingMerchant","floor":4,"turns":1},{"damage":6,"enemies":"2 Louse","floor":5,"turns":2},{"damage":24,"enemies":"Replay:BlueRogue","floor":6,"turns":7},{"damage":24,"enemies":"conspire:2 RoseBushes","floor":7,"turns":5},{"damage":34,"enemies":"Lagavulin","floor":8,"turns":3},{"damage":15,"enemies":"The Mushroom Lair","floor":9,"turns":3},{"damage":14,"enemies":"conspire:2 RoseBushes","floor":11,"turns":6},{"damage":25,"enemies":"Large Slime","floor":12,"turns":6},{"damage":13,"enemies":"3 Sentries","floor":13,"turns":4},{"damage":25,"enemies":"Blue Slaver","floor":14,"turns":3},{"damage":6,"enemies":"Large Slime","floor":15,"turns":6},{"damage":27,"enemies":"downfall:Silent","floor":16,"turns":8},{"damage":43,"enemies":"3 Byrds","floor":19,"turns":5},{"damage":26,"enemies":"conspire:FuzzyDice","floor":20,"turns":5},{"damage":20,"enemies":"Cultist and Chosen","floor":22,"turns":8},{"damage":0,"enemies":"Chosen and Byrds","floor":23,"turns":16},{"damage":0,"enemies":"Centurion and Healer","floor":24,"turns":5},{"damage":17,"enemies":"downfall:LadyInBlue","floor":27,"turns":8},{"damage":246,"enemies":"Centurion and Healer","floor":29,"turns":6}],"seed_played":"1188904308001057097","potions_obtained":[{"floor":5,"key":"Elixir"},{"floor":6,"key":"Adrenaline Potion"},{"floor":8,"key":"EssenceOfSteel"},{"floor":9,"key":"hexamod:EctoCoolerPotion"},{"floor":11,"key":"sneckomod:OffclassReductionPotion"},{"floor":14,"key":"FearPotion"},{"floor":23,"key":"Energy Potion"},{"floor":27,"key":"Guardian:BlockOnCardUsePotion"},{"floor":27,"key":"Toxic Potion"},{"floor":27,"key":"SkillPotion"}],"is_trial":false,"path_per_floor":["R","M","M","$","M","E","MIM","E","?","R","M","M","E","M","M","B",null,"R","M","M","?","M","M","MIM","?","R","?","?","M"],"character_chosen":"THE_SNECKO","items_purchased":["sneckomod:SnakeSap"],"campfire_rested":2,"item_purchase_floors":[4],"current_hp_per_floor":[90,91,91,91,86,63,61,47,33,61,51,44,47,34,38,14,106,106,64,39,39,39,79,83,83,114,113,113,0,0],"gold":539,"neow_bonus":"THREE_ENEMY_KILL","is_daily":false,"chose_seed":false,"campfire_upgraded":1,"win_rate":0.0,"timestamp":1609201555,"path_taken":["R","M","M","$","?","E","MIM","E","?","R","M","M","E","M","M","BOSS","R","M","M","?","M","M","MIM","?","R","?","?","?"],"items_purchased_type":["Card"],"build_version":"2020-12-22","purchased_purges":0,"victory":false,"max_hp_per_floor":[90,91,91,91,92,93,95,95,95,95,97,99,101,102,104,106,106,106,107,108,108,110,112,114,114,114,116,116,116,116],"card_choices":[{"not_picked":["sneckomod:IronFang","sneckomod:UnknownClassBLESSING"],"picked":"sneckomod:UnknownUncommonPower","floor":2},{"not_picked":["sneckomod:UnknownX","sneckomod:UnknownClassGREEN"],"picked":"sneckomod:CheapStock","floor":3},{"not_picked":["sneckomod:IronFang","sneckomod:UnknownClassBLESSING"],"picked":"sneckomod:MorePower","floor":4},{"not_picked":["sneckomod:MasterEye","sneckomod:UnknownWeak"],"picked":"sneckomod:UnknownClassRED","floor":5},{"not_picked":["sneckomod:UnknownClassRED+1","sneckomod:UnknownClassGUARDIAN+1"],"picked":"sneckomod:UnknownClassTHE_CHAMP_GRAY+1","floor":6},{"not_picked":["sneckomod:UnknownX","sneckomod:SoulRoll"],"picked":"sneckomod:DiceCrush","floor":6},{"not_picked":["sneckomod:UnknownVulnerable+1","sneckomod:UnknownClassTHE_CURSED_PURPLE+1"],"picked":"sneckomod:UnknownStrength+1","floor":7},{"not_picked":["sneckomod:Unknown0Cost","sneckomod:UnknownStrike"],"picked":"sneckomod:UnknownClassSLIMEBOUND","floor":7},{"not_picked":["sneckomod:UnknownUncommonSkill","sneckomod:QuickBite"],"picked":"sneckomod:WideSting","floor":8},{"not_picked":["sneckomod:SoulExchange","sneckomod:QuickMove"],"picked":"sneckomod:DiceBlock","floor":9},{"not_picked":["sneckomod:UnknownStrike+1","sneckomod:UnknownClassTHE_CHAMP_GRAY+1"],"picked":"sneckomod:UnknownExhaust+1","floor":11},{"not_picked":["sneckomod:SoulDraw","sneckomod:UnknownVulnerable"],"picked":"sneckomod:UnknownUncommonPower","floor":11},{"not_picked":["sneckomod:Unknown0Cost+1","sneckomod:UnknownClassSLIMEBOUND+1"],"picked":"sneckomod:UnknownColorless+1","floor":12},{"not_picked":["sneckomod:SoulDraw","sneckomod:DiceBoulder"],"picked":"sneckomod:UnknownBlock","floor":12},{"not_picked":["sneckomod:UnknownUncommonSkill+1","sneckomod:UnknownStrength+1"],"picked":"sneckomod:UnknownClassBLUE+1","floor":13},{"not_picked":["sneckomod:QuickBite","sneckomod:SoulRoll"],"picked":"sneckomod:UnknownClassBLUE","floor":13},{"not_picked":["sneckomod:UnknownExhaust+1","sneckomod:Unknown0Cost+1"],"picked":"sneckomod:UnknownDexterity+1","floor":14},{"not_picked":["sneckomod:UnknownWeak","sneckomod:ImprovisedAttack"],"picked":"sneckomod:TrashToTreasure","floor":14},{"not_picked":["sneckomod:UnknownColorless+1","sneckomod:UnknownStrike+1"],"picked":"sneckomod:UnknownRarePower+1","floor":15},{"not_picked":["sneckomod:UnknownCommonSkill","sneckomod:UnknownBlock"],"picked":"sneckomod:UnknownWeak","floor":15},{"not_picked":["sneckomod:UnknownClassRED+1","sneckomod:UnknownRarePower+1"],"picked":"sneckomod:UnknownClassGREEN+1","floor":16},{"not_picked":["sneckomod:SoulExchange","sneckomod:MorePower"],"picked":"sneckomod:UnknownRareSkill","floor":16},{"not_picked":["sneckomod:Unknown0Cost+1","sneckomod:UnknownCommonAttack+1"],"picked":"sneckomod:UnknownWeak+1","floor":19},{"not_picked":["sneckomod:UnknownUncommonSkill+1","sneckomod:UnknownClassHEXA_GHOST_PURPLE+1"],"picked":"sneckomod:CheapStock","floor":19},{"not_picked":["sneckomod:UnknownStrength+1","sneckomod:UnknownX+1"],"picked":"sneckomod:UnknownClassBLUE+1","floor":20},{"not_picked":["sneckomod:RainOfDice","sneckomod:SoulRoll","sneckomod:DiceBoulder"],"picked":"SKIP","floor":20},{"not_picked":["sneckomod:UnknownColorless+1","sneckomod:UnknownClassTHE_CHAMP_GRAY+1"],"picked":"sneckomod:UnknownClassGREEN+1","floor":22},{"not_picked":["sneckomod:IronFang","sneckomod:UnknownUncommonSkill"],"picked":"sneckomod:Unknown1Cost","floor":22},{"not_picked":["sneckomod:UnknownStrength+1","sneckomod:UnknownClassBLUE+1"],"picked":"sneckomod:UnknownRarePower+1","floor":23},{"not_picked":["sneckomod:UnknownVulnerable+1","sneckomod:UnknownEthereal+1"],"picked":"sneckomod:UnknownUncommonPower+1","floor":23},{"not_picked":["sneckomod:UnknownVulnerable+1","sneckomod:Unknown2Cost"],"picked":"sneckomod:QuickMove","floor":23},{"not_picked":["sneckomod:DefensiveFlair","sneckomod:Unknown0Cost"],"picked":"sneckomod:UnknownRareAttack+1","floor":24},{"not_picked":["sneckomod:UnknownClassGUARDIAN+1","sneckomod:UnknownUncommonAttack+1"],"picked":"sneckomod:UnknownVulnerable+1","floor":27},{"not_picked":["sneckomod:Unknown0Cost+1","sneckomod:UnknownCommonSkill+1"],"picked":"sneckomod:UnknownRarePower+1","floor":27},{"not_picked":["sneckomod:UnknownVulnerable","sneckomod:DangerNoodle+1"],"picked":"sneckomod:SnekBeam+1","floor":27}],"player_experience":54611,"relics_obtained":[{"floor":6,"key":"hubris:OldNail"},{"floor":7,"key":"ReplayFunnel"},{"floor":8,"key":"hubris:FunFungus"},{"floor":9,"key":"Odd Mushroom"},{"floor":13,"key":"Whetstone"},{"floor":18,"key":"halation:WeightlessCrab"},{"floor":24,"key":"Molten Egg 2"},{"floor":27,"key":"White Beast Statue"}],"event_choices":[{"damage_healed":0,"gold_gain":0,"player_choice":"Fought Mushrooms","damage_taken":0,"max_hp_gain":0,"max_hp_loss":0,"event_name":"Mushrooms","floor":9,"gold_loss":0}],"is_beta":false,"boss_relics":[{"not_picked":["halation:Yufonium","Black Star"],"picked":"hubris:GrandSneckoEye"}],"items_purged_floors":[],"is_endless":false,"potions_floor_spawned":[5,6,8,9,11,14,15,23],"killed_by":"Centurion and Healer","ascension_level":0}}