{"host":"0cnf9zf1gia27zti","time":1609204881,"event":{"mods":["BaseMod","BetterRewards","Card Forge","Colored Map","Colored Powertips","Conspire","Downfall","Googly Eyes","Minty Spire (QoL Compilation)","Practice Mode","Quick Restart","Replay The Spire","Robot Space Explorer","Shade Mod","Spicy Shops","StSLib"],"gold_per_floor":[111,111,111,131,17,45,45,45,45,71,91,91,91,101,101,176,176,187,16,31,58,58,84,9,36,36,36,36,36,67,67,67],"floor_reached":31,"playtime":689,"items_purged":["Cold Snap"],"score":869,"play_id":"9d9e648f-cbd8-401c-8cdd-ac0900ab9159","local_time":"20201229012121","daily_mods":["SealedDeck","Colorless Cards","Heirloom","Flight","downfall:Lament","DeadlyEvents","Elite Swarm"],"is_ascension_mode":true,"campfire_choices":[{"data":"Sweeping Beam","floor":8,"key":"SMITH"},{"floor":15,"key":"DIG"},{"floor":27,"key":"REST"}],"circlet_count":0,"master_deck":["AscendersBane","BasicCrystalCard+1","Sweeping Beam","Swift Strike","Tempest","Blizzard","Cold Snap","Coolheaded","Coolheaded","Coolheaded+1","Conserve Battery+1","Replay:SS_forest_6","Sweeping Beam+1","Leap+1","Capacitor","Reboot","Core Surge","ReplayRNGCard","Chill","Panic Button","Rainbow","Coolheaded","Tempest","Leap","Echo Form","Machine Learning","Good Instincts","HandOfGreed"],"relics":["Cracked Core","Hammer of Thor","Seething Fire","Anvil of the Gods","NeowsBlessing","Ring of Chaos","replay:Trail_Library","Durian","NeowsBlessing","War Paint","NeowsBlessing","Pocketwatch","conspire:GiftBox","NeowsBlessing","NeowsBlessing","Replay:Arrowhead","Inserter","Replay:Frozen Program","Red Mask","Pen Nib","sneckomod:BlankCard","Replay:Bandana","Chameleon Ring","NeowsBlessing","Meat on the Bone"],"acts_visited":["Exordium","TheCity"],"potions_floor_usage":[25],"damage_taken":[{"damage":0,"enemies":"Cultist","floor":1,"turns":1},{"damage":0,"enemies":"Jaw Worm","floor":4,"turns":1},{"damage":0,"enemies":"Lagavulin","floor":6,"turns":1},{"damage":0,"enemies":"Gremlin Nob","floor":10,"turns":1},{"damage":0,"enemies":"2 Louse","floor":11,"turns":1},{"damage":0,"enemies":"Large Slime","floor":14,"turns":1},{"damage":0,"enemies":"The Guardian","floor":16,"turns":1},{"damage":0,"enemies":"conspire:FuzzyDice","floor":18,"turns":1},{"damage":0,"enemies":"3 Byrds","floor":20,"turns":1},{"damage":0,"enemies":"Masked Bandits","floor":21,"turns":1},{"damage":0,"enemies":"Replay:Snechameleon","floor":23,"turns":1},{"damage":22,"enemies":"Slavers","floor":25,"turns":6},{"damage":0,"enemies":"conspire:SneckoGhost","floor":30,"turns":1}],"seed_played":"-613754350946570486","potions_obtained":[{"floor":6,"key":"DuplicationPotion"},{"floor":10,"key":"Block Potion"},{"floor":25,"key":"DistilledChaos"}],"is_trial":true,"path_per_floor":["M","WH","?","M","$","E","WH","R","T","E","M","WH","WH","M","R_BF","B",null,"M","$","M","?","T","E","$","E","T","R","$","WH","E","WH"],"character_chosen":"DEFECT","items_purchased":["Leap","Capacitor","Replay:Frozen Program"],"campfire_rested":1,"item_purchase_floors":[5,5,19],"current_hp_per_floor":[69,69,74,74,74,74,74,74,74,74,74,74,74,74,74,74,79,79,79,79,79,79,79,79,57,57,81,81,81,81,81,81],"gold":67,"neow_bonus":"THREE_ENEMY_KILL","is_daily":false,"chose_seed":false,"campfire_upgraded":1,"win_rate":0.0,"timestamp":1609204881,"path_taken":["M","WH","?","M","$","E","WH","R","T","E","?","WH","WH","M","R_BF","BOSS","M","$","M","?","?","E","?","E","T","R","$","WH","E","WH"],"items_purchased_type":["Card","Card","Relic"],"build_version":"2020-12-22","purchased_purges":1,"victory":false,"max_hp_per_floor":[76,76,81,81,81,81,81,81,81,81,81,81,81,81,81,81,81,81,81,81,81,81,81,81,81,81,81,81,81,81,81,81],"card_choices":[{"not_picked":["Redo","Jack Of All Trades"],"picked":"Replay:SS_forest_6","floor":1},{"not_picked":["Beam Cell","Cold Snap"],"picked":"Sweeping Beam","floor":4},{"not_picked":["Midas Touch","Sadistic Nature"],"picked":"Reboot","floor":6},{"not_picked":["Buffer","Fission"],"picked":"Core Surge","floor":10},{"not_picked":["Fission","Reboot"],"picked":"ReplayRNGCard","floor":10},{"not_picked":["Stack","Rebound"],"picked":"Chill","floor":11},{"not_picked":["Steam Power","expansioncontent:DefensiveMode","expansioncontent:HyperBeam"],"picked":"SKIP","floor":14},{"not_picked":["HandOfGreed","Sadistic Nature"],"picked":"Rainbow","floor":16},{"not_picked":["Redo","expansioncontent:DecasProtection"],"picked":"Coolheaded","floor":18},{"not_picked":["Panic Button","Self Repair"],"picked":"Tempest","floor":20},{"not_picked":["expansioncontent:YouAreMine","Beam Cell"],"picked":"Leap","floor":21},{"not_picked":["Secret Weapon","Magnetism"],"picked":"Echo Form","floor":23},{"not_picked":["Seek","Transmutation"],"picked":"Machine Learning","floor":25},{"not_picked":["Apotheosis","Secret Weapon"],"picked":"HandOfGreed","floor":30}],"player_experience":2699280,"relics_obtained":[{"floor":6,"key":"War Paint"},{"floor":9,"key":"Pocketwatch"},{"floor":10,"key":"conspire:GiftBox"},{"floor":15,"key":"Replay:Arrowhead"},{"floor":21,"key":"Red Mask"},{"floor":22,"key":"Pen Nib"},{"floor":23,"key":"sneckomod:BlankCard"},{"floor":25,"key":"Replay:Bandana"},{"floor":26,"key":"Chameleon Ring"},{"floor":30,"key":"Meat on the Bone"}],"event_choices":[{"damage_healed":0,"gold_gain":0,"player_choice":"Donut","damage_taken":0,"max_hp_gain":5,"max_hp_loss":0,"event_name":"Big Fish","floor":3,"gold_loss":0},{"damage_healed":0,"gold_gain":0,"player_choice":"Fought Bandits","damage_taken":0,"max_hp_gain":0,"max_hp_loss":0,"event_name":"Masked Bandits","floor":21,"gold_loss":0}],"is_beta":false,"boss_relics":[{"not_picked":["Kintsugi","Cursed Key"],"picked":"Inserter"}],"items_purged_floors":[24],"is_endless":false,"potions_floor_spawned":[6,10,14,20,21,25],"ascension_level":20}}