{"host":"6azrrw3tf7wb0f4b","time":1609248183,"event":{"mods":["BaseMod","DeckTracker","Minty Spire (QoL Compilation)","SuperFastMode"],"gold_per_floor":[109,129,149,149,166,166,191,215,215,215,215,215,246,272,272,374,374,392,411,183,117,15,42,54,66,103,115,127,150,179,290,302,417,429,451,443,264,281,298,333,333,364,364,364,364,364,364],"floor_reached":46,"playtime":1610,"items_purged":["Strike_P","Defend_P","Strike_P"],"score":894,"play_id":"9b9d32c4-bf17-4085-8dbe-4380a5d509ee","local_time":"20201229222303","is_ascension_mode":true,"campfire_choices":[{"data":"WindmillStrike","floor":6.0,"key":"SMITH"},{"floor":11.0,"key":"REST"},{"floor":15.0,"key":"REST"},{"data":"MentalFortress","floor":24.0,"key":"SMITH"},{"data":"LikeWater","floor":28.0,"key":"SMITH"},{"data":"CrushJoints","floor":32.0,"key":"SMITH"},{"data":"Wallop","floor":41,"key":"SMITH"},{"data":"Evaluate","floor":45,"key":"SMITH"}],"circlet_count":0,"master_deck":["AscendersBane","Strike_P+1","Defend_P","Eruption+1","Vigilance","Evaluate+1","WindmillStrike+1","FlurryOfBlows","CrushJoints+1","Protect","Wallop+1","SpiritShield+1","Scrawl+1","Evaluate+1","LikeWater+1","MentalFortress+1","FearNoEvil","Vault+1","FearNoEvil+1","Swivel+1","Scrawl+1","ClearTheMind+1","Flash of Steel","EmptyBody+1","FlurryOfBlows+1","Decay"],"relics":["PureWater","NeowsBlessing","Juzu Bracelet","Odd Mushroom","Toy Ornithopter","Question Card","Toxic Egg 2","Oddly Smooth Stone","Busted Crown","Bag of Preparation","Smiling Mask","MawBank","Anchor","Astrolabe","Dead Branch","Boot","Pear"],"acts_visited":["Exordium","TheCity","TheBeyond"],"potions_floor_usage":[39,40,40,42],"damage_taken":[{"damage":0.0,"enemies":"2 Louse","floor":1.0,"turns":1.0},{"damage":0.0,"enemies":"Jaw Worm","floor":2.0,"turns":1.0},{"damage":0.0,"enemies":"Small Slimes","floor":3.0,"turns":1.0},{"damage":3.0,"enemies":"3 Louse","floor":5.0,"turns":4.0},{"damage":12.0,"enemies":"Gremlin Nob","floor":7.0,"turns":3.0},{"damage":32.0,"enemies":"The Mushroom Lair","floor":8.0,"turns":5.0},{"damage":7.0,"enemies":"3 Sentries","floor":13.0,"turns":5.0},{"damage":0.0,"enemies":"Slime Boss","floor":16.0,"turns":5.0},{"damage":12.0,"enemies":"3 Byrds","floor":18.0,"turns":4.0},{"damage":0.0,"enemies":"Chosen","floor":19.0,"turns":4.0},{"damage":5.0,"enemies":"Slavers","floor":23.0,"turns":4.0},{"damage":0.0,"enemies":"Centurion and Healer","floor":29.0,"turns":5.0},{"damage":4.0,"enemies":"Snake Plant","floor":30.0,"turns":4.0},{"damage":25.0,"enemies":"Champ","floor":33.0,"turns":14.0},{"damage":0.0,"enemies":"Orb Walker","floor":35.0,"turns":3.0},{"damage":4.0,"enemies":"3 Shapes","floor":38.0,"turns":9.0},{"damage":13,"enemies":"Spire Growth","floor":39,"turns":7},{"damage":19,"enemies":"Reptomancer","floor":40,"turns":8},{"damage":50,"enemies":"Giant Head","floor":42,"turns":9},{"damage":19,"enemies":"Transient","floor":46,"turns":3}],"seed_played":"-8056968775258998810","potions_obtained":[{"floor":1.0,"key":"Fire Potion"},{"floor":8.0,"key":"Strength Potion"},{"floor":13.0,"key":"LiquidBronze"},{"floor":16.0,"key":"BlessingOfTheForge"},{"floor":18.0,"key":"Fire Potion"},{"floor":23.0,"key":"Regen Potion"},{"floor":30.0,"key":"Fire Potion"},{"floor":36.0,"key":"Ancient Potion"},{"floor":39,"key":"CultistPotion"},{"floor":40,"key":"Fire Potion"},{"floor":42,"key":"FearPotion"}],"is_trial":false,"path_per_floor":["M","M","M","?","M","R","E","?","T","?","R","?","E","T","R","B",null,"M","M","$","?","$","E","R","?","T","?","R","M","M","?","R","B",null,"M","?","$","M","M","E","R","E","T","?","R","M"],"character_chosen":"WATCHER","items_purchased":["Bag of Preparation","PowerPotion","ClearTheMind+1","Flash of Steel"],"campfire_rested":2,"item_purchase_floors":[20,22,37,37],"current_hp_per_floor":[65,65,65,51,48,48,36,4,4,4,25,25,23,23,44,44,65,58,63,63,63,63,67,67,67,67,67,67,67,63,63,63,43,65,65,65,65,61,53,55,55,10,20,20,20,1,1],"gold":364,"neow_bonus":"THREE_ENEMY_KILL","is_daily":false,"chose_seed":false,"campfire_upgraded":6,"win_rate":0.0,"timestamp":1609248183,"path_taken":["M","M","M","?","M","R","E","?","T","?","R","?","E","?","R","BOSS","M","M","$","?","?","E","R","?","T","?","R","M","M","?","R","BOSS","M","?","?","M","M","E","R","E","T","?","R","M"],"items_purchased_type":["Relic","Potion","Card","Card"],"build_version":"2020-12-22","purchased_purges":3,"victory":false,"max_hp_per_floor":[72,72,72,72,72,72,72,72,72,72,72,72,72,72,72,72,72,72,72,72,72,72,72,72,72,72,72,72,72,72,72,72,72,72,72,72,72,72,72,72,72,72,82,82,82,82,82],"card_choices":[{"not_picked":["Study","CutThroughFate"],"picked":"Evaluate","floor":1.0},{"not_picked":["ClearTheMind","ReachHeaven"],"picked":"WindmillStrike","floor":2.0},{"not_picked":["Sanctity","Prostrate"],"picked":"FlurryOfBlows","floor":3.0},{"not_picked":["TalkToTheHand","EmptyMind"],"picked":"CrushJoints","floor":5.0},{"not_picked":["SashWhip","EmptyBody"],"picked":"Protect","floor":7.0},{"not_picked":["ThirdEye","SashWhip"],"picked":"Wallop","floor":8.0},{"not_picked":["CutThroughFate","Indignation+1","Study"],"picked":"SpiritShield+1","floor":13.0},{"not_picked":["SpiritShield+1","Judgement+1","Devotion"],"picked":"Scrawl+1","floor":16.0},{"not_picked":["PathToVictory+1"],"picked":"Evaluate+1","floor":18.0},{"not_picked":["CutThroughFate"],"picked":"LikeWater","floor":19.0},{"not_picked":["Prostrate+1"],"picked":"MentalFortress","floor":23.0},{"not_picked":["Consecrate","CrushJoints+1"],"picked":"SKIP","floor":29.0},{"not_picked":["EmptyBody+1"],"picked":"FearNoEvil","floor":30.0},{"not_picked":["Alpha+1"],"picked":"Vault+1","floor":33.0},{"not_picked":["FollowUp","CutThroughFate+1"],"picked":"SKIP","floor":35.0},{"not_picked":["EmptyMind+1","Wallop+1"],"picked":"SKIP","floor":38.0},{"not_picked":["Evaluate+1"],"picked":"EmptyBody+1","floor":39},{"not_picked":["Consecrate+1"],"picked":"FlurryOfBlows+1","floor":40},{"not_picked":["ClearTheMind+1","TalkToTheHand"],"picked":"SKIP","floor":42}],"player_experience":649226,"relics_obtained":[{"floor":7.0,"key":"Juzu Bracelet"},{"floor":8.0,"key":"Odd Mushroom"},{"floor":9.0,"key":"Toy Ornithopter"},{"floor":13.0,"key":"Toxic Egg 2"},{"floor":14.0,"key":"Oddly Smooth Stone"},{"floor":23.0,"key":"MawBank"},{"floor":26.0,"key":"Anchor"},{"floor":40,"key":"Dead Branch"},{"floor":42,"key":"Boot"},{"floor":43,"key":"Pear"}],"event_choices":[{"damage_healed":0.0,"max_hp_gain":0.0,"max_hp_loss":0.0,"gold_gain":0.0,"event_name":"Shining Light","player_choice":"Entered Light","floor":4.0,"gold_loss":0.0,"damage_taken":14.0,"cards_upgraded":["Strike_P","Eruption"]},{"damage_healed":0.0,"max_hp_gain":0.0,"max_hp_loss":0.0,"gold_gain":0.0,"event_name":"Mushrooms","player_choice":"Fought Mushrooms","floor":8.0,"gold_loss":0.0,"damage_taken":0.0},{"damage_healed":0.0,"max_hp_gain":0.0,"max_hp_loss":0.0,"gold_gain":0.0,"event_name":"Dead Adventurer","player_choice":"Searched \u00271\u0027 times","floor":10.0,"gold_loss":0.0,"damage_taken":0.0,"relics_obtained":["Question Card"]},{"damage_healed":0.0,"max_hp_gain":0.0,"max_hp_loss":0.0,"gold_gain":0.0,"event_name":"Liars Game","player_choice":"Ignored","floor":12.0,"gold_loss":0.0,"damage_taken":0.0},{"damage_healed":0.0,"max_hp_gain":0.0,"max_hp_loss":0.0,"gold_gain":0.0,"event_name":"WeMeetAgain","player_choice":"Paid Gold","floor":21.0,"gold_loss":66.0,"damage_taken":0.0,"relics_obtained":["Smiling Mask"]},{"damage_healed":0.0,"max_hp_gain":0.0,"max_hp_loss":0.0,"gold_gain":0.0,"event_name":"Ghosts","player_choice":"Ignored","floor":25.0,"gold_loss":0.0,"damage_taken":0.0},{"damage_healed":0.0,"max_hp_gain":0.0,"max_hp_loss":0.0,"gold_gain":0.0,"event_name":"Vampires","player_choice":"Ignored","floor":27.0,"gold_loss":0.0,"damage_taken":0.0},{"damage_healed":0.0,"max_hp_gain":0.0,"max_hp_loss":0.0,"gold_gain":99.0,"event_name":"Nest","player_choice":"Stole From Cult","floor":31.0,"gold_loss":0.0,"damage_taken":0.0},{"damage_healed":0.0,"max_hp_gain":0.0,"max_hp_loss":0.0,"gold_gain":0.0,"event_name":"The Woman in Blue","player_choice":"Bought 1 Potion","floor":36.0,"gold_loss":0.0,"damage_taken":0.0},{"damage_healed":0,"gold_gain":0,"player_choice":"Cursed","damage_taken":0,"max_hp_gain":0,"max_hp_loss":0,"event_name":"Wheel of Change","floor":44,"gold_loss":0,"cards_obtained":["Decay"]}],"is_beta":false,"boss_relics":[{"not_picked":["Tiny House","Sozu"],"picked":"Busted Crown"},{"not_picked":["Philosopher\u0027s Stone","Runic Pyramid"],"picked":"Astrolabe"}],"items_purged_floors":[20,22,37],"is_endless":false,"potions_floor_spawned":[1,8,13,16,18,23,30,39,40,42],"killed_by":"Transient","ascension_level":11}}