{"host":"9l1knhxfturzliqa","time":1609242181,"event":{"mods":["BaseMod","Colored Map","Colored Powertips","DeckTracker","Highlight Path","Keyboard Shortcuts","Minty Spire (QoL Compilation)","Quick Restart","Random Character Button"],"gold_per_floor":[113,188,201,301,313,313,347,367,367,393,393,412,412,412,412,508,508,523,723,60,76,93,121,121,150,174,209,229,229,240,339,339,434,434,452,462,44,44,60,89,89,124,150,182,182,195,207,257,257,257],"floor_reached":51,"playtime":4478,"items_purged":["Defend_R","Decay"],"score":1128,"play_id":"cc06be77-3bac-47fa-9222-6bcc5f60b658","local_time":"20201229204301","is_ascension_mode":true,"campfire_choices":[{"data":"Cleave","floor":6.0,"key":"SMITH"},{"data":"Perfected Strike","floor":11.0,"key":"SMITH"},{"data":"Second Wind","floor":13.0,"key":"SMITH"},{"data":"Shrug It Off","floor":15.0,"key":"SMITH"},{"data":"Apotheosis","floor":24.0,"key":"SMITH"},{"data":"Pommel Strike","floor":32,"key":"SMITH"},{"data":"Searing Blow+1","floor":41,"key":"SMITH"},{"data":"Evolve","floor":45,"key":"SMITH"},{"data":"Searing Blow+2","floor":49,"key":"SMITH"}],"circlet_count":0,"master_deck":["Bash","Thunderclap","Cleave+1","Clash","Perfected Strike+1","Second Wind+1","Shrug It Off+1","Reaper","Wild Strike+1","Twin Strike","Apotheosis+1","Blood for Blood","Ghostly Armor","Pommel Strike+1","Power Through+1","Injury","Double Tap","Rupture","Perfected Strike","Searing Blow+3","Pommel Strike","Uppercut","Shockwave","Battle Trance+1","Fire Breathing","Rage+1","Parasite","Evolve+1","Parasite","Headbutt+1","Seeing Red+1"],"relics":["Burning Blood","Du-Vu Doll","Lizard Tail","Pocketwatch","Matryoshka","Cursed Key","Question Card","Bag of Marbles","Darkstone Periapt","Thread and Needle","MealTicket","War Paint","Gremlin Horn","Akabeko","StrikeDummy","Pandora\u0027s Box","Shuriken","Bronze Scales","Blood Vial","Happy Flower","Potion Belt","Calipers"],"acts_visited":["Exordium","TheCity","TheBeyond"],"potions_floor_usage":[28,33,50,50,50,50],"damage_taken":[{"damage":11.0,"enemies":"Cultist","floor":1.0,"turns":4.0},{"damage":12.0,"enemies":"Jaw Worm","floor":3.0,"turns":3.0},{"damage":0.0,"enemies":"Small Slimes","floor":5.0,"turns":2.0},{"damage":27.0,"enemies":"Gremlin Nob","floor":7.0,"turns":4.0},{"damage":8.0,"enemies":"Red Slaver","floor":8.0,"turns":3.0},{"damage":12.0,"enemies":"3 Sentries","floor":10.0,"turns":4.0},{"damage":10.0,"enemies":"Exordium Thugs","floor":12.0,"turns":4.0},{"damage":12.0,"enemies":"Hexaghost","floor":16.0,"turns":10.0},{"damage":12.0,"enemies":"Shell Parasite","floor":18.0,"turns":4.0},{"damage":11.0,"enemies":"2 Thieves","floor":21.0,"turns":3.0},{"damage":0.0,"enemies":"Snecko","floor":22.0,"turns":3.0},{"damage":44.0,"enemies":"Slavers","floor":23.0,"turns":5.0},{"damage":23.0,"enemies":"Gremlin Leader","floor":25.0,"turns":5.0},{"damage":18,"enemies":"Book of Stabbing","floor":27,"turns":4},{"damage":8,"enemies":"Shelled Parasite and Fungi","floor":28,"turns":3},{"damage":0,"enemies":"3 Cultists","floor":30,"turns":3},{"damage":62,"enemies":"Collector","floor":33,"turns":7},{"damage":0,"enemies":"3 Shapes","floor":35,"turns":2},{"damage":0,"enemies":"3 Darklings","floor":36,"turns":3},{"damage":0,"enemies":"Transient","floor":39,"turns":5},{"damage":30,"enemies":"Nemesis","floor":40,"turns":7},{"damage":62,"enemies":"Reptomancer","floor":42,"turns":4},{"damage":0,"enemies":"Nemesis","floor":44,"turns":3},{"damage":21,"enemies":"Spire Growth","floor":46,"turns":3},{"damage":3,"enemies":"Writhing Mass","floor":47,"turns":4},{"damage":17,"enemies":"Mind Bloom Boss Battle","floor":48,"turns":5},{"damage":57,"enemies":"Time Eater","floor":50,"turns":8}],"seed_played":"-1986371017494663744","potions_obtained":[{"floor":3.0,"key":"ElixirPotion"},{"floor":8.0,"key":"DistilledChaos"},{"floor":10.0,"key":"AttackPotion"},{"floor":16.0,"key":"Energy Potion"},{"floor":25.0,"key":"FearPotion"},{"floor":27,"key":"BloodPotion"},{"floor":28,"key":"SmokeBomb"},{"floor":30,"key":"SkillPotion"},{"floor":35,"key":"Regen Potion"},{"floor":40,"key":"Dexterity Potion"},{"floor":46,"key":"EssenceOfSteel"},{"floor":47,"key":"SpeedPotion"}],"is_trial":false,"path_per_floor":["M","?","M","?","M","R","E","M","T","E","R","M","R","?","R","B",null,"M","?","$","M","M","E","R","E","T","E","M","T","M","?","R","B",null,"M","M","$","?","M","E","R","E","T","E","R","M","M","?","R","B",null],"character_chosen":"IRONCLAD","items_purchased":["Twin Strike","Question Card","Bag of Marbles","Apotheosis","Fire Breathing","Shuriken"],"campfire_rested":0,"item_purchase_floors":[20,20,20,20,37,37],"current_hp_per_floor":[67,56,50,50,56,56,35,33,33,27,27,23,23,23,23,17,72,66,66,66,61,67,34,34,34,40,28,40,46,70,70,70,34,84,84,84,84,84,84,70,70,32,38,46,46,33,61,62,62,46],"gold":257,"neow_bonus":"REMOVE_TWO","is_daily":false,"chose_seed":false,"campfire_upgraded":9,"win_rate":0.0,"timestamp":1609242181,"path_taken":["M","?","M","?","M","R","E","M","T","E","R","?","R","?","R","BOSS","M","?","$","?","M","E","R","E","T","E","M","?","M","?","R","BOSS","M","M","$","?","M","E","R","E","T","E","R","?","M","?","R","BOSS"],"items_purchased_type":["Card","Relic","Relic","Card","Card","Relic"],"build_version":"2020-12-22","purchased_purges":2,"victory":true,"max_hp_per_floor":[72,72,72,72,72,72,72,72,72,72,72,72,72,72,72,72,72,72,72,72,72,72,72,72,72,78,78,78,84,84,84,84,84,84,84,84,84,84,84,84,84,84,90,90,90,90,96,96,96,96],"card_choices":[{"not_picked":["Cleave","Thunderclap","Headbutt"],"picked":"SKIP","floor":1.0},{"not_picked":["Cleave","Headbutt"],"picked":"Thunderclap","floor":1.0},{"not_picked":["Warcry","Entrench"],"picked":"Cleave","floor":3.0},{"not_picked":["Cleave","Metallicize"],"picked":"Clash","floor":5.0},{"not_picked":["Whirlwind","Warcry"],"picked":"Perfected Strike","floor":7.0},{"not_picked":["Headbutt","Clash"],"picked":"Second Wind","floor":8.0},{"not_picked":["Clash","Fire Breathing"],"picked":"Shrug It Off","floor":10.0},{"not_picked":["Iron Wave","Clothesline","Body Slam"],"picked":"SKIP","floor":12.0},{"not_picked":["Juggernaut","Double Tap"],"picked":"Reaper","floor":16.0},{"not_picked":["Havoc","Intimidate+1"],"picked":"Wild Strike+1","floor":18.0},{"not_picked":["Shockwave","Twin Strike","Anger+1"],"picked":"Blood for Blood","floor":21.0},{"not_picked":["Thunderclap","Anger+1","Sword Boomerang","Flame Barrier+1"],"picked":"SKIP","floor":22.0},{"not_picked":["Thunderclap","Burning Pact","Rampage"],"picked":"Ghostly Armor","floor":23.0},{"not_picked":["Dual Wield+1","Shrug It Off","Clothesline"],"picked":"Pommel Strike","floor":25.0},{"not_picked":["Twin Strike","Rage","Wild Strike+1"],"picked":"Power Through+1","floor":27},{"not_picked":["Armaments","Brutality","Havoc","Reckless Charge"],"picked":"SKIP","floor":28},{"not_picked":["Hemokinesis","Armaments","Clothesline+1","Heavy Blade"],"picked":"SKIP","floor":30},{"not_picked":["Feed","Bludgeon","Juggernaut"],"picked":"Double Tap","floor":33},{"not_picked":["Disarm","Combust","Armaments"],"picked":"Battle Trance+1","floor":35},{"not_picked":["Iron Wave+1","Thunderclap+1","Warcry+1","Second Wind"],"picked":"SKIP","floor":36},{"not_picked":["Clash","Perfected Strike","Wild Strike"],"picked":"Rage+1","floor":39},{"not_picked":["Combust","Iron Wave","Wild Strike","Heavy Blade"],"picked":"SKIP","floor":40},{"not_picked":["Flame Barrier","Clothesline+1","Havoc","Cleave"],"picked":"SKIP","floor":42},{"not_picked":["Inflame","Wild Strike","Battle Trance+1"],"picked":"Evolve","floor":44},{"not_picked":["Fire Breathing","Evolve","Armaments+1","Metallicize"],"picked":"SKIP","floor":46},{"not_picked":["Warcry","Armaments+1","Fire Breathing"],"picked":"Headbutt+1","floor":47},{"not_picked":["Havoc+1","Ghostly Armor","Bludgeon"],"picked":"Seeing Red+1","floor":48}],"player_experience":265278,"relics_obtained":[{"floor":7.0,"key":"Du-Vu Doll"},{"floor":9.0,"key":"Lizard Tail"},{"floor":10.0,"key":"Pocketwatch"},{"floor":23.0,"key":"Darkstone Periapt"},{"floor":25.0,"key":"Thread and Needle"},{"floor":26,"key":"MealTicket"},{"floor":26,"key":"War Paint"},{"floor":27,"key":"Gremlin Horn"},{"floor":29,"key":"Akabeko"},{"floor":29,"key":"StrikeDummy"},{"floor":40,"key":"Bronze Scales"},{"floor":42,"key":"Blood Vial"},{"floor":43,"key":"Happy Flower"},{"floor":44,"key":"Potion Belt"},{"floor":48,"key":"Calipers"}],"event_choices":[{"damage_healed":0.0,"max_hp_gain":0.0,"max_hp_loss":0.0,"gold_gain":75.0,"event_name":"World of Goop","player_choice":"Gather Gold","floor":2.0,"gold_loss":0.0,"damage_taken":11.0},{"damage_healed":0.0,"max_hp_gain":0.0,"max_hp_loss":0.0,"gold_gain":100.0,"event_name":"Golden Shrine","player_choice":"Pray","floor":4.0,"gold_loss":0.0,"damage_taken":0.0},{"damage_healed":0.0,"max_hp_gain":0.0,"max_hp_loss":0.0,"gold_gain":0.0,"event_name":"WeMeetAgain","player_choice":"Gave Potion","floor":14.0,"gold_loss":0.0,"damage_taken":0.0,"relics_obtained":["Matryoshka"]},{"damage_healed":0.0,"max_hp_gain":0.0,"max_hp_loss":0.0,"gold_gain":250.0,"event_name":"The Joust","player_choice":"Bet on Owner","floor":19.0,"gold_loss":50.0,"damage_taken":0.0},{"damage_healed":0,"gold_gain":99,"player_choice":"Stole From Cult","damage_taken":0,"max_hp_gain":0,"max_hp_loss":0,"event_name":"Nest","floor":31,"gold_loss":0},{"damage_healed":0,"gold_gain":0,"player_choice":"Upgraded","damage_taken":0,"max_hp_gain":0,"max_hp_loss":0,"event_name":"Upgrade Shrine","floor":38,"gold_loss":0,"cards_upgraded":["Searing Blow"]},{"damage_healed":0,"gold_gain":0,"player_choice":"Fight","damage_taken":0,"max_hp_gain":0,"max_hp_loss":0,"event_name":"MindBloom","floor":48,"gold_loss":0}],"is_beta":false,"boss_relics":[{"not_picked":["Runic Dome","SlaversCollar"],"picked":"Cursed Key"},{"not_picked":["Empty Cage","Black Star"],"picked":"Pandora\u0027s Box"}],"items_purged_floors":[20,37],"is_endless":false,"potions_floor_spawned":[3,8,10,16,25,27,28,30,35,40,46,47,48],"ascension_level":2}}