{"host":"okln270zkafj6dck","time":1609235681,"event":{"mods":["BaseMod","Minty Spire (QoL Compilation)","Permanent Neow","Quick Restart","Relic Stats","StSLib","SuperFastMode"],"gold_per_floor":[115,115,9,21,96,121,121,133,180,180,200,530,530,544,544,619,619,633,683,702,266,266,266,296,23,47,67,67,97,111,142,142,142,142],"floor_reached":33,"playtime":794,"items_purged":["Strike_G","Pain"],"score":676,"play_id":"1b04787d-d7ae-4196-9fff-31e33a4c801f","local_time":"20201229015441","is_ascension_mode":true,"campfire_choices":[{"data":"Deadly Poison","floor":7.0,"key":"SMITH"},{"data":"Deadly Poison","floor":10.0,"key":"SMITH"},{"data":"Crippling Poison","floor":13.0,"key":"SMITH"},{"floor":15,"key":"REST"},{"data":"Well Laid Plans","floor":23,"key":"SMITH"},{"data":"Tools of the Trade","floor":28,"key":"SMITH"},{"data":"Bouncing Flask","floor":32,"key":"SMITH"}],"circlet_count":0,"master_deck":["AscendersBane","Strike_G","Strike_G","Strike_G","Strike_G","Defend_G","Defend_G","Defend_G","Defend_G","Defend_G","Survivor","Neutralize","Deadly Poison+1","Leg Sweep","Deadly Poison+1","Dagger Throw","PiercingWail","Crippling Poison+1","Tools of the Trade+1","Well Laid Plans+1","Parasite","Backflip","Bouncing Flask+1"],"relics":["Ring of the Snake","NeowsBlessing","Lantern","Singing Bowl","MealTicket","Old Coin","Cursed Key","Regal Pillow","PreservedInsect","WarpedTongs","Nunchaku","ClockworkSouvenir","Snake Skull","Toy Ornithopter","Eternal Feather"],"acts_visited":["Exordium","TheCity"],"potions_floor_usage":[24,29,31],"damage_taken":[{"damage":0.0,"enemies":"Cultist","floor":1.0,"turns":1.0},{"damage":0.0,"enemies":"Small Slimes","floor":4.0,"turns":1.0},{"damage":0.0,"enemies":"3 Sentries","floor":6.0,"turns":2.0},{"damage":0.0,"enemies":"2 Louse","floor":8.0,"turns":3.0},{"damage":0.0,"enemies":"Red Slaver","floor":11.0,"turns":3.0},{"damage":49.0,"enemies":"Gremlin Nob","floor":12.0,"turns":5.0},{"damage":7,"enemies":"Gremlin Gang","floor":14,"turns":3},{"damage":14,"enemies":"The Guardian","floor":16,"turns":9},{"damage":13,"enemies":"Shell Parasite","floor":18,"turns":7},{"damage":0,"enemies":"3 Byrds","floor":20,"turns":4},{"damage":18,"enemies":"Gremlin Leader","floor":24,"turns":5},{"damage":0,"enemies":"3 Cultists","floor":27,"turns":4},{"damage":15,"enemies":"Slavers","floor":29,"turns":4},{"damage":0,"enemies":"Centurion and Healer","floor":30,"turns":6},{"damage":8,"enemies":"Gremlin Leader","floor":31,"turns":6},{"damage":80,"enemies":"Collector","floor":33,"turns":6}],"seed_played":"7049044701359140617","potions_obtained":[{"floor":4.0,"key":"Weak Potion"},{"floor":8.0,"key":"Regen Potion"},{"floor":12.0,"key":"Block Potion"},{"floor":16,"key":"SpeedPotion"},{"floor":24,"key":"LiquidMemories"},{"floor":31,"key":"LiquidBronze"}],"is_trial":false,"path_per_floor":["M","?","$","M","?","E","R","M","T","R","M","E","R","M","R","B",null,"M","?","M","$","?","R","E","$","T","M","R","E","M","E","R","B"],"character_chosen":"THE_SILENT","items_purchased":["Deadly Poison","Leg Sweep","Regal Pillow","Well Laid Plans","PreservedInsect","ClockworkSouvenir"],"campfire_rested":1,"item_purchase_floors":[3,3,21,21,21,25],"current_hp_per_floor":[59,59,59,59,48,48,48,48,48,48,48,16,16,11,32,18,57,46,46,48,63,63,63,47,62,62,64,64,49,51,48,60,0,0],"gold":142,"neow_bonus":"THREE_ENEMY_KILL","is_daily":false,"chose_seed":false,"campfire_upgraded":6,"win_rate":0.0,"timestamp":1609235681,"path_taken":["M","?","?","?","?","E","R","M","T","R","M","E","R","M","R","BOSS","M","?","?","?","?","R","E","$","T","?","R","E","M","E","R","BOSS"],"items_purchased_type":["Card","Card","Relic","Card","Relic","Relic"],"build_version":"2020-12-22","purchased_purges":2,"victory":false,"max_hp_per_floor":[66,66,66,66,66,66,66,66,66,66,66,68,68,70,70,70,70,72,72,74,74,74,74,76,76,76,78,78,78,80,80,80,80,80],"relic_stats":{"Regal Pillow":0,"Singing Bowl":14,"counters":[16,69],"Eternal Feather":12,"PreservedInsect":137,"Snake Skull":[36],"Cursed Key":1,"WarpedTongs":[31],"Nunchaku":[3],"MealTicket":30,"obtain_stats":[{"Lantern":2,"Regal Pillow":21,"NeowsBlessing":0,"Singing Bowl":6,"Eternal Feather":31,"PreservedInsect":21,"Snake Skull":26,"Cursed Key":17,"Old Coin":12,"WarpedTongs":22,"ClockworkSouvenir":25,"Nunchaku":24,"MealTicket":9,"Toy Ornithopter":29,"Ring of the Snake":0},{"Lantern":1,"Regal Pillow":10,"NeowsBlessing":0,"Singing Bowl":3,"Eternal Feather":15,"PreservedInsect":10,"Snake Skull":11,"Cursed Key":8,"Old Coin":6,"WarpedTongs":10,"ClockworkSouvenir":11,"Nunchaku":11,"MealTicket":4,"Toy Ornithopter":13,"Ring of the Snake":0},{"Lantern":1,"Regal Pillow":38,"NeowsBlessing":0,"Singing Bowl":4,"Eternal Feather":63,"PreservedInsect":38,"Snake Skull":43,"Cursed Key":27,"Old Coin":15,"WarpedTongs":38,"ClockworkSouvenir":43,"Nunchaku":43,"MealTicket":7,"Toy Ornithopter":51,"Ring of the Snake":0}],"Toy Ornithopter":5,"Ring of the Snake":[32]},"card_choices":[{"not_picked":["Flying Knee","Blade Dance"],"picked":"Poisoned Stab","floor":1.0},{"not_picked":["Prepared","Venomology"],"picked":"Deadly Poison","floor":4.0},{"not_picked":["Distraction","Leg Sweep"],"picked":"Dagger Throw","floor":6.0},{"not_picked":["Deadly Poison","Dagger Spray"],"picked":"PiercingWail","floor":8.0},{"not_picked":["Slice","PiercingWail"],"picked":"Crippling Poison","floor":11.0},{"not_picked":["Prepared","Bullet Time","Deadly Poison"],"picked":"Singing Bowl","floor":12.0},{"not_picked":["Finisher","Accuracy","Poisoned Stab"],"picked":"Singing Bowl","floor":14},{"not_picked":["Grand Finale","Doppelganger"],"picked":"Tools of the Trade","floor":16},{"not_picked":["Backstab","Deflect","Crippling Poison"],"picked":"Singing Bowl","floor":18},{"not_picked":["Bane","Poisoned Stab","Tactician"],"picked":"Singing Bowl","floor":20},{"not_picked":["Flying Knee","All Out Attack","Dodge and Roll"],"picked":"Singing Bowl","floor":24},{"not_picked":["Quick Slash","Poisoned Stab","Accuracy+1"],"picked":"Singing Bowl","floor":27},{"not_picked":["Concentrate","Grand Finale"],"picked":"Backflip","floor":29},{"not_picked":["Masterful Stab","Dagger Throw+1","Heel Hook"],"picked":"Singing Bowl","floor":30},{"not_picked":["Quick Slash","Masterful Stab"],"picked":"Bouncing Flask","floor":31}],"player_experience":68942,"relics_obtained":[{"floor":6.0,"key":"Singing Bowl"},{"floor":9.0,"key":"MealTicket"},{"floor":12.0,"key":"Old Coin"},{"floor":24,"key":"Nunchaku"},{"floor":26,"key":"Snake Skull"},{"floor":29,"key":"Toy Ornithopter"},{"floor":31,"key":"Eternal Feather"}],"event_choices":[{"cards_removed":["Poisoned Stab"],"damage_healed":0.0,"max_hp_gain":0.0,"max_hp_loss":0.0,"gold_gain":0.0,"event_name":"WeMeetAgain","player_choice":"Gave Card","floor":2.0,"gold_loss":0.0,"damage_taken":0.0,"relics_obtained":["Lantern"]},{"damage_healed":0.0,"max_hp_gain":0.0,"max_hp_loss":0.0,"gold_gain":75.0,"event_name":"World of Goop","player_choice":"Gather Gold","floor":5.0,"gold_loss":0.0,"damage_taken":11.0},{"damage_healed":0,"gold_gain":100,"player_choice":"Bet on Murderer","damage_taken":0,"max_hp_gain":0,"max_hp_loss":0,"event_name":"The Joust","floor":19,"gold_loss":50},{"damage_healed":0,"gold_gain":0,"player_choice":"Rummage","damage_taken":0,"relics_obtained":["WarpedTongs"],"max_hp_gain":0,"max_hp_loss":0,"event_name":"Accursed Blacksmith","floor":22,"gold_loss":0,"cards_obtained":["Pain"]}],"is_beta":false,"boss_relics":[{"not_picked":["SacredBark","Calling Bell"],"picked":"Cursed Key"}],"items_purged_floors":[21,25],"is_endless":false,"potions_floor_spawned":[4,8,12,16,18,24,27,31],"killed_by":"Collector","ascension_level":20}}