{"host":"eydwxg59205c3vtl","time":1609260370,"event":{"mods":["2.2 Compatiblity","BaseMod","Colored Map","Colored Powertips","Hubris","Minty Spire (QoL Compilation)","StSLib","The Necromancer"],"gold_per_floor":[113,113,125,31,50,50,50,81,160,185,204,204,204],"floor_reached":12,"playtime":426,"items_purged":[],"score":145,"play_id":"7c9f74c5-2923-4e9e-a773-fa37d4ecf02a","local_time":"20201229114610","is_ascension_mode":true,"campfire_choices":[{"data":"Bone_Spikes","floor":6,"key":"SMITH"}],"circlet_count":0,"master_deck":["AscendersBane","Strike_W","Strike_W","Strike_W","Strike_W","Defend_W","Defend_W","Defend_W","Defend_W","Negative_Energy_Arrows","Bone_Wall","Bone_Armor","Bone_Armor","Bone_Spikes+1","Bone_Bullets","Bone_Armor","Grasp_Heart","Negative_Energy_Sphere+1"],"relics":["Vampire_Amulet","Smiling Mask","hubris:Towel","InkBottle","Toxic Egg 2","Molten Egg 2"],"acts_visited":["Exordium"],"potions_floor_usage":[10,12],"damage_taken":[{"damage":4,"enemies":"Jaw Worm","floor":1,"turns":6},{"damage":5,"enemies":"Cultist","floor":3,"turns":5},{"damage":7,"enemies":"2 Louse","floor":5,"turns":3},{"damage":38,"enemies":"3 Sentries","floor":8,"turns":13},{"damage":12,"enemies":"Lagavulin","floor":10,"turns":6},{"damage":15,"enemies":"Exordium Thugs","floor":11,"turns":6},{"damage":7,"enemies":"Gremlin Nob","floor":12,"turns":2}],"seed_played":"-3474369846246143996","potions_obtained":[{"floor":1,"key":"Strength Potion"},{"floor":11,"key":"Energy Potion"}],"is_trial":false,"path_per_floor":["M","?","M","$","M","R","?","E","T","E","M","E"],"character_chosen":"NECROMANCER","items_purchased":["Bone_Spikes","Bone_Bullets"],"campfire_rested":0,"item_purchase_floors":[4,4],"current_hp_per_floor":[66,66,63,63,60,60,60,28,28,18,7,0,0],"gold":204,"neow_bonus":"RANDOM_COMMON_RELIC","is_daily":false,"chose_seed":false,"campfire_upgraded":1,"win_rate":0.0,"timestamp":1609260370,"path_taken":["M","?","M","$","?","R","?","E","T","E","M","E"],"items_purchased_type":["Card","Card"],"build_version":"2020-12-22","purchased_purges":0,"victory":false,"max_hp_per_floor":[75,75,75,75,75,75,75,75,75,75,75,75,75],"card_choices":[{"not_picked":["Blood_Whip","Blood_Shield"],"picked":"Bone_Armor","floor":1},{"not_picked":["Bone_Spikes","Blood_Whip"],"picked":"Bone_Armor","floor":3},{"not_picked":["Bone_Shift","Consume_Illness"],"picked":"Bone_Armor","floor":5},{"not_picked":["Negative_Energy_Sphere","Negative_Energy_Javelin"],"picked":"Grasp_Heart","floor":8},{"not_picked":["Blood_Whip+1","Finger_Of_Death+1"],"picked":"Negative_Energy_Sphere+1","floor":10},{"not_picked":["Violent_Necrosis+1","Strike_from_Beyond+1","Negative_Energy_Javelin+1"],"picked":"SKIP","floor":11}],"player_experience":565201,"relics_obtained":[{"floor":8,"key":"InkBottle"},{"floor":9,"key":"Toxic Egg 2"},{"floor":10,"key":"Molten Egg 2"}],"event_choices":[{"damage_healed":0,"gold_gain":0,"player_choice":"Bought 0 Potions","damage_taken":0,"max_hp_gain":0,"max_hp_loss":0,"event_name":"The Woman in Blue","floor":2,"gold_loss":0}],"is_beta":false,"boss_relics":[],"items_purged_floors":[],"is_endless":false,"potions_floor_spawned":[1,11],"killed_by":"Gremlin Nob","ascension_level":13}}