{"host":"ygfasg9u7olr7skw","time":1609257748,"event":{"mods":["AchievementEnabler","BaseMod","Better Note","Better Vampires","Colored Powertips","Minty Spire (QoL Compilation)","Replay The Spire","Spicy Shops","StSLib","The IronCluck","Waifu the Spire"],"gold_per_floor":[116,116,135,60,70,95,95,122,122,140,150,168,168,178,178,281,331,341,90,103,103,103,103],"floor_reached":22,"playtime":1400,"items_purged":["Strike_B"],"score":218,"play_id":"22da1beb-7d54-4f9d-8a1c-9048ca90a899","local_time":"20201229110228","is_ascension_mode":true,"campfire_choices":[{"floor":7,"key":"REST"},{"floor":13,"key":"REST"}],"circlet_count":0,"master_deck":["Strike_B","Defend_B","Defend_B+1","Defend_B","Defend_B","Zap+1","Dualcast+1","Trip","Gash","Go for the Eyes","Go for the Eyes","Gash","ReplayTheSpireMod:System Scan","ReplayGash","Gash","Replay:Bootleg Shield Generator"],"relics":["Cracked Core","War Paint","Counterbalance","Letter Opener","Tiny House","Replay:Baseball"],"acts_visited":["Exordium","TheCity"],"potions_floor_usage":[6,6,12,16,16,22],"damage_taken":[{"damage":3,"enemies":"2 Louse","floor":1,"turns":2},{"damage":0,"enemies":"Cultist","floor":3,"turns":4},{"damage":0,"enemies":"Small Slimes","floor":5,"turns":3},{"damage":33,"enemies":"Gremlin Nob","floor":6,"turns":4},{"damage":37,"enemies":"3 Sentries","floor":8,"turns":9},{"damage":8,"enemies":"3 Louse","floor":10,"turns":3},{"damage":1,"enemies":"Exordium Thugs","floor":11,"turns":4},{"damage":4,"enemies":"Blue Slaver","floor":12,"turns":2},{"damage":1,"enemies":"2 Fungi Beasts","floor":14,"turns":2},{"damage":28,"enemies":"Slime Boss","floor":16,"turns":10},{"damage":24,"enemies":"Spheric Guardian","floor":18,"turns":4},{"damage":20,"enemies":"2 Thieves","floor":20,"turns":4},{"damage":27,"enemies":"3 Cultists","floor":22,"turns":3}],"seed_played":"-3552030859213900619","potions_obtained":[{"floor":1,"key":"DistilledChaos"},{"floor":3,"key":"Explosive Potion"},{"floor":10,"key":"ColorlessPotion"},{"floor":11,"key":"AttackPotion"},{"floor":12,"key":"Block Potion"},{"floor":16,"key":"FearPotion"},{"floor":17,"key":"Reflective Coating"},{"floor":20,"key":"Weak Potion"}],"is_trial":false,"path_per_floor":["M","?","M","$","M","E","R","E","T","M","M","M","R","M","R","B",null,"M","$","M","?","M"],"character_chosen":"DEFECT","items_purchased":["ReplayGash","Replay:Baseball"],"campfire_rested":2,"item_purchase_floors":[19,19],"current_hp_per_floor":[72,72,72,72,72,39,61,24,24,16,15,11,33,32,32,4,80,56,56,36,24,0,0],"gold":103,"neow_bonus":"RANDOM_COLORLESS","is_daily":false,"chose_seed":false,"campfire_upgraded":0,"win_rate":0.0,"timestamp":1609257748,"path_taken":["M","?","M","$","M","E","R","E","T","M","M","M","R","M","R","BOSS","M","$","M","?","M"],"items_purchased_type":["Card","Relic"],"build_version":"2020-12-22","purchased_purges":1,"victory":false,"max_hp_per_floor":[75,75,75,75,75,75,75,75,75,75,75,75,75,75,75,75,80,80,80,80,80,80,80],"card_choices":[{"not_picked":["Panacea","Forethought"],"picked":"Trip","floor":0},{"not_picked":["ReplaySolidLightProjector","Sunder","Rebound"],"picked":"SKIP","floor":1},{"not_picked":["Compile Driver","Turbo"],"picked":"Gash","floor":3},{"not_picked":["Recycle","Darkness","FTL"],"picked":"SKIP","floor":5},{"not_picked":["Chill","Panic Button"],"picked":"Go for the Eyes","floor":6},{"not_picked":["Stack","Ball Lightning","Panic Button"],"picked":"SKIP","floor":8},{"not_picked":["Turbo","Time Bomb"],"picked":"Go for the Eyes","floor":10},{"not_picked":["Fusion","ReplaySort","ReplayTheSpireMod:GoodbyeWorld"],"picked":"SKIP","floor":11},{"not_picked":["White Noise","Skim"],"picked":"Gash","floor":12},{"not_picked":["BasicCrystalCard","Loop","Leap"],"picked":"SKIP","floor":14},{"not_picked":["Storm","BasicCrystalCard+1","Streamline"],"picked":"SKIP","floor":18},{"not_picked":["Cold Snap+1","Conserve Battery"],"picked":"Gash","floor":20}],"player_experience":179000,"relics_obtained":[{"floor":6,"key":"War Paint"},{"floor":8,"key":"Counterbalance"},{"floor":9,"key":"Letter Opener"}],"event_choices":[{"cards_removed":["Strike_B"],"damage_healed":0,"gold_gain":0,"player_choice":"Purged","damage_taken":0,"max_hp_gain":0,"max_hp_loss":0,"event_name":"Purifier","floor":2,"gold_loss":0},{"damage_healed":0,"gold_gain":0,"player_choice":"CARD ","damage_taken":12,"max_hp_gain":0,"max_hp_loss":0,"event_name":"Knowing Skull","floor":21,"potions_obtained":[],"gold_loss":0,"cards_obtained":["Replay:Bootleg Shield Generator"]}],"is_beta":false,"boss_relics":[{"not_picked":["Replay:Drink Me","Nuclear Battery"],"picked":"Tiny House"}],"items_purged_floors":[4],"is_endless":false,"potions_floor_spawned":[1,3,10,11,12,16,20],"killed_by":"3 Cultists","ascension_level":2}}