{"host":"dpbezu80jg8zk7un","time":1609244639,"event":{"mods":["BaseMod","Colored Map","Colored Powertips","Custom Start","DeckTracker","Minty Spire (QoL Compilation)","Quick Restart","StSLib","SuperFastMode"],"gold_per_floor":[113,133,143,143,162,162,193,218,218,254,275,275,310,310,310,403,403,419,433,451,20,20,20,39,72,96,96,114,127,27,65,65,167,167,187,203,478,353,374,374,387,387,438,456,480,489,520,538,538,538,538,538,538,147,181,181],"floor_reached":57,"playtime":4108,"items_purged":["Defend_P","Strike_P","Defend_P","Strike_P"],"score":3121,"play_id":"bca0bc72-10c3-457c-91d1-c5eaaa3f60aa","local_time":"20201229212359","is_ascension_mode":true,"campfire_choices":[{"data":"WheelKick","floor":6.0,"key":"SMITH"},{"data":"MentalFortress","floor":12.0,"key":"SMITH"},{"data":"CrushJoints","floor":15.0,"key":"SMITH"},{"data":"Adaptation","floor":23.0,"key":"SMITH"},{"floor":27.0,"key":"REST"},{"data":"InnerPeace","floor":32.0,"key":"SMITH"},{"data":"Tantrum","floor":40.0,"key":"SMITH"},{"floor":42.0,"key":"RECALL"},{"data":"Vigilance","floor":49.0,"key":"SMITH"},{"data":"Defend_P","floor":53,"key":"SMITH"}],"circlet_count":0,"master_deck":["AscendersBane","Strike_P","Strike_P","Defend_P+1","Defend_P","Eruption+1","Vigilance+1","Tantrum+1","WheelKick+1","InnerPeace+1","MentalFortress+1","CrushJoints+1","Scrawl+1","EmptyBody+1","Adaptation+1","Vault+1","Adaptation+1"],"relics":["HolyWater","Golden Idol","Regal Pillow","MealTicket","Toxic Egg 2","VioletLotus","Shuriken","TeardropLocket","CeramicFish","Omamori","Potion Belt","Boot","Orrery","Happy Flower"],"acts_visited":["Exordium","TheCity","TheBeyond","TheEnding"],"potions_floor_usage":[56,56,56,56],"damage_taken":[{"damage":7.0,"enemies":"Cultist","floor":1.0,"turns":5.0},{"damage":4.0,"enemies":"2 Louse","floor":2.0,"turns":4.0},{"damage":2.0,"enemies":"Jaw Worm","floor":3.0,"turns":5.0},{"damage":0.0,"enemies":"Looter","floor":5.0,"turns":1.0},{"damage":12.0,"enemies":"3 Sentries","floor":7.0,"turns":5.0},{"damage":0.0,"enemies":"Gremlin Gang","floor":8.0,"turns":3.0},{"damage":0.0,"enemies":"Lagavulin","floor":10.0,"turns":4.0},{"damage":8.0,"enemies":"Exordium Thugs","floor":11.0,"turns":3.0},{"damage":0.0,"enemies":"Gremlin Nob","floor":13.0,"turns":2.0},{"damage":7.0,"enemies":"Hexaghost","floor":16.0,"turns":7.0},{"damage":0.0,"enemies":"Chosen","floor":18.0,"turns":2.0},{"damage":11.0,"enemies":"Spheric Guardian","floor":19.0,"turns":3.0},{"damage":22.0,"enemies":"Shelled Parasite and Fungi","floor":20.0,"turns":3.0},{"damage":3.0,"enemies":"Chosen and Byrds","floor":24.0,"turns":4.0},{"damage":23.0,"enemies":"Slavers","floor":25.0,"turns":3.0},{"damage":0.0,"enemies":"Sentry and Sphere","floor":28.0,"turns":2.0},{"damage":0.0,"enemies":"Snake Plant","floor":29.0,"turns":2.0},{"damage":0.0,"enemies":"Book of Stabbing","floor":31.0,"turns":3.0},{"damage":0.0,"enemies":"Collector","floor":33.0,"turns":5.0},{"damage":0.0,"enemies":"3 Shapes","floor":35.0,"turns":4.0},{"damage":0.0,"enemies":"Orb Walker","floor":36.0,"turns":3.0},{"damage":0.0,"enemies":"Spire Growth","floor":39.0,"turns":3.0},{"damage":0.0,"enemies":"4 Shapes","floor":41.0,"turns":2.0},{"damage":0.0,"enemies":"Jaw Worm Horde","floor":44.0,"turns":2.0},{"damage":2.0,"enemies":"Maw","floor":45.0,"turns":5.0},{"damage":0.0,"enemies":"Nemesis","floor":47.0,"turns":3.0},{"damage":0.0,"enemies":"Writhing Mass","floor":48.0,"turns":3.0},{"damage":5,"enemies":"Time Eater","floor":50,"turns":5},{"damage":0,"enemies":"Donu and Deca","floor":51,"turns":3},{"damage":0,"enemies":"Shield and Spear","floor":55,"turns":3},{"damage":44,"enemies":"The Heart","floor":56,"turns":9}],"seed_played":"377823634889923252","potions_obtained":[{"floor":3.0,"key":"ColorlessPotion"},{"floor":5.0,"key":"ColorlessPotion"},{"floor":7.0,"key":"LiquidMemories"},{"floor":11.0,"key":"LiquidMemories"},{"floor":19.0,"key":"SkillPotion"},{"floor":24.0,"key":"SteroidPotion"},{"floor":28.0,"key":"BlessingOfTheForge"},{"floor":29.0,"key":"SteroidPotion"},{"floor":47.0,"key":"SteroidPotion"}],"is_trial":false,"path_per_floor":["M","M","M","?","M","R","E","M","T","E","M","R","E","?","R","B",null,"M","M","M","$","?","R","M","E","T","R","M","M","$","E","R","B",null,"M","M","?","$","M","R","M","R","T","M","M","?","E","M","R","B","B",null,"R","$","E","B",null],"character_chosen":"WATCHER","items_purchased":["Adaptation","Shuriken","Orrery","DuplicationPotion"],"campfire_rested":1,"item_purchase_floors":[21,21,54,54],"current_hp_per_floor":[54,50,48,48,48,48,36,36,36,36,28,28,28,28,28,21,52,52,41,19,34,34,34,31,8,8,41,41,41,56,56,56,56,61,61,61,61,62,62,62,62,62,62,62,60,60,60,60,60,55,55,60,60,62,62,18],"gold":181,"neow_bonus":"UPGRADE_CARD","is_daily":false,"chose_seed":false,"campfire_upgraded":8,"win_rate":0.0,"timestamp":1609244639,"path_taken":["M","M","M","?","M","R","E","M","T","E","M","R","E","?","R","BOSS","M","M","M","$","?","R","M","E","T","R","M","M","$","E","R","BOSS","M","M","?","$","?","R","M","R","T","M","M","?","E","M","R","BOSS","BOSS","R","$","E","BOSS"],"items_purchased_type":["Card","Relic","Relic","Potion"],"build_version":"2020-12-22","purchased_purges":4,"victory":true,"max_hp_per_floor":[68,68,68,62,62,62,62,62,62,62,62,62,62,62,62,62,62,62,62,62,62,62,62,62,62,62,62,62,62,62,62,62,62,62,62,62,62,62,62,62,62,62,62,62,62,62,62,62,62,62,62,62,62,62,62,62],"card_choices":[{"not_picked":["ClearTheMind","Nirvana","Crescendo"],"picked":"SKIP","floor":1.0},{"not_picked":["Indignation","MentalFortress"],"picked":"Tantrum","floor":2.0},{"not_picked":["TalkToTheHand","CutThroughFate"],"picked":"WheelKick","floor":3.0},{"not_picked":["SashWhip","FlyingSleeves"],"picked":"InnerPeace","floor":5.0},{"not_picked":["Crescendo","Vault"],"picked":"MentalFortress","floor":7.0},{"not_picked":["FollowUp","Protect","Vengeance"],"picked":"SKIP","floor":8.0},{"not_picked":["Wireheading","WindmillStrike","FlyingSleeves"],"picked":"SKIP","floor":10.0},{"not_picked":["Conclude","FollowUp","Tantrum"],"picked":"SKIP","floor":11.0},{"not_picked":["SashWhip","Evaluate+1"],"picked":"CrushJoints","floor":13.0},{"not_picked":["Judgement+1","DeusExMachina+1"],"picked":"Scrawl+1","floor":16.0},{"not_picked":["BowlingBash","PathToVictory+1","FollowUp+1"],"picked":"SKIP","floor":18.0},{"not_picked":["Evaluate+1","Prostrate+1","Worship+1"],"picked":"SKIP","floor":19.0},{"not_picked":["CutThroughFate+1","Prostrate+1"],"picked":"EmptyBody+1","floor":20.0},{"not_picked":["EmptyFist","Consecrate","SpiritShield+1"],"picked":"SKIP","floor":24.0},{"not_picked":["BattleHymn","Vengeance+1","Weave"],"picked":"SKIP","floor":25.0},{"not_picked":["JustLucky","WindmillStrike","FollowUp"],"picked":"SKIP","floor":28.0},{"not_picked":["Protect+1","Halt+1","BowlingBash"],"picked":"SKIP","floor":29.0},{"not_picked":["Establishment","EmptyBody+1","ThirdEye+1"],"picked":"SKIP","floor":31.0},{"not_picked":["Devotion","Omniscience+1"],"picked":"Vault+1","floor":33.0},{"not_picked":["Consecrate","EmptyBody+1","Prostrate+1"],"picked":"SKIP","floor":35.0},{"not_picked":["LikeWater","WaveOfTheHand+1","CutThroughFate"],"picked":"SKIP","floor":36.0},{"not_picked":["EmptyFist+1","ForeignInfluence+1","ClearTheMind+1"],"picked":"SKIP","floor":39.0},{"not_picked":["Prostrate+1","PathToVictory+1","Halt+1"],"picked":"SKIP","floor":41.0},{"not_picked":["ConjureBlade+1","InnerPeace+1","FollowUp"],"picked":"SKIP","floor":44.0},{"not_picked":["PathToVictory+1","Vengeance+1","CrushJoints+1"],"picked":"SKIP","floor":45.0},{"not_picked":["Adaptation","Fasting2+1","BattleHymn"],"picked":"SKIP","floor":47.0},{"not_picked":["Conclude","Consecrate","ThirdEye+1"],"picked":"SKIP","floor":48.0},{"not_picked":["FlurryOfBlows","DeceiveReality+1","LikeWater"],"picked":"SKIP","floor":55}],"player_experience":2791217,"relics_obtained":[{"floor":7.0,"key":"Regal Pillow"},{"floor":10.0,"key":"MealTicket"},{"floor":13.0,"key":"Toxic Egg 2"},{"floor":25.0,"key":"TeardropLocket"},{"floor":26.0,"key":"CeramicFish"},{"floor":31.0,"key":"Omamori"},{"floor":43.0,"key":"Potion Belt"},{"floor":47.0,"key":"Boot"},{"floor":55,"key":"Happy Flower"}],"event_choices":[{"damage_healed":0.0,"max_hp_gain":0.0,"max_hp_loss":6.0,"gold_gain":0.0,"event_name":"Golden Idol","player_choice":"Lose Max HP","floor":4.0,"gold_loss":0.0,"damage_taken":0.0,"relics_obtained":["Golden Idol"]},{"damage_healed":0.0,"max_hp_gain":0.0,"max_hp_loss":0.0,"gold_gain":0.0,"event_name":"Liars Game","player_choice":"Ignored","floor":14.0,"gold_loss":0.0,"damage_taken":0.0},{"damage_healed":0.0,"max_hp_gain":0.0,"max_hp_loss":0.0,"gold_gain":275.0,"event_name":"Golden Shrine","player_choice":"Desecrate","floor":37.0,"gold_loss":0.0,"damage_taken":0.0,"cards_obtained":["Regret"]},{"damage_healed":0.0,"max_hp_gain":0.0,"max_hp_loss":0.0,"gold_gain":0.0,"event_name":"Duplicator","player_choice":"Copied","floor":46.0,"gold_loss":0.0,"damage_taken":0.0,"cards_obtained":["Adaptation"]}],"is_beta":false,"boss_relics":[{"not_picked":["Snecko Eye","Busted Crown"],"picked":"VioletLotus"},{"not_picked":["Tiny House","Philosopher\u0027s Stone"],"picked":"HolyWater"}],"items_purged_floors":[21,30,38,54],"is_endless":false,"potions_floor_spawned":[3,5,7,11,19,24,28,29,33,35,36,39,47],"ascension_level":20}}