{"host":"vfg9szunmpjwj08o","time":1609277858,"event":{"mods":["Act Like it!","BaseMod","Challenge The Spire","Colored Map","Colored Powertips","Minty Spire (QoL Compilation)","StSLib","Waifu the Spire"],"gold_per_floor":[113,288,305,305,161,195,195,206,231,241,256,331,358,375,375,375,375],"floor_reached":16,"playtime":663,"items_purged":["Doubt"],"score":192,"play_id":"6e9df153-53cc-4fb7-b969-164ab017ef32","local_time":"20201229223738","is_ascension_mode":true,"campfire_choices":[{"data":"Eruption","floor":7,"key":"SMITH"},{"floor":15,"key":"REST"}],"circlet_count":0,"master_deck":["Strike_P","Strike_P","Strike_P","Strike_P","Defend_P","Defend_P","Defend_P+1","Defend_P","Eruption+1","Vigilance+1","Weave","EmptyBody","Wireheading","Adaptation","CutThroughFate","EmptyMind","Vengeance","Halt"],"relics":["PureWater","NeowsBlessing","MealTicket","Centennial Puzzle","Art of War"],"acts_visited":["Exordium"],"potions_floor_usage":[11,13,14,16],"damage_taken":[{"damage":0,"enemies":"2 Louse","floor":1,"turns":1},{"damage":0,"enemies":"Jaw Worm","floor":3,"turns":1},{"damage":0,"enemies":"3 Sentries","floor":6,"turns":2},{"damage":0,"enemies":"Small Slimes","floor":8,"turns":3},{"damage":9,"enemies":"3 Louse","floor":10,"turns":4},{"damage":8,"enemies":"Blue Slaver","floor":11,"turns":4},{"damage":11,"enemies":"Gremlin Nob","floor":13,"turns":3},{"damage":15,"enemies":"Gremlin Gang","floor":14,"turns":3},{"damage":28,"enemies":"Hexaghost","floor":16,"turns":10}],"seed_played":"841202891740402078","potions_obtained":[{"floor":1,"key":"AttackPotion"},{"floor":3,"key":"FearPotion"},{"floor":11,"key":"Fruit Juice"},{"floor":14,"key":"Weak Potion"}],"is_trial":false,"path_per_floor":["M","?","M","?","$","E","R","M","T","M","M","?","E","M","R","B"],"character_chosen":"WATCHER","items_purchased":["Wireheading"],"campfire_rested":1,"item_purchase_floors":[5],"current_hp_per_floor":[65,65,65,51,51,51,51,51,51,42,39,28,17,2,25,0,0],"gold":375,"neow_bonus":"THREE_ENEMY_KILL","is_daily":false,"chose_seed":false,"campfire_upgraded":1,"win_rate":0.0,"timestamp":1609277858,"path_taken":["M","?","M","?","$","E","R","M","T","M","M","?","E","M","R","BOSS"],"items_purchased_type":["Card"],"build_version":"2020-12-22","purchased_purges":1,"victory":false,"max_hp_per_floor":[72,72,72,72,72,72,72,72,72,72,77,77,77,77,77,77,77],"card_choices":[{"not_picked":["CarveReality","Conclude"],"picked":"Weave","floor":1},{"not_picked":["SashWhip","BowlingBash"],"picked":"EmptyBody","floor":3},{"not_picked":["ClearTheMind","ReachHeaven"],"picked":"Adaptation","floor":6},{"not_picked":["Consecrate","ClearTheMind","Evaluate"],"picked":"SKIP","floor":8},{"not_picked":["Establishment","EmptyBody"],"picked":"CutThroughFate","floor":10},{"not_picked":["EmptyFist","CrushJoints"],"picked":"EmptyMind","floor":11},{"not_picked":["Indignation","LikeWater"],"picked":"Vengeance","floor":13},{"not_picked":["Crescendo","SashWhip"],"picked":"Halt","floor":14}],"player_experience":1015377,"relics_obtained":[{"floor":6,"key":"MealTicket"},{"floor":9,"key":"Centennial Puzzle"},{"floor":13,"key":"Art of War"}],"event_choices":[{"damage_healed":0,"gold_gain":175,"player_choice":"AGREE","damage_taken":0,"max_hp_gain":0,"max_hp_loss":0,"event_name":"Liars Game","floor":2,"gold_loss":0,"cards_obtained":["Doubt"]},{"damage_healed":0,"gold_gain":0,"player_choice":"Entered Light","damage_taken":14,"max_hp_gain":0,"max_hp_loss":0,"event_name":"Shining Light","floor":4,"gold_loss":0,"cards_upgraded":["Vigilance","Defend_P"]},{"damage_healed":0,"gold_gain":75,"player_choice":"Gather Gold","damage_taken":11,"max_hp_gain":0,"max_hp_loss":0,"event_name":"World of Goop","floor":12,"gold_loss":0}],"is_beta":false,"boss_relics":[],"items_purged_floors":[5],"is_endless":false,"potions_floor_spawned":[1,3,11,14],"killed_by":"Hexaghost","ascension_level":8}}