{"host":"m6aaltr68g9tvoay","time":1609210474,"event":{"mods":["AchievementEnabler","BaseMod","Colored Map","Minty Spire (QoL Compilation)","StSLib"],"gold_per_floor":[110,125,125,135,147,147,18,37,37,37,52,69,69,69,69,141,141,156,166,184,99,125,125,141,141,141,141,171,183,183,183],"floor_reached":30,"playtime":917,"items_purged":["Pain"],"score":464,"play_id":"dd8539cd-ef4d-47dc-81a2-5588ec6f2c66","local_time":"20201228185434","is_ascension_mode":true,"campfire_choices":[{"data":"Spot Weakness","floor":6.0,"key":"SMITH"},{"floor":13.0,"key":"REST"},{"data":"Uppercut","floor":15.0,"key":"SMITH"},{"floor":23.0,"key":"REST"},{"floor":25.0,"key":"REST"},{"floor":27.0,"key":"REST"}],"circlet_count":0,"master_deck":["AscendersBane","Strike_R","Strike_R","Strike_R","Strike_R","Strike_R","Defend_R","Defend_R","Defend_R","Defend_R","Bash","Shrug It Off","Uppercut+1","Body Slam","Spot Weakness+1","Cleave","Twin Strike","Feel No Pain","Fire Breathing","Feed","Limit Break","Thunderclap","Flame Barrier"],"relics":["Burning Blood","NeowsBlessing","WarpedTongs","Pocketwatch","Busted Crown","The Courier","Orichalcum","Paper Frog","StrikeDummy"],"acts_visited":["Exordium","TheCity"],"potions_floor_usage":[30,30],"damage_taken":[{"damage":0.0,"enemies":"Jaw Worm","floor":1.0,"turns":1.0},{"damage":0.0,"enemies":"Cultist","floor":2.0,"turns":1.0},{"damage":2.0,"enemies":"Small Slimes","floor":4.0,"turns":1.0},{"damage":13.0,"enemies":"2 Fungi Beasts","floor":5.0,"turns":4.0},{"damage":32.0,"enemies":"Gremlin Gang","floor":8.0,"turns":5.0},{"damage":1.0,"enemies":"Blue Slaver","floor":11.0,"turns":3.0},{"damage":17.0,"enemies":"Exordium Wildlife","floor":12.0,"turns":5.0},{"damage":9.0,"enemies":"The Guardian","floor":16.0,"turns":10.0},{"damage":44.0,"enemies":"3 Byrds","floor":18.0,"turns":9.0},{"damage":20.0,"enemies":"2 Thieves","floor":19.0,"turns":4.0},{"damage":19.0,"enemies":"Snecko","floor":20.0,"turns":4.0},{"damage":30.0,"enemies":"Snake Plant","floor":24.0,"turns":3.0},{"damage":51.0,"enemies":"Book of Stabbing","floor":28.0,"turns":6.0},{"damage":7.0,"enemies":"Cultist and Chosen","floor":29.0,"turns":4.0},{"damage":17,"enemies":"Centurion and Healer","floor":30,"turns":2}],"seed_played":"-595278518772438524","potions_obtained":[{"floor":1.0,"key":"BloodPotion"},{"floor":11.0,"key":"LiquidMemories"},{"floor":12.0,"key":"HeartOfIron"},{"floor":18.0,"key":"Swift Potion"},{"floor":20.0,"key":"GamblersBrew"},{"floor":29.0,"key":"DuplicationPotion"}],"is_trial":false,"path_per_floor":["M","M","?","M","M","R","$","M","T","?","M","M","R","?","R","B",null,"M","M","M","?","T","R","M","R","T","R","E","M","M"],"character_chosen":"IRONCLAD","items_purchased":["Cleave"],"campfire_rested":4,"item_purchase_floors":[7],"current_hp_per_floor":[74,75,75,75,68,68,68,42,42,37,42,46,68,68,68,65,73,39,25,12,12,12,35,11,34,34,57,12,15,0,0],"gold":183,"neow_bonus":"THREE_ENEMY_KILL","is_daily":false,"chose_seed":false,"campfire_upgraded":2,"win_rate":0.0,"timestamp":1609210474,"path_taken":["M","M","?","?","M","R","$","M","T","?","M","M","R","?","R","BOSS","M","?","M","?","?","R","M","R","T","R","E","M","M"],"items_purchased_type":["Card"],"build_version":"2020-12-22","purchased_purges":1,"victory":false,"max_hp_per_floor":[75,75,75,75,75,75,75,75,75,75,75,75,75,75,75,75,75,79,79,79,79,79,79,79,79,79,79,79,83,83,83],"card_choices":[{"not_picked":["Bloodletting","Battle Trance"],"picked":"Shrug It Off","floor":1.0},{"not_picked":["True Grit","Burning Pact"],"picked":"Uppercut","floor":2.0},{"not_picked":["Heavy Blade","Clothesline"],"picked":"Body Slam","floor":4.0},{"not_picked":["Headbutt","Perfected Strike"],"picked":"Spot Weakness","floor":5.0},{"not_picked":["Pommel Strike","Sword Boomerang"],"picked":"Twin Strike","floor":8.0},{"not_picked":["Bloodletting","Heavy Blade"],"picked":"Feel No Pain","floor":11.0},{"not_picked":["Shockwave","Metallicize"],"picked":"Fire Breathing","floor":12.0},{"not_picked":["Reaper","Demon Form"],"picked":"Limit Break","floor":16.0},{"not_picked":["Combust"],"picked":"SKIP","floor":18.0},{"not_picked":[],"picked":"Thunderclap","floor":19.0},{"not_picked":["Body Slam"],"picked":"SKIP","floor":20.0},{"not_picked":[],"picked":"Flame Barrier","floor":24.0},{"not_picked":["Pommel Strike"],"picked":"SKIP","floor":28.0},{"not_picked":["Inflame"],"picked":"SKIP","floor":29.0}],"player_experience":1315485,"relics_obtained":[{"floor":22.0,"key":"Orichalcum"},{"floor":26.0,"key":"Paper Frog"},{"floor":28.0,"key":"StrikeDummy"}],"event_choices":[{"damage_healed":0.0,"max_hp_gain":0.0,"max_hp_loss":0.0,"gold_gain":0.0,"event_name":"Accursed Blacksmith","player_choice":"Rummage","floor":3.0,"gold_loss":0.0,"damage_taken":0.0,"relics_obtained":["WarpedTongs"],"cards_obtained":["Pain"]},{"damage_healed":0.0,"max_hp_gain":0.0,"max_hp_loss":0.0,"gold_gain":0.0,"event_name":"Scrap Ooze","player_choice":"Success","floor":10.0,"gold_loss":0.0,"damage_taken":5.0,"relics_obtained":["Pocketwatch"]},{"damage_healed":0.0,"max_hp_gain":0.0,"max_hp_loss":0.0,"gold_gain":0.0,"event_name":"Match and Keep!","player_choice":"1 cards matched","floor":14.0,"gold_loss":0.0,"damage_taken":0.0,"cards_obtained":["Feed"]},{"damage_healed":0.0,"max_hp_gain":0.0,"max_hp_loss":0.0,"gold_gain":0.0,"event_name":"Addict","player_choice":"Obtained Relic","floor":21.0,"gold_loss":85.0,"damage_taken":0.0,"relics_obtained":["The Courier"]}],"is_beta":false,"boss_relics":[{"not_picked":["Philosopher\u0027s Stone","Velvet Choker"],"picked":"Busted Crown"}],"items_purged_floors":[7],"is_endless":false,"potions_floor_spawned":[1,11,12,18,20,29],"killed_by":"Centurion and Healer","ascension_level":18}}