{"host":"sc0o2qwpf9j16a4i","time":1609284530,"event":{"mods":["AchievementEnabler","BaseMod","BetterRewards","Block Reminder","Colored Map","Colored Powertips","Custom Start","Highlight Path","Minty Spire (QoL Compilation)","Relic Stats"],"gold_per_floor":[110,110,110,20,20,20,7,42,42,59,77,109,109,9,9,86,86,97,108,108,122,122,122,156,156,210,210,5,22,72,100,100,175,175,188,205,224,275,275,275,255,282,282,316,219,236,262,273,273,273,273,273,85,125,125],"floor_reached":56,"playtime":1883,"items_purged":["Strike_P","Strike_P","Strike_P+1","Defend_P+1"],"score":3009,"play_id":"a50c5747-9087-4ac6-8beb-2ba362e4ef0a","local_time":"20201230012850","is_ascension_mode":true,"campfire_choices":[{"floor":6,"key":"REST"},{"data":"BowlingBash","floor":13,"key":"SMITH"},{"data":"FlyingSleeves","floor":15,"key":"SMITH"},{"floor":23,"key":"REST"},{"data":"LikeWater","floor":25,"key":"SMITH"},{"data":"SandsOfTime","floor":27,"key":"SMITH"},{"floor":32,"key":"REST"},{"floor":40,"key":"RECALL"},{"floor":49,"key":"REST"},{"data":"Ragnarok","floor":52,"key":"SMITH"}],"circlet_count":0,"master_deck":["AscendersBane","Strike_P+1","Defend_P+1","Defend_P+1","Eruption","Vigilance","Alpha+1","Adaptation","Protect","LikeWater+1","Crescendo","BowlingBash+1","FlyingSleeves+1","Meditate","Vault","Omniscience","ClearTheMind","SandsOfTime+1","Fasting2","Protect","SpiritShield","Wallop","Crescendo","Ragnarok+1","Indignation","SandsOfTime","WaveOfTheHand","Worship+1","Apotheosis","FearNoEvil+1"],"relics":["PureWater","Dead Branch","Omamori","Sling","Membership Card","Gremlin Horn","Happy Flower","Nunchaku","CaptainsWheel","TungstenRod","Ancient Tea Set","Snecko Eye","Incense Burner","Bronze Scales","ClockworkSouvenir","Oddly Smooth Stone","Du-Vu Doll","VioletLotus","Thread and Needle","Art of War","CeramicFish","Kunai"],"acts_visited":["Exordium","TheCity","TheBeyond","TheEnding"],"potions_floor_usage":[12,33,38,42,50,55,55],"damage_taken":[{"damage":0,"enemies":"Small Slimes","floor":1,"turns":3},{"damage":0,"enemies":"Lagavulin","floor":8,"turns":4},{"damage":2,"enemies":"Jaw Worm","floor":10,"turns":3},{"damage":0,"enemies":"Cultist","floor":11,"turns":3},{"damage":10,"enemies":"3 Sentries","floor":12,"turns":4},{"damage":0,"enemies":"Slime Boss","floor":16,"turns":3},{"damage":0,"enemies":"3 Byrds","floor":18,"turns":4},{"damage":15,"enemies":"2 Thieves","floor":19,"turns":5},{"damage":8,"enemies":"Centurion and Healer","floor":21,"turns":4},{"damage":0,"enemies":"Slavers","floor":24,"turns":2},{"damage":12,"enemies":"Shelled Parasite and Fungi","floor":29,"turns":2},{"damage":0,"enemies":"Gremlin Leader","floor":31,"turns":5},{"damage":0,"enemies":"Collector","floor":33,"turns":3},{"damage":0,"enemies":"3 Shapes","floor":35,"turns":4},{"damage":0,"enemies":"Orb Walker","floor":36,"turns":2},{"damage":0,"enemies":"Transient","floor":37,"turns":7},{"damage":0,"enemies":"2 Orb Walkers","floor":38,"turns":2},{"damage":22,"enemies":"Nemesis","floor":42,"turns":6},{"damage":0,"enemies":"Reptomancer","floor":44,"turns":2},{"damage":0,"enemies":"Maw","floor":46,"turns":4},{"damage":0,"enemies":"Jaw Worm Horde","floor":47,"turns":3},{"damage":10,"enemies":"Sphere and 2 Shapes","floor":48,"turns":7},{"damage":9,"enemies":"Time Eater","floor":50,"turns":7},{"damage":0,"enemies":"Shield and Spear","floor":54,"turns":4},{"damage":34,"enemies":"The Heart","floor":55,"turns":7}],"seed_played":"-6458176565681571579","potions_obtained":[{"floor":10,"key":"ColorlessPotion"},{"floor":16,"key":"SpeedPotion"},{"floor":19,"key":"SmokeBomb"},{"floor":24,"key":"PowerPotion"},{"floor":33,"key":"PowerPotion"},{"floor":36,"key":"CultistPotion"},{"floor":41,"key":"StancePotion"},{"floor":44,"key":"SteroidPotion"}],"is_trial":false,"path_per_floor":["M","?","?","$","?","R","$","E","T","M","M","E","R","$","R","B",null,"M","M","?","M","?","R","E","R","T","R","$","M","?","E","R","B",null,"M","M","M","?","?","R","?","E","T","E","$","M","M","M","R","B",null,"R","$","E","B",null],"character_chosen":"WATCHER","items_purchased":["Dead Branch","Omamori","Sling","Membership Card","Gremlin Horn","Happy Flower","Alpha","Adaptation","LikeWater","Crescendo","Ancient Tea Set","Halt","ClockworkSouvenir","Oddly Smooth Stone","Fasting2","WaveOfTheHand","Apotheosis","SteroidPotion"],"campfire_rested":4,"item_purchase_floors":[0,0,0,0,0,0,0,0,4,7,14,14,28,28,28,45,53,53],"current_hp_per_floor":[23,45,45,45,38,58,58,58,58,56,56,46,46,46,46,46,63,63,48,48,40,40,60,60,60,60,60,60,48,48,48,68,68,68,68,68,68,68,68,68,68,46,46,46,46,46,46,36,56,47,63,63,63,63,29],"gold":125,"neow_bonus":"","is_daily":false,"chose_seed":false,"campfire_upgraded":5,"win_rate":0.0,"timestamp":1609284530,"path_taken":["M","?","?","$","?","R","?","E","T","M","?","E","R","$","R","BOSS","M","M","?","M","?","R","E","R","T","R","$","M","?","E","R","BOSS","M","M","M","?","?","R","?","E","T","E","$","M","?","M","R","BOSS","R","$","E","BOSS"],"items_purchased_type":["Relic","Relic","Relic","Relic","Relic","Relic","Card","Card","Card","Card","Relic","Card","Relic","Relic","Card","Card","Card","Potion"],"build_version":"2020-12-22","purchased_purges":4,"victory":true,"max_hp_per_floor":[68,68,68,68,68,68,68,68,68,68,68,68,68,68,68,68,68,68,68,68,68,68,68,68,68,68,68,68,68,68,68,68,68,68,68,68,68,68,68,68,68,68,68,68,68,68,68,68,68,68,68,68,68,68,68],"relic_stats":{"Gremlin Horn":[24,24],"Happy Flower":[73],"counters":[74,327],"Dead Branch":[181],"CeramicFish":45,"Nunchaku":[13],"Bronze Scales":[184],"Snecko Eye":[131,147,131,139],"VioletLotus":[20],"Art of War":[8],"Kunai":[1],"obtain_stats":[{"Gremlin Horn":0,"CeramicFish":44,"Vajra":9,"Whetstone":26,"Sling":0,"Blood Vial":24,"Centennial Puzzle":9,"Lizard Tail":25,"Sundial":11,"Strawberry":14,"Philosopher\u0027s Stone":17,"MealTicket":11,"VioletLotus":0,"Fusion Hammer":34,"Kunai":54,"Pear":7,"Happy Flower":0,"Astrolabe":17,"Dead Branch":38,"Oddly Smooth Stone":28,"Pen Nib":21,"War Paint":20,"Du-Vu Doll":31,"SlaversCollar":34,"Shuriken":7,"MutagenicStrength":29,"Bird Faced Urn":41,"Bronze Scales":26,"Snecko Eye":17,"Molten Egg 2":0,"Lantern":0,"StoneCalendar":23,"Incense Burner":24,"Ancient Tea Set":14,"ClockworkSouvenir":28,"Dream Catcher":13,"Nunchaku":8,"Mummified Hand":20,"Pantograph":9,"Tiny Chest":8,"Lee\u0027s Waffle":22,"Golden Idol":4,"Thread and Needle":0,"PreservedInsect":29,"Omamori":0,"GoldenEye":37,"CaptainsWheel":9,"Bag of Marbles":27,"Art of War":42,"Membership Card":12,"PureWater":0,"Toy Ornithopter":0,"TungstenRod":12},{"Gremlin Horn":49,"CeramicFish":68,"Vajra":16,"Whetstone":42,"Sling":49,"Blood Vial":22,"Centennial Puzzle":34,"Lizard Tail":42,"Sundial":36,"Strawberry":38,"Philosopher\u0027s Stone":8,"MealTicket":17,"VioletLotus":0,"Fusion Hammer":27,"Kunai":73,"Pear":4,"Happy Flower":30,"Astrolabe":20,"Dead Branch":29,"Oddly Smooth Stone":59,"Pen Nib":21,"War Paint":10,"Du-Vu Doll":61,"SlaversCollar":45,"Shuriken":34,"MutagenicStrength":43,"Bird Faced Urn":48,"Bronze Scales":59,"Snecko Eye":55,"Molten Egg 2":12,"Lantern":30,"StoneCalendar":41,"Incense Burner":59,"Ancient Tea Set":54,"ClockworkSouvenir":59,"Dream Catcher":7,"Nunchaku":51,"Mummified Hand":21,"Pantograph":5,"Tiny Chest":16,"Lee\u0027s Waffle":40,"Golden Idol":14,"Thread and Needle":30,"PreservedInsect":24,"Omamori":49,"GoldenEye":48,"CaptainsWheel":51,"Bag of Marbles":23,"Art of War":67,"Membership Card":36,"PureWater":0,"Toy Ornithopter":30,"TungstenRod":54},{"Gremlin Horn":227,"CeramicFish":295,"Vajra":59,"Whetstone":183,"Sling":227,"Blood Vial":80,"Centennial Puzzle":125,"Lizard Tail":183,"Sundial":134,"Strawberry":145,"Philosopher\u0027s Stone":33,"MealTicket":62,"VioletLotus":0,"Fusion Hammer":100,"Kunai":320,"Pear":16,"Happy Flower":107,"Astrolabe":74,"Dead Branch":104,"Oddly Smooth Stone":262,"Pen Nib":77,"War Paint":42,"Du-Vu Doll":269,"SlaversCollar":204,"Shuriken":125,"MutagenicStrength":189,"Bird Faced Urn":216,"Bronze Scales":262,"Snecko Eye":247,"Molten Egg 2":48,"Lantern":107,"StoneCalendar":176,"Incense Burner":262,"Ancient Tea Set":244,"ClockworkSouvenir":262,"Dream Catcher":27,"Nunchaku":234,"Mummified Hand":77,"Pantograph":20,"Tiny Chest":59,"Lee\u0027s Waffle":166,"Golden Idol":54,"Thread and Needle":107,"PreservedInsect":87,"Omamori":227,"GoldenEye":216,"CaptainsWheel":234,"Bag of Marbles":84,"Art of War":293,"Membership Card":134,"PureWater":0,"Toy Ornithopter":107,"TungstenRod":244}],"TungstenRod":17},"card_choices":[{"not_picked":["FlurryOfBlows","Halt"],"picked":"Protect","floor":1},{"not_picked":["ForeignInfluence","CrushJoints"],"picked":"BowlingBash","floor":8},{"not_picked":["Halt","Evaluate"],"picked":"FlyingSleeves","floor":10},{"not_picked":["Adaptation","Wireheading"],"picked":"Meditate","floor":11},{"not_picked":["Collect","SashWhip","CrushJoints"],"picked":"SKIP","floor":12},{"not_picked":["Ragnarok","ConjureBlade"],"picked":"Vault","floor":16},{"not_picked":["FlyingSleeves","BowlingBash","Halt"],"picked":"SKIP","floor":18},{"not_picked":["Crescendo","Weave"],"picked":"Omniscience","floor":19},{"not_picked":["Conclude","Crescendo"],"picked":"ClearTheMind","floor":21},{"not_picked":["CrushJoints","Vengeance"],"picked":"SandsOfTime","floor":24},{"not_picked":["CutThroughFate","Study","Pray"],"picked":"SKIP","floor":29},{"not_picked":["Evaluate","WindmillStrike"],"picked":"Protect","floor":31},{"not_picked":["ConjureBlade","Scrawl"],"picked":"SpiritShield","floor":33},{"not_picked":["Wallop","EmptyFist","Protect"],"picked":"SKIP","floor":35},{"not_picked":["EmptyFist","Protect"],"picked":"Wallop","floor":35},{"not_picked":["Perseverance","SashWhip+1"],"picked":"Crescendo","floor":36},{"not_picked":["Halt","ClearTheMind"],"picked":"Ragnarok","floor":37},{"not_picked":["FlurryOfBlows","FollowUp"],"picked":"Indignation","floor":38},{"not_picked":["Crescendo","Halt+1","FollowUp"],"picked":"SKIP","floor":42},{"not_picked":["Crescendo","Conclude"],"picked":"SandsOfTime","floor":44},{"not_picked":["Evaluate","Tantrum","BowlingBash+1"],"picked":"SKIP","floor":46},{"not_picked":["WindmillStrike+1","Fasting2"],"picked":"Worship+1","floor":47},{"not_picked":["PathToVictory","Worship","FollowUp"],"picked":"SKIP","floor":48},{"not_picked":["Consecrate","Indignation"],"picked":"FearNoEvil+1","floor":54}],"player_experience":423392,"relics_obtained":[{"floor":8,"key":"Nunchaku"},{"floor":9,"key":"CaptainsWheel"},{"floor":12,"key":"TungstenRod"},{"floor":24,"key":"Incense Burner"},{"floor":26,"key":"Bronze Scales"},{"floor":31,"key":"Du-Vu Doll"},{"floor":38,"key":"Thread and Needle"},{"floor":42,"key":"Art of War"},{"floor":44,"key":"CeramicFish"},{"floor":54,"key":"Kunai"}],"event_choices":[{"damage_healed":22,"gold_gain":0,"player_choice":"Banana","damage_taken":0,"max_hp_gain":0,"max_hp_loss":0,"event_name":"Big Fish","floor":2,"gold_loss":0},{"damage_healed":0,"gold_gain":0,"player_choice":"Grow","damage_taken":0,"max_hp_gain":0,"max_hp_loss":0,"event_name":"Living Wall","floor":3,"gold_loss":0,"cards_upgraded":["Alpha"]},{"cards_removed":["Defend_P"],"damage_healed":0,"gold_gain":0,"player_choice":"Card Removal","damage_taken":7,"max_hp_gain":0,"max_hp_loss":0,"event_name":"Golden Wing","floor":5,"gold_loss":0},{"damage_healed":0,"gold_gain":0,"player_choice":"Ignored","damage_taken":0,"max_hp_gain":0,"max_hp_loss":0,"event_name":"Vampires","floor":20,"gold_loss":0},{"damage_healed":0,"gold_gain":0,"player_choice":"Simplicity","damage_taken":0,"max_hp_gain":0,"max_hp_loss":0,"event_name":"Back to Basics","floor":22,"gold_loss":0,"cards_upgraded":["Strike_P","Strike_P","Defend_P","Defend_P","Defend_P"]},{"damage_healed":0,"gold_gain":50,"player_choice":"Stole From Cult","damage_taken":0,"max_hp_gain":0,"max_hp_loss":0,"event_name":"Nest","floor":30,"gold_loss":0},{"damage_healed":0,"gold_gain":0,"player_choice":"Fight","damage_taken":0,"max_hp_gain":0,"max_hp_loss":0,"event_name":"Mysterious Sphere","floor":38,"gold_loss":0},{"cards_removed":["Halt"],"damage_healed":0,"gold_gain":0,"player_choice":"Removed Skill","damage_taken":0,"max_hp_gain":0,"max_hp_loss":0,"event_name":"Falling","floor":39,"gold_loss":0},{"damage_healed":0,"gold_gain":0,"player_choice":"Bought 1 Potion","damage_taken":0,"max_hp_gain":0,"max_hp_loss":0,"event_name":"The Woman in Blue","floor":41,"gold_loss":0}],"is_beta":false,"boss_relics":[{"not_picked":["Velvet Choker","Black Star"],"picked":"Snecko Eye"},{"not_picked":["HolyWater","Coffee Dripper"],"picked":"VioletLotus"}],"items_purged_floors":[0,4,45,53],"is_endless":false,"potions_floor_spawned":[10,16,19,24,29,33,36,37,44,47,48],"ascension_level":18}}