{"host":"qc268ltokmxwqyrx","time":1609207286,"event":{"mods":["BaseMod","Colored Map","Colored Powertips","Minty Spire (QoL Compilation)","Relic Stats","Slay the Relics Exporter","StSLib","ojb\u0027s Info Mod"],"gold_per_floor":[111,121,121,141,159,193,193,220,275,275,12,12,44,60,60,60,60],"floor_reached":16,"playtime":869,"items_purged":[],"score":240,"play_id":"0ea16224-ac54-4b3d-898f-fe31c59a8efb","local_time":"20201228200126","is_ascension_mode":true,"campfire_choices":[{"floor":7.0,"key":"REST"},{"data":"Bouncing Flask","floor":15.0,"key":"SMITH"}],"circlet_count":0,"master_deck":["AscendersBane","Strike_G","Strike_G","Strike_G","Strike_G","Defend_G+1","Defend_G","Defend_G","Defend_G","Defend_G+1","Survivor","Neutralize","Dash","Quick Slash","Tactician","Bouncing Flask+1","Dagger Spray","Dagger Throw","Dagger Throw+1","Prepared"],"relics":["Philosopher\u0027s Stone","Anchor","Molten Egg 2","PreservedInsect","Ornamental Fan","War Paint","Incense Burner"],"acts_visited":["Exordium"],"potions_floor_usage":[16],"damage_taken":[{"damage":9.0,"enemies":"2 Louse","floor":1.0,"turns":4.0},{"damage":0.0,"enemies":"Cultist","floor":2.0,"turns":4.0},{"damage":0.0,"enemies":"Small Slimes","floor":4.0,"turns":4.0},{"damage":11.0,"enemies":"Exordium Thugs","floor":5.0,"turns":6.0},{"damage":28.0,"enemies":"Gremlin Nob","floor":6.0,"turns":4.0},{"damage":23.0,"enemies":"Lagavulin","floor":8.0,"turns":6.0},{"damage":3.0,"enemies":"3 Sentries","floor":13.0,"turns":4.0},{"damage":0.0,"enemies":"Large Slime","floor":14.0,"turns":8.0},{"damage":35,"enemies":"Slime Boss","floor":16,"turns":5}],"seed_played":"5340977954766740214","potions_obtained":[{"floor":1.0,"key":"EntropicBrew"},{"floor":6.0,"key":"FairyPotion"},{"floor":13.0,"key":"SkillPotion"}],"is_trial":false,"path_per_floor":["M","M","?","M","M","E","R","E","T","?","$","?","E","M","R","B"],"character_chosen":"THE_SILENT","items_purchased":["Ornamental Fan"],"campfire_rested":1,"item_purchase_floors":[11],"current_hp_per_floor":[50,50,50,50,39,11,30,7,7,7,7,7,4,4,4,0,0],"gold":60,"neow_bonus":"BOSS_RELIC","is_daily":false,"chose_seed":false,"campfire_upgraded":1,"win_rate":0.0,"timestamp":1609207286,"path_taken":["M","M","?","?","M","E","R","E","T","?","$","?","E","M","R","BOSS"],"items_purchased_type":["Relic"],"build_version":"2020-12-22","purchased_purges":0,"victory":false,"max_hp_per_floor":[66,66,66,66,66,66,66,66,66,66,66,66,66,66,66,66,66],"relic_stats":{"counters":[9,45],"Ornamental Fan":[24],"PreservedInsect":33,"War Paint":["Defend_G","Defend_G"],"obtain_stats":[{"Anchor":6,"Ornamental Fan":11,"Philosopher\u0027s Stone":0,"Molten Egg 2":8,"PreservedInsect":9,"Incense Burner":13,"War Paint":12,"Ring of the Snake":0},{"Anchor":5,"Ornamental Fan":6,"Philosopher\u0027s Stone":0,"Molten Egg 2":6,"PreservedInsect":6,"Incense Burner":7,"War Paint":6,"Ring of the Snake":0},{"Anchor":22,"Ornamental Fan":28,"Philosopher\u0027s Stone":0,"Molten Egg 2":28,"PreservedInsect":28,"Incense Burner":32,"War Paint":28,"Ring of the Snake":0}]},"card_choices":[{"not_picked":["Cloak And Dagger","Quick Slash"],"picked":"Dash","floor":1.0},{"not_picked":["Outmaneuver","Expertise"],"picked":"Quick Slash","floor":2.0},{"not_picked":["Deadly Poison","Blur"],"picked":"Bouncing Flask","floor":4.0},{"not_picked":["Finisher","Underhanded Strike"],"picked":"Dagger Spray","floor":5.0},{"not_picked":["Cloak And Dagger","Flechettes"],"picked":"Dagger Throw","floor":6.0},{"not_picked":["Backflip","Tactician"],"picked":"Dagger Throw+1","floor":8.0},{"not_picked":["Bouncing Flask","Deadly Poison","Backflip"],"picked":"SKIP","floor":13.0},{"not_picked":["Caltrops","Deadly Poison"],"picked":"Prepared","floor":14.0}],"player_experience":1745846,"relics_obtained":[{"floor":6.0,"key":"Anchor"},{"floor":8.0,"key":"Molten Egg 2"},{"floor":9.0,"key":"PreservedInsect"},{"floor":12.0,"key":"War Paint"},{"floor":13.0,"key":"Incense Burner"}],"event_choices":[{"damage_healed":0.0,"max_hp_gain":0.0,"max_hp_loss":0.0,"gold_gain":0.0,"cards_transformed":["Strike_G"],"event_name":"Transmorgrifier","player_choice":"Transformed","floor":3.0,"gold_loss":0.0,"damage_taken":0.0,"cards_obtained":["Tactician"]},{"damage_healed":0.0,"max_hp_gain":0.0,"max_hp_loss":0.0,"gold_gain":0.0,"event_name":"Scrap Ooze","player_choice":"Fled","floor":10.0,"gold_loss":0.0,"damage_taken":0.0},{"damage_healed":0.0,"max_hp_gain":0.0,"max_hp_loss":0.0,"gold_gain":0.0,"event_name":"Wheel of Change","player_choice":"Relic","floor":12.0,"gold_loss":0.0,"damage_taken":0.0}],"is_beta":false,"boss_relics":[],"items_purged_floors":[],"is_endless":false,"potions_floor_spawned":[1,6,13,14],"killed_by":"Slime Boss","ascension_level":20}}