{"host":"3jjxuhjpio8e4zkv","time":1609216474,"event":{"mods":["BaseMod","Colored Map","Highlight Path","Minty Spire (QoL Compilation)","Permanent Neow","Relic Stats","StSLib"],"gold_per_floor":[11,31,31,56,56,97,117,142,223,223,10,41,56,95,95,197,197,230,1,25,46,55,55,95,10,19,59,59,193,241,274,274,376,685,700,272,292,321,196,241,241,91,125,125,125,125,157,201,201,201,201,201],"floor_reached":51,"playtime":1953,"items_purged":["Strike_R","Strike_R","Defend_R","Defend_R"],"score":1487,"play_id":"88d30801-d82c-4b04-8a2e-9e711094b547","local_time":"20201228233434","is_ascension_mode":true,"campfire_choices":[{"data":"Inflame","floor":10.0,"key":"SMITH"},{"floor":15.0,"key":"REST"},{"data":"Sadistic Nature","floor":23.0,"key":"SMITH"},{"data":"Disarm","floor":28.0,"key":"SMITH"},{"data":"1","floor":32.0,"key":"LIFT"},{"data":"2","floor":41,"key":"LIFT"},{"data":"3","floor":45,"key":"LIFT"},{"floor":49,"key":"RECALL"}],"circlet_count":0,"master_deck":["AscendersBane","Strike_R","Strike_R","Defend_R+1","Defend_R+1","Bash","Sadistic Nature+1","Inflame+1","Cleave","Clothesline","Feel No Pain","Anger","Twin Strike","Uppercut","Brutality","Reaper","Disarm+1","Dark Shackles","Fire Breathing+1","Shockwave","Bloodletting","Clumsy","Pommel Strike+1","Immolate+1","Dark Embrace","Limit Break","CurseOfTheBell","Ghostly Armor+1","Battle Trance+1","Normality","Iron Wave+1","Corruption"],"relics":["Burning Blood","Golden Idol","Du-Vu Doll","Odd Mushroom","Ornamental Fan","Vajra","MealTicket","CeramicFish","Cursed Key","Regal Pillow","Meat on the Bone","War Paint","FossilizedHelix","Girya","Molten Egg 2","Ginger","Calling Bell","Orichalcum","Pantograph","Old Coin","Incense Burner","Charon\u0027s Ashes","Lantern"],"acts_visited":["Exordium","TheCity","TheBeyond"],"potions_floor_usage":[33,33,33,50,51],"damage_taken":[{"damage":9.0,"enemies":"Small Slimes","floor":1.0,"turns":5.0},{"damage":10.0,"enemies":"2 Louse","floor":2.0,"turns":4.0},{"damage":9.0,"enemies":"Jaw Worm","floor":4.0,"turns":4.0},{"damage":24.0,"enemies":"Gremlin Nob","floor":6.0,"turns":4.0},{"damage":20.0,"enemies":"Lots of Slimes","floor":7.0,"turns":3.0},{"damage":7.0,"enemies":"The Mushroom Lair","floor":8.0,"turns":2.0},{"damage":10.0,"enemies":"3 Sentries","floor":12.0,"turns":6.0},{"damage":0.0,"enemies":"3 Louse","floor":13.0,"turns":2.0},{"damage":15.0,"enemies":"Lagavulin","floor":14.0,"turns":4.0},{"damage":25.0,"enemies":"The Guardian","floor":16.0,"turns":8.0},{"damage":26.0,"enemies":"3 Byrds","floor":18.0,"turns":4.0},{"damage":20.0,"enemies":"2 Thieves","floor":20.0,"turns":5.0},{"damage":25.0,"enemies":"Centurion and Healer","floor":21.0,"turns":7.0},{"damage":32.0,"enemies":"Slavers","floor":24.0,"turns":5.0},{"damage":35.0,"enemies":"Book of Stabbing","floor":27.0,"turns":6.0},{"damage":25.0,"enemies":"Colosseum Slavers","floor":29.0,"turns":4.0},{"damage":29.0,"enemies":"Colosseum Nobs","floor":29.0,"turns":6.0},{"damage":25.0,"enemies":"Gremlin Leader","floor":30.0,"turns":5.0},{"damage":12.0,"enemies":"Shelled Parasite and Fungi","floor":31.0,"turns":4.0},{"damage":59,"enemies":"Collector","floor":33,"turns":7},{"damage":0,"enemies":"3 Shapes","floor":35,"turns":1},{"damage":2,"enemies":"Orb Walker","floor":37,"turns":3},{"damage":7,"enemies":"Sphere and 2 Shapes","floor":38,"turns":4},{"damage":9,"enemies":"Giant Head","floor":40,"turns":6},{"damage":8,"enemies":"4 Shapes","floor":47,"turns":4},{"damage":7,"enemies":"Reptomancer","floor":48,"turns":4},{"damage":22,"enemies":"Time Eater","floor":50,"turns":8},{"damage":69,"enemies":"Awakened One","floor":51,"turns":10}],"seed_played":"4057273847068669702","potions_obtained":[{"floor":4.0,"key":"Explosive Potion"},{"floor":7.0,"key":"SkillPotion"},{"floor":13.0,"key":"DistilledChaos"},{"floor":14.0,"key":"SneckoOil"},{"floor":18.0,"key":"Strength Potion"},{"floor":21.0,"key":"FearPotion"},{"floor":24.0,"key":"EntropicBrew"},{"floor":30.0,"key":"EntropicBrew"},{"floor":31.0,"key":"Dexterity Potion"},{"floor":38,"key":"SneckoOil"},{"floor":40,"key":"EntropicBrew"}],"is_trial":false,"path_per_floor":["M","M","?","M","?","E","M","?","T","R","$","E","M","E","R","B",null,"M","$","M","M","?","R","E","?","T","E","R","?","E","M","R","B",null,"M","$","M","M","$","E","R","$","T","T","R","$","M","E","R","B","B"],"character_chosen":"IRONCLAD","items_purchased":["Vajra","SkillPotion","Dark Shackles","Weak Potion","Incense Burner"],"campfire_rested":1,"item_purchase_floors":[11,11,19,19,36],"current_hp_per_floor":[65,61,61,58,51,33,19,18,18,18,18,14,20,11,31,12,54,48,63,61,60,60,60,60,60,60,41,41,45,54,59,59,27,58,64,68,68,67,68,68,68,68,68,68,68,68,66,68,68,68,0,0],"gold":201,"neow_bonus":"RANDOM_COLORLESS_2","is_daily":false,"chose_seed":false,"campfire_upgraded":3,"win_rate":0.0,"timestamp":1609216474,"path_taken":["M","M","?","M","?","E","M","?","T","R","$","E","?","E","R","BOSS","M","?","M","M","?","R","E","?","T","E","R","?","E","?","R","BOSS","M","$","M","?","?","E","R","$","T","?","R","$","M","E","R","BOSS","BOSS"],"items_purchased_type":["Relic","Potion","Card","Potion","Relic"],"build_version":"2020-12-22","purchased_purges":4,"victory":false,"max_hp_per_floor":[75,75,68,68,68,68,68,68,68,68,68,68,68,68,68,68,68,68,68,68,68,68,68,68,68,68,68,68,68,68,68,68,68,68,68,68,68,68,68,68,68,68,68,68,68,68,68,68,68,68,68,68],"relic_stats":{"Regal Pillow":0,"counters":[28,135],"Golden Idol":189,"CeramicFish":153,"Charon\u0027s Ashes":[102],"Ginger":[10],"War Paint":["Defend_R","Defend_R"],"Orichalcum":[60],"Cursed Key":2,"Burning Blood":143,"Ornamental Fan":[72],"Pantograph":0,"MealTicket":20,"obtain_stats":[{"Girya":29,"Regal Pillow":24,"Lantern":48,"Golden Idol":3,"CeramicFish":14,"Vajra":11,"Charon\u0027s Ashes":40,"Incense Burner":36,"Ginger":30,"Odd Mushroom":8,"War Paint":26,"Orichalcum":34,"Cursed Key":17,"Burning Blood":0,"Old Coin":34,"Du-Vu Doll":6,"Calling Bell":34,"Ornamental Fan":9,"Pantograph":34,"MealTicket":12,"Molten Egg 2":29,"FossilizedHelix":27,"Meat on the Bone":25},{"Girya":17,"Regal Pillow":14,"Lantern":26,"Golden Idol":2,"CeramicFish":9,"Vajra":6,"Charon\u0027s Ashes":24,"Incense Burner":21,"Ginger":18,"Odd Mushroom":6,"War Paint":14,"Orichalcum":20,"Cursed Key":10,"Burning Blood":0,"Old Coin":20,"Du-Vu Doll":4,"Calling Bell":20,"Ornamental Fan":6,"Pantograph":20,"MealTicket":7,"Molten Egg 2":17,"FossilizedHelix":15,"Meat on the Bone":14},{"Girya":79,"Regal Pillow":63,"Lantern":117,"Golden Idol":9,"CeramicFish":34,"Vajra":22,"Charon\u0027s Ashes":109,"Incense Burner":96,"Ginger":84,"Odd Mushroom":22,"War Paint":63,"Orichalcum":95,"Cursed Key":42,"Burning Blood":0,"Old Coin":95,"Du-Vu Doll":17,"Calling Bell":95,"Ornamental Fan":22,"Pantograph":95,"MealTicket":28,"Molten Egg 2":79,"FossilizedHelix":69,"Meat on the Bone":63}],"Meat on the Bone":24},"card_choices":[{"not_picked":["Magnetism","Master of Strategy"],"picked":"Sadistic Nature","floor":0.0},{"not_picked":["Ghostly Armor","Anger"],"picked":"Inflame","floor":1.0},{"not_picked":["Sword Boomerang","Reckless Charge"],"picked":"Cleave","floor":2.0},{"not_picked":["Iron Wave","Wild Strike"],"picked":"Clothesline","floor":4.0},{"not_picked":["Reckless Charge","Clothesline"],"picked":"Feel No Pain","floor":6.0},{"not_picked":["Seeing Red","Metallicize"],"picked":"Anger","floor":7.0},{"not_picked":["Flex","Clash"],"picked":"Twin Strike","floor":8.0},{"not_picked":["Feel No Pain","Thunderclap"],"picked":"Uppercut","floor":12.0},{"not_picked":["Entrench","Clash"],"picked":"Brutality","floor":13.0},{"not_picked":["Wild Strike","Entrench","Sentinel"],"picked":"SKIP","floor":14.0},{"not_picked":["Corruption","Bludgeon"],"picked":"Reaper","floor":16.0},{"not_picked":["True Grit","Flex"],"picked":"Disarm","floor":18.0},{"not_picked":["Flex","Hemokinesis"],"picked":"Fire Breathing+1","floor":20.0},{"not_picked":["Anger","Blood for Blood","Infernal Blade"],"picked":"SKIP","floor":21.0},{"not_picked":["Clash","Havoc"],"picked":"Bloodletting","floor":24.0},{"not_picked":["Clash","Warcry","Pommel Strike"],"picked":"SKIP","floor":27.0},{"not_picked":["Clash","Warcry","Pommel Strike"],"picked":"SKIP","floor":27.0},{"not_picked":["Clothesline+1","Dual Wield"],"picked":"Pommel Strike+1","floor":29.0},{"not_picked":["Havoc+1","Headbutt+1"],"picked":"Immolate+1","floor":30.0},{"not_picked":["Cleave+1","Headbutt+1"],"picked":"Dark Embrace","floor":31.0},{"not_picked":["Reaper+1","Demon Form"],"picked":"Limit Break","floor":33},{"not_picked":["Armaments","Second Wind","Anger+1"],"picked":"SKIP","floor":35},{"not_picked":["Warcry","Combust","Body Slam+1"],"picked":"SKIP","floor":37},{"not_picked":["Clash+1","Twin Strike+1"],"picked":"Ghostly Armor+1","floor":38},{"not_picked":["Clash+1","Combust"],"picked":"Battle Trance+1","floor":40},{"not_picked":["Twin Strike+1","Body Slam+1"],"picked":"Iron Wave+1","floor":47},{"not_picked":["Pommel Strike+1","Clash+1"],"picked":"Corruption","floor":48}],"player_experience":1132271,"relics_obtained":[{"floor":6.0,"key":"Du-Vu Doll"},{"floor":8.0,"key":"Odd Mushroom"},{"floor":9.0,"key":"Ornamental Fan"},{"floor":12.0,"key":"MealTicket"},{"floor":14.0,"key":"CeramicFish"},{"floor":24.0,"key":"Regal Pillow"},{"floor":26.0,"key":"War Paint"},{"floor":27.0,"key":"FossilizedHelix"},{"floor":29.0,"key":"Girya"},{"floor":29.0,"key":"Molten Egg 2"},{"floor":30.0,"key":"Ginger"},{"floor":34,"key":"Orichalcum"},{"floor":34,"key":"Pantograph"},{"floor":34,"key":"Old Coin"},{"floor":40,"key":"Charon\u0027s Ashes"},{"floor":48,"key":"Lantern"}],"event_choices":[{"damage_healed":0.0,"max_hp_gain":0.0,"max_hp_loss":7.0,"gold_gain":0.0,"event_name":"Golden Idol","player_choice":"Lose Max HP","floor":3.0,"gold_loss":0.0,"damage_taken":0.0,"relics_obtained":["Golden Idol"]},{"cards_removed":["Strike_R"],"damage_healed":0.0,"max_hp_gain":0.0,"max_hp_loss":0.0,"gold_gain":0.0,"event_name":"Golden Wing","player_choice":"Card Removal","floor":5.0,"gold_loss":0.0,"damage_taken":7.0},{"damage_healed":0.0,"max_hp_gain":0.0,"max_hp_loss":0.0,"gold_gain":0.0,"event_name":"Mushrooms","player_choice":"Fought Mushrooms","floor":8.0,"gold_loss":0.0,"damage_taken":0.0},{"damage_healed":0.0,"max_hp_gain":0.0,"max_hp_loss":0.0,"gold_gain":0.0,"event_name":"The Library","player_choice":"Read","floor":22.0,"gold_loss":0.0,"damage_taken":0.0,"cards_obtained":["Shockwave"]},{"damage_healed":0.0,"max_hp_gain":0.0,"max_hp_loss":0.0,"gold_gain":0.0,"event_name":"Addict","player_choice":"Obtained Relic","floor":25.0,"gold_loss":85.0,"damage_taken":0.0,"relics_obtained":["Meat on the Bone"]},{"damage_healed":0.0,"max_hp_gain":0.0,"max_hp_loss":0.0,"gold_gain":0.0,"event_name":"Colosseum","player_choice":"Fight","floor":29.0,"gold_loss":0.0,"damage_taken":0.0},{"damage_healed":0.0,"max_hp_gain":0.0,"max_hp_loss":0.0,"gold_gain":0.0,"event_name":"Colosseum","player_choice":"Fought Nobs","floor":29.0,"gold_loss":0.0,"damage_taken":0.0}],"is_beta":false,"boss_relics":[{"not_picked":["Black Blood","SacredBark"],"picked":"Cursed Key"},{"not_picked":["Black Star","Snecko Eye"],"picked":"Calling Bell"}],"items_purged_floors":[19,36,39,42],"is_endless":false,"potions_floor_spawned":[4,7,13,14,18,21,24,30,31,38,40,48],"killed_by":"Awakened One","ascension_level":20}}