{"host":"gttgmv2wah99hzdm","time":1609259823,"event":{"mods":["AchievementEnabler","BaseMod","Bestiary","Block Reminder","Filter the Spire","Minty Spire (QoL Compilation)","Relic Stats","ojb\u0027s Better Paths Mod","ojb\u0027s Info Mod"],"gold_per_floor":[114,127,146,146,146,146,184,184,210,210,90,110,154,167,167,261,261,275,275,291,291,312,348,348,348,348,6,6,6,6],"floor_reached":29,"playtime":1526,"items_purged":["Strike_G","Strike_G"],"score":552,"play_id":"9bc56230-ca82-4b46-ba20-2f2849d5912a","local_time":"20201229103703","is_ascension_mode":true,"campfire_choices":[{"data":"Slice","floor":6.0,"key":"SMITH"},{"floor":8.0,"key":"REST"},{"data":"Corpse Explosion","floor":10.0,"key":"SMITH"},{"floor":15.0,"key":"REST"},{"data":"Ghostly","floor":24.0,"key":"SMITH"},{"data":"Ghostly","floor":28.0,"key":"SMITH"}],"circlet_count":0,"master_deck":["AscendersBane","Defend_G","Defend_G","Defend_G","Defend_G","Defend_G","Survivor","Neutralize","Crippling Poison+1","Slice+1","PiercingWail","Corpse Explosion+1","Footwork","Deadly Poison","Adrenaline","Footwork+1","Dodge and Roll+1","Tactician+1","Ghostly+1","Ghostly+1","Ghostly","Noxious Fumes"],"relics":["Runic Pyramid","Golden Idol","Art of War","Shuriken","Astrolabe","Singing Bowl","HornCleat","Snake Skull"],"acts_visited":["Exordium","TheCity"],"potions_floor_usage":[],"damage_taken":[{"damage":2.0,"enemies":"Jaw Worm","floor":1.0,"turns":5.0},{"damage":9.0,"enemies":"2 Louse","floor":2.0,"turns":3.0},{"damage":0.0,"enemies":"Cultist","floor":3.0,"turns":4.0},{"damage":37.0,"enemies":"Gremlin Nob","floor":7.0,"turns":5.0},{"damage":0.0,"enemies":"Large Slime","floor":12.0,"turns":5.0},{"damage":11.0,"enemies":"3 Sentries","floor":13.0,"turns":4.0},{"damage":0.0,"enemies":"2 Fungi Beasts","floor":14.0,"turns":3.0},{"damage":15.0,"enemies":"The Guardian","floor":16.0,"turns":9.0},{"damage":9.0,"enemies":"2 Thieves","floor":18.0,"turns":4.0},{"damage":0.0,"enemies":"Shell Parasite","floor":20.0,"turns":5.0},{"damage":1.0,"enemies":"Shelled Parasite and Fungi","floor":22.0,"turns":5.0},{"damage":20.0,"enemies":"Gremlin Leader","floor":23.0,"turns":11.0},{"damage":19,"enemies":"Slavers","floor":29,"turns":1}],"seed_played":"-3361293458571284288","potions_obtained":[{"floor":7.0,"key":"Poison Potion"},{"floor":13.0,"key":"DuplicationPotion"},{"floor":16.0,"key":"FearPotion"},{"floor":20.0,"key":"EssenceOfSteel"}],"is_trial":false,"path_per_floor":["M","M","M","?","?","R","E","R","T","R","$","M","E","M","R","B",null,"M","?","M","?","M","E","R","?","T","$","R","E"],"character_chosen":"THE_SILENT","items_purchased":["Footwork","Snake Skull","Noxious Fumes"],"campfire_rested":2,"item_purchase_floors":[11,27,27],"current_hp_per_floor":[57,48,48,48,48,48,11,29,29,29,29,29,18,18,36,21,50,41,30,30,30,29,11,11,11,11,11,11,0,0],"gold":6,"neow_bonus":"BOSS_RELIC","is_daily":false,"chose_seed":false,"campfire_upgraded":4,"win_rate":0.0,"timestamp":1609259823,"path_taken":["M","M","M","?","?","R","E","R","T","R","$","?","E","M","R","BOSS","M","?","M","?","M","E","R","?","T","$","R","E"],"items_purchased_type":["Card","Relic","Card"],"build_version":"2020-12-22","purchased_purges":2,"victory":false,"max_hp_per_floor":[66,66,66,60,60,60,60,60,60,60,60,60,60,60,60,60,60,60,30,30,30,30,32,32,32,32,32,32,32,32],"relic_stats":{"Singing Bowl":2,"counters":[13,64],"Golden Idol":60,"Shuriken":[3],"Astrolabe":["Footwork","Dodge and Roll","Tactician"],"Snake Skull":[3],"Art of War":[19],"obtain_stats":[{"HornCleat":26,"Singing Bowl":23,"Golden Idol":4,"Shuriken":13,"Astrolabe":17,"Snake Skull":27,"Art of War":7,"Ring of the Snake":0,"Runic Pyramid":0},{"HornCleat":12,"Singing Bowl":12,"Golden Idol":3,"Shuriken":6,"Astrolabe":8,"Snake Skull":12,"Art of War":4,"Ring of the Snake":0,"Runic Pyramid":0},{"HornCleat":63,"Singing Bowl":63,"Golden Idol":12,"Shuriken":26,"Astrolabe":38,"Snake Skull":63,"Art of War":17,"Ring of the Snake":0,"Runic Pyramid":0}]},"card_choices":[{"not_picked":["Deflect","Backflip"],"picked":"Crippling Poison","floor":1.0},{"not_picked":["Backflip","Unload"],"picked":"Slice","floor":2.0},{"not_picked":["Bouncing Flask","Quick Slash"],"picked":"PiercingWail","floor":3.0},{"not_picked":["Underhanded Strike","PiercingWail"],"picked":"Corpse Explosion","floor":7.0},{"not_picked":["Cloak And Dagger","Masterful Stab"],"picked":"Deadly Poison","floor":12.0},{"not_picked":["Terror","Poisoned Stab","Quick Slash"],"picked":"SKIP","floor":13.0},{"not_picked":["Choke","Sucker Punch","Dagger Throw"],"picked":"SKIP","floor":14.0},{"not_picked":["Glass Knife","Phantasmal Killer"],"picked":"Adrenaline","floor":16.0},{"not_picked":["Bouncing Flask","Accuracy","Dagger Throw"],"picked":"SKIP","floor":18.0},{"not_picked":["Bouncing Flask","Outmaneuver","Cloak And Dagger"],"picked":"SKIP","floor":20.0},{"not_picked":["Cloak And Dagger","Dagger Throw","Setup"],"picked":"SKIP","floor":22.0},{"not_picked":["Accuracy","Slice","Dagger Spray"],"picked":"Singing Bowl","floor":23.0}],"player_experience":1026733,"relics_obtained":[{"floor":7.0,"key":"Art of War"},{"floor":13.0,"key":"Shuriken"},{"floor":23.0,"key":"Singing Bowl"},{"floor":26.0,"key":"HornCleat"}],"event_choices":[{"damage_healed":0.0,"max_hp_gain":0.0,"max_hp_loss":6.0,"gold_gain":0.0,"event_name":"Golden Idol","player_choice":"Lose Max HP","floor":4.0,"gold_loss":0.0,"damage_taken":0.0,"relics_obtained":["Golden Idol"]},{"damage_healed":0.0,"max_hp_gain":0.0,"max_hp_loss":0.0,"gold_gain":0.0,"event_name":"Upgrade Shrine","player_choice":"Upgraded","floor":5.0,"gold_loss":0.0,"damage_taken":0.0,"cards_upgraded":["Crippling Poison"]},{"damage_healed":0.0,"max_hp_gain":0.0,"max_hp_loss":30.0,"gold_gain":0.0,"event_name":"Ghosts","player_choice":"Became a Ghost","floor":19.0,"gold_loss":0.0,"damage_taken":0.0,"cards_obtained":["Ghostly","Ghostly","Ghostly"]},{"damage_healed":0.0,"max_hp_gain":0.0,"max_hp_loss":0.0,"gold_gain":0.0,"event_name":"Cursed Tome","player_choice":"Ignored","floor":21.0,"gold_loss":0.0,"damage_taken":0.0},{"damage_healed":0.0,"max_hp_gain":0.0,"max_hp_loss":0.0,"gold_gain":0.0,"event_name":"Vampires","player_choice":"Ignored","floor":25.0,"gold_loss":0.0,"damage_taken":0.0}],"is_beta":false,"boss_relics":[{"not_picked":["Tiny House","HoveringKite"],"picked":"Astrolabe"}],"items_purged_floors":[11,27],"is_endless":false,"potions_floor_spawned":[7,13,16,20],"killed_by":"Slavers","ascension_level":20}}