{"host":"1q3j0ei39r3fhrcd","time":1609226827,"event":{"mods":["2.2 Compatiblity","Astrologer","Bard","Bartender","BaseMod","Beaked The Cultist","Better Note","Better Skull","Better Third Choice","BetterRewards","Challenge The Spire","Clockwork Mod","Conspire","Dio Mod","Downfall","Duelist Mod","Gremlin Mod","GungeonMod","Hermit","Hubris","Infinite Spire","Jorbs\u0027s Wanderer Trilogy","Marisa????????","Minty Spire (QoL Compilation)","Replay The Spire","Robot Space Explorer","SIMod","Shop Mod","Somnambulant","Spicy Shops","StSLib","The Blackbeard","The Bug Knight","The Clintock","The Construct","The Cursed","The Death Knight","The Disciple","The Dragon Tamer","The Druid","The Elementalist","The Forsaken","The Hierophant","The Judge","The Mystic","The Necromancer","The Runesmith","The Sage","The Servant 0.9.4","The Showman","The Valiant","The Vixen","The Wild Card","The Witch","TheFirefly","Yuri Mod","[IsaacMod]????","thorton","vexMod"],"gold_per_floor":[118,128,147,147,165,197,53,67,94,108,143,143,173,173,173,323,323,338,368,243,273,351,351,399,399,399,399,426,451,451,610,610,763,763,782,782,782,803,288,288,67,67,67,217,256,280,280,355,355,503,503,517,517,532,532,532,532,625,625,625,647,647,647,647,342,375,384,384,503,653,661,661,666,670,677,677,709,709,778,778,778,394,401,401,401,543,543,550,565,565,268,268,268,305,313,382,382,397,297,297,300,300,442,442,442],"floor_reached":104,"playtime":5806,"items_purged":["RobotSpaceExplorer:Strike","RobotSpaceExplorer:Defend","RobotSpaceExplorer:Strike","RobotSpaceExplorer:Defend","RobotSpaceExplorer:Strike","RobotSpaceExplorer:Strike+1","WordoMod:Petrified","RobotSpaceExplorer:GlueShot","Amnesia","RobotSpaceExplorer:Scan"],"score":2291,"play_id":"32ce836b-9ed6-40dd-8e36-b8fcca854a65","local_time":"20201229082707","is_ascension_mode":false,"campfire_choices":[{"data":"RobotSpaceExplorer:Accelerator","floor":12,"key":"SMITH"},{"data":"RobotSpaceExplorer:MiniLasers","floor":15,"key":"SMITH"},{"data":"RobotSpaceExplorer:MiniLasers+1","floor":23,"key":"SMITH"},{"data":"RobotSpaceExplorer:ExhaustFan","floor":25,"key":"SMITH"},{"data":"RobotSpaceExplorer:ExhaustFan+1","floor":27,"key":"SMITH"},{"floor":32,"key":"REST"},{"data":"RobotSpaceExplorer:PowerCollector","floor":40,"key":"SMITH"},{"data":"RobotSpaceExplorer:ChargingLaser","floor":47,"key":"SMITH"},{"data":"RobotSpaceExplorer:ChargingLaser+1","floor":47,"key":"SMITH"},{"data":"RobotSpaceExplorer:ChargingLaser+2","floor":49,"key":"SMITH"},{"data":"RobotSpaceExplorer:Jetpack+1","floor":49,"key":"SMITH"},{"data":"infinitespire:NeuralNetwork","floor":57,"key":"SMITH"},{"data":"RobotSpaceExplorer:Jetpack+2","floor":57,"key":"SMITH"},{"data":"RobotSpaceExplorer:DroneSwarm","floor":68,"key":"SMITH"},{"data":"RobotSpaceExplorer:MiniLasers+3","floor":68,"key":"SMITH"},{"data":"RobotSpaceExplorer:MiniLasers+4","floor":76,"key":"SMITH"},{"data":"RobotSpaceExplorer:DroneSwarm","floor":76,"key":"SMITH"},{"data":"RobotSpaceExplorer:MiniLasers+5","floor":78,"key":"SMITH"},{"data":"RobotSpaceExplorer:MiniBoosters+1","floor":78,"key":"SMITH"},{"data":"expansioncontent:DecasProtection","floor":80,"key":"SMITH"},{"data":"RobotSpaceExplorer:FranticSearch","floor":80,"key":"SMITH"},{"data":"RobotSpaceExplorer:ChargingLaser+3","floor":85,"key":"SMITH"},{"data":"RobotSpaceExplorer:FranticSearch","floor":85,"key":"SMITH"},{"data":"RobotSpaceExplorer:MiniBoosters+2","floor":93,"key":"SMITH"},{"data":"RobotSpaceExplorer:MiniBoosters+3","floor":93,"key":"SMITH"},{"floor":97,"key":"RECALL"},{"data":"RobotSpaceExplorer:MiniLasers+6","floor":102,"key":"SMITH"},{"data":"infinitespire:Collect","floor":102,"key":"SMITH"}],"circlet_count":0,"master_deck":["RobotSpaceExplorer:MiniLasers+7","RobotSpaceExplorer:PowerCollector+1","Master of Strategy","RobotSpaceExplorer:ExhaustFan+2","theWildCard:PaleRider","RobotSpaceExplorer:Accelerator+1","RobotSpaceExplorer:Jetpack+3","RobotSpaceExplorer:TrailblazerForm","RobotSpaceExplorer:ScrapMissile","RobotSpaceExplorer:JunkDive","RobotSpaceExplorer:ScrapMissile","RobotSpaceExplorer:PowerCollector+1","RobotSpaceExplorer:FranticSearch+1","RobotSpaceExplorer:FranticSearch+1","RobotSpaceExplorer:ChargingLaser+4","Replay:Fractal Strike","RobotSpaceExplorer:MiniBoosters+4","RobotSpaceExplorer:DroneSwarm+1","RobotSpaceExplorer:Scanner","infinitespire:NeuralNetwork+1","RobotSpaceExplorer:DroneSwarm+1","infinitespire:Collect+1","RobotSpaceExplorer:DroneSwarm"],"relics":["RobotSpaceExplorer:RoboCore","HushsDoor","Chaos","sagemod:The_Guidebook_Guide","DemoMod:GnawedKey","Prayer Beads","Lee\u0027s Waffle","Replay:WaspNest","Bottled Tornado","thethorton:GreedFountain","conspire:InfiniteJournal","infinitespire:Golems Mask","DemoMod:ResourcefulSack","conspire:Flyswatter","PunchingBag","FossilizedHelix","DemoMod:MeltedRock","ReplayTheSpireMod:Ninjato","conspire:RoyalGoblet","hubris:Potato","SatanicBible","Juzu Bracelet","hubris:Towel","Ornamental Fan","hubris:Backtick","Replay:Arrowhead","Ice Cream","White_Cape","Gremlin Horn","hubris:OldNail","DemoMod:AgedBell","hubris:MysteriousPyramids","infinitespire:ShieldingShard","ClockworkSouvenir","HowToJump","Replay:Wanted Poster","DemoMod:GlassGuonStoneRelic","infinitespire:CheckeredPen","Smiling Mask","Garlic","BargainBundle","vexMod:PaidLearning","conspire:RunicOctahedron","Ring of Hypnosis","Runesmith:Nanobots","DemoMod:ClearGuonStone","ReplayFunnel","DemoMod:RiddleOfLead"],"acts_visited":["Exordium","TheCity","TheBeyond","Exordium","TheCity","TheBeyond","Exordium"],"potions_floor_usage":[6,11,11,11,18,21,24,44,50,50,65,88,98],"damage_taken":[{"damage":0,"enemies":"2 Louse","floor":1,"turns":1},{"damage":0,"enemies":"conspire:RoseBush","floor":2,"turns":4},{"damage":0,"enemies":"Cultist","floor":3,"turns":3},{"damage":7,"enemies":"Blue Slaver","floor":5,"turns":2},{"damage":0,"enemies":"HollowMod:MossKnight","floor":6,"turns":3},{"damage":6,"enemies":"Red Slaver","floor":8,"turns":5},{"damage":3,"enemies":"Lots of Slimes","floor":10,"turns":3},{"damage":0,"enemies":"Gremlin Nob","floor":11,"turns":2},{"damage":6,"enemies":"HollowMod:MossKnight","floor":13,"turns":4},{"damage":21,"enemies":"Hexaghost","floor":16,"turns":4},{"damage":2,"enemies":"2 Thieves","floor":18,"turns":4},{"damage":0,"enemies":"Chosen","floor":19,"turns":4},{"damage":5,"enemies":"Snake Plant","floor":21,"turns":4},{"damage":0,"enemies":"Book of Stabbing","floor":24,"turns":2},{"damage":0,"enemies":"conspire:HollyBat","floor":28,"turns":4},{"damage":0,"enemies":"Cultist and Chosen","floor":29,"turns":4},{"damage":0,"enemies":"Collector","floor":33,"turns":4},{"damage":0,"enemies":"Orb Walker","floor":35,"turns":2},{"damage":0,"enemies":"3 Shapes","floor":38,"turns":4},{"damage":0,"enemies":"infinitespire:Three Voidlings","floor":44,"turns":2},{"damage":27,"enemies":"Nightmare_Alpha","floor":44,"turns":6},{"damage":10,"enemies":"Nightmare","floor":45,"turns":4},{"damage":0,"enemies":"3 Darklings","floor":46,"turns":2},{"damage":0,"enemies":"Mind Bloom Boss Battle","floor":48,"turns":3},{"damage":0,"enemies":"conspire:OrnateMirror","floor":50,"turns":3},{"damage":0,"enemies":"Jaw Worm","floor":52,"turns":2},{"damage":0,"enemies":"2 Louse","floor":54,"turns":1},{"damage":0,"enemies":"Cultist","floor":61,"turns":2},{"damage":0,"enemies":"Gremlin Nob","floor":66,"turns":2},{"damage":0,"enemies":"Exordium Thugs","floor":67,"turns":2},{"damage":0,"enemies":"Hexaghost","floor":69,"turns":3},{"damage":0,"enemies":"3 Byrds","floor":71,"turns":2},{"damage":0,"enemies":"2 Thieves","floor":73,"turns":2},{"damage":0,"enemies":"Centurion and Healer","floor":74,"turns":1},{"damage":0,"enemies":"Snake Plant","floor":75,"turns":2},{"damage":0,"enemies":"theDuelist:KaibaA2","floor":77,"turns":1},{"damage":0,"enemies":"Cultist and Chosen","floor":83,"turns":2},{"damage":0,"enemies":"hubris:MusketHawk","floor":86,"turns":1},{"damage":0,"enemies":"3 Shapes","floor":88,"turns":1},{"damage":0,"enemies":"Orb Walker","floor":89,"turns":1},{"damage":0,"enemies":"Reptomancer","floor":94,"turns":1},{"damage":0,"enemies":"Jaw Worm Horde","floor":95,"turns":1},{"damage":0,"enemies":"4 Shapes","floor":98,"turns":1},{"damage":0,"enemies":"Transient","floor":101,"turns":1},{"damage":0,"enemies":"Donu and Deca","floor":103,"turns":1}],"seed_played":"1512246837745904258","potions_obtained":[{"floor":1,"key":"DistilledChaos"},{"floor":3,"key":"champ:CounterPotion"},{"floor":5,"key":"AttackPotion"},{"floor":8,"key":"GamblersBrew"},{"floor":10,"key":"Fire Potion"},{"floor":16,"key":"EssenceOfSteel"},{"floor":18,"key":"SteroidPotion"},{"floor":19,"key":"RobotSpaceExplorer:RecyclePotion"},{"floor":21,"key":"SkillPotion"},{"floor":33,"key":"SneckoOil"},{"floor":35,"key":"Elixir"},{"floor":44,"key":"Cursed Concoction"},{"floor":46,"key":"LifebloodPotion"},{"floor":66,"key":"BlessingOfTheForge"},{"floor":67,"key":"Elixir"},{"floor":74,"key":"Fire Potion"},{"floor":95,"key":"AttackPotion"},{"floor":103,"key":"Milkshake"}],"is_trial":false,"path_per_floor":["M","M","M","?","M","E","$","M","T","M","E","R","E","?","R","B",null,"M","M","$","M","T","R","E","R","T","R","M","M","AVR","?","R","B",null,"M","?","?","M","$","R","$","?","T","?","NM","M","R","?","R","B",null,"M","?","M","AVR","?","R","?","?","T","M","PTL","PTL","?","$","E","M","R","B",null,"M","?","M","M","M","R","E","R","T","R","?","$","M","?","R","B",null,"M","M","?","$","?","R","E","M","T","R","M","NS","AVR","M","R","B",null],"character_chosen":"RobotSpaceExplorer","items_purchased":["sagemod:The_Guidebook_Guide","RobotSpaceExplorer:PowerCollector","Master of Strategy","expansioncontent:DecasProtection","DemoMod:GnawedKey","Lee\u0027s Waffle","SatanicBible","RobotSpaceExplorer:PowerCollector","RobotSpaceExplorer:FranticSearch","Juzu Bracelet","RobotSpaceExplorer:ChargingLaser","RobotSpaceExplorer:Scanner","Fruit Juice","ClockworkSouvenir","BargainBundle","vexMod:PaidLearning","Runesmith:Nanobots"],"campfire_rested":1,"item_purchase_floors":[0,0,0,0,0,7,39,39,39,41,41,51,65,65,82,82,91],"current_hp_per_floor":[40,40,40,40,33,33,82,76,76,73,73,73,67,52,52,31,82,80,80,80,75,75,75,75,75,75,75,75,75,75,7,31,31,77,77,77,77,77,77,77,77,77,77,50,40,40,40,40,40,40,73,73,58,58,58,58,58,40,40,40,40,40,40,40,47,47,47,47,47,80,80,80,80,80,80,80,80,80,80,80,80,80,80,80,80,80,80,80,80,80,80,80,80,80,80,80,80,80,80,80,80,80,80,90,90],"gold":442,"neow_bonus":"","is_daily":false,"chose_seed":false,"campfire_upgraded":26,"win_rate":0.0,"timestamp":1609226827,"path_taken":["M","M","M","?","?","E","$","M","T","M","E","R","E","?","R","BOSS","M","M","$","M","?","R","E","R","T","R","M","M","AVR","?","R","BOSS","M","?","?","M","$","R","$","?","T","?","NM","M","R","?","R","BOSS","M","?","M","AVR","?","R","?","?","T","M","PTL","PTL","?","$","E","M","R","BOSS","M","?","M","M","M","R","E","R","T","R","?","$","M","?","R","BOSS","M","M","?","$","?","R","E","M","T","R","M","NS","AVR","M","R","BOSS"],"items_purchased_type":["Relic","Card","Card","Card","Relic","Relic","Relic","Card","Card","Relic","Card","Card","Potion","Relic","Relic","Relic","Relic"],"build_version":"2020-12-22","purchased_purges":10,"victory":false,"max_hp_per_floor":[75,75,75,75,75,75,82,82,82,82,82,82,82,82,82,82,82,82,82,82,82,82,82,82,82,82,82,82,82,82,82,82,82,77,77,77,77,77,77,77,77,77,77,77,77,77,77,77,77,77,73,73,73,73,73,73,73,73,73,73,73,73,73,73,80,80,80,80,80,80,80,80,80,80,80,80,80,80,80,80,80,80,80,80,80,80,80,80,80,80,80,80,80,80,80,80,80,80,80,80,80,80,80,90,90],"card_choices":[{"not_picked":[],"picked":"Bomb","floor":0},{"not_picked":["RobotSpaceExplorer:Calculate","RobotSpaceExplorer:MakeshiftVolley"],"picked":"Bomb","floor":1},{"not_picked":["RobotSpaceExplorer:Counterblock","RobotSpaceExplorer:FrostMissile"],"picked":"RobotSpaceExplorer:GlueShot","floor":2},{"not_picked":["RobotSpaceExplorer:ScrapMissile","RobotSpaceExplorer:ImprovisedAttack"],"picked":"RobotSpaceExplorer:ExhaustFan","floor":3},{"not_picked":["RobotSpaceExplorer:MiniDrones","RobotSpaceExplorer:SlimeMissile"],"picked":"RobotSpaceExplorer:Accelerator","floor":5},{"not_picked":["RobotSpaceExplorer:Blitz","RobotSpaceExplorer:ScrapMissile"],"picked":"RobotSpaceExplorer:Jetpack","floor":6},{"not_picked":["RobotSpaceExplorer:ScrapToss","RobotSpaceExplorer:Counterblock"],"picked":"Bomb","floor":8},{"not_picked":["RobotSpaceExplorer:Probe","RobotSpaceExplorer:Ammunition","RobotSpaceExplorer:ImprovisedAttack"],"picked":"SKIP","floor":10},{"not_picked":["RobotSpaceExplorer:Probe","RobotSpaceExplorer:Pulsar","RobotSpaceExplorer:Ammunition"],"picked":"SKIP","floor":11},{"not_picked":["RobotSpaceExplorer:Calculate","RobotSpaceExplorer:BlastShield"],"picked":"RobotSpaceExplorer:TrailblazerForm","floor":13},{"not_picked":["RobotSpaceExplorer:TrailblazerForm","RobotSpaceExplorer:ChargingLaser"],"picked":"RobotSpaceExplorer:Wormhole","floor":16},{"not_picked":["RobotSpaceExplorer:PowerGlove+1","RobotSpaceExplorer:BigMissile+1"],"picked":"RobotSpaceExplorer:ScrapMissile","floor":18},{"not_picked":["RobotSpaceExplorer:FrostMissile","RobotSpaceExplorer:StarLightning","RobotSpaceExplorer:Ammunition"],"picked":"SKIP","floor":19},{"not_picked":["RobotSpaceExplorer:Ammunition","RobotSpaceExplorer:MetalStrike","RobotSpaceExplorer:SelfCleaning"],"picked":"SKIP","floor":21},{"not_picked":["RobotSpaceExplorer:GlueShot","RobotSpaceExplorer:SurgingStrike","RobotSpaceExplorer:MiniDrones+1"],"picked":"SKIP","floor":24},{"not_picked":["RobotSpaceExplorer:LaserBurst","RobotSpaceExplorer:ScrapMissile+1"],"picked":"RobotSpaceExplorer:JunkDive","floor":28},{"not_picked":["RobotSpaceExplorer:Smokescreen+1","RobotSpaceExplorer:SurgingStrike"],"picked":"RobotSpaceExplorer:SurgingShield+1","floor":29},{"not_picked":["RobotSpaceExplorer:BlastShield","RobotSpaceExplorer:TrailblazerForm"],"picked":"RobotSpaceExplorer:Wormhole","floor":33},{"not_picked":["RobotSpaceExplorer:DoubleFind","RobotSpaceExplorer:ScrapToss"],"picked":"RobotSpaceExplorer:ScrapMissile","floor":35},{"not_picked":["RobotSpaceExplorer:ScrapMissile","RobotSpaceExplorer:LuckyStrike+1","RobotSpaceExplorer:MiniDrones"],"picked":"SKIP","floor":38},{"not_picked":["infinitespire:UltimateForm","infinitespire:Fortify"],"picked":"Replay:Fractal Strike","floor":44},{"not_picked":["RobotSpaceExplorer:ImprovisedAttack+1","RobotSpaceExplorer:ShockKick+1","RobotSpaceExplorer:Electroshield"],"picked":"SKIP","floor":45},{"not_picked":["RobotSpaceExplorer:Probe+1","RobotSpaceExplorer:FranticSearch+1"],"picked":"RobotSpaceExplorer:MiniBoosters+1","floor":46},{"not_picked":["RobotSpaceExplorer:Wormhole","RobotSpaceExplorer:Comet"],"picked":"RobotSpaceExplorer:DroneSwarm","floor":50},{"not_picked":["RobotSpaceExplorer:FreezingShield","RobotSpaceExplorer:FrostMissile","RobotSpaceExplorer:Probe"],"picked":"SKIP","floor":52},{"not_picked":["RobotSpaceExplorer:MiniDrones","RobotSpaceExplorer:Counterblock","RobotSpaceExplorer:ScrapMissile"],"picked":"SKIP","floor":54},{"not_picked":["RobotSpaceExplorer:FrostMissile","RobotSpaceExplorer:SlimeMissile","RobotSpaceExplorer:SurgingStrike"],"picked":"SKIP","floor":61},{"not_picked":["RobotSpaceExplorer:ExhaustFan","RobotSpaceExplorer:ShockKick","RobotSpaceExplorer:SurgingShield"],"picked":"SKIP","floor":66},{"not_picked":["RobotSpaceExplorer:SwiftStep","RobotSpaceExplorer:SurgingShield","RobotSpaceExplorer:Pulsar"],"picked":"SKIP","floor":67},{"not_picked":["RobotSpaceExplorer:Multitool","RobotSpaceExplorer:Explosion"],"picked":"RobotSpaceExplorer:DroneSwarm","floor":69},{"not_picked":["RobotSpaceExplorer:ToxicBomb+1","RobotSpaceExplorer:MiniDrones","RobotSpaceExplorer:ScrapShield+1"],"picked":"SKIP","floor":71},{"not_picked":["RobotSpaceExplorer:Probe","RobotSpaceExplorer:IronShell","RobotSpaceExplorer:SwiftStep"],"picked":"SKIP","floor":73},{"not_picked":["RobotSpaceExplorer:SurgingStrike","RobotSpaceExplorer:FranticSearch","RobotSpaceExplorer:MetalStrike"],"picked":"SKIP","floor":74},{"not_picked":["RobotSpaceExplorer:Fix+1","RobotSpaceExplorer:MiniDrones","RobotSpaceExplorer:Pulsar+1"],"picked":"SKIP","floor":75},{"not_picked":["RobotSpaceExplorer:ShockKick","RobotSpaceExplorer:ShovelStrike+1","RobotSpaceExplorer:LaserBurst"],"picked":"SKIP","floor":77},{"not_picked":["RobotSpaceExplorer:GlueSpray+1","RobotSpaceExplorer:Blitz","RobotSpaceExplorer:ShovelStrike"],"picked":"SKIP","floor":83},{"not_picked":["RobotSpaceExplorer:FrostMissile+1","RobotSpaceExplorer:Pulsar","RobotSpaceExplorer:FranticSearch+1"],"picked":"SKIP","floor":88},{"not_picked":["RobotSpaceExplorer:MiniDrones","RobotSpaceExplorer:ShovelStrike+1","RobotSpaceExplorer:Accelerator"],"picked":"SKIP","floor":89},{"not_picked":["RobotSpaceExplorer:SlimeMissile","RobotSpaceExplorer:FreezingShield+1","RobotSpaceExplorer:Electroshield+1"],"picked":"SKIP","floor":94},{"not_picked":["RobotSpaceExplorer:MetalStrike","RobotSpaceExplorer:GlueShot","RobotSpaceExplorer:SurgingShield+1"],"picked":"SKIP","floor":95},{"not_picked":["RobotSpaceExplorer:GlueShot","RobotSpaceExplorer:ImprovisedAttack+1","RobotSpaceExplorer:FrostMissile+1"],"picked":"SKIP","floor":98},{"not_picked":["infinitespire:SevenWalls","infinitespire:Fortify"],"picked":"infinitespire:Collect","floor":101},{"not_picked":["RobotSpaceExplorer:Electropulse","RobotSpaceExplorer:Jetpack+1","RobotSpaceExplorer:ScrapMissile+1"],"picked":"SKIP","floor":101},{"not_picked":["RobotSpaceExplorer:Comet","RobotSpaceExplorer:Asteroid"],"picked":"RobotSpaceExplorer:DroneSwarm","floor":103}],"player_experience":1768392,"relics_obtained":[{"floor":6,"key":"Prayer Beads"},{"floor":9,"key":"Replay:WaspNest"},{"floor":11,"key":"Bottled Tornado"},{"floor":13,"key":"thethorton:GreedFountain"},{"floor":22,"key":"DemoMod:ResourcefulSack"},{"floor":24,"key":"conspire:Flyswatter"},{"floor":26,"key":"PunchingBag"},{"floor":43,"key":"Ornamental Fan"},{"floor":44,"key":"hubris:Backtick"},{"floor":45,"key":"Ice Cream"},{"floor":48,"key":"White_Cape"},{"floor":58,"key":"hubris:MysteriousPyramids"},{"floor":60,"key":"infinitespire:ShieldingShard"},{"floor":66,"key":"HowToJump"},{"floor":77,"key":"infinitespire:CheckeredPen"},{"floor":79,"key":"Smiling Mask"},{"floor":90,"key":"Ring of Hypnosis"},{"floor":94,"key":"DemoMod:ClearGuonStone"}],"event_choices":[{"damage_healed":0,"gold_gain":106,"player_choice":"GO UP RE RE UP ","damage_taken":77,"relics_obtained":["ReplayTheSpireMod:Ninjato","conspire:RoyalGoblet"],"max_hp_gain":0,"max_hp_loss":0,"event_name":"betterSkull:BetterSkull","floor":31,"gold_loss":0,"cards_upgraded":["RobotSpaceExplorer:Jetpack","RobotSpaceExplorer:Strike"]},{"damage_healed":0,"gold_gain":0,"player_choice":"Ignored","damage_taken":0,"max_hp_gain":0,"max_hp_loss":0,"event_name":"Tomb of Lord Red Mask","floor":37,"gold_loss":0},{"damage_healed":0,"gold_gain":0,"player_choice":"Fight","damage_taken":0,"max_hp_gain":0,"max_hp_loss":0,"event_name":"MindBloom","floor":48,"gold_loss":0},{"damage_healed":0,"gold_gain":0,"player_choice":"Upgraded","damage_taken":0,"max_hp_gain":0,"max_hp_loss":0,"event_name":"Upgrade Shrine","floor":56,"gold_loss":0,"cards_upgraded":["RobotSpaceExplorer:PowerCollector"]},{"damage_healed":0,"gold_gain":0,"player_choice":"Leave","damage_taken":0,"max_hp_gain":0,"max_hp_loss":0,"event_name":"conspire:Investor","floor":59,"gold_loss":0},{"damage_healed":0,"gold_gain":0,"player_choice":"Grow","damage_taken":0,"max_hp_gain":0,"max_hp_loss":0,"event_name":"Living Wall","floor":64,"gold_loss":0,"cards_upgraded":["RobotSpaceExplorer:MiniLasers"]},{"damage_healed":0,"gold_gain":0,"player_choice":"Ignored","damage_taken":0,"max_hp_gain":0,"max_hp_loss":0,"event_name":"Vampires","floor":84,"gold_loss":0}],"is_beta":false,"boss_relics":[{"not_picked":["Dead Branch","Garlic"],"picked":"infinitespire:Golems Mask"},{"not_picked":[]},{"not_picked":["conspire:SeveredTorchhead","Runesmith:UraniumAnvil"],"picked":"hubris:Potato"},{"not_picked":[]},{"not_picked":["Boot","hubris:DeckOfHolding"],"picked":"Gremlin Horn"},{"not_picked":[]},{"not_picked":["Black Star","ReplayTheSpireMod:DimensionalGlitch"],"picked":"Replay:Wanted Poster"},{"not_picked":[]},{"not_picked":["vexMod:EndlessSickness","vexMod:MysteryBossChallenge"],"picked":"conspire:RunicOctahedron"},{"not_picked":[]},{"not_picked":["hubris:BlackHole","hubris:HollowSoul"],"picked":"DemoMod:RiddleOfLead"},{"not_picked":[]}],"items_purged_floors":[0,0,20,30,34,39,82,82,91,100],"is_endless":true,"potions_floor_spawned":[1,3,5,8,10,16,18,19,21,33,35,44,46,48,66,67,69,74,77,86,95,103],"ascension_level":0}}