{"host":"tw8gm4p1o2j6gfl4","time":1609274802,"event":{"mods":["AchievementEnabler","Aspiration","BaseMod","BetterRewards","Colored Map","Colored Powertips","Curses Come First","Downfall","Hermit","Hubris","Infinite Spire","Lobotomy","Luminous","Minty Spire (QoL Compilation)","Quick Restart","Replay The Spire","StSLib","SuperFastMode","The Cursed","The Jungle","The Marked","Trackpad","[IsaacMod]????"],"gold_per_floor":[99,99,99,99,115,40,40,71,56,75,75,0,13,63,79,181,181,181,198,209,225,243,263,263,295,295,309,326,326,311,311,330,430,430,430,449,449,466,142,142,167,186,200,212,232,250,250,267,286,286],"floor_reached":51,"playtime":3713,"items_purged":[],"score":727,"play_id":"e12ee308-bbe3-492f-b070-b166a375da55","local_time":"20201229124642","is_ascension_mode":false,"campfire_choices":[{"floor":1.0,"key":"RECALL"},{"data":"Slimebound:Split","floor":6.0,"key":"SMITH"},{"data":"Slimebound:CorrosiveSpit","floor":12.0,"key":"SMITH"},{"data":"Slimebound:SlimeSlap","floor":18.0,"key":"SMITH"},{"data":"Slimebound:Gluttony","floor":26.0,"key":"SMITH"},{"data":"Slimebound:CheckThePlaybook","floor":35,"key":"SMITH"},{"data":"Slimebound:FormOfPuddle","floor":40,"key":"SMITH"},{"floor":47,"key":"REST"}],"circlet_count":0,"master_deck":["Slimebound:Strike_Slimebound","Slimebound:Strike_Slimebound","Slimebound:Strike_Slimebound","Slimebound:Tackle","Slimebound:Defend_Slimebound","Slimebound:Defend_Slimebound","Slimebound:Defend_Slimebound","Slimebound:Defend_Slimebound","Slimebound:Split+1","Slimebound:CorrosiveSpit+1","Slimebound:LeechingTouch","Slimebound:SplitLeeching","Slimebound:SelfFormingGoo","Slimebound:LeechEnergy","Slimebound:RollThrough","Slimebound:SplitMire","Slimebound:FinishingTackle","Slimebound:SplitAcid","Slimebound:SplitAcid","Slimebound:SlimeSlap+1","Slimebound:ViciousTackle+1","Slimebound:Schlurp","Slimebound:Gluttony+1","Slimebound:RejuvenatingLick+1","Slimebound:MegaLick","Slimebound:CheckThePlaybook+1","Slimebound:Repurpose","Slimebound:FormOfPuddle+1","Slimebound:Gluttony+1","RitualDagger","Slimebound:Nibble+1","Slimebound:LeechLife","Slimebound:Recollect","Slimebound:Dissolve","Sadistic Nature","Slimebound:LeadByExample","Slimebound:SamplingLick","Slimebound:Chomp+1","Slimebound:FormOfPuddle+1","Slimebound:SplitAcid+1","Slimebound:FirmFortitude","Slimebound:ProtectTheBoss+1","Slimebound:Replication","Slimebound:SamplingLick+1"],"relics":["Slimebound:AbsorbEndCombat","HushsDoor","BFFS","downfall:HeartsMalice","downfall:HeartBlessingRed","trackpad:PetRock","downfall:HeartBlessingBlue","infinitespire:Satchel","MagicMushroom","Letter Opener","infinitespire:CheckeredPen","MutagenicStrength","hubris:Backtick","Slimebound:PotencyRelic","infinitespire:Bottled Soul","hubris:TenFootPole"],"acts_visited":["Exordium","TheCity","TheBeyond"],"potions_floor_usage":[33,33,39,39,39,39,44,50,50],"damage_taken":[{"damage":0.0,"enemies":"Small Slimes","floor":2.0,"turns":1.0},{"damage":0.0,"enemies":"Cultist","floor":3.0,"turns":1.0},{"damage":0.0,"enemies":"Jaw Worm","floor":4.0,"turns":1.0},{"damage":30.0,"enemies":"Large Slime","floor":5.0,"turns":6.0},{"damage":33.0,"enemies":"Gremlin Nob","floor":8.0,"turns":4.0},{"damage":20.0,"enemies":"downfall:FleeingMerchant","floor":9.0,"turns":4.0},{"damage":9.0,"enemies":"2 Fungi Beasts","floor":10.0,"turns":3.0},{"damage":14.0,"enemies":"Blue Slaver","floor":13.0,"turns":2.0},{"damage":20.0,"enemies":"Lots of Slimes","floor":15.0,"turns":3.0},{"damage":57.0,"enemies":"downfall:Ironclad","floor":16.0,"turns":5.0},{"damage":20.0,"enemies":"Spheric Guardian","floor":19.0,"turns":3.0},{"damage":20.0,"enemies":"Sentry and Sphere","floor":20.0,"turns":3.0},{"damage":20.0,"enemies":"Centurion and Healer","floor":21.0,"turns":4.0},{"damage":31.0,"enemies":"Snake Plant","floor":22.0,"turns":2.0},{"damage":42.0,"enemies":"Shelled Parasite and Fungi","floor":23.0,"turns":5.0},{"damage":16.0,"enemies":"Replay:Snechameleon","floor":25.0,"turns":5.0},{"damage":21.0,"enemies":"Sentry and Sphere","floor":27.0,"turns":3.0},{"damage":35.0,"enemies":"Snake Plant","floor":28.0,"turns":3.0},{"damage":6.0,"enemies":"downfall:FleeingMerchant","floor":30.0,"turns":4.0},{"damage":23,"enemies":"Shelled Parasite and Fungi","floor":32,"turns":4},{"damage":40,"enemies":"downfall:Silent","floor":33,"turns":5},{"damage":32,"enemies":"3 Shapes","floor":36,"turns":4},{"damage":52,"enemies":"3 Darklings","floor":38,"turns":4},{"damage":6,"enemies":"downfall:FleeingMerchant","floor":39,"turns":4},{"damage":27,"enemies":"Spire Growth","floor":42,"turns":4},{"damage":35,"enemies":"Writhing Mass","floor":43,"turns":3},{"damage":19,"enemies":"3 Darklings","floor":44,"turns":3},{"damage":32,"enemies":"Transient","floor":45,"turns":5},{"damage":36,"enemies":"Spire Growth","floor":46,"turns":5},{"damage":14,"enemies":"Sphere and 2 Shapes","floor":48,"turns":4},{"damage":35,"enemies":"4 Shapes","floor":49,"turns":3},{"damage":24,"enemies":"downfall:Watcher","floor":50,"turns":6}],"seed_played":"9162692091128560581","potions_obtained":[{"floor":5.0,"key":"Block Potion"},{"floor":8.0,"key":"GamblersBrew"},{"floor":10.0,"key":"Toxic Potion"},{"floor":13.0,"key":"EntropicBrew"},{"floor":20.0,"key":"SneckoOil"},{"floor":21.0,"key":"ColorlessPotion"},{"floor":27.0,"key":"Slimebound:ThreeZeroPotion"},{"floor":33,"key":"Adrenaline Potion"},{"floor":38,"key":"Swift Potion"},{"floor":42,"key":"LifebloodPotion"},{"floor":48,"key":"infinitespire:BlackPotion"},{"floor":49,"key":"Flashbang"}],"is_trial":false,"path_per_floor":["R","M","M","M","M","R","T","E","$","M","?","R","M","T","M","B",null,"R","M","M","M","M","M","T","E","R","M","M","?","$","?","M","B",null,"R","M","?","M","$","R","T","M","M","M","M","M","R","M","M","B",null],"character_chosen":"SLIMEBOUND","items_purchased":["Sadistic Nature","infinitespire:Bottled Soul","Slimebound:SpawnSlimePotion","Slimebound:LeadByExample","Slimebound:SamplingLick"],"campfire_rested":1,"item_purchase_floors":[39,39,39,39,39],"current_hp_per_floor":[60,60,60,60,56,56,56,51,51,60,60,70,68,68,68,47,77,77,77,77,77,63,60,60,75,75,68,40,40,57,51,47,57,77,77,63,63,28,65,65,65,59,65,77,69,51,74,77,70,74],"gold":286,"neow_bonus":"THREE_ENEMY_KILL","is_daily":false,"chose_seed":false,"campfire_upgraded":6,"win_rate":0.0,"timestamp":1609274802,"path_taken":["R","M","M","M","M","R","T","E","$","M","?","R","M","?","M","BOSS","R","M","M","?","M","M","T","E","R","M","M","?","$","?","M","BOSS","R","M","?","M","$","R","T","?","M","M","M","M","R","M","M","BOSS"],"items_purchased_type":["Card","Relic","Potion","Card","Card"],"build_version":"2020-12-22","purchased_purges":0,"victory":true,"max_hp_per_floor":[60,60,60,60,60,60,60,60,60,60,60,70,70,70,70,70,77,77,77,77,77,77,77,77,77,77,77,77,77,77,77,77,77,77,77,77,77,77,77,77,77,77,77,77,77,77,77,77,77,77],"card_choices":[{"not_picked":["Slimebound:SplitLeeching","Slimebound:PressTheAttack"],"picked":"Slimebound:LeechingTouch","floor":2.0},{"not_picked":["Slimebound:HungryTackle","Slimebound:PressTheAttack"],"picked":"Slimebound:SplitLeeching","floor":3.0},{"not_picked":["Slimebound:FinishingTackle","Slimebound:ComboTackle"],"picked":"Slimebound:SelfFormingGoo","floor":4.0},{"not_picked":["Slimebound:BestDefense","Slimebound:HungryTackle"],"picked":"Slimebound:LeechEnergy","floor":5.0},{"not_picked":["Slimebound:HauntingLick","Slimebound:SlimeBrawl"],"picked":"Slimebound:RollThrough","floor":8.0},{"not_picked":["Slimebound:DisruptingSlam","Slimebound:MassRepurpose"],"picked":"Slimebound:SplitMire","floor":9.0},{"not_picked":["Slimebound:RainOfGoop","Bomb"],"picked":"Slimebound:FinishingTackle","floor":10.0},{"not_picked":["Slimebound:SplitMire","Slimebound:HungryTackle"],"picked":"Slimebound:SplitAcid","floor":13.0},{"not_picked":["Slimebound:SplitMire","Slimebound:Prepare"],"picked":"Slimebound:SplitAcid","floor":15.0},{"not_picked":["Slimebound:MassRepurpose","Slimebound:Teamwork"],"picked":"Slimebound:SlimeSlap","floor":16.0},{"not_picked":["Slimebound:PressTheAttack","Slimebound:Prepare"],"picked":"Slimebound:ViciousTackle+1","floor":19.0},{"not_picked":["Slimebound:SlimeSpikes+1","Slimebound:FinishingTackle"],"picked":"Slimebound:Schlurp","floor":20.0},{"not_picked":["Slimebound:FirmFortitude","Slimebound:Dissolve+1"],"picked":"Slimebound:Gluttony","floor":21.0},{"not_picked":["Slimebound:LevelUp","Slimebound:Gluttony"],"picked":"Slimebound:RejuvenatingLick+1","floor":22.0},{"not_picked":["Slimebound:SplitMire","Slimebound:LeechingTouch"],"picked":"Slimebound:MegaLick","floor":23.0},{"not_picked":["Slimebound:ComboTackle","Slimebound:Nibble"],"picked":"Slimebound:CheckThePlaybook","floor":25.0},{"not_picked":["Slimebound:SplitMire","Slimebound:SlimeSpikes"],"picked":"Slimebound:Repurpose","floor":27.0},{"not_picked":["Slimebound:PressTheAttack","Slimebound:Schlurp+1"],"picked":"Slimebound:FormOfPuddle","floor":28.0},{"not_picked":["Slimebound:RollThrough+1","Slimebound:SlimeSpikes+1"],"picked":"Slimebound:Gluttony+1","floor":30},{"not_picked":["Slimebound:RallyTheTroops","Slimebound:LeechingTouch+1"],"picked":"Slimebound:Nibble+1","floor":32},{"not_picked":["Slimebound:Teamwork","Slimebound:PrepareCrush"],"picked":"Slimebound:LeechLife","floor":33},{"not_picked":["Slimebound:FinishingTackle+1","Slimebound:ViciousTackle+1"],"picked":"Slimebound:Recollect","floor":36},{"not_picked":["Slimebound:SplitMire","Slimebound:RollThrough+1"],"picked":"Slimebound:Dissolve","floor":38},{"not_picked":["Slimebound:SplitMire+1","Slimebound:FlameTackle","Slimebound:BestDefense+1"],"picked":"SKIP","floor":39},{"not_picked":["Slimebound:SelfFormingGoo","Slimebound:LeechingTouch"],"picked":"Slimebound:Chomp+1","floor":42},{"not_picked":["Slimebound:SplitMire+1","Slimebound:PressTheAttack+1"],"picked":"Slimebound:FormOfPuddle+1","floor":43},{"not_picked":["Slimebound:ComboTackle","Slimebound:BestDefense+1"],"picked":"Slimebound:SplitAcid+1","floor":44},{"not_picked":["Slimebound:SlimeBrawl","Slimebound:SplitBruiser"],"picked":"Slimebound:FirmFortitude","floor":45},{"not_picked":["Slimebound:Chomp","Slimebound:LeechingTouch"],"picked":"Slimebound:ProtectTheBoss+1","floor":46},{"not_picked":["Slimebound:SplitMire+1","Slimebound:FinishingTackle"],"picked":"Slimebound:Replication","floor":48},{"not_picked":["Slimebound:RollThrough+1","Slimebound:Gluttony"],"picked":"Slimebound:SamplingLick+1","floor":49}],"player_experience":156078,"relics_obtained":[{"floor":8.0,"key":"trackpad:PetRock"},{"floor":14.0,"key":"infinitespire:Satchel"},{"floor":24.0,"key":"Letter Opener"},{"floor":25.0,"key":"infinitespire:CheckeredPen"},{"floor":41,"key":"hubris:TenFootPole"}],"event_choices":[{"damage_healed":0.0,"max_hp_gain":0.0,"max_hp_loss":0.0,"gold_gain":0.0,"event_name":"Drug Dealer","player_choice":"Inject Mutagens","floor":29.0,"gold_loss":0.0,"damage_taken":0.0,"relics_obtained":["MutagenicStrength"]}],"is_beta":false,"boss_relics":[{"not_picked":["Velvet Choker","Replay:Bronze Core"],"picked":"MagicMushroom"},{"not_picked":[]},{"not_picked":["Replay:Fungal Core","aspiration:FutureDiary"],"picked":"hubris:Backtick"},{"not_picked":[]}],"items_purged_floors":[],"is_endless":false,"potions_floor_spawned":[5,8,10,13,20,21,23,27,32,33,38,42,43,48,49],"ascension_level":0}}