{"host":"grli52lbdph2722t","time":1609204740,"event":{"mods":["AchievementEnabler","BaseMod","Downfall","Minty Spire (QoL Compilation)","Quick Restart","StSLib"],"gold_per_floor":[99,99,99,99,99,132,132,132,132],"floor_reached":8,"playtime":215,"items_purged":[],"score":100,"play_id":"dce718a1-a47e-42fd-8b70-8ec91e197c50","local_time":"20201229021900","is_ascension_mode":true,"campfire_choices":[{"floor":1,"key":"RECALL"}],"circlet_count":0,"master_deck":["AscendersBane","sneckomod:Strike","sneckomod:Strike","sneckomod:Defend","sneckomod:Defend","sneckomod:Defend","sneckomod:TailWhip","sneckomod:SnekBite","sneckomod:Unknown","sneckomod:Unknown","sneckomod:SoulDraw","sneckomod:SoulCleanse","sneckomod:Unknown1Cost","sneckomod:MasterEye"],"relics":["sneckomod:SneckoSoul","downfall:HeartsMalice","Meat on the Bone","PreservedInsect"],"acts_visited":["Exordium"],"potions_floor_usage":[],"damage_taken":[{"damage":0,"enemies":"Cultist","floor":2,"turns":1},{"damage":0,"enemies":"Jaw Worm","floor":3,"turns":1},{"damage":0,"enemies":"Small Slimes","floor":5,"turns":1},{"damage":40,"enemies":"Lagavulin","floor":6,"turns":5},{"damage":38,"enemies":"3 Sentries","floor":8,"turns":6}],"seed_played":"8468735174486930473","potions_obtained":[{"floor":6,"key":"SmokeBomb"}],"is_trial":false,"path_per_floor":["R","M","M","?","M","E","T","E"],"character_chosen":"THE_SNECKO","items_purchased":[],"campfire_rested":0,"item_purchase_floors":[],"current_hp_per_floor":[75,75,75,75,76,36,36,0,0],"gold":132,"neow_bonus":"THREE_ENEMY_KILL","is_daily":false,"chose_seed":false,"campfire_upgraded":0,"win_rate":0.0,"timestamp":1609204740,"path_taken":["R","M","M","?","?","E","T","E"],"items_purchased_type":[],"build_version":"2020-12-22","purchased_purges":0,"victory":false,"max_hp_per_floor":[83,83,83,83,84,84,84,84,84],"card_choices":[{"not_picked":["sneckomod:DiceCrush","sneckomod:UnknownStrike"],"picked":"sneckomod:SoulDraw","floor":2},{"not_picked":["sneckomod:UnknownVulnerable","sneckomod:DiceBlock"],"picked":"sneckomod:SoulCleanse","floor":3},{"not_picked":["sneckomod:UnknownClassSLIMEBOUND","sneckomod:UnknownBlock"],"picked":"sneckomod:Unknown1Cost","floor":5},{"not_picked":["sneckomod:UnlimitedRolls","sneckomod:WideSting"],"picked":"sneckomod:MasterEye","floor":6}],"player_experience":4909723,"relics_obtained":[{"floor":6,"key":"Meat on the Bone"},{"floor":7,"key":"PreservedInsect"}],"event_choices":[{"cards_removed":["sneckomod:Strike"],"damage_healed":0,"gold_gain":0,"player_choice":"Purged","damage_taken":0,"max_hp_gain":0,"max_hp_loss":0,"event_name":"Purifier","floor":4,"gold_loss":0}],"is_beta":false,"boss_relics":[],"items_purged_floors":[],"is_endless":false,"potions_floor_spawned":[6],"killed_by":"3 Sentries","ascension_level":20}}