{"host":"cjhtzh7tp54jdfyv","time":1609214297,"event":{"mods":["AchievementEnabler","BaseMod","Colored Map","Colored Powertips","Curses Come First","DeckTracker","Filter the Spire","Hermit","Minty Spire (QoL Compilation)","RNG Fix","Relic Sorter","Relic Stats","StSLib","The Cursed","The Disciple","The Marked","UnlockEverythingMod","Waifu the Spire","ojb\u0027s Better Paths Mod","ojb\u0027s Info Mod"],"gold_per_floor":[116,128,146,162,179,209,209,209,209,239,323,368,380,407,419,507,519,548,475,487,512,544,587,524,536,548,592,604,645,657,694,706,797,809,838,864,876,898,436,466,466,499,499,524,541,541,275,275,275,275,275,275],"floor_reached":51,"playtime":3579,"items_purged":["TheCursedMod:Strike_TheCursed","TheCursedMod:Strike_TheCursed"],"score":1847,"play_id":"e67817dd-4a78-4bee-ade9-7a71d8ab58a9","local_time":"20201228225817","is_ascension_mode":true,"campfire_choices":[{"floor":7.0,"key":"REST"},{"floor":15.0,"key":"REST"},{"data":"TheCursedMod:Neurasthenia","floor":28.0,"key":"SMITH"},{"data":"TheCursedMod:TacticalStrike","floor":30.0,"key":"SMITH"},{"data":"TheCursedMod:SpitefulStrike","floor":32.0,"key":"SMITH"},{"floor":41.0,"key":"RECALL"},{"floor":46.0,"key":"REST"},{"data":"TheCursedMod:LuckyCharm","floor":49.0,"key":"SMITH"}],"circlet_count":0,"master_deck":["AscendersBane","TheCursedMod:Defend_TheCursed","TheCursedMod:Defend_TheCursed+1","TheCursedMod:Defend_TheCursed","TheCursedMod:Defend_TheCursed","TheCursedMod:CursedWand","TheCursedMod:CleanUpWorkshop+1","TheCursedMod:Dregs","TheCursedMod:FuryStrike+1","TheCursedMod:CursedShiv","TheCursedMod:SurpriseAttack","TheCursedMod:Wield","TheCursedMod:SurpriseAttack+1","TheCursedMod:TacticalStrike+1","TheCursedMod:SpitefulStrike+1","TheCursedMod:StunningStrike","TheCursedMod:StunningStrike","TheCursedMod:CircleOfFlame+1","TheCursedMod:CircleOfFlame+1","TheCursedMod:RapidMovement+1","TheCursedMod:Neurasthenia+1","Writhe","TheCursedMod:Obscuration","TheCursedMod:SurpriseAttack","TheCursedMod:DemonSword","TheCursedMod:SurpriseAttack+1","TheCursedMod:Wield+1","TheCursedMod:RapidMovement","TheCursedMod:SmokeScreen","TheCursedMod:FleshFromBone","TheCursedMod:AshesToAshes","TheCursedMod:RapidMovement+1","TheCursedMod:LuckyCharm+1","TheCursedMod:StingEye+1","TheCursedMod:EmpowerCircles","TheCursedMod:WearCloak"],"relics":["TheCursedMod:BlackMagic101","Juzu Bracelet","Regal Pillow","War Paint","MawBank","CaptainsWheel","SlaversCollar","Bag of Marbles","White Beast Statue","Blue Candle","Potion Belt","Bronze Scales","Boot","SacredBark","ClockworkSouvenir","Nunchaku","Molten Egg 2","Ginger","StrikeDummy","Shuriken"],"acts_visited":["Exordium","TheCity","TheBeyond"],"potions_floor_usage":[50,51,51,51],"damage_taken":[{"damage":2.0,"enemies":"Cultist","floor":1.0,"turns":4.0},{"damage":3.0,"enemies":"2 Louse","floor":2.0,"turns":2.0},{"damage":7.0,"enemies":"Jaw Worm","floor":3.0,"turns":3.0},{"damage":1.0,"enemies":"Red Slaver","floor":4.0,"turns":5.0},{"damage":6.0,"enemies":"Blue Slaver","floor":5.0,"turns":3.0},{"damage":32.0,"enemies":"Lagavulin","floor":6.0,"turns":4.0},{"damage":14.0,"enemies":"3 Sentries","floor":10.0,"turns":8.0},{"damage":0.0,"enemies":"Gremlin Nob","floor":12.0,"turns":2.0},{"damage":0.0,"enemies":"3 Louse","floor":14.0,"turns":2.0},{"damage":48.0,"enemies":"The Guardian","floor":16.0,"turns":14.0},{"damage":12.0,"enemies":"3 Byrds","floor":18.0,"turns":6.0},{"damage":0.0,"enemies":"Spheric Guardian","floor":21.0,"turns":3.0},{"damage":0.0,"enemies":"Centurion and Healer","floor":22.0,"turns":4.0},{"damage":0.0,"enemies":"Book of Stabbing","floor":23.0,"turns":4.0},{"damage":0.0,"enemies":"Slavers","floor":27.0,"turns":1.0},{"damage":0.0,"enemies":"Book of Stabbing","floor":29.0,"turns":3.0},{"damage":8.0,"enemies":"Collector","floor":33.0,"turns":7.0},{"damage":22.0,"enemies":"3 Darklings","floor":35.0,"turns":5.0},{"damage":0.0,"enemies":"Orb Walker","floor":36.0,"turns":1.0},{"damage":1.0,"enemies":"4 Shapes","floor":38.0,"turns":3.0},{"damage":0.0,"enemies":"Giant Head","floor":40.0,"turns":3.0},{"damage":4.0,"enemies":"Nemesis","floor":42.0,"turns":5.0},{"damage":4.0,"enemies":"Giant Head","floor":44.0,"turns":5.0},{"damage":11.0,"enemies":"Sphere and 2 Shapes","floor":45.0,"turns":4.0},{"damage":2,"enemies":"Donu and Deca","floor":50,"turns":6},{"damage":63,"enemies":"Time Eater","floor":51,"turns":11}],"seed_played":"745234672589635977","potions_obtained":[{"floor":2.0,"key":"Strength Potion"},{"floor":4.0,"key":"LiquidMemories"},{"floor":14.0,"key":"SteroidPotion"},{"floor":16.0,"key":"PowerPotion"},{"floor":21.0,"key":"SpeedPotion"},{"floor":22.0,"key":"Explosive Potion"},{"floor":27.0,"key":"AttackPotion"},{"floor":29.0,"key":"AttackPotion"},{"floor":33.0,"key":"SteroidPotion"},{"floor":35.0,"key":"SteroidPotion"},{"floor":36.0,"key":"CultistPotion"},{"floor":38.0,"key":"SpeedPotion"},{"floor":40.0,"key":"Energy Potion"},{"floor":42.0,"key":"SteroidPotion"},{"floor":44.0,"key":"TheCursedMod:DregsPotion"}],"is_trial":false,"path_per_floor":["M","M","M","M","M","E","R","?","T","E","?","E","?","M","R","B",null,"M","?","?","M","M","E","?","?","T","E","R","E","R","T","R","B",null,"M","M","?","M","$","E","R","E","T","E","M","R","$","?","R","B","B"],"character_chosen":"THE_CURSED","items_purchased":["ClockworkSouvenir","Nunchaku","TheCursedMod:SmokeScreen","TheCursedMod:StingEye+1","TheCursedMod:EmpowerCircles"],"campfire_rested":3,"item_purchase_floors":[39,39,39,47,47],"current_hp_per_floor":[62,59,52,51,45,13,49,49,49,35,35,35,14,14,50,2,54,42,42,56,56,56,56,56,56,56,56,56,56,56,56,56,48,65,43,43,43,42,42,42,42,38,38,34,23,59,59,59,59,57,0,0],"gold":275,"neow_bonus":"RANDOM_COMMON_RELIC","is_daily":false,"chose_seed":false,"campfire_upgraded":4,"win_rate":0.0,"timestamp":1609214297,"path_taken":["M","M","M","M","M","E","R","?","T","E","?","E","?","M","R","BOSS","M","?","?","M","M","E","?","?","T","E","R","E","R","?","R","BOSS","M","M","?","M","$","E","R","E","T","E","M","R","$","?","R","BOSS","BOSS"],"items_purchased_type":["Relic","Relic","Card","Card","Card"],"build_version":"2020-12-22","purchased_purges":2,"victory":false,"max_hp_per_floor":[71,71,71,71,71,71,71,71,71,71,71,71,71,71,71,71,71,71,71,71,71,71,71,71,71,71,71,71,71,71,71,71,71,71,71,71,71,71,71,71,71,71,71,71,71,71,71,71,71,71,71,71],"relic_stats":{"Regal Pillow":45,"Nunchaku":[9],"counters":[26,118],"Shuriken":[9],"Blue Candle":[0],"Bronze Scales":[92],"Juzu Bracelet":2,"Ginger":[5],"War Paint":["TheCursedMod:Defend_TheCursed","TheCursedMod:CleanUpWorkshop"],"MawBank":348,"Boot":[24],"obtain_stats":[{"Potion Belt":27,"TheCursedMod:BlackMagic101":0,"Regal Pillow":6,"Blue Candle":25,"SacredBark":34,"Juzu Bracelet":0,"Ginger":42,"War Paint":9,"MawBank":10,"Boot":31,"White Beast Statue":23,"ClockworkSouvenir":39,"SlaversCollar":17,"CaptainsWheel":12,"Nunchaku":39,"Shuriken":44,"Bronze Scales":29,"Molten Egg 2":40,"Bag of Marbles":19,"StrikeDummy":43},{"Potion Belt":15,"TheCursedMod:BlackMagic101":0,"Regal Pillow":6,"Blue Candle":14,"SacredBark":17,"Juzu Bracelet":0,"Ginger":22,"War Paint":6,"MawBank":7,"Boot":16,"White Beast Statue":14,"ClockworkSouvenir":20,"SlaversCollar":10,"CaptainsWheel":8,"Nunchaku":20,"Shuriken":23,"Bronze Scales":16,"Molten Egg 2":21,"Bag of Marbles":11,"StrikeDummy":22},{"Potion Belt":65,"TheCursedMod:BlackMagic101":0,"Regal Pillow":21,"Blue Candle":64,"SacredBark":75,"Juzu Bracelet":0,"Ginger":92,"War Paint":21,"MawBank":29,"Boot":68,"White Beast Statue":64,"ClockworkSouvenir":84,"SlaversCollar":47,"CaptainsWheel":31,"Nunchaku":84,"Shuriken":97,"Bronze Scales":68,"Molten Egg 2":87,"Bag of Marbles":53,"StrikeDummy":92}]},"card_choices":[{"not_picked":["TheCursedMod:Stigma","TheCursedMod:VitalStrike"],"picked":"TheCursedMod:FuryStrike","floor":1.0},{"not_picked":["TheCursedMod:CursedAmulet","TheCursedMod:CircleOfCorruption","TheCursedMod:SpreadPlague"],"picked":"SKIP","floor":2.0},{"not_picked":["TheCursedMod:BlessingInDisguise","TheCursedMod:RavingStaff"],"picked":"TheCursedMod:CursedShiv","floor":3.0},{"not_picked":["TheCursedMod:VoidForm","TheCursedMod:CircleOfFlame"],"picked":"TheCursedMod:SurpriseAttack","floor":4.0},{"not_picked":["TheCursedMod:RapidMovement","TheCursedMod:RavingStaff"],"picked":"TheCursedMod:Wield","floor":5.0},{"not_picked":["TheCursedMod:Wield","TheCursedMod:SmokeScreen"],"picked":"TheCursedMod:SurpriseAttack","floor":6.0},{"not_picked":["TheCursedMod:CursedBlade","TheCursedMod:CircleOfFlame"],"picked":"TheCursedMod:TacticalStrike","floor":10.0},{"not_picked":["TheCursedMod:CircleOfFlame","TheCursedMod:DoubleShield"],"picked":"TheCursedMod:SpitefulStrike","floor":12.0},{"not_picked":["TheCursedMod:Stretching","TheCursedMod:Stigma"],"picked":"TheCursedMod:StunningStrike","floor":14.0},{"not_picked":["TheCursedMod:ShockAndAwe","TheCursedMod:ManaCirculation"],"picked":"TheCursedMod:StunningStrike","floor":16.0},{"not_picked":["TheCursedMod:CursedAmulet","TheCursedMod:CircleOfCorruption"],"picked":"TheCursedMod:CircleOfFlame+1","floor":18.0},{"not_picked":["TheCursedMod:WearCloak","TheCursedMod:RavingStaff"],"picked":"TheCursedMod:CircleOfFlame+1","floor":21.0},{"not_picked":["TheCursedMod:Wield","TheCursedMod:SpitefulStrike+1"],"picked":"TheCursedMod:RapidMovement+1","floor":22.0},{"not_picked":["TheCursedMod:ManaBullet","TheCursedMod:DoubleShield"],"picked":"TheCursedMod:Neurasthenia","floor":23.0},{"not_picked":["TheCursedMod:Stretching","TheCursedMod:CircleOfCorruption"],"picked":"TheCursedMod:Obscuration","floor":27.0},{"not_picked":["TheCursedMod:VitalStrike+1","TheCursedMod:TacticalStrike"],"picked":"TheCursedMod:SurpriseAttack","floor":29.0},{"not_picked":["TheCursedMod:ForbiddenAlchemy","TheCursedMod:DemonicPact"],"picked":"TheCursedMod:DemonSword","floor":33.0},{"not_picked":["TheCursedMod:CursedMace","TheCursedMod:Stigma"],"picked":"TheCursedMod:SurpriseAttack+1","floor":35.0},{"not_picked":["TheCursedMod:CursedBlade+1","TheCursedMod:SaltUponWound"],"picked":"TheCursedMod:Wield+1","floor":36.0},{"not_picked":["TheCursedMod:WearCloak","TheCursedMod:Obscuration"],"picked":"TheCursedMod:RapidMovement","floor":38.0},{"not_picked":["TheCursedMod:VitalStrike+1","TheCursedMod:SpitefulStrike+1"],"picked":"TheCursedMod:FleshFromBone","floor":40.0},{"not_picked":["TheCursedMod:SoulReap+1","TheCursedMod:StingEye+1"],"picked":"TheCursedMod:AshesToAshes","floor":42.0},{"not_picked":["TheCursedMod:CursedAmulet","TheCursedMod:Mangle+1"],"picked":"TheCursedMod:RapidMovement+1","floor":44.0},{"not_picked":["TheCursedMod:FleshFromBone","TheCursedMod:CircleOfAbyss"],"picked":"TheCursedMod:LuckyCharm","floor":45.0}],"player_experience":4497617,"relics_obtained":[{"floor":6.0,"key":"Regal Pillow"},{"floor":9.0,"key":"War Paint"},{"floor":10.0,"key":"MawBank"},{"floor":12.0,"key":"CaptainsWheel"},{"floor":23.0,"key":"White Beast Statue"},{"floor":27.0,"key":"Potion Belt"},{"floor":29.0,"key":"Bronze Scales"},{"floor":31.0,"key":"Boot"},{"floor":40.0,"key":"Molten Egg 2"},{"floor":42.0,"key":"Ginger"},{"floor":43.0,"key":"StrikeDummy"},{"floor":44.0,"key":"Shuriken"}],"event_choices":[{"damage_healed":0.0,"max_hp_gain":0.0,"max_hp_loss":0.0,"gold_gain":0.0,"event_name":"Living Wall","player_choice":"Grow","floor":8.0,"gold_loss":0.0,"damage_taken":0.0,"cards_upgraded":["TheCursedMod:FuryStrike"]},{"damage_healed":0.0,"max_hp_gain":0.0,"max_hp_loss":0.0,"gold_gain":72.0,"event_name":"Golden Wing","player_choice":"Gained Gold","floor":11.0,"gold_loss":0.0,"damage_taken":0.0},{"damage_healed":0.0,"max_hp_gain":0.0,"max_hp_loss":0.0,"gold_gain":0.0,"event_name":"Shining Light","player_choice":"Entered Light","floor":13.0,"gold_loss":0.0,"damage_taken":21.0,"cards_upgraded":["TheCursedMod:Strike_TheCursed","TheCursedMod:SurpriseAttack"]},{"damage_healed":0.0,"max_hp_gain":0.0,"max_hp_loss":0.0,"gold_gain":0.0,"event_name":"Addict","player_choice":"Obtained Relic","floor":19.0,"gold_loss":85.0,"damage_taken":0.0,"relics_obtained":["Bag of Marbles"]},{"damage_healed":14.0,"max_hp_gain":0.0,"max_hp_loss":0.0,"gold_gain":0.0,"event_name":"The Library","player_choice":"Heal","floor":20.0,"gold_loss":0.0,"damage_taken":0.0},{"cards_removed":["TheCursedMod:Strike_TheCursed"],"damage_healed":0.0,"max_hp_gain":0.0,"max_hp_loss":0.0,"gold_gain":0.0,"event_name":"Beggar","player_choice":"Gave Gold","floor":24.0,"gold_loss":75.0,"damage_taken":0.0},{"damage_healed":0.0,"max_hp_gain":0.0,"max_hp_loss":0.0,"gold_gain":0.0,"event_name":"The Mausoleum","player_choice":"Opened","floor":25.0,"gold_loss":0.0,"damage_taken":0.0,"relics_obtained":["Blue Candle"],"cards_obtained":["Writhe"]},{"damage_healed":0.0,"max_hp_gain":0.0,"max_hp_loss":0.0,"gold_gain":0.0,"event_name":"Fountain of Cleansing","player_choice":"Ignored","floor":37.0,"gold_loss":0.0,"damage_taken":0.0},{"damage_healed":0.0,"max_hp_gain":0.0,"max_hp_loss":0.0,"gold_gain":0.0,"cards_transformed":["TheCursedMod:Strike_TheCursed"],"event_name":"Transmorgrifier","player_choice":"Transformed","floor":48.0,"gold_loss":0.0,"damage_taken":0.0,"cards_obtained":["TheCursedMod:WearCloak"]}],"is_beta":false,"boss_relics":[{"not_picked":["Ectoplasm","Busted Crown"],"picked":"SlaversCollar"},{"not_picked":["Philosopher\u0027s Stone","Pandora\u0027s Box"],"picked":"SacredBark"}],"items_purged_floors":[39,47],"is_endless":false,"potions_floor_spawned":[2,4,5,14,16,21,22,23,27,29,33,35,36,38,40,42,44,45],"killed_by":"Time Eater","ascension_level":20}}