{"host":"u0f5uy314yz7olfc","time":1609214871,"event":{"mods":["AchievementEnabler","Aspiration","BaseMod","Better Altar","Better Match","Better Note","Better Sensory Stone","Better Skull","Better Third Choice","BetterRewards","Block Reminder","Colored Map","Colored Powertips","DeckTracker","Dota2Spire","Emptier Cage","Gold Saver","Highlight Path","Hubris","Infinite Spire","Marked Mod","Mimic Mod","Minty Spire (QoL Compilation)","Permanent Neow","Quick Restart","Rare Cards Sparkle","Relic Sorter","Replay The Spire","Shop Mod","StSLib","The Bladedancer","The Blue Laboratory","Watcher Patcher"],"gold_per_floor":[1028,1044,1064,440,515,515,61,61,132,132,176,176,43,55,55,154,154,196,237,237,237,81,81,93,93,155,155,165,208,208,227,227,369,369,406,406,406,406,443,443,532,559,559,559,24,74,127,154,154,154],"floor_reached":51,"playtime":3268,"items_purged":[],"score":2015,"play_id":"ed62848e-974f-48b5-a60d-7f283a2bd4bc","local_time":"20201229110751","is_ascension_mode":false,"campfire_choices":[{"floor":6,"key":"RECALL"},{"data":"blademaster:Havoc","floor":8,"key":"SMITH"},{"data":"blademaster:Meditate","floor":10,"key":"SMITH"},{"floor":12,"key":"REST"},{"floor":15,"key":"REST"},{"data":"Apotheosis","floor":23,"key":"SMITH"},{"data":"blademaster:HighVoltage","floor":25,"key":"SMITH"},{"floor":32,"key":"REST"},{"data":"hubris:Fate","floor":40,"key":"SMITH"}],"circlet_count":0,"master_deck":["blademaster:Strike+1","blademaster:Strike+1","blademaster:Strike+1","blademaster:Strike+1","blademaster:Defend+1","blademaster:Defend+1","blademaster:Defend+1","blademaster:Defend+1","blademaster:RagingBlow","blademaster:HighVoltage+1","blademaster:Meditate+1","blademaster:WindSlash","blademaster:ThunderSlash+1","blademaster:Havoc+1","blademaster:BloodyBlow","blademaster:FuriousStrike+1","blademaster:BloodyBlow","blademaster:LeechingStrike","blademaster:Cut+1","blademaster:EyeOfTheStorm","blademaster:AirSlash","blademaster:Safeguard","blademaster:UnrelentingWind","Bandage Up","blademaster:Momentum+1","blademaster:Cut+1","blademaster:FuriousStrike+1","blademaster:Havoc","blademaster:Frontflip","blademaster:Frontflip","blademaster:AspectOfWind","blademaster:Stability","blademaster:Slice","blademaster:ThreePointStrike","blademaster:SlyStabs","blademaster:LightningCrash+1","hubris:Fate+1","Apotheosis+1","blademaster:ThreePointStrike","blademaster:Quickness","blademaster:Thrust","blademaster:Sharpen+1","blademaster:DancingEdge","blademaster:Flurry","blademaster:EnchantedCuirass","blademaster:OneTrickPony","Fasting2","Flash of Steel","blademaster:Breeze","blademaster:ParryingStrike+1","blademaster:BrainBloom","blademaster:FuriousStrike","blademaster:BladeMastery","blademaster:ColdBlood","blademaster:Stormstrike","CurseOfTheBell","blademaster:DancingEdge","Parasite","blademaster:Blockade+1","blademaster:EyeOfTheStorm+1"],"relics":["blademaster:DancersAmulet","Dota2Spire:ArcaneBoots","MerchantsRug","Dota2Spire:HandOfMidas","infinitespire:Cupcake","Dota2Spire:Bloodstone","Runic Pyramid","Black Star","aspiration:HatOfInfinitePower","MutagenicStrength","infinitespire:EvilPickle","aspiration:PoetsPen_weak","hubris:Towel","aspiration:ArtOfWarUpgrade","Thread and Needle","hubris:SlimyHat","Durian","aspiration:SeaSaltIceCream","Calling Bell","Centennial Puzzle","Gremlin Horn","Dota2Spire:AssaultCuirass","hubris:Zylophone"],"acts_visited":["Exordium","TheCity","TheBeyond"],"potions_floor_usage":[16,29,29,29,35],"damage_taken":[{"damage":6,"enemies":"infinitespire:Voidling","floor":1,"turns":3},{"damage":5,"enemies":"2 Louse","floor":2,"turns":3},{"damage":7,"enemies":"Cultist","floor":3,"turns":4},{"damage":12,"enemies":"2 Fungi Beasts","floor":11,"turns":2},{"damage":12,"enemies":"Red Slaver","floor":14,"turns":3},{"damage":37,"enemies":"Fading Forest","floor":16,"turns":11},{"damage":5,"enemies":"3 Byrds","floor":18,"turns":4},{"damage":5,"enemies":"Shell Parasite","floor":19,"turns":4},{"damage":0,"enemies":"Chosen and Byrds","floor":24,"turns":3},{"damage":46,"enemies":"Centurion and Healer","floor":26,"turns":10},{"damage":15,"enemies":"Centurion and Healer","floor":28,"turns":4},{"damage":0,"enemies":"Snake Plant","floor":29,"turns":2},{"damage":0,"enemies":"Snecko","floor":31,"turns":2},{"damage":1,"enemies":"Pondfish","floor":33,"turns":6},{"damage":0,"enemies":"3 Darklings","floor":35,"turns":1},{"damage":14,"enemies":"3 Shapes","floor":39,"turns":2},{"damage":14,"enemies":"Nemesis","floor":41,"turns":3},{"damage":0,"enemies":"Mind Bloom Boss Battle","floor":46,"turns":2},{"damage":0,"enemies":"Writhing Mass","floor":47,"turns":3},{"damage":17,"enemies":"Sphere and 2 Shapes","floor":48,"turns":2},{"damage":0,"enemies":"hubris:GrandSnecko","floor":50,"turns":2}],"seed_played":"1762374547061679253","potions_obtained":[{"floor":2,"key":"Dexterity Potion"},{"floor":18,"key":"FearPotion"},{"floor":28,"key":"FearPotion"},{"floor":33,"key":"blueLaboratory:BottledHope"},{"floor":35,"key":"blueLaboratory:HummingbirdPotion"},{"floor":39,"key":"blueLaboratory:LouseDecoction"},{"floor":46,"key":"blueLaboratory:ImpenetrablePotion"}],"is_trial":false,"path_per_floor":["M","M","M","$","?","R","$","R","T","R","M","R","$","M","R","B",null,"M","M","AVR","?","$","R","M","R","MIM","?","M","M","?","M","R","B",null,"M","?","?","?","M","R","E","T","T","R","$","?","M","M","R","B",null],"character_chosen":"THE_BLADEMASTER","items_purchased":["blademaster:Meditate","blademaster:WindSlash","blademaster:ThunderSlash+1","Lee\u0027s Waffle","blademaster:Havoc","blademaster:BloodyBlow","blademaster:FuriousStrike","Dota2Spire:ArcaneBoots","MerchantsRug","blademaster:EyeOfTheStorm","blademaster:AirSlash","blademaster:Safeguard","blademaster:UnrelentingWind","Bandage Up","blademaster:Momentum+1","blademaster:Cut","Dota2Spire:HandOfMidas","blademaster:FuriousStrike","Dota2Spire:HealingSalve","blademaster:Frontflip","blademaster:AspectOfWind","blademaster:Stability","blademaster:ThreePointStrike","blademaster:BrainBloom","blademaster:FuriousStrike","blademaster:BladeMastery","blademaster:ColdBlood","blademaster:Stormstrike","aspiration:SeaSaltIceCream"],"campfire_rested":3,"item_purchase_floors":[0,0,0,0,0,0,0,4,4,4,4,4,4,7,7,7,7,7,7,13,13,13,22,45,45,45,45,45,45],"current_hp_per_floor":[76,74,73,73,62,62,62,62,62,62,56,80,80,72,82,74,82,82,81,81,81,81,81,82,82,41,41,33,33,33,39,63,74,82,82,82,82,82,77,77,71,71,76,76,76,87,87,87,87,87],"gold":154,"neow_bonus":"","is_daily":false,"chose_seed":false,"campfire_upgraded":5,"win_rate":0.0,"timestamp":1609214871,"path_taken":["M","M","?","$","?","R","$","R","T","R","M","R","?","?","R","BOSS","M","M","AVR","?","$","R","?","R","MIM","?","M","M","?","M","R","BOSS","M","?","?","?","M","R","E","?","T","R","$","?","?","M","R","BOSS"],"items_purchased_type":["Card","Card","Card","Relic","Card","Card","Card","Relic","Relic","Card","Card","Card","Card","Card","Card","Card","Relic","Card","Potion","Card","Card","Card","Card","Card","Card","Card","Card","Card","Relic"],"build_version":"2020-12-22","purchased_purges":0,"victory":true,"max_hp_per_floor":[82,82,82,82,82,82,82,82,82,82,82,82,82,82,82,82,82,82,82,82,82,82,82,82,82,82,82,82,82,82,82,82,82,82,82,82,82,82,82,82,82,82,87,87,87,87,87,87,87,87],"card_choices":[{"not_picked":["blademaster:ParryingStrike","blademaster:ChargingUp"],"picked":"blademaster:BloodyBlow","floor":1},{"not_picked":["blademaster:Overcharge","blademaster:Stormstrike"],"picked":"blademaster:LeechingStrike","floor":2},{"not_picked":["blademaster:BloodyBlow","blademaster:DaggerAndCloak"],"picked":"blademaster:Cut","floor":3},{"not_picked":["blademaster:EyeOfTheStorm","blademaster:CombatPrep"],"picked":"blademaster:Havoc","floor":11},{"not_picked":["blademaster:IcyWind","blademaster:Overcharge"],"picked":"blademaster:Slice","floor":14},{"not_picked":["blademaster:RollingTyphoon","blademaster:UnrelentingWind"],"picked":"blademaster:ThreePointStrike","floor":16},{"not_picked":["blademaster:Gust","blademaster:AwakeningStrike"],"picked":"blademaster:SlyStabs","floor":18},{"not_picked":["blademaster:DragonStrike","blademaster:Slice"],"picked":"blademaster:LightningCrash+1","floor":19},{"not_picked":["blademaster:SlyStabs+1","blademaster:Reversal"],"picked":"blademaster:Quickness","floor":24},{"not_picked":["blademaster:AwakeningDefend","blademaster:Frenzy+1"],"picked":"blademaster:Thrust","floor":26},{"not_picked":["blademaster:Rupture+1","blademaster:EyeOfTheStorm"],"picked":"blademaster:Sharpen+1","floor":28},{"not_picked":["blademaster:AwakeningDefend","blademaster:ParryingStrike"],"picked":"blademaster:DancingEdge","floor":29},{"not_picked":["blademaster:AirSlash","blademaster:FuriousStrike"],"picked":"blademaster:Flurry","floor":31},{"not_picked":["blademaster:HighVoltage","blademaster:StanceMastery"],"picked":"blademaster:EnchantedCuirass","floor":33},{"not_picked":["blademaster:ChargingUp","blademaster:AwakeningDefend"],"picked":"blademaster:OneTrickPony","floor":35},{"not_picked":["ReplayTheSpireMod:Uncanny Aura","Madness"],"picked":"Fasting2","floor":38},{"not_picked":["Purity","Mind Blast"],"picked":"Flash of Steel","floor":38},{"not_picked":["blademaster:BladeCross","blademaster:Safeguard"],"picked":"blademaster:Breeze","floor":39},{"not_picked":["blademaster:Frontflip","blademaster:AspectOfLightning"],"picked":"blademaster:ParryingStrike+1","floor":41},{"not_picked":["blademaster:Rupture+1","blademaster:IcyWind"],"picked":"blademaster:DancingEdge","floor":46},{"not_picked":["blademaster:Safeguard+1","blademaster:Sunder"],"picked":"blademaster:Blockade+1","floor":47},{"not_picked":["blademaster:SlyStabs+1","blademaster:Stormstrike"],"picked":"blademaster:EyeOfTheStorm+1","floor":48}],"player_experience":345385,"relics_obtained":[{"floor":26,"key":"aspiration:HatOfInfinitePower"},{"floor":26,"key":"blademaster:RandomStancePerk"},{"floor":41,"key":"Art of War"},{"floor":41,"key":"blademaster:StanceHealPerk"},{"floor":41,"key":"Thread and Needle"},{"floor":42,"key":"hubris:SlimyHat"},{"floor":43,"key":"Durian"},{"floor":45,"key":"Centennial Puzzle"},{"floor":45,"key":"Gremlin Horn"},{"floor":45,"key":"Dota2Spire:AssaultCuirass"},{"floor":46,"key":"hubris:Zylophone"},{"floor":46,"key":"blademaster:FuryEveryTurnPerk"}],"event_choices":[{"damage_healed":0,"gold_gain":75,"player_choice":"Gold","damage_taken":11,"max_hp_gain":0,"max_hp_loss":0,"event_name":"betterThird:BetterGoop","floor":5,"gold_loss":0},{"cards_removed":["hubris:Fate"],"damage_healed":0,"gold_gain":0,"player_choice":"Take \u0026 Give","damage_taken":0,"max_hp_gain":0,"max_hp_loss":0,"event_name":"betterNote:BetterNote","floor":21,"gold_loss":0,"cards_obtained":["Apotheosis"]},{"damage_healed":0,"gold_gain":0,"player_choice":"Inject Mutagens","damage_taken":0,"relics_obtained":["MutagenicStrength"],"max_hp_gain":0,"max_hp_loss":0,"event_name":"Drug Dealer","floor":27,"gold_loss":0},{"damage_healed":0,"gold_gain":0,"player_choice":"Simplicity","damage_taken":0,"max_hp_gain":0,"max_hp_loss":12,"event_name":"betterThird:BetterWriting","floor":30,"gold_loss":0},{"damage_healed":0,"gold_gain":3,"player_choice":"1","damage_taken":0,"max_hp_gain":0,"max_hp_loss":0,"event_name":"betterStone:BetterStone","floor":38,"gold_loss":0},{"damage_healed":0,"gold_gain":0,"player_choice":"Fight","damage_taken":0,"max_hp_gain":0,"max_hp_loss":0,"event_name":"MindBloom","floor":46,"gold_loss":0}],"is_beta":false,"boss_relics":[{"not_picked":["ReplayTheSpireMod:SealedPack","Replay:Bronze Core"],"picked":"Replay:Grab Bag"},{"not_picked":["Painkiller Herb","Runic Dome"],"picked":"infinitespire:Cupcake"},{"not_picked":["Sozu","aspiration:FutureDiary"],"picked":"Dota2Spire:Bloodstone"},{"not_picked":["aspiration:RunicSpoon","Calling Bell"],"picked":"Runic Pyramid"},{"not_picked":["aspiration:SecretTechniqueScroll","Empty Cage"],"picked":"Black Star"},{"not_picked":["ChewingGum","Tiny House"],"picked":"aspiration:PoetsPen_weak"}],"items_purged_floors":[],"is_endless":false,"potions_floor_spawned":[2,18,28,33,35,39,46,48],"ascension_level":0}}