{"host":"sav7uxregyirlf69","time":1609226148,"event":{"mods":["AchievementEnabler","BaseMod","Colored Map","DeckTracker","Keyboard Shortcuts","Minty Spire (QoL Compilation)","READ ME - Guardian Mod","StSLib","SuperFastMode"],"gold_per_floor":[110,121,121,121,121,121,131,145,145,172,172,172,197,211,211,211,211],"floor_reached":16,"playtime":260,"items_purged":[],"score":180,"play_id":"09013bb3-64db-4f0d-aeb6-072042598965","local_time":"20201229161548","is_ascension_mode":true,"campfire_choices":[{"data":"Poisoned Stab","floor":6,"key":"SMITH"},{"floor":12,"key":"REST"},{"data":"Dagger Throw","floor":15,"key":"SMITH"}],"circlet_count":0,"master_deck":["AscendersBane","Strike_G","Strike_G","Strike_G","Defend_G","Defend_G","Defend_G","Defend_G","Defend_G","Survivor","Neutralize","Backstab","Poisoned Stab+1","Reflex","Cloak And Dagger","Dagger Throw+1","Reflex"],"relics":["Ring of the Snake","Gremlin Horn","Oddly Smooth Stone","Lantern","Odd Mushroom","Art of War"],"acts_visited":["Exordium"],"potions_floor_usage":[16],"damage_taken":[{"damage":1,"enemies":"2 Louse","floor":1,"turns":5},{"damage":1,"enemies":"Small Slimes","floor":2,"turns":3},{"damage":0,"enemies":"Cultist","floor":7,"turns":3},{"damage":14,"enemies":"Large Slime","floor":8,"turns":10},{"damage":0,"enemies":"The Mushroom Lair","floor":10,"turns":6},{"damage":0,"enemies":"2 Fungi Beasts","floor":14,"turns":4},{"damage":47,"enemies":"Slime Boss","floor":16,"turns":6}],"seed_played":"3432615084483736886","potions_obtained":[{"floor":1,"key":"LiquidMemories"},{"floor":8,"key":"SkillPotion"}],"is_trial":false,"path_per_floor":["M","M","?","?","?","R","M","M","T","?","?","R","T","M","R","B"],"character_chosen":"THE_SILENT","items_purchased":[],"campfire_rested":1,"item_purchase_floors":[],"current_hp_per_floor":[43,42,47,29,29,29,29,15,15,15,15,36,36,36,36,0,0],"gold":211,"neow_bonus":"REMOVE_TWO","is_daily":false,"chose_seed":false,"campfire_upgraded":2,"win_rate":0.0,"timestamp":1609226148,"path_taken":["M","M","?","?","?","R","M","?","T","?","?","R","?","M","R","BOSS"],"items_purchased_type":[],"build_version":"2020-12-22","purchased_purges":0,"victory":false,"max_hp_per_floor":[66,66,71,71,71,71,71,71,71,71,71,71,71,71,71,71,71],"card_choices":[{"not_picked":["Bane","Catalyst"],"picked":"Backstab","floor":1},{"not_picked":["Acrobatics","Deadly Poison"],"picked":"Poisoned Stab","floor":2},{"not_picked":["Dodge and Roll","Blade Dance"],"picked":"Reflex","floor":7},{"not_picked":["Predator","Sucker Punch"],"picked":"Cloak And Dagger","floor":8},{"not_picked":["Finisher","Catalyst"],"picked":"Dagger Throw","floor":10},{"not_picked":["Sucker Punch","Backflip"],"picked":"Reflex","floor":14}],"player_experience":1042798,"relics_obtained":[{"floor":9,"key":"Lantern"},{"floor":10,"key":"Odd Mushroom"},{"floor":13,"key":"Art of War"}],"event_choices":[{"damage_healed":0,"gold_gain":0,"player_choice":"Donut","damage_taken":0,"max_hp_gain":5,"max_hp_loss":0,"event_name":"Big Fish","floor":3,"gold_loss":0},{"damage_healed":0,"gold_gain":0,"player_choice":"Success","damage_taken":18,"relics_obtained":["Gremlin Horn"],"max_hp_gain":0,"max_hp_loss":0,"event_name":"Scrap Ooze","floor":4,"gold_loss":0},{"damage_healed":0,"gold_gain":0,"player_choice":"Gave Potion","damage_taken":0,"relics_obtained":["Oddly Smooth Stone"],"max_hp_gain":0,"max_hp_loss":0,"event_name":"WeMeetAgain","floor":5,"gold_loss":0},{"damage_healed":0,"gold_gain":0,"player_choice":"Fought Mushrooms","damage_taken":0,"max_hp_gain":0,"max_hp_loss":0,"event_name":"Mushrooms","floor":10,"gold_loss":0},{"damage_healed":0,"gold_gain":0,"player_choice":"Ignored","damage_taken":0,"max_hp_gain":0,"max_hp_loss":0,"event_name":"Shining Light","floor":11,"gold_loss":0}],"is_beta":false,"boss_relics":[],"items_purged_floors":[],"is_endless":false,"potions_floor_spawned":[1,8],"killed_by":"Slime Boss","ascension_level":20}}