{"host":"78zdngn0u28jm0pp","time":1609223626,"event":{"mods":["BaseMod","Jorbs\u0027s Wanderer Trilogy","Minty Spire (QoL Compilation)","Permanent Neow","Quick Restart","Relic Stats","StSLib","Unceasing Turn Reminder"],"gold_per_floor":[119,119,30,40,115,115,115,115],"floor_reached":7,"playtime":144,"items_purged":[],"score":78,"play_id":"84e9fa25-856c-4585-ac32-910e6e49df47","local_time":"20201228233346","is_ascension_mode":true,"campfire_choices":[{"floor":6,"key":"REST"}],"circlet_count":0,"master_deck":["AscendersBane","Strike_G","Strike_G","Strike_G","Strike_G","Strike_G","Defend_G","Defend_G","Defend_G","Defend_G","Defend_G","Survivor","Neutralize","Deflect","Backstab","Terror"],"relics":["Ring of the Snake","Unceasing Top","Lantern"],"acts_visited":["Exordium"],"potions_floor_usage":[],"damage_taken":[{"damage":0,"enemies":"2 Louse","floor":1,"turns":4},{"damage":4,"enemies":"Small Slimes","floor":4,"turns":4},{"damage":36,"enemies":"Gremlin Nob","floor":7,"turns":4}],"seed_played":"-6934255317620930550","potions_obtained":[],"is_trial":false,"path_per_floor":["M","?","$","M","?","R","E"],"character_chosen":"THE_SILENT","items_purchased":["Backstab"],"campfire_rested":1,"item_purchase_floors":[3],"current_hp_per_floor":[44,39,39,35,24,43,7,7],"gold":115,"neow_bonus":"ONE_RARE_RELIC","is_daily":false,"chose_seed":false,"campfire_upgraded":0,"win_rate":0.0,"timestamp":1609223626,"path_taken":["M","?","$","M","?","R","E"],"items_purchased_type":["Card"],"build_version":"2020-12-22","purchased_purges":0,"victory":false,"max_hp_per_floor":[66,66,66,66,66,66,66,66],"relic_stats":{"counters":[3,12],"obtain_stats":[{"Lantern":2,"Unceasing Top":0,"Ring of the Snake":0},{"Lantern":1,"Unceasing Top":0,"Ring of the Snake":0},{"Lantern":4,"Unceasing Top":0,"Ring of the Snake":0}],"Unceasing Top":[1],"Ring of the Snake":[6]},"card_choices":[{"not_picked":["Underhanded Strike","Bane"],"picked":"Deflect","floor":1},{"not_picked":["Masterful Stab","Backflip"],"picked":"Terror","floor":4}],"player_experience":704217,"relics_obtained":[],"event_choices":[{"damage_healed":0,"gold_gain":0,"player_choice":"Success","damage_taken":5,"relics_obtained":["Lantern"],"max_hp_gain":0,"max_hp_loss":0,"event_name":"Scrap Ooze","floor":2,"gold_loss":0},{"damage_healed":0,"gold_gain":75,"player_choice":"Gather Gold","damage_taken":11,"max_hp_gain":0,"max_hp_loss":0,"event_name":"World of Goop","floor":5,"gold_loss":0}],"is_beta":false,"boss_relics":[],"items_purged_floors":[],"is_endless":false,"potions_floor_spawned":[],"killed_by":"Gremlin Nob","ascension_level":20}}