{"host":"cjhtzh7tp54jdfyv","time":1609200172,"event":{"mods":["AchievementEnabler","BaseMod","Colored Map","Colored Powertips","Curses Come First","DeckTracker","Filter the Spire","Hermit","Minty Spire (QoL Compilation)","RNG Fix","Relic Sorter","Relic Stats","StSLib","The Cursed","The Disciple","The Marked","UnlockEverythingMod","Waifu the Spire","ojb\u0027s Better Paths Mod","ojb\u0027s Info Mod"],"gold_per_floor":[153,0,0,31,91,129,176,250,296,223,255,255,255,286,286,286,286],"floor_reached":16,"playtime":1109,"items_purged":["TheCursedMod:Strike_TheCursed"],"score":290,"play_id":"f912a858-b8b9-4475-b1bd-e5e902633328","local_time":"20201228190252","is_ascension_mode":true,"campfire_choices":[{"floor":12,"key":"REST"},{"data":"TheCursedMod:ReleasedStrength","floor":15,"key":"SMITH"}],"circlet_count":0,"master_deck":["AscendersBane","TheCursedMod:Strike_TheCursed","TheCursedMod:Strike_TheCursed","TheCursedMod:Strike_TheCursed","TheCursedMod:Defend_TheCursed","TheCursedMod:Defend_TheCursed","TheCursedMod:Defend_TheCursed","TheCursedMod:Defend_TheCursed","TheCursedMod:CursedWand","TheCursedMod:CleanUpWorkshop","TheCursedMod:Dregs","HandOfGreed","TheCursedMod:SpitefulPlan","TheCursedMod:AbyssShockwave","TheCursedMod:ReleasedStrength+1","TheCursedMod:Stigma","TheCursedMod:BloodBarrier","TheCursedMod:SpitefulPray","Injury","TheCursedMod:ForbiddenAlchemy"],"relics":["TheCursedMod:BlackMagic101","Shovel","Matryoshka","Molten Egg 2","Golden Idol","Lantern"],"acts_visited":["Exordium"],"potions_floor_usage":[7,11,16],"damage_taken":[{"damage":1,"enemies":"2 Louse","floor":1,"turns":3},{"damage":4,"enemies":"Jaw Worm","floor":4,"turns":3},{"damage":14,"enemies":"Small Slimes","floor":5,"turns":4},{"damage":4,"enemies":"Looter","floor":6,"turns":4},{"damage":0,"enemies":"3 Sentries","floor":7,"turns":4},{"damage":15,"enemies":"3 Louse","floor":8,"turns":6},{"damage":15,"enemies":"Lagavulin","floor":11,"turns":7},{"damage":11,"enemies":"Gremlin Nob","floor":14,"turns":4},{"damage":41,"enemies":"Hexaghost","floor":16,"turns":9}],"seed_played":"-2118512362130619926","potions_obtained":[{"floor":4,"key":"LiquidMemories"},{"floor":6,"key":"FairyPotion"},{"floor":8,"key":"SkillPotion"},{"floor":14,"key":"DistilledChaos"}],"is_trial":false,"path_per_floor":["M","$","?","M","M","M","E","M","T","?","E","R","?","E","R","B"],"character_chosen":"THE_CURSED","items_purchased":["TheCursedMod:AbyssShockwave"],"campfire_rested":1,"item_purchase_floors":[2],"current_hp_per_floor":[63,63,63,59,45,41,41,26,26,26,11,30,30,19,19,0,0],"gold":286,"neow_bonus":"RANDOM_COLORLESS_2","is_daily":false,"chose_seed":false,"campfire_upgraded":1,"win_rate":0.0,"timestamp":1609200172,"path_taken":["M","$","?","M","M","M","E","M","T","?","E","R","?","E","R","BOSS"],"items_purchased_type":["Card"],"build_version":"2020-12-22","purchased_purges":1,"victory":false,"max_hp_per_floor":[64,64,64,64,64,64,64,64,64,64,64,64,64,64,64,64,64],"relic_stats":{"Shovel":0,"counters":[9,44],"Golden Idol":6,"obtain_stats":[{"TheCursedMod:BlackMagic101":0,"Lantern":14,"Shovel":7,"Matryoshka":10,"Golden Idol":13,"Molten Egg 2":11},{"TheCursedMod:BlackMagic101":0,"Lantern":8,"Shovel":5,"Matryoshka":6,"Golden Idol":7,"Molten Egg 2":7},{"TheCursedMod:BlackMagic101":0,"Lantern":35,"Shovel":18,"Matryoshka":24,"Golden Idol":31,"Molten Egg 2":31}]},"card_choices":[{"not_picked":["Chrysalis","Thinking Ahead"],"picked":"HandOfGreed","floor":0},{"not_picked":["TheCursedMod:TroublousMinions","TheCursedMod:HellsGateOpen"],"picked":"TheCursedMod:SpitefulPlan","floor":1},{"not_picked":["TheCursedMod:SurpriseAttack","TheCursedMod:FleshFromBone"],"picked":"TheCursedMod:ReleasedStrength","floor":4},{"not_picked":["TheCursedMod:SpreadPlague","TheCursedMod:BloodBarrier","TheCursedMod:Obscuration"],"picked":"SKIP","floor":5},{"not_picked":["TheCursedMod:Torture","TheCursedMod:AshesToAshes"],"picked":"TheCursedMod:Stigma","floor":6},{"not_picked":["TheCursedMod:CircleOfFocus","TheCursedMod:CircleOfFlame","TheCursedMod:VitalStrike"],"picked":"SKIP","floor":7},{"not_picked":["TheCursedMod:Torture","TheCursedMod:TacticalStrike"],"picked":"TheCursedMod:BloodBarrier","floor":8},{"not_picked":["TheCursedMod:CircleOfFocus","TheCursedMod:Obscuration"],"picked":"TheCursedMod:SpitefulPray","floor":11},{"not_picked":["TheCursedMod:HellsGateOpen","TheCursedMod:UltimatePain"],"picked":"TheCursedMod:ForbiddenAlchemy","floor":14}],"player_experience":4491706,"relics_obtained":[{"floor":7,"key":"Shovel"},{"floor":11,"key":"Molten Egg 2"},{"floor":14,"key":"Lantern"}],"event_choices":[{"damage_healed":0,"gold_gain":0,"player_choice":"Left Gold","damage_taken":0,"max_hp_gain":0,"max_hp_loss":0,"event_name":"World of Goop","floor":3,"gold_loss":0},{"damage_healed":0,"gold_gain":0,"player_choice":"Paid Gold","damage_taken":0,"relics_obtained":["Matryoshka"],"max_hp_gain":0,"max_hp_loss":0,"event_name":"WeMeetAgain","floor":10,"gold_loss":73},{"damage_healed":0,"gold_gain":0,"player_choice":"Take Wound","damage_taken":0,"relics_obtained":["Golden Idol"],"max_hp_gain":0,"max_hp_loss":0,"event_name":"Golden Idol","floor":13,"gold_loss":0,"cards_obtained":["Injury"]}],"is_beta":false,"boss_relics":[],"items_purged_floors":[2],"is_endless":false,"potions_floor_spawned":[4,6,8,14],"killed_by":"Hexaghost","ascension_level":20}}