{"host":"tb9sfv97irhb8jsq","time":1609259789,"event":{"mods":["Aspiration","BaseMod","Better Altar","Better Match","Better Note","Better Skull","Better Third Choice","BetterRewards","Colored Powertips","Colorless Booster Pack","Conspire","Dota2Spire","Energized Spire","Exacting","GifTheSpireLib","Halation","Hubris","Infinite Spire","Minty Spire (QoL Compilation)","RatMod","Replay The Spire","Shop Mod","Spicy Shops","Spikes Relics","StSLib","Stuff the Spire","SuperFastMode","Trackpad","vexMod"],"gold_per_floor":[360,0,40,40,40,95,95,123,149,159,175,205,225,0,0,0,0],"floor_reached":16,"playtime":881,"items_purged":[],"score":174,"play_id":"9f2064b3-6c61-4061-ab12-ab68a47fdd14","local_time":"20201229193629","is_ascension_mode":true,"campfire_choices":[{"data":"StuffTheSpire:Pyroclast","floor":7,"key":"SMITH"},{"data":"Strike_R","floor":15,"key":"PURGE"}],"circlet_count":0,"master_deck":["Strike_R","Strike_R","Strike_R","Strike_R","Defend_R","Defend_R","Defend_R","Defend_R+1","Bash","StuffTheSpire:Pyroclast+1","conspire:Charge","conspire:Charge","Flex+1","StuffTheSpire:Incineration","ReplayTheSpireMod:Stacked+1","Feel No Pain","ReplayTheSpireMod:Limb From Limb","hubris:ReadiedAction+1","Clothesline","ReplayTheSpireMod:Stacked+1","Thunderclap","Enlightenment+1"],"relics":["Burning Blood","Toxic Egg 2","Iron Hammer","Dota2Spire:MaskOfMadness","infinitespire:Beetle Shell","rat:KircheisShard"],"acts_visited":["Exordium"],"potions_floor_usage":[11,12,12,16,16],"damage_taken":[{"damage":14,"enemies":"2 Louse","floor":1,"turns":3},{"damage":8,"enemies":"Small Slimes","floor":3,"turns":2},{"damage":26,"enemies":"3 Sentries","floor":6,"turns":5},{"damage":8,"enemies":"Gremlin Nob","floor":8,"turns":3},{"damage":0,"enemies":"Jaw Worm","floor":10,"turns":2},{"damage":2,"enemies":"3 Louse","floor":11,"turns":3},{"damage":25,"enemies":"Lagavulin","floor":12,"turns":6},{"damage":0,"enemies":"Large Slime","floor":13,"turns":4},{"damage":76,"enemies":"Fading Forest","floor":16,"turns":10}],"seed_played":"6147719408091757737","potions_obtained":[{"floor":1,"key":"Block Potion"},{"floor":10,"key":"Toxic Potion"},{"floor":11,"key":"AttackPotion"},{"floor":12,"key":"BloodPotion"},{"floor":12,"key":"AttackPotion"}],"is_trial":false,"path_per_floor":["M","$","M","?","?","E","R","E","T","M","M","E","M","?","R","B"],"character_chosen":"IRONCLAD","items_purchased":["conspire:Charge","Toxic Egg 2","Flex+1"],"campfire_rested":0,"item_purchase_floors":[2,2,2],"current_hp_per_floor":[43,43,41,67,67,47,47,45,45,53,57,38,44,50,50,0,0],"gold":0,"neow_bonus":"TWO_FIFTY_GOLD","is_daily":false,"chose_seed":false,"campfire_upgraded":1,"win_rate":0.0,"timestamp":1609259789,"path_taken":["M","$","M","?","?","E","R","E","T","M","M","E","M","?","R","BOSS"],"items_purchased_type":["Card","Relic","Card"],"build_version":"2020-12-22","purchased_purges":0,"victory":false,"max_hp_per_floor":[80,80,80,80,80,80,80,80,80,82,82,82,82,88,88,88,88],"card_choices":[{"not_picked":["Uppercut","Warcry"],"picked":"StuffTheSpire:Pyroclast","floor":1},{"not_picked":["Replay:Undeath\u0027s Touch","Heavy Blade"],"picked":"StuffTheSpire:Incineration","floor":3},{"not_picked":["True Grit+1","Inflame"],"picked":"ReplayTheSpireMod:Stacked+1","floor":6},{"not_picked":["Anger","StuffTheSpire:RockThrow"],"picked":"Feel No Pain","floor":8},{"not_picked":["Ghostly Armor+1","Evolve"],"picked":"ReplayTheSpireMod:Limb From Limb","floor":8},{"not_picked":["Searing Blow","Wild Strike"],"picked":"hubris:ReadiedAction+1","floor":10},{"not_picked":["Heavy Blade","conspire:HitWhereItHurts"],"picked":"Clothesline","floor":11},{"not_picked":["Havoc+1","StuffTheSpire:RagingBull"],"picked":"ReplayTheSpireMod:Stacked+1","floor":12},{"not_picked":["Havoc+1","ReplayTheSpireMod:Stacked+1"],"picked":"Thunderclap","floor":13}],"player_experience":396113,"relics_obtained":[{"floor":6,"key":"Iron Hammer"},{"floor":8,"key":"Dota2Spire:MaskOfMadness"},{"floor":9,"key":"infinitespire:Beetle Shell"},{"floor":12,"key":"rat:KircheisShard"}],"event_choices":[{"damage_healed":26,"gold_gain":0,"player_choice":"Banana","damage_taken":0,"max_hp_gain":0,"max_hp_loss":0,"event_name":"Big Fish","floor":4,"gold_loss":0},{"damage_healed":0,"gold_gain":0,"player_choice":"RENOUNCE","damage_taken":225,"max_hp_gain":0,"max_hp_loss":0,"event_name":"betterThird:BetterSerpent","floor":14,"gold_loss":225,"cards_obtained":["Enlightenment"]}],"is_beta":false,"boss_relics":[],"items_purged_floors":[],"is_endless":false,"potions_floor_spawned":[1,10,11,12],"killed_by":"Fading Forest","ascension_level":9}}