{"host":"kh6fvhxn285ncg0o","time":1609204452,"event":{"mods":["Act Like it!","BaseMod","Colored Map","Friendly Minions","Keyboard Shortcuts","Minty Spire (QoL Compilation)","Quick Restart","Relic Stats","StSLib","SuperFastMode"],"gold_per_floor":[112,187,112,262,262,187,201,201,280,307,40,40,75,90,90,168,168,180,180,180,199,38,58,58,74,74,91,122,122,157,174,174,245,245,258,258,268,40,51,51,76,87,87,87,115,115,149,74,74,74,74,74,74,74,103,103],"floor_reached":57,"playtime":1609,"items_purged":["Strike_R","Strike_R"],"score":3272,"play_id":"bd6c7482-49f7-476e-8388-9cac46961be8","local_time":"20201229101412","is_ascension_mode":true,"campfire_choices":[{"data":"Bash","floor":8.0,"key":"SMITH"},{"floor":15.0,"key":"DIG"},{"floor":24.0,"key":"DIG"},{"data":"Battle Trance","floor":29.0,"key":"SMITH"},{"data":"Shrug It Off","floor":32.0,"key":"SMITH"},{"data":"Power Through","floor":40.0,"key":"SMITH"},{"floor":44.0,"key":"DIG"},{"floor":46,"key":"DIG"},{"floor":49,"key":"RECALL"},{"floor":53,"key":"DIG"}],"circlet_count":0,"master_deck":["AscendersBane","Strike_R+1","Strike_R","Defend_R","Defend_R","Defend_R","Bash+1","Dropkick+1","Pommel Strike+1","Barricade","Shockwave","Fiend Fire+1","Second Wind","Body Slam+1","Battle Trance+1","Shrug It Off+1","Impervious","Sentinel+1","Power Through+1","Evolve+1"],"relics":["SacredBark","Du-Vu Doll","Molten Egg 2","Paper Frog","Shovel","Whetstone","Coffee Dripper","Nloth\u0027s Gift","PreservedInsect","Ornamental Fan","Blood Vial","Shuriken","Magic Flower","Philosopher\u0027s Stone","OrangePellets","Bag of Preparation","Mummified Hand","Juzu Bracelet","Pantograph","Mercury Hourglass","Sundial","Akabeko"],"acts_visited":["TheCity","TheBeyond","TheEnding"],"potions_floor_usage":[55,56],"damage_taken":[{"damage":4.0,"enemies":"Small Slimes","floor":1.0,"turns":5.0},{"damage":1.0,"enemies":"2 Louse","floor":7.0,"turns":3.0},{"damage":32.0,"enemies":"Gremlin Nob","floor":10.0,"turns":4.0},{"damage":30.0,"enemies":"Lagavulin","floor":13.0,"turns":6.0},{"damage":7.0,"enemies":"Jaw Worm","floor":14.0,"turns":3.0},{"damage":45.0,"enemies":"Hexaghost","floor":16.0,"turns":9.0},{"damage":33.0,"enemies":"Spheric Guardian","floor":18.0,"turns":4.0},{"damage":0.0,"enemies":"Chosen","floor":21.0,"turns":2.0},{"damage":0.0,"enemies":"3 Cultists","floor":23.0,"turns":3.0},{"damage":0.0,"enemies":"Snecko","floor":25.0,"turns":2.0},{"damage":0.0,"enemies":"Cultist and Chosen","floor":27.0,"turns":5.0},{"damage":12.0,"enemies":"Slavers","floor":28.0,"turns":2.0},{"damage":0.0,"enemies":"Gremlin Leader","floor":30.0,"turns":3.0},{"damage":0.0,"enemies":"Chosen and Byrds","floor":31.0,"turns":3.0},{"damage":13.0,"enemies":"Automaton","floor":33.0,"turns":6.0},{"damage":0.0,"enemies":"Orb Walker","floor":35.0,"turns":3.0},{"damage":7.0,"enemies":"3 Darklings","floor":37.0,"turns":5.0},{"damage":9.0,"enemies":"Writhing Mass","floor":39.0,"turns":4.0},{"damage":0.0,"enemies":"Giant Head","floor":41.0,"turns":4.0},{"damage":23.0,"enemies":"Jaw Worm Horde","floor":42.0,"turns":3.0},{"damage":0,"enemies":"Nemesis","floor":45,"turns":4},{"damage":0,"enemies":"Giant Head","floor":47,"turns":5},{"damage":10,"enemies":"Donu and Deca","floor":50,"turns":7},{"damage":54,"enemies":"Time Eater","floor":51,"turns":10},{"damage":0,"enemies":"Shield and Spear","floor":55,"turns":7},{"damage":0,"enemies":"The Heart","floor":56,"turns":7}],"seed_played":"-3401047146963701937","potions_obtained":[{"floor":7.0,"key":"SpeedPotion"},{"floor":10.0,"key":"Explosive Potion"},{"floor":25.0,"key":"SkillPotion"},{"floor":30.0,"key":"Swift Potion"},{"floor":31.0,"key":"ElixirPotion"},{"floor":33.0,"key":"SpeedPotion"}],"is_trial":false,"path_per_floor":["M","?","$","?","?","?","M","R","T","E","$","?","E","M","R","B",null,"M","?","?","M","$","M","R","M","T","M","E","R","E","M","R","B",null,"M","?","M","$","M","R","E","M","T","R","E","R","E","?","R","B","B",null,"R","$","E","B",null],"character_chosen":"IRONCLAD","items_purchased":["Lee\u0027s Waffle","PreservedInsect","OrangePellets","SpeedPotion"],"campfire_rested":0,"item_purchase_floors":[11,22,38,38],"current_hp_per_floor":[64,53,53,53,48,48,47,47,47,15,82,87,57,50,50,5,67,34,34,34,34,34,34,34,34,34,36,26,26,28,31,31,21,71,74,74,70,70,64,64,67,47,47,47,50,50,53,53,53,77,33,74,74,74,77,87],"gold":103,"neow_bonus":"BOSS_RELIC","is_daily":false,"chose_seed":false,"campfire_upgraded":4,"win_rate":0.0,"timestamp":1609204452,"path_taken":["M","?","$","?","?","?","M","R","T","E","$","?","E","?","R","BOSS","M","?","?","?","$","M","R","?","T","M","E","R","E","?","R","BOSS","M","?","M","$","M","R","E","M","T","R","E","R","E","?","R","BOSS","BOSS","R","$","E","BOSS"],"items_purchased_type":["Relic","Relic","Relic","Potion"],"build_version":"2020-12-22","purchased_purges":2,"victory":true,"max_hp_per_floor":[75,75,75,75,75,75,75,75,75,75,82,87,87,87,87,87,87,87,87,87,87,87,87,87,87,87,87,87,87,87,87,87,87,87,87,87,87,87,87,87,87,87,87,87,87,87,87,87,87,87,87,87,87,87,87,87],"relic_stats":{"counters":[26,119],"Magic Flower":[19],"PreservedInsect":478,"Bag of Preparation":[14],"Juzu Bracelet":0,"Whetstone":["Strike_R","Dropkick"],"Mercury Hourglass":[79],"Blood Vial":36,"OrangePellets":[13],"Shovel":5,"Ornamental Fan":[132],"Shuriken":[29],"Mummified Hand":[16],"Sundial":[6],"Pantograph":54,"Nloth\u0027s Gift":1,"obtain_stats":[{"Lee\u0027s Waffle":11,"SacredBark":0,"Magic Flower":30,"PreservedInsect":22,"Bag of Preparation":41,"Juzu Bracelet":45,"Whetstone":15,"Burning Blood":0,"Akabeko":55,"Mercury Hourglass":47,"Du-Vu Doll":5,"Blood Vial":26,"OrangePellets":38,"Shovel":13,"Ornamental Fan":24,"Shuriken":28,"Mummified Hand":44,"Sundial":53,"Pantograph":46,"Molten Egg 2":9,"Philosopher\u0027s Stone":34,"Coffee Dripper":17,"Nloth\u0027s Gift":20,"Paper Frog":10},{"Lee\u0027s Waffle":3,"SacredBark":0,"Magic Flower":13,"PreservedInsect":8,"Bag of Preparation":19,"Juzu Bracelet":21,"Whetstone":5,"Burning Blood":0,"Akabeko":25,"Mercury Hourglass":22,"Du-Vu Doll":1,"Blood Vial":10,"OrangePellets":17,"Shovel":4,"Ornamental Fan":9,"Shuriken":12,"Mummified Hand":20,"Sundial":24,"Pantograph":21,"Molten Egg 2":2,"Philosopher\u0027s Stone":15,"Coffee Dripper":6,"Nloth\u0027s Gift":7,"Paper Frog":3},{"Lee\u0027s Waffle":12,"SacredBark":0,"Magic Flower":51,"PreservedInsect":36,"Bag of Preparation":76,"Juzu Bracelet":83,"Whetstone":21,"Burning Blood":0,"Akabeko":112,"Mercury Hourglass":88,"Du-Vu Doll":5,"Blood Vial":41,"OrangePellets":68,"Shovel":18,"Ornamental Fan":39,"Shuriken":48,"Mummified Hand":79,"Sundial":105,"Pantograph":83,"Molten Egg 2":8,"Philosopher\u0027s Stone":60,"Coffee Dripper":30,"Nloth\u0027s Gift":34,"Paper Frog":12}]},"card_choices":[{"not_picked":["Flex","Iron Wave"],"picked":"Dropkick","floor":1.0},{"not_picked":["Combust","Shrug It Off"],"picked":"Pommel Strike+1","floor":10.0},{"not_picked":["Clothesline+1","Feel No Pain"],"picked":"Barricade","floor":13.0},{"not_picked":["Infernal Blade","True Grit"],"picked":"Shockwave","floor":14.0},{"not_picked":["Feed+1","Impervious"],"picked":"Fiend Fire+1","floor":16.0},{"not_picked":["Twin Strike+1","Pummel+1","Hemokinesis+1"],"picked":"SKIP","floor":18.0},{"not_picked":["Anger+1","True Grit"],"picked":"Second Wind","floor":23.0},{"not_picked":["Sword Boomerang+1","Headbutt+1"],"picked":"Body Slam+1","floor":25.0},{"not_picked":["Twin Strike+1","Clash+1"],"picked":"Battle Trance","floor":27.0},{"not_picked":["Flex","Limit Break","Sentinel"],"picked":"SKIP","floor":28.0},{"not_picked":["Sever Soul+1","Combust"],"picked":"Shrug It Off","floor":30.0},{"not_picked":["Body Slam+1","Cleave+1","Pommel Strike+1"],"picked":"SKIP","floor":31.0},{"not_picked":["Juggernaut","Exhume"],"picked":"Impervious","floor":33.0},{"not_picked":["Body Slam+1","Cleave+1"],"picked":"Sentinel+1","floor":35.0},{"not_picked":["Ghostly Armor","Thunderclap+1"],"picked":"Power Through","floor":37.0},{"not_picked":["Battle Trance","Flex"],"picked":"Evolve+1","floor":39.0},{"not_picked":["Power Through","Fiend Fire+1","Iron Wave+1"],"picked":"SKIP","floor":41.0},{"not_picked":["Anger+1","Headbutt+1","Armaments"],"picked":"SKIP","floor":42.0},{"not_picked":["Whirlwind+1","Limit Break","Anger+1"],"picked":"SKIP","floor":45},{"not_picked":["Reckless Charge+1","Power Through","Evolve"],"picked":"SKIP","floor":47},{"not_picked":["Flex","Power Through","Pommel Strike+1"],"picked":"SKIP","floor":55}],"player_experience":3294743,"relics_obtained":[{"floor":9.0,"key":"Molten Egg 2"},{"floor":10.0,"key":"Paper Frog"},{"floor":13.0,"key":"Shovel"},{"floor":15.0,"key":"Whetstone"},{"floor":24.0,"key":"Ornamental Fan"},{"floor":26.0,"key":"Blood Vial"},{"floor":28.0,"key":"Shuriken"},{"floor":30.0,"key":"Magic Flower"},{"floor":41.0,"key":"Bag of Preparation"},{"floor":44.0,"key":"Mummified Hand"},{"floor":45,"key":"Juzu Bracelet"},{"floor":46,"key":"Pantograph"},{"floor":47,"key":"Mercury Hourglass"},{"floor":53,"key":"Sundial"},{"floor":55,"key":"Akabeko"}],"event_choices":[{"damage_healed":0.0,"max_hp_gain":0.0,"max_hp_loss":0.0,"gold_gain":75.0,"event_name":"World of Goop","player_choice":"Gather Gold","floor":2.0,"gold_loss":0.0,"damage_taken":11.0},{"damage_healed":0.0,"max_hp_gain":0.0,"max_hp_loss":0.0,"gold_gain":150.0,"event_name":"Liars Game","player_choice":"AGREE","floor":4.0,"gold_loss":0.0,"damage_taken":0.0,"cards_obtained":["Doubt"]},{"damage_healed":0.0,"max_hp_gain":0.0,"max_hp_loss":0.0,"gold_gain":0.0,"event_name":"Scrap Ooze","player_choice":"Success","floor":5.0,"gold_loss":0.0,"damage_taken":5.0,"relics_obtained":["Du-Vu Doll"]},{"cards_removed":["Doubt"],"damage_healed":0.0,"max_hp_gain":0.0,"max_hp_loss":0.0,"gold_gain":0.0,"event_name":"The Cleric","player_choice":"Card Removal","floor":6.0,"gold_loss":75.0,"damage_taken":0.0},{"damage_healed":0.0,"max_hp_gain":5.0,"max_hp_loss":0.0,"gold_gain":0.0,"event_name":"Big Fish","player_choice":"Donut","floor":12.0,"gold_loss":0.0,"damage_taken":0.0},{"damage_healed":0.0,"max_hp_gain":0.0,"max_hp_loss":0.0,"gold_gain":0.0,"event_name":"Cursed Tome","player_choice":"Ignored","floor":19.0,"gold_loss":0.0,"damage_taken":0.0},{"damage_healed":0.0,"max_hp_gain":0.0,"max_hp_loss":0.0,"gold_gain":0.0,"event_name":"N\u0027loth","player_choice":"Traded Relic","floor":20.0,"relics_lost":["Lee\u0027s Waffle"],"gold_loss":0.0,"damage_taken":0.0,"relics_obtained":["Nloth\u0027s Gift"]},{"cards_removed":["Defend_R"],"damage_healed":0.0,"max_hp_gain":0.0,"max_hp_loss":0.0,"gold_gain":0.0,"event_name":"Falling","player_choice":"Removed Skill","floor":36.0,"gold_loss":0.0,"damage_taken":0.0},{"cards_removed":["Strike_R"],"damage_healed":0,"gold_gain":0,"player_choice":"Single Remove","damage_taken":0,"max_hp_gain":0,"max_hp_loss":0,"event_name":"Designer","floor":48,"gold_loss":75}],"is_beta":false,"boss_relics":[{"not_picked":["Black Star","Ectoplasm"],"picked":"Coffee Dripper"},{"not_picked":["Snecko Eye","Empty Cage"],"picked":"Philosopher\u0027s Stone"}],"items_purged_floors":[3,11],"is_endless":false,"potions_floor_spawned":[7,10,25,30,31,33,35,37,45],"ascension_level":20}}