{"host":"6za4ayowsop7ft3x","time":1609237152,"event":{"mods":["AchievementEnabler","BaseMod","Bestiary","Colored Map","Colored Powertips","Curses Come First","Downfall","Highlight Path","Minty Spire (QoL Compilation)","Quick Restart","StSLib"],"gold_per_floor":[109,59,74,74,84,84,111,176,176,176,189,189,207,232,232,329,329,341,157,157,174,25,25,56,56,56,82,93,93,110,110,110,208,208,228,248,248,29,29,63,75,75,100,100,100,100,134,149,149,149],"floor_reached":51,"playtime":3462,"items_purged":["Strike_G"],"score":751,"play_id":"9ece7cd1-f181-4837-8c78-87315394326f","local_time":"20201229181912","is_ascension_mode":false,"campfire_choices":[{"data":"Prepared","floor":6,"key":"SMITH"},{"floor":10,"key":"REST"},{"floor":15,"key":"REST"},{"data":"Crippling Poison","floor":23,"key":"SMITH"},{"data":"Footwork","floor":25,"key":"SMITH"},{"floor":32,"key":"REST"},{"data":"Bullet Time","floor":42,"key":"SMITH"},{"data":"Bouncing Flask","floor":44,"key":"SMITH"},{"floor":49,"key":"REST"}],"circlet_count":0,"master_deck":["Strike_G","Strike_G","Strike_G","Defend_G","Defend_G","Defend_G","Defend_G","Defend_G","Survivor","Neutralize","Noxious Fumes+1","Prepared+1","Footwork+1","Backflip","Quick Slash","Distraction","Die Die Die","Poisoned Stab","Footwork+1","Blade Dance+1","Crippling Poison+1","PiercingWail+1","Doppelganger","Bouncing Flask+1","Bullet Time+1","Slice+1","Footwork+1","Night Terror","Madness","Madness","expansioncontent:Torchfire","Deflect+1"],"relics":["Runic Pyramid","FossilizedHelix","Happy Flower","TungstenRod","Ancient Tea Set","Orrery","Regal Pillow","Ornamental Fan","Tingsha","Vajra","MutagenicStrength","SlaversCollar","TwistedFunnel","Letter Opener","The Specimen","Bronze Scales","Oddly Smooth Stone"],"acts_visited":["Exordium","TheCity","TheBeyond"],"potions_floor_usage":[27,40,40,40,40,40,40],"damage_taken":[{"damage":2,"enemies":"2 Louse","floor":1,"turns":3},{"damage":3,"enemies":"Jaw Worm","floor":3,"turns":4},{"damage":10,"enemies":"Small Slimes","floor":5,"turns":4},{"damage":12,"enemies":"Lagavulin","floor":7,"turns":9},{"damage":9,"enemies":"Lagavulin Event","floor":8,"turns":10},{"damage":16,"enemies":"3 Louse","floor":11,"turns":3},{"damage":0,"enemies":"2 Fungi Beasts","floor":13,"turns":5},{"damage":1,"enemies":"3 Sentries","floor":14,"turns":7},{"damage":17,"enemies":"Hexaghost","floor":16,"turns":10},{"damage":9,"enemies":"3 Byrds","floor":18,"turns":5},{"damage":0,"enemies":"Spheric Guardian","floor":21,"turns":4},{"damage":3,"enemies":"Gremlin Leader","floor":24,"turns":7},{"damage":48,"enemies":"Slavers","floor":27,"turns":7},{"damage":0,"enemies":"Snake Plant","floor":28,"turns":4},{"damage":5,"enemies":"Centurion and Healer","floor":30,"turns":6},{"damage":21,"enemies":"Automaton","floor":33,"turns":12},{"damage":44,"enemies":"3 Shapes","floor":35,"turns":4},{"damage":18,"enemies":"3 Darklings","floor":36,"turns":5},{"damage":0,"enemies":"Giant Head","floor":40,"turns":7},{"damage":6,"enemies":"Spire Growth","floor":41,"turns":5},{"damage":33,"enemies":"Nemesis","floor":47,"turns":7},{"damage":0,"enemies":"Jaw Worm Horde","floor":48,"turns":3},{"damage":33,"enemies":"Awakened One","floor":50,"turns":14}],"seed_played":"4077849453978570421","potions_obtained":[{"floor":1,"key":"CunningPotion"},{"floor":7,"key":"Poison Potion"},{"floor":8,"key":"Regen Potion"},{"floor":27,"key":"EntropicBrew"}],"is_trial":false,"path_per_floor":["M","?","M","?","M","R","E","?","T","R","M","?","M","E","R","B",null,"M","$","?","M","$","R","E","R","T","E","M","?","M","?","R","B",null,"M","M","?","$","T","E","M","R","T","R","?","?","E","M","R","B",null],"character_chosen":"THE_SILENT","items_purchased":["Footwork","Orrery","Regal Pillow","TwistedFunnel"],"campfire_rested":4,"item_purchase_floors":[19,19,22,38],"current_hp_per_floor":[68,68,65,65,55,55,43,34,34,55,39,44,44,43,65,48,75,66,66,66,66,66,66,63,63,63,30,30,30,25,25,62,41,75,31,13,13,13,13,62,56,56,56,56,48,48,15,15,52,19],"gold":149,"neow_bonus":"BOSS_RELIC","is_daily":false,"chose_seed":false,"campfire_upgraded":5,"win_rate":0.0,"timestamp":1609237152,"path_taken":["M","?","M","?","M","R","E","?","T","R","M","?","M","E","R","BOSS","M","$","?","M","$","R","E","R","T","E","M","?","M","?","R","BOSS","M","M","?","$","?","E","M","R","T","R","?","?","E","M","R","BOSS"],"items_purchased_type":["Card","Relic","Relic","Relic"],"build_version":"2020-12-22","purchased_purges":1,"victory":true,"max_hp_per_floor":[70,70,70,70,70,70,70,70,70,70,70,75,75,75,75,75,75,75,75,75,75,75,75,75,75,75,75,75,75,75,75,75,75,75,75,75,75,75,75,75,75,75,75,75,75,75,75,75,75,75],"card_choices":[{"not_picked":["Calculated Gamble","Backflip"],"picked":"Noxious Fumes","floor":1},{"not_picked":["Endless Agony","Riddle With Holes","Cloak And Dagger"],"picked":"SKIP","floor":3},{"not_picked":["Backflip","Acrobatics"],"picked":"Prepared","floor":5},{"not_picked":["Sucker Punch","Heel Hook"],"picked":"Footwork","floor":7},{"not_picked":["Prepared","Dodge and Roll"],"picked":"Backflip","floor":11},{"not_picked":["Dodge and Roll","PiercingWail"],"picked":"Quick Slash","floor":13},{"not_picked":["Dagger Spray","Backflip"],"picked":"Distraction","floor":14},{"not_picked":["Envenom","Burst"],"picked":"Die Die Die","floor":16},{"not_picked":["Flying Knee+1","Deflect"],"picked":"Poisoned Stab","floor":18},{"not_picked":["Underhanded Strike+1","Acrobatics+1"],"picked":"Blade Dance+1","floor":19},{"not_picked":["Slice+1","Infinite Blades"],"picked":"Crippling Poison","floor":19},{"not_picked":["Backflip","Bane"],"picked":"PiercingWail+1","floor":19},{"not_picked":["Backflip","Flying Knee"],"picked":"Doppelganger","floor":19},{"not_picked":["Acrobatics","Reflex","Cloak And Dagger"],"picked":"SKIP","floor":21},{"not_picked":["Unload","Blade Dance","Dagger Spray+1"],"picked":"SKIP","floor":24},{"not_picked":["Predator","Prepared"],"picked":"Bullet Time","floor":27},{"not_picked":["Cloak And Dagger","Leg Sweep"],"picked":"Slice+1","floor":28},{"not_picked":["Predator","Leg Sweep"],"picked":"Footwork+1","floor":30},{"not_picked":["Doppelganger","Glass Knife"],"picked":"Night Terror","floor":33},{"not_picked":["Dagger Throw","Skewer+1","Deflect"],"picked":"SKIP","floor":35},{"not_picked":["Quick Slash+1","Underhanded Strike+1","Prepared"],"picked":"SKIP","floor":36},{"not_picked":["Underhanded Strike","Calculated Gamble+1","Cloak And Dagger+1"],"picked":"SKIP","floor":40},{"not_picked":["Sucker Punch","Accuracy+1","After Image"],"picked":"SKIP","floor":41},{"not_picked":["expansioncontent:HyperBeam","Deep Breath"],"picked":"expansioncontent:Torchfire","floor":46},{"not_picked":["Bane","Adrenaline"],"picked":"Deflect+1","floor":47},{"not_picked":["Riddle With Holes+1","Sucker Punch+1","Infinite Blades"],"picked":"SKIP","floor":48}],"player_experience":21782,"relics_obtained":[{"floor":7,"key":"FossilizedHelix"},{"floor":8,"key":"Happy Flower"},{"floor":9,"key":"TungstenRod"},{"floor":14,"key":"Ancient Tea Set"},{"floor":24,"key":"Ornamental Fan"},{"floor":26,"key":"Tingsha"},{"floor":27,"key":"Vajra"},{"floor":39,"key":"Letter Opener"},{"floor":40,"key":"The Specimen"},{"floor":43,"key":"Bronze Scales"},{"floor":47,"key":"Oddly Smooth Stone"}],"event_choices":[{"cards_removed":["Strike_G"],"damage_healed":0,"gold_gain":0,"player_choice":"Card Removal","damage_taken":0,"max_hp_gain":0,"max_hp_loss":0,"event_name":"The Cleric","floor":2,"gold_loss":50},{"damage_healed":0,"gold_gain":0,"player_choice":"Grow","damage_taken":0,"max_hp_gain":0,"max_hp_loss":0,"event_name":"Living Wall","floor":4,"gold_loss":0,"cards_upgraded":["Noxious Fumes"]},{"damage_healed":0,"gold_gain":0,"player_choice":"Searched \u00271\u0027 times","damage_taken":0,"max_hp_gain":0,"max_hp_loss":0,"event_name":"Dead Adventurer","floor":8,"gold_loss":0},{"damage_healed":0,"gold_gain":0,"player_choice":"Donut","damage_taken":0,"max_hp_gain":5,"max_hp_loss":0,"event_name":"Big Fish","floor":12,"gold_loss":0},{"damage_healed":0,"gold_gain":0,"player_choice":"Read","damage_taken":0,"max_hp_gain":0,"max_hp_loss":0,"event_name":"The Library","floor":20,"gold_loss":0,"cards_obtained":["Bouncing Flask"]},{"damage_healed":0,"gold_gain":0,"player_choice":"Inject Mutagens","damage_taken":0,"relics_obtained":["MutagenicStrength"],"max_hp_gain":0,"max_hp_loss":0,"event_name":"Drug Dealer","floor":29,"gold_loss":0},{"damage_healed":0,"gold_gain":0,"player_choice":"Ignored","damage_taken":0,"max_hp_gain":0,"max_hp_loss":0,"event_name":"Vampires","floor":31,"gold_loss":0},{"damage_healed":0,"gold_gain":0,"player_choice":"Forge","damage_taken":0,"max_hp_gain":0,"max_hp_loss":0,"event_name":"Accursed Blacksmith","floor":37,"gold_loss":0,"cards_upgraded":["Footwork"]},{"damage_healed":0,"gold_gain":0,"player_choice":"Embrace Madness","damage_taken":9,"max_hp_gain":0,"max_hp_loss":0,"event_name":"Winding Halls","floor":45,"gold_loss":0,"cards_obtained":["Madness","Madness"]},{"damage_healed":0,"gold_gain":0,"player_choice":"Memory 1","damage_taken":0,"max_hp_gain":0,"max_hp_loss":0,"event_name":"SensoryStone","floor":46,"gold_loss":0}],"is_beta":false,"boss_relics":[{"not_picked":[]},{"not_picked":["Runic Dome","SacredBark"],"picked":"SlaversCollar"}],"items_purged_floors":[38],"is_endless":false,"potions_floor_spawned":[1,7,8,16,21,27,35,36],"ascension_level":0}}