{"host":"utqe55yv0jihe4d6","time":1609203907,"event":{"mods":["2.2 Compatiblity","AchievementEnabler","BaseMod","Block Reminder","Colored Map","Colored Powertips","Minty Spire (QoL Compilation)","Quick Restart","Rare Cards Sparkle","Relic Stats","SuperFastMode"],"gold_per_floor":[109,109,109,124,124,154,25,25,51,66,79,113,131,145,145,217,217,231,241,241,141,141,176,176,176],"floor_reached":24,"playtime":896,"items_purged":["Defend_P","Strike_P"],"score":502,"play_id":"431fdc64-f288-4b05-ab72-6f5c914a4184","local_time":"20201228200507","is_ascension_mode":true,"campfire_choices":[{"floor":8.0,"key":"REST"},{"data":"TalkToTheHand","floor":15.0,"key":"SMITH"}],"circlet_count":0,"master_deck":["AscendersBane","Strike_P","Strike_P","Strike_P","Defend_P+1","Defend_P","Defend_P","Eruption+1","Vigilance","SandsOfTime","TalkToTheHand+1","Conclude","FlurryOfBlows","Scrawl","Tantrum","Vengeance","Halt","EmptyFist","Omniscience","SashWhip+1","CutThroughFate","RitualDagger","LessonLearned"],"relics":["Sozu","Regal Pillow","Omamori","Blood Vial","Strawberry","Calling Bell","Bronze Scales","Gremlin Horn","Gambling Chip","Orichalcum"],"acts_visited":["Exordium","TheCity"],"potions_floor_usage":[],"damage_taken":[{"damage":4.0,"enemies":"Jaw Worm","floor":1.0,"turns":4.0},{"damage":0.0,"enemies":"Small Slimes","floor":4.0,"turns":2.0},{"damage":19.0,"enemies":"Gremlin Nob","floor":6.0,"turns":4.0},{"damage":5.0,"enemies":"2 Louse","floor":10.0,"turns":2.0},{"damage":2.0,"enemies":"Looter","floor":11.0,"turns":3.0},{"damage":0.0,"enemies":"Lagavulin","floor":12.0,"turns":3.0},{"damage":0.0,"enemies":"2 Fungi Beasts","floor":13.0,"turns":1.0},{"damage":3.0,"enemies":"3 Louse","floor":14.0,"turns":3.0},{"damage":25.0,"enemies":"The Guardian","floor":16.0,"turns":10.0},{"damage":5.0,"enemies":"Shell Parasite","floor":18.0,"turns":2.0},{"damage":12.0,"enemies":"3 Byrds","floor":19.0,"turns":3.0},{"damage":31,"enemies":"Slavers","floor":23,"turns":3},{"damage":28,"enemies":"Shelled Parasite and Fungi","floor":24,"turns":2}],"seed_played":"3787208417893719077","potions_obtained":[],"is_trial":false,"path_per_floor":["M","?","?","M","?","E","$","R","T","M","M","E","M","M","R","B",null,"M","M","?","$","?","E","M"],"character_chosen":"WATCHER","items_purchased":["FlurryOfBlows"],"campfire_rested":1,"item_purchase_floors":[7],"current_hp_per_floor":[57,52,52,52,32,13,13,48,48,45,45,54,56,55,55,32,64,61,51,45,45,45,16,0,0],"gold":176,"neow_bonus":"BOSS_RELIC","is_daily":false,"chose_seed":false,"campfire_upgraded":1,"win_rate":0.0,"timestamp":1609203907,"path_taken":["M","?","?","M","?","E","?","R","T","?","M","E","M","M","R","BOSS","M","M","?","$","?","E","M"],"items_purchased_type":["Card"],"build_version":"2020-12-22","purchased_purges":2,"victory":false,"max_hp_per_floor":[68,68,68,68,68,68,68,68,68,68,68,75,75,75,75,75,75,75,75,75,75,75,75,75,75],"relic_stats":{"Sozu":5,"Blood Vial":20,"Regal Pillow":15,"Gremlin Horn":[5,5],"counters":[13,42],"Bronze Scales":[42],"Gambling Chip":[9],"Orichalcum":[0],"obtain_stats":[{"Sozu":0,"Blood Vial":9,"Calling Bell":17,"Regal Pillow":2,"Gremlin Horn":17,"Strawberry":12,"Bronze Scales":17,"Gambling Chip":17,"Omamori":6,"PureWater":0,"Orichalcum":23},{"Sozu":0,"Blood Vial":3,"Calling Bell":9,"Regal Pillow":1,"Gremlin Horn":9,"Strawberry":6,"Bronze Scales":9,"Gambling Chip":9,"Omamori":3,"PureWater":0,"Orichalcum":12},{"Sozu":0,"Blood Vial":10,"Calling Bell":32,"Regal Pillow":4,"Gremlin Horn":32,"Strawberry":18,"Bronze Scales":32,"Gambling Chip":32,"Omamori":10,"PureWater":0,"Orichalcum":40}]},"card_choices":[{"not_picked":["FlyingSleeves","Halt"],"picked":"SandsOfTime","floor":1.0},{"not_picked":["MentalFortress","FearNoEvil"],"picked":"TalkToTheHand","floor":4.0},{"not_picked":["WindmillStrike","Consecrate"],"picked":"Conclude","floor":6.0},{"not_picked":["ClearTheMind","Protect"],"picked":"Scrawl","floor":10.0},{"not_picked":["Pray","Weave"],"picked":"Tantrum","floor":11.0},{"not_picked":["ThirdEye","FearNoEvil"],"picked":"Vengeance","floor":12.0},{"not_picked":["Wireheading","FlurryOfBlows"],"picked":"Halt","floor":13.0},{"not_picked":["Vengeance","DeceiveReality"],"picked":"EmptyFist","floor":14.0},{"not_picked":["SpiritShield","Blasphemy"],"picked":"Omniscience","floor":16.0},{"not_picked":["Wireheading","Halt"],"picked":"SashWhip+1","floor":18.0},{"not_picked":["ForeignInfluence","Pray"],"picked":"CutThroughFate","floor":19.0},{"not_picked":["Protect","Fasting2"],"picked":"LessonLearned","floor":23}],"player_experience":2886868,"relics_obtained":[{"floor":6.0,"key":"Omamori"},{"floor":9.0,"key":"Blood Vial"},{"floor":12.0,"key":"Strawberry"},{"floor":17.0,"key":"Bronze Scales"},{"floor":17.0,"key":"Gremlin Horn"},{"floor":17.0,"key":"Gambling Chip"},{"floor":23,"key":"Orichalcum"}],"event_choices":[{"damage_healed":0.0,"max_hp_gain":0.0,"max_hp_loss":0.0,"gold_gain":0.0,"event_name":"Scrap Ooze","player_choice":"Success","floor":2.0,"gold_loss":0.0,"damage_taken":5.0,"relics_obtained":["Regal Pillow"]},{"damage_healed":0.0,"max_hp_gain":0.0,"max_hp_loss":0.0,"gold_gain":0.0,"event_name":"Liars Game","player_choice":"Ignored","floor":3.0,"gold_loss":0.0,"damage_taken":0.0},{"damage_healed":0.0,"max_hp_gain":0.0,"max_hp_loss":0.0,"gold_gain":0.0,"event_name":"Shining Light","player_choice":"Entered Light","floor":5.0,"gold_loss":0.0,"damage_taken":20.0,"cards_upgraded":["Defend_P","Eruption"]},{"damage_healed":0.0,"max_hp_gain":0.0,"max_hp_loss":0.0,"gold_gain":0.0,"event_name":"Nest","player_choice":"Joined the Cult","floor":20.0,"gold_loss":0.0,"damage_taken":6.0,"cards_obtained":["RitualDagger"]},{"damage_healed":0.0,"max_hp_gain":0.0,"max_hp_loss":0.0,"gold_gain":0.0,"event_name":"The Mausoleum","player_choice":"Ignored","floor":22.0,"gold_loss":0.0,"damage_taken":0.0}],"is_beta":false,"boss_relics":[{"not_picked":["Tiny House","Philosopher\u0027s Stone"],"picked":"Calling Bell"}],"items_purged_floors":[7,21],"is_endless":false,"potions_floor_spawned":[1,4,11,16,19],"killed_by":"Shelled Parasite and Fungi","ascension_level":20}}