{"host":"u0f5uy314yz7olfc","time":1609236064,"event":{"mods":["AchievementEnabler","Aspiration","BaseMod","Better Altar","Better Match","Better Note","Better Sensory Stone","Better Skull","Better Third Choice","BetterRewards","Block Reminder","Colored Map","Colored Powertips","DeckTracker","Dota2Spire","Emptier Cage","Gold Saver","Highlight Path","Hubris","Infinite Spire","Marked Mod","Mimic Mod","Minty Spire (QoL Compilation)","Permanent Neow","Quick Restart","Rare Cards Sparkle","Relic Sorter","Replay The Spire","Shop Mod","StSLib","The Bladedancer","The Blue Laboratory","Watcher Patcher"],"gold_per_floor":[115,85,102,19,19,19,38,48,48,67,67,102,102,121,121,217,217,236,247,247,264,264,290,290,290,329,347,347,360,360,360],"floor_reached":30,"playtime":1547,"items_purged":[],"score":277,"play_id":"fa4393d4-dcb4-4058-92f3-bdc970a17383","local_time":"20201229170104","is_ascension_mode":false,"campfire_choices":[{"floor":6,"key":"RECALL"},{"floor":11,"key":"REST"},{"floor":15,"key":"REST"},{"floor":24,"key":"REST"}],"circlet_count":0,"master_deck":["blademaster:Strike","blademaster:Strike","blademaster:Strike","blademaster:Strike","blademaster:Defend","blademaster:Defend","blademaster:Defend","blademaster:Defend","blademaster:RagingBlow","blademaster:HighVoltage","blademaster:Flurry","blademaster:ParryingStrike","blademaster:Slice","blademaster:Quickstep","blademaster:Stability","blademaster:Cut+1","blademaster:AwakeningStrike","blademaster:CombatPrep+1","blademaster:DragonStrike","blademaster:SlyStabs","blademaster:DaggerAndCloak","blademaster:Havoc+1","blademaster:Havoc+1","blademaster:Slice+1","blademaster:ThunderingOpener","blademaster:DragonStrike","blademaster:Bloodbath","blademaster:BrainBloom","blademaster:AspectOfWind","blademaster:ThreePointStrike","blademaster:Vortex+1","blademaster:Bloodbath+1","blademaster:Vortex+1","infinitespire:Collect","blademaster:Cut","blademaster:ThunderSlash","blademaster:Vortex+1","blademaster:Thrust"],"relics":["blademaster:DancersAmulet","Nunchaku","MerchantsRug","Dota2Spire:Desolator","hubris:Backtick","Snack Pack","Tiny Chest","hubris:SphereOfDissonance","Pantograph","Replay:Bottled Eggs"],"acts_visited":["Exordium","TheCity"],"potions_floor_usage":[3,12,18,29,29],"damage_taken":[{"damage":3,"enemies":"Jaw Worm","floor":1,"turns":3},{"damage":10,"enemies":"Cultist","floor":3,"turns":4},{"damage":3,"enemies":"Small Slimes","floor":7,"turns":2},{"damage":6,"enemies":"3 Louse","floor":8,"turns":3},{"damage":17,"enemies":"Lots of Slimes","floor":10,"turns":3},{"damage":19,"enemies":"3 Sentries","floor":12,"turns":5},{"damage":10,"enemies":"Looter","floor":14,"turns":2},{"damage":31,"enemies":"Hexaghost","floor":16,"turns":6},{"damage":0,"enemies":"Spheric Guardian","floor":18,"turns":2},{"damage":15,"enemies":"3 Byrds","floor":19,"turns":3},{"damage":15,"enemies":"Centurion and Healer","floor":21,"turns":2},{"damage":49,"enemies":"Slavers","floor":23,"turns":4},{"damage":4,"enemies":"Shelled Parasite and Fungi","floor":26,"turns":4},{"damage":16,"enemies":"Shelled Parasite and Fungi","floor":27,"turns":2},{"damage":9,"enemies":"Chosen and Byrds","floor":29,"turns":3},{"damage":15,"enemies":"Centurion and Healer","floor":30,"turns":1}],"seed_played":"4878747043653487782","potions_obtained":[{"floor":1,"key":"Swift Potion"},{"floor":2,"key":"blueLaboratory:PolymorphPotion"},{"floor":2,"key":"blueLaboratory:AbyssPotion"},{"floor":7,"key":"Dota2Spire:Clarity"},{"floor":16,"key":"SkillPotion"},{"floor":23,"key":"Dexterity Potion"},{"floor":28,"key":"blueLaboratory:RememoryPotion"},{"floor":28,"key":"LiquidBronze"},{"floor":28,"key":"Cursed Concoction"}],"is_trial":false,"path_per_floor":["M","?","M","$","?","R","M","M","T","M","R","E","?","M","R","B",null,"M","M","?","M","AVR","E","R","T","MIM","M","?","M","M"],"character_chosen":"THE_BLADEMASTER","items_purchased":["Nunchaku","blademaster:Flurry","blademaster:ParryingStrike","blademaster:Slice","blademaster:Quickstep","MerchantsRug","blademaster:Stability","blademaster:Cut+1","blademaster:AwakeningStrike","blademaster:CombatPrep+1","blademaster:DragonStrike","blademaster:SlyStabs","blademaster:Havoc","blademaster:Slice+1"],"campfire_rested":3,"item_purchase_floors":[0,0,0,0,0,0,0,0,0,0,0,0,4,4],"current_hp_per_floor":[72,72,62,62,62,62,59,53,53,36,58,39,43,33,55,24,75,75,64,64,53,53,8,30,30,30,18,18,11,0,0],"gold":360,"neow_bonus":"","is_daily":false,"chose_seed":false,"campfire_upgraded":0,"win_rate":0.0,"timestamp":1609236064,"path_taken":["M","?","?","$","?","R","M","M","T","M","R","E","?","?","R","BOSS","M","M","?","M","AVR","E","R","?","MIM","?","?","M","M"],"items_purchased_type":["Relic","Card","Card","Card","Card","Relic","Card","Card","Card","Card","Card","Card","Card","Card"],"build_version":"2020-12-22","purchased_purges":0,"victory":false,"max_hp_per_floor":[75,75,75,75,75,75,75,75,75,75,75,75,75,75,75,75,75,75,75,75,75,75,75,75,75,75,75,75,75,75,75],"card_choices":[{"not_picked":["blademaster:BloodyBlow","blademaster:AirSlash"],"picked":"blademaster:DaggerAndCloak","floor":1},{"not_picked":["blademaster:LeechingStrike","blademaster:Slice"],"picked":"blademaster:Havoc","floor":3},{"not_picked":["blademaster:DaggerAndCloak","blademaster:EyeOfTheTornado"],"picked":"blademaster:ThunderingOpener","floor":7},{"not_picked":["blademaster:OneTrickPony","blademaster:Frontflip"],"picked":"blademaster:DragonStrike","floor":8},{"not_picked":["blademaster:Discharge","blademaster:BladeCross"],"picked":"blademaster:Bloodbath","floor":10},{"not_picked":["blademaster:Slice","blademaster:Quickstep"],"picked":"blademaster:BrainBloom","floor":12},{"not_picked":["blademaster:OneTrickPony","blademaster:SlyStabs"],"picked":"blademaster:AspectOfWind","floor":14},{"not_picked":["blademaster:LightningDraw","blademaster:FlockOfBlades"],"picked":"blademaster:ThreePointStrike","floor":16},{"not_picked":["blademaster:Frontflip+1","blademaster:FuriousStrike"],"picked":"blademaster:Vortex+1","floor":18},{"not_picked":["blademaster:Rupture","blademaster:Sharpen"],"picked":"blademaster:Bloodbath+1","floor":19},{"not_picked":["blademaster:ThunderSlash","blademaster:ChargingUp+1"],"picked":"blademaster:Vortex","floor":21},{"not_picked":["blademaster:RagingBlow","blademaster:Quickness"],"picked":"blademaster:Cut","floor":23},{"not_picked":["blademaster:AspectOfWind","blademaster:Gust+1"],"picked":"blademaster:ThunderSlash","floor":26},{"not_picked":["blademaster:BloodyBlow","blademaster:Reversal+1"],"picked":"blademaster:Vortex","floor":27},{"not_picked":["blademaster:AspectOfWind","blademaster:Slice"],"picked":"blademaster:Thrust","floor":29}],"player_experience":358053,"relics_obtained":[{"floor":12,"key":"Dota2Spire:Desolator"},{"floor":12,"key":"blademaster:RandomBladePerk"},{"floor":23,"key":"hubris:SphereOfDissonance"},{"floor":23,"key":"blademaster:LightningChargePerk"},{"floor":25,"key":"Pantograph"},{"floor":26,"key":"Replay:Bottled Eggs"},{"floor":26,"key":"blademaster:OnAttackedChargePerk"}],"event_choices":[{"damage_healed":0,"gold_gain":0,"player_choice":"Bought 2 Potions","damage_taken":0,"max_hp_gain":0,"max_hp_loss":0,"event_name":"The Woman in Blue","floor":2,"gold_loss":0},{"damage_healed":0,"gold_gain":0,"player_choice":"Grow","damage_taken":0,"max_hp_gain":0,"max_hp_loss":0,"event_name":"Living Wall","floor":5,"gold_loss":0,"cards_upgraded":["blademaster:Havoc"]},{"damage_healed":4,"gold_gain":0,"player_choice":"LEAVE ","damage_taken":0,"relics_obtained":[],"max_hp_gain":0,"max_hp_loss":0,"event_name":"betterSkull:BetterSkull","floor":13,"gold_loss":0,"cards_upgraded":[]},{"damage_healed":0,"gold_gain":0,"player_choice":"Forge","damage_taken":0,"max_hp_gain":0,"max_hp_loss":0,"event_name":"Accursed Blacksmith","floor":20,"gold_loss":0,"cards_upgraded":["blademaster:Havoc"]},{"damage_healed":0,"gold_gain":0,"player_choice":"Got Potions","damage_taken":0,"max_hp_gain":0,"max_hp_loss":0,"event_name":"Lab","floor":28,"gold_loss":0}],"is_beta":false,"boss_relics":[{"not_picked":["hubris:HollowSoul","Abe\u0027s Treasure"],"picked":"hubris:Backtick"}],"items_purged_floors":[],"is_endless":false,"potions_floor_spawned":[1,7,16,23],"killed_by":"Centurion and Healer","ascension_level":0}}