{"host":"xt3o4iokwksypl90","time":1609242869,"event":{"mods":["AchievementEnabler","BaseMod","Googly Eyes","Highlight Path","Minty Spire (QoL Compilation)","Permanent Neow"],"gold_per_floor":[115,132,132,152,172,202,221,232,232,232,249,249,269,303,303,407,407,425,425,441,441,458,458,487,537,537,537,164,196,196,196,196],"floor_reached":31,"playtime":2189,"items_purged":["Bite"],"score":359,"play_id":"cf9bef1a-8942-4d8e-8680-d27f0192f121","local_time":"20201229125429","is_ascension_mode":true,"campfire_choices":[{"data":"Inflame","floor":12.0,"key":"SMITH"},{"data":"Armaments","floor":15.0,"key":"SMITH"},{"data":"Feed","floor":23.0,"key":"SMITH"}],"circlet_count":0,"master_deck":["Defend_R","Defend_R","Defend_R","Defend_R","Bash+1","Wild Strike","Inflame+1","Iron Wave","True Grit+1","Reaper","Second Wind","Shrug It Off","Cleave","Armaments+1","Feed+1","Bite","Bite","Bite","Bite","Demon Form","Shrug It Off","Offering","Thunderclap+1"],"relics":["Burning Blood","Tiny Chest","Bag of Preparation","Juzu Bracelet","Mark of Pain","Champion Belt","Happy Flower","Omamori","MutagenicStrength","HandDrill","Red Mask","Calipers"],"acts_visited":["Exordium","TheCity"],"potions_floor_usage":[],"damage_taken":[{"damage":13.0,"enemies":"2 Louse","floor":1.0,"turns":3.0},{"damage":15.0,"enemies":"Small Slimes","floor":2.0,"turns":3.0},{"damage":1.0,"enemies":"Cultist","floor":4.0,"turns":3.0},{"damage":1.0,"enemies":"Exordium Wildlife","floor":5.0,"turns":3.0},{"damage":18.0,"enemies":"Lagavulin","floor":6.0,"turns":5.0},{"damage":13.0,"enemies":"2 Fungi Beasts","floor":7.0,"turns":4.0},{"damage":26.0,"enemies":"Gremlin Gang","floor":8.0,"turns":3.0},{"damage":14.0,"enemies":"Blue Slaver","floor":11.0,"turns":5.0},{"damage":8.0,"enemies":"2 Fungi Beasts","floor":13.0,"turns":4.0},{"damage":30.0,"enemies":"3 Sentries","floor":14.0,"turns":7.0},{"damage":42.0,"enemies":"Slime Boss","floor":16.0,"turns":9.0},{"damage":16.0,"enemies":"Shell Parasite","floor":18.0,"turns":3.0},{"damage":16.0,"enemies":"Chosen","floor":20.0,"turns":7.0},{"damage":16.0,"enemies":"Centurion and Healer","floor":22.0,"turns":7.0},{"damage":81.0,"enemies":"Book of Stabbing","floor":24.0,"turns":7.0},{"damage":22.0,"enemies":"Masked Bandits","floor":29.0,"turns":6.0},{"damage":39,"enemies":"Chosen and Byrds","floor":31,"turns":4}],"seed_played":"-3530343054310517661","potions_obtained":[{"floor":0.0,"key":"Explosive Potion"},{"floor":0.0,"key":"SneckoOil"},{"floor":0.0,"key":"LiquidBronze"},{"floor":1.0,"key":"SneckoOil"},{"floor":4.0,"key":"LiquidMemories"},{"floor":8.0,"key":"Regen Potion"},{"floor":16.0,"key":"FearPotion"},{"floor":18.0,"key":"LiquidMemories"},{"floor":22.0,"key":"DuplicationPotion"}],"is_trial":false,"path_per_floor":["M","M","?","M","M","E","M","M","T","?","M","R","M","E","R","B",null,"M","?","M","T","M","R","E","?","T","?","$","?","T","M"],"character_chosen":"IRONCLAD","items_purchased":["HandDrill","Offering"],"campfire_rested":0,"item_purchase_floors":[28,28],"current_hp_per_floor":[73,64,64,69,74,62,67,64,64,64,60,60,67,55,55,31,68,58,56,49,49,62,62,9,9,9,9,9,16,16,0,0],"gold":196,"neow_bonus":"THREE_SMALL_POTIONS","is_daily":false,"chose_seed":false,"campfire_upgraded":3,"win_rate":0.0,"timestamp":1609242869,"path_taken":["M","M","?","M","M","E","M","M","T","?","M","R","?","E","R","BOSS","M","?","M","?","M","R","E","?","T","?","$","?","?","M"],"items_purchased_type":["Relic","Card"],"build_version":"2020-12-22","purchased_purges":1,"victory":false,"max_hp_per_floor":[80,80,80,80,80,80,80,80,80,80,80,80,80,80,80,80,80,80,56,59,59,62,62,62,62,62,62,62,66,66,66,66],"card_choices":[{"not_picked":["Seeing Red","Thunderclap"],"picked":"Wild Strike","floor":1.0},{"not_picked":["Clash","Anger"],"picked":"Inflame","floor":2.0},{"not_picked":["Cleave","Disarm"],"picked":"Iron Wave","floor":4.0},{"not_picked":["Rampage","Sword Boomerang"],"picked":"True Grit","floor":5.0},{"not_picked":["Rampage","Clash"],"picked":"Reaper","floor":6.0},{"not_picked":["Iron Wave","Headbutt"],"picked":"Second Wind","floor":7.0},{"not_picked":["Reckless Charge","Clothesline"],"picked":"Shrug It Off","floor":8.0},{"not_picked":["Perfected Strike","Ghostly Armor"],"picked":"Cleave","floor":11.0},{"not_picked":["Perfected Strike","Clothesline","Heavy Blade"],"picked":"SKIP","floor":13.0},{"not_picked":["Wild Strike","Body Slam"],"picked":"Armaments","floor":14.0},{"not_picked":["Fiend Fire","Immolate"],"picked":"Feed","floor":16.0},{"not_picked":["Shrug It Off","Armaments","Iron Wave"],"picked":"SKIP","floor":18.0},{"not_picked":["Headbutt","Heavy Blade+1"],"picked":"Demon Form","floor":20.0},{"not_picked":["True Grit","Iron Wave","Armaments"],"picked":"SKIP","floor":22.0},{"not_picked":["Havoc","Cleave"],"picked":"Shrug It Off","floor":24.0},{"not_picked":["Cleave+1","Perfected Strike"],"picked":"Thunderclap+1","floor":29.0}],"player_experience":232617,"relics_obtained":[{"floor":6.0,"key":"Tiny Chest"},{"floor":9.0,"key":"Bag of Preparation"},{"floor":14.0,"key":"Juzu Bracelet"},{"floor":21.0,"key":"Champion Belt"},{"floor":24.0,"key":"Happy Flower"},{"floor":26.0,"key":"Omamori"},{"floor":29.0,"key":"Red Mask"},{"floor":30.0,"key":"Calipers"}],"event_choices":[{"damage_healed":0.0,"max_hp_gain":0.0,"max_hp_loss":0.0,"gold_gain":0.0,"event_name":"Living Wall","player_choice":"Grow","floor":3.0,"gold_loss":0.0,"damage_taken":0.0,"cards_upgraded":["Bash"]},{"damage_healed":0.0,"max_hp_gain":0.0,"max_hp_loss":0.0,"gold_gain":0.0,"event_name":"Accursed Blacksmith","player_choice":"Forge","floor":10.0,"gold_loss":0.0,"damage_taken":0.0,"cards_upgraded":["True Grit"]},{"damage_healed":0.0,"max_hp_gain":0.0,"max_hp_loss":24.0,"gold_gain":0.0,"event_name":"Vampires","player_choice":"Became a vampire","floor":19.0,"gold_loss":0.0,"damage_taken":0.0,"cards_obtained":["Bite","Bite","Bite","Bite","Bite"]},{"damage_healed":0.0,"max_hp_gain":0.0,"max_hp_loss":0.0,"gold_gain":100.0,"event_name":"The Joust","player_choice":"Bet on Murderer","floor":25.0,"gold_loss":50.0,"damage_taken":0.0},{"damage_healed":0.0,"max_hp_gain":0.0,"max_hp_loss":0.0,"gold_gain":0.0,"event_name":"Drug Dealer","player_choice":"Inject Mutagens","floor":27.0,"gold_loss":0.0,"damage_taken":0.0,"relics_obtained":["MutagenicStrength"]},{"damage_healed":0.0,"max_hp_gain":0.0,"max_hp_loss":0.0,"gold_gain":0.0,"event_name":"Masked Bandits","player_choice":"Fought Bandits","floor":29.0,"gold_loss":0.0,"damage_taken":0.0}],"is_beta":false,"boss_relics":[{"not_picked":["Runic Pyramid","Runic Dome"],"picked":"Mark of Pain"}],"items_purged_floors":[28],"is_endless":false,"potions_floor_spawned":[1,4,5,8,16,18,22],"killed_by":"Chosen and Byrds","ascension_level":5}}