{"host":"r467eaow51f8xuje","time":1609202485,"event":{"mods":["A Magickal Journey","Aspiration","Astrologer","Bard","BaseMod","Downfall","Hermit","Marisa????????","Minty Spire (QoL Compilation)","Quick Restart","READ ME - Guardian Mod","StSLib","The Cursed","The Disciple"],"gold_per_floor":[110,130,148,159,159,159,192,192,218,245,263,279,304,316,316,415,415,431,431,175,194,194,231,97,196,223,245,245,245],"floor_reached":28,"playtime":2749,"items_purged":[],"score":260,"play_id":"8f163ef1-c335-4ba1-9189-5fbdc1b108db","local_time":"20201228184125","is_ascension_mode":false,"campfire_choices":[{"floor":6,"key":"RECALL"},{"data":"hermit:Vantage","floor":8,"key":"SMITH"},{"floor":15,"key":"REST"}],"circlet_count":0,"master_deck":["hermit:Strike_Hermit","hermit:Strike_Hermit","hermit:Strike_Hermit","hermit:Strike_Hermit","hermit:Defend_Hermit","hermit:Defend_Hermit","hermit:Defend_Hermit","hermit:Defend_Hermit","hermit:Snapshot","hermit:Covet","hermit:Vantage+1","hermit:BigShot","hermit:Headshot","hermit:CalledShot","hermit:LowProfile","hermit:Maintenance","hermit:ItchyTrigger","hermit:NoHoldsBarred","hermit:Brawl","hermit:Headshot","hermit:Roughhouse","hermit:BodyArmor","hermit:ItchyTrigger","hermit:Gestalt","hermit:Midnight","hermit:RoundhouseKick","hermit:Ricochet"],"relics":["hermit:Momento","NeowsBlessing","Kunai","Vajra","Mercury Hourglass","InkBottle","aspiration:FutureDiary","CeramicFish","Blue Candle","Akabeko"],"acts_visited":["Exordium","TheCity"],"potions_floor_usage":[7,13,16,16,23,28,28],"damage_taken":[{"damage":0,"enemies":"Cultist","floor":1,"turns":1},{"damage":0,"enemies":"2 Louse","floor":2,"turns":1},{"damage":0,"enemies":"Jaw Worm","floor":3,"turns":1},{"damage":9,"enemies":"Blue Slaver","floor":4,"turns":3},{"damage":21,"enemies":"Gremlin Nob","floor":7,"turns":4},{"damage":27,"enemies":"3 Sentries","floor":10,"turns":9},{"damage":0,"enemies":"2 Fungi Beasts","floor":11,"turns":2},{"damage":5,"enemies":"Looter","floor":12,"turns":2},{"damage":10,"enemies":"Gremlin Nob","floor":13,"turns":5},{"damage":0,"enemies":"3 Louse","floor":14,"turns":1},{"damage":15,"enemies":"Slime Boss","floor":16,"turns":11},{"damage":9,"enemies":"2 Thieves","floor":18,"turns":4},{"damage":26,"enemies":"Shell Parasite","floor":21,"turns":5},{"damage":17,"enemies":"Book of Stabbing","floor":23,"turns":5},{"damage":22,"enemies":"Snake Plant","floor":27,"turns":3},{"damage":6,"enemies":"Slavers","floor":28,"turns":2}],"seed_played":"-8255202709532078114","potions_obtained":[{"floor":1,"key":"DuplicationPotion"},{"floor":3,"key":"BlessingOfTheForge"},{"floor":5,"key":"Guardian:BlockOnCardUsePotion"},{"floor":5,"key":"FairyPotion"},{"floor":7,"key":"sneckomod:MuddlingPotion"},{"floor":14,"key":"hermit:Tonic"},{"floor":16,"key":"SpeedPotion"},{"floor":18,"key":"LiquidMemories"},{"floor":23,"key":"Dexterity Potion"}],"is_trial":false,"path_per_floor":["M","M","M","M","?","R","E","R","T","E","M","M","E","M","R","B",null,"M","?","$","M","?","E","$","?","T","M","E"],"character_chosen":"HERMIT","items_purchased":["hermit:ItchyTrigger","Blue Candle","hermit:RoundhouseKick"],"campfire_rested":1,"item_purchase_floors":[20,20,24],"current_hp_per_floor":[75,75,75,66,66,66,45,45,45,18,18,13,3,3,25,10,75,66,66,66,40,40,23,23,23,23,1,22,22],"gold":245,"neow_bonus":"THREE_ENEMY_KILL","is_daily":false,"chose_seed":false,"campfire_upgraded":1,"win_rate":0.0,"timestamp":1609202485,"path_taken":["M","?","M","M","?","R","E","R","T","E","?","M","E","?","R","BOSS","M","?","$","M","?","E","$","?","T","M","E"],"items_purchased_type":["Card","Relic","Card"],"build_version":"2020-12-22","purchased_purges":0,"victory":false,"max_hp_per_floor":[75,75,75,75,75,75,75,75,75,75,75,75,75,75,75,75,75,75,75,75,75,75,75,75,75,75,75,75,75],"card_choices":[{"not_picked":["hermit:Maintenance","hermit:LowProfile"],"picked":"hermit:Vantage","floor":1},{"not_picked":["hermit:TrackingShot","hermit:Brawl"],"picked":"hermit:BigShot","floor":2},{"not_picked":["hermit:HoleUp","hermit:CalledShot"],"picked":"hermit:Headshot","floor":3},{"not_picked":["hermit:Spite","hermit:DeadOrAlive"],"picked":"hermit:CalledShot","floor":4},{"not_picked":["hermit:Grudge","hermit:Feint"],"picked":"hermit:LowProfile","floor":7},{"not_picked":["hermit:LowProfile","hermit:CalledShot"],"picked":"hermit:Maintenance","floor":10},{"not_picked":["hermit:Glare","hermit:HighCaliber"],"picked":"hermit:ItchyTrigger","floor":11},{"not_picked":["hermit:Gestalt","hermit:DeadMansHand"],"picked":"hermit:NoHoldsBarred","floor":12},{"not_picked":["hermit:DeadOrAlive","hermit:ShadowCloak"],"picked":"hermit:Brawl","floor":13},{"not_picked":["hermit:LuckOfTheDraw","hermit:SprayPray"],"picked":"hermit:Headshot","floor":14},{"not_picked":["hermit:Adapt","hermit:Reprieve"],"picked":"hermit:Roughhouse","floor":16},{"not_picked":["hermit:Determination","hermit:Feint"],"picked":"hermit:BodyArmor","floor":18},{"not_picked":["hermit:HoleUp","hermit:LowProfile"],"picked":"hermit:Gestalt","floor":21},{"not_picked":["hermit:Dive","hermit:LowProfile"],"picked":"hermit:Midnight","floor":23},{"not_picked":["hermit:Showdown","hermit:Quickdraw"],"picked":"hermit:Ricochet","floor":27}],"player_experience":602506,"relics_obtained":[{"floor":7,"key":"Kunai"},{"floor":9,"key":"Vajra"},{"floor":10,"key":"Mercury Hourglass"},{"floor":13,"key":"InkBottle"},{"floor":23,"key":"Akabeko"}],"event_choices":[{"damage_healed":0,"gold_gain":0,"player_choice":"Got Potions","damage_taken":0,"max_hp_gain":0,"max_hp_loss":0,"event_name":"Lab","floor":5,"gold_loss":0},{"damage_healed":0,"gold_gain":0,"player_choice":"Opened","damage_taken":0,"relics_obtained":["CeramicFish"],"max_hp_gain":0,"max_hp_loss":0,"event_name":"The Mausoleum","floor":19,"gold_loss":0},{"damage_healed":0,"gold_gain":99,"player_choice":"Stole From Cult","damage_taken":0,"max_hp_gain":0,"max_hp_loss":0,"event_name":"Nest","floor":25,"gold_loss":0}],"is_beta":false,"boss_relics":[{"not_picked":["aspiration:WatcherSkillbook","SacredBark"],"picked":"aspiration:FutureDiary"}],"items_purged_floors":[],"is_endless":false,"potions_floor_spawned":[1,3,7,11,14,16,18,21,23],"killed_by":"Slavers","ascension_level":0}}