{"host":"kiauivt48syq9iz6","time":1609249795,"event":{"mods":["BaseMod","Conspire","Downfall","Hermit","Minty Spire (QoL Compilation)","Replay The Spire","SIMod","StSLib","The Animator","The Construct","The Cursed","The Runesmith","The Servant 0.9.4"],"gold_per_floor":[99,111,111,121,140,140,140,140,140,168,185,7,19,45,57,57,57,57],"floor_reached":16,"playtime":644,"items_purged":[],"score":112,"play_id":"4683c7a5-35ee-4093-a690-c1ce3cc1d898","local_time":"20201229064955","is_ascension_mode":false,"campfire_choices":[{"data":"champ:Execute","floor":1,"key":"SMITH"},{"data":"champ:FlashCut","floor":6,"key":"SMITH"},{"data":"champ:FanOfKnives","floor":8,"key":"SMITH"}],"circlet_count":0,"master_deck":["champ:Strike","champ:Strike","champ:Strike","champ:Defend","champ:Defend","champ:Defend","champ:Defend","champ:Execute+1","champ:Taunt+1","champ:FanOfKnives+1","champ:ShieldSigil","champ:FlashCut+1","champ:ShieldWall","champ:Control","champ:Circumvent","champ:IgnorePain","expansioncontent:CaCaw","champ:ArenaPreparation","champ:ShieldSigil","champ:CrookedStrike"],"relics":["champ:ChampionCrown","Ornamental Fan","Ginger","Replay:Bottled Eggs"],"acts_visited":["Exordium"],"potions_floor_usage":[2,10,10,14],"damage_taken":[{"damage":5,"enemies":"Jaw Worm","floor":2,"turns":2},{"damage":7,"enemies":"Cultist","floor":4,"turns":4},{"damage":0,"enemies":"2 Louse","floor":5,"turns":2},{"damage":38,"enemies":"Lagavulin","floor":10,"turns":6},{"damage":27,"enemies":"Lots of Slimes","floor":11,"turns":3},{"damage":10,"enemies":"downfall:FleeingMerchant","floor":12,"turns":4},{"damage":0,"enemies":"3 Louse","floor":13,"turns":3},{"damage":29,"enemies":"3 Sentries","floor":14,"turns":5},{"damage":14,"enemies":"Red Slaver","floor":15,"turns":4},{"damage":37,"enemies":"downfall:Silent","floor":16,"turns":4}],"seed_played":"-3851248499484300837","potions_obtained":[{"floor":2,"key":"Fruit Juice"},{"floor":9,"key":"CultistPotion"},{"floor":9,"key":"Reflective Coating"},{"floor":9,"key":"Ancient Potion"},{"floor":13,"key":"AttackPotion"},{"floor":14,"key":"Elixir"}],"is_trial":false,"path_per_floor":["R","M","?","M","M","R","T","R","?","E","M","$","M","E","M","B"],"character_chosen":"THE_CHAMP","items_purchased":["champ:IgnorePain","expansioncontent:CaCaw"],"campfire_rested":0,"item_purchase_floors":[12,12],"current_hp_per_floor":[90,95,95,93,93,93,93,93,93,68,46,46,46,37,34,0,0,0],"gold":57,"neow_bonus":"UPGRADE_CARD","is_daily":false,"chose_seed":false,"campfire_upgraded":3,"win_rate":0.0,"timestamp":1609249795,"path_taken":["R","M","?","M","?","R","T","R","?","E","M","$","M","E","M","BOSS"],"items_purchased_type":["Card","Card"],"build_version":"2020-12-22","purchased_purges":0,"victory":false,"max_hp_per_floor":[90,95,95,95,95,95,95,95,95,95,95,95,95,95,95,95,95,95],"card_choices":[{"not_picked":["champ:Backstep","champ:BerserkersShout"],"picked":"champ:FanOfKnives","floor":2},{"not_picked":["champ:EnragedBash","champ:EnGarde"],"picked":"champ:ShieldSigil","floor":4},{"not_picked":["champ:GladiatorsShout","champ:Lariat"],"picked":"champ:FlashCut","floor":5},{"not_picked":["champ:HeartStrike","champ:HoldFirm"],"picked":"champ:ShieldWall","floor":10},{"not_picked":["champ:Shatter","champ:StanceDance"],"picked":"champ:Control","floor":11},{"not_picked":["champ:RecklessLeap","champ:RapidStrikes"],"picked":"champ:Circumvent","floor":12},{"not_picked":["champ:PerfectedStrike","champ:BladeFlurry"],"picked":"champ:ArenaPreparation","floor":13},{"not_picked":["champ:GladiatorsShout","champ:PerfectedStrike"],"picked":"champ:ShieldSigil","floor":14},{"not_picked":["champ:HeartStrike","champ:StanceDance"],"picked":"champ:CrookedStrike","floor":15}],"player_experience":111423,"relics_obtained":[{"floor":7,"key":"Ornamental Fan"},{"floor":10,"key":"Ginger"},{"floor":14,"key":"Replay:Bottled Eggs"}],"event_choices":[{"cards_removed":["champ:Strike"],"damage_healed":0,"gold_gain":0,"player_choice":"Offered Basic","damage_taken":0,"max_hp_gain":0,"max_hp_loss":0,"event_name":"Bonfire Elementals","floor":3,"gold_loss":0},{"damage_healed":0,"gold_gain":0,"player_choice":"Got Potions","damage_taken":0,"max_hp_gain":0,"max_hp_loss":0,"event_name":"Lab","floor":9,"gold_loss":0}],"is_beta":false,"boss_relics":[],"items_purged_floors":[],"is_endless":false,"potions_floor_spawned":[2,13,14],"killed_by":"downfall:Silent","ascension_level":0}}