{"host":"utqe55yv0jihe4d6","time":1609256880,"event":{"mods":["2.2 Compatiblity","AchievementEnabler","BaseMod","Block Reminder","Colored Map","Colored Powertips","Minty Spire (QoL Compilation)","Quick Restart","Rare Cards Sparkle","Relic Stats","SuperFastMode"],"gold_per_floor":[110,129,129,139,139,139,152,152,232,232,249,284,294,324,324,398,398,417,433,39,51,51,51,62,62,62,88,99,99,110,135,135,135,135],"floor_reached":33,"playtime":841,"items_purged":["Strike_G"],"score":723,"play_id":"26674cae-671b-40da-9a9d-66a812849271","local_time":"20201229104800","is_ascension_mode":true,"campfire_choices":[{"data":"Dagger Throw","floor":6.0,"key":"SMITH"},{"floor":8.0,"key":"REST"},{"data":"Bouncing Flask","floor":10.0,"key":"SMITH"},{"data":"Poisoned Stab","floor":15.0,"key":"SMITH"},{"floor":23.0,"key":"REST"},{"data":"Phantasmal Killer","floor":25.0,"key":"SMITH"},{"floor":29.0,"key":"REST"},{"data":"A Thousand Cuts","floor":32,"key":"SMITH"}],"circlet_count":0,"master_deck":["AscendersBane","Strike_G","Strike_G","Strike_G","Strike_G+1","Defend_G","Defend_G","Defend_G","Defend_G","Defend_G","Survivor","Neutralize+1","Dagger Spray+1","Dagger Throw+1","Bouncing Flask+1","Dash","Infinite Blades","Poisoned Stab+1","Phantasmal Killer+1","CurseOfTheBell","A Thousand Cuts+1"],"relics":["Ring of the Snake","PreservedInsect","Singing Bowl","Bronze Scales","Gambling Chip","Calling Bell","Regal Pillow","Ninja Scroll","Lizard Tail","TwistedFunnel","Blood Vial","Question Card","Pen Nib","Potion Belt"],"acts_visited":["Exordium","TheCity"],"potions_floor_usage":[31,31,31,33],"damage_taken":[{"damage":11.0,"enemies":"Jaw Worm","floor":1.0,"turns":6.0},{"damage":0.0,"enemies":"Small Slimes","floor":2.0,"turns":4.0},{"damage":0.0,"enemies":"Cultist","floor":4.0,"turns":3.0},{"damage":4.0,"enemies":"3 Louse","floor":7.0,"turns":2.0},{"damage":5.0,"enemies":"Gremlin Gang","floor":11.0,"turns":3.0},{"damage":7.0,"enemies":"Lagavulin","floor":12.0,"turns":4.0},{"damage":0.0,"enemies":"Exordium Wildlife","floor":13.0,"turns":2.0},{"damage":0.0,"enemies":"Gremlin Nob","floor":14.0,"turns":3.0},{"damage":20.0,"enemies":"Hexaghost","floor":16.0,"turns":7.0},{"damage":27.0,"enemies":"Shell Parasite","floor":18.0,"turns":4.0},{"damage":12.0,"enemies":"2 Thieves","floor":19.0,"turns":2.0},{"damage":8.0,"enemies":"Snecko","floor":21.0,"turns":4.0},{"damage":27.0,"enemies":"Snake Plant","floor":24.0,"turns":4.0},{"damage":13.0,"enemies":"Book of Stabbing","floor":27.0,"turns":4.0},{"damage":8.0,"enemies":"Centurion and Healer","floor":28.0,"turns":5.0},{"damage":45.0,"enemies":"Shelled Parasite and Fungi","floor":30.0,"turns":5.0},{"damage":0,"enemies":"Gremlin Leader","floor":31,"turns":1},{"damage":53,"enemies":"Automaton","floor":33,"turns":6}],"seed_played":"-9130887651093160708","potions_obtained":[{"floor":4.0,"key":"LiquidBronze"},{"floor":12.0,"key":"AttackPotion"},{"floor":13.0,"key":"AttackPotion"},{"floor":14.0,"key":"Fruit Juice"},{"floor":21.0,"key":"Explosive Potion"},{"floor":24.0,"key":"SteroidPotion"},{"floor":30.0,"key":"EntropicBrew"},{"floor":31,"key":"Dexterity Potion"}],"is_trial":false,"path_per_floor":["M","M","?","M","?","R","M","R","T","R","M","E","M","E","R","B",null,"M","M","$","M","?","R","M","R","T","E","M","R","M","E","R","B"],"character_chosen":"THE_SILENT","items_purchased":["TwistedFunnel","Blood Vial"],"campfire_rested":3,"item_purchase_floors":[20,20],"current_hp_per_floor":[48,48,28,28,28,28,24,43,43,43,38,31,31,33,33,18,59,34,24,24,20,42,82,59,59,59,50,46,88,47,49,49,0,0],"gold":135,"neow_bonus":"RANDOM_COMMON_RELIC","is_daily":false,"chose_seed":false,"campfire_upgraded":5,"win_rate":0.0,"timestamp":1609256880,"path_taken":["M","M","?","M","?","R","M","R","T","R","M","E","M","E","R","BOSS","M","M","$","M","?","R","M","R","T","E","M","R","M","E","R","BOSS"],"items_purchased_type":["Relic","Relic"],"build_version":"2020-12-22","purchased_purges":1,"victory":false,"max_hp_per_floor":[66,66,66,66,66,66,66,66,66,66,66,66,66,68,68,73,73,75,77,77,79,84,84,86,86,86,88,90,90,92,92,92,92,92],"relic_stats":{"Blood Vial":14,"Regal Pillow":30,"Lizard Tail":42,"Singing Bowl":16,"counters":[18,69],"Bronze Scales":[126],"Gambling Chip":[36],"PreservedInsect":142,"Pen Nib":[4],"Question Card":4,"obtain_stats":[{"TwistedFunnel":20,"Potion Belt":31,"Regal Pillow":17,"Singing Bowl":9,"PreservedInsect":0,"Pen Nib":27,"Question Card":26,"Calling Bell":17,"Blood Vial":20,"Lizard Tail":17,"Ninja Scroll":17,"Bronze Scales":12,"Gambling Chip":14,"Ring of the Snake":0},{"TwistedFunnel":11,"Potion Belt":17,"Regal Pillow":9,"Singing Bowl":4,"PreservedInsect":0,"Pen Nib":14,"Question Card":13,"Calling Bell":9,"Blood Vial":11,"Lizard Tail":9,"Ninja Scroll":9,"Bronze Scales":6,"Gambling Chip":8,"Ring of the Snake":0},{"TwistedFunnel":40,"Potion Belt":63,"Regal Pillow":34,"Singing Bowl":15,"PreservedInsect":0,"Pen Nib":52,"Question Card":48,"Calling Bell":34,"Blood Vial":40,"Lizard Tail":34,"Ninja Scroll":34,"Bronze Scales":22,"Gambling Chip":27,"Ring of the Snake":0}],"Ring of the Snake":[36]},"card_choices":[{"not_picked":["Outmaneuver","Tactician","Deflect"],"picked":"SKIP","floor":1.0},{"not_picked":["Quick Slash","Deflect"],"picked":"Dagger Spray","floor":2.0},{"not_picked":["Calculated Gamble","Slice"],"picked":"Dagger Throw","floor":4.0},{"not_picked":["Dodge and Roll","Dagger Throw"],"picked":"Bouncing Flask","floor":7.0},{"not_picked":["Cloak And Dagger","A Thousand Cuts"],"picked":"Dash","floor":11.0},{"not_picked":["Quick Slash","PiercingWail"],"picked":"Infinite Blades","floor":12.0},{"not_picked":["Blur","Bouncing Flask"],"picked":"Poisoned Stab","floor":13.0},{"not_picked":["Expertise","Masterful Stab","Dagger Throw"],"picked":"Singing Bowl","floor":14.0},{"not_picked":["Tools of the Trade","Burst"],"picked":"Phantasmal Killer","floor":16.0},{"not_picked":["Dagger Throw","Dagger Spray","Prepared"],"picked":"Singing Bowl","floor":18.0},{"not_picked":["Dodge and Roll","Underhanded Strike","Setup"],"picked":"Singing Bowl","floor":19.0},{"not_picked":["Infinite Blades","Heel Hook","Eviscerate"],"picked":"Singing Bowl","floor":21.0},{"not_picked":["Dodge and Roll","Dagger Throw","Eviscerate"],"picked":"Singing Bowl","floor":24.0},{"not_picked":["Dagger Throw","Calculated Gamble","Escape Plan","Slice"],"picked":"Singing Bowl","floor":27.0},{"not_picked":["Deadly Poison","Dagger Throw+1","Backflip","Poisoned Stab+1"],"picked":"Singing Bowl","floor":28.0},{"not_picked":["Slice","Choke","Bane","Infinite Blades"],"picked":"Singing Bowl","floor":30.0},{"not_picked":["Acrobatics+1","Endless Agony","Outmaneuver"],"picked":"A Thousand Cuts","floor":31}],"player_experience":2895469,"relics_obtained":[{"floor":9.0,"key":"Singing Bowl"},{"floor":12.0,"key":"Bronze Scales"},{"floor":14.0,"key":"Gambling Chip"},{"floor":17.0,"key":"Regal Pillow"},{"floor":17.0,"key":"Ninja Scroll"},{"floor":17.0,"key":"Lizard Tail"},{"floor":26.0,"key":"Question Card"},{"floor":27.0,"key":"Pen Nib"},{"floor":31,"key":"Potion Belt"}],"event_choices":[{"damage_healed":0.0,"max_hp_gain":0.0,"max_hp_loss":0.0,"gold_gain":0.0,"event_name":"Shining Light","player_choice":"Entered Light","floor":3.0,"gold_loss":0.0,"damage_taken":20.0,"cards_upgraded":["Strike_G","Dagger Spray"]},{"damage_healed":0.0,"max_hp_gain":0.0,"max_hp_loss":0.0,"gold_gain":0.0,"event_name":"Living Wall","player_choice":"Grow","floor":5.0,"gold_loss":0.0,"damage_taken":0.0,"cards_upgraded":["Neutralize"]},{"damage_healed":0.0,"max_hp_gain":5.0,"max_hp_loss":0.0,"gold_gain":0.0,"event_name":"Forgotten Altar","player_choice":"Shed Blood","floor":22.0,"gold_loss":0.0,"damage_taken":28.0}],"is_beta":false,"boss_relics":[{"not_picked":["Busted Crown","Ectoplasm"],"picked":"Calling Bell"}],"items_purged_floors":[20],"is_endless":false,"potions_floor_spawned":[4,12,13,14,21,24,30,31],"killed_by":"Automaton","ascension_level":20}}