{"host":"e8rlfedn69rz2s07","time":1609285119,"event":{"mods":["Act Like it!","BaseMod","Conspire","Hubris","Infinite Spire","Minty Spire (QoL Compilation)","Permanent Neow","Relic Stats","Replay The Spire","Shop Mod","StSLib","The Jungle"],"gold_per_floor":[114,114,31,47,47,82,82,82,82],"floor_reached":8,"playtime":338,"items_purged":[],"score":108,"play_id":"ab4870b4-2ce5-42cf-ac61-e4b7e67d05eb","local_time":"20201230013839","is_ascension_mode":true,"campfire_choices":[{"floor":7,"key":"REST"}],"circlet_count":0,"master_deck":["AscendersBane","Strike_G","Strike_G","Strike_G","Strike_G","Strike_G","Defend_G","Defend_G","Defend_G","Defend_G","Defend_G","Survivor","Neutralize","Crippling Poison","Noxious Fumes"],"relics":["Ring of the Snake","Replay:Bottled Snecko","Chameleon Ring"],"acts_visited":["Exordium"],"potions_floor_usage":[6,6,8],"damage_taken":[{"damage":3,"enemies":"2 Louse","floor":1,"turns":4},{"damage":3,"enemies":"Cultist","floor":4,"turns":4},{"damage":40,"enemies":"3 Sentries","floor":6,"turns":9},{"damage":41,"enemies":"Lagavulin","floor":8,"turns":8}],"seed_played":"-814424215311831945","potions_obtained":[{"floor":2,"key":"Languid Potion"},{"floor":2,"key":"SneckoOil"},{"floor":6,"key":"GhostInAJar"}],"is_trial":false,"path_per_floor":["M","?","$","M","?","E","R","E"],"character_chosen":"THE_SILENT","items_purchased":["Noxious Fumes"],"campfire_rested":1,"item_purchase_floors":[3],"current_hp_per_floor":[61,61,61,58,58,18,39,0,0],"gold":82,"neow_bonus":"RANDOM_EVENT","is_daily":false,"chose_seed":false,"campfire_upgraded":0,"win_rate":0.0,"timestamp":1609285119,"path_taken":["M","?","?","M","?","E","R","E"],"items_purchased_type":["Card"],"build_version":"2020-12-22","purchased_purges":0,"victory":false,"max_hp_per_floor":[71,71,71,71,71,71,71,71,71],"relic_stats":{"counters":[4,25],"obtain_stats":[{"Chameleon Ring":6,"Replay:Bottled Snecko":5,"Ring of the Snake":0},{"Chameleon Ring":3,"Replay:Bottled Snecko":2,"Ring of the Snake":0},{"Chameleon Ring":17,"Replay:Bottled Snecko":8,"Ring of the Snake":0}],"Ring of the Snake":[8]},"card_choices":[{"not_picked":["Deadly Poison","ReplayTheSpireMod:Scrap Shanks"],"picked":"Crippling Poison","floor":1},{"not_picked":["Hidden Blade","Outmaneuver","Finisher"],"picked":"SKIP","floor":4},{"not_picked":["Accuracy","Dodge and Roll","Sucker Punch"],"picked":"SKIP","floor":6}],"player_experience":928405,"relics_obtained":[{"floor":5,"key":"Replay:Bottled Snecko"},{"floor":6,"key":"Chameleon Ring"}],"event_choices":[{"damage_healed":0,"gold_gain":0,"player_choice":"Donut","damage_taken":0,"max_hp_gain":5,"max_hp_loss":0,"event_name":"Big Fish","floor":0,"gold_loss":0},{"damage_healed":0,"gold_gain":0,"player_choice":"Got Potions","damage_taken":0,"max_hp_gain":0,"max_hp_loss":0,"event_name":"Lab","floor":2,"gold_loss":0},{"damage_healed":0,"gold_gain":0,"player_choice":"Relic","damage_taken":0,"max_hp_gain":0,"max_hp_loss":0,"event_name":"Wheel of Change","floor":5,"gold_loss":0}],"is_beta":false,"boss_relics":[],"items_purged_floors":[],"is_endless":false,"potions_floor_spawned":[6],"killed_by":"Lagavulin","ascension_level":20}}