{"host":"qxeepl7ydvsgmfdb","time":1609253165,"event":{"mods":["AchievementEnabler","BaseMod","Colored Powertips","Minty Spire (QoL Compilation)","Quick Restart","slay the spire mod where everything is the same but ironclad has a cowboy hat"],"gold_per_floor":[118,68,41,61,61,61,93,17,42,42,60,118,138,138,138,239,289,307,222,239,239,273,273,284,284,284,284,284,301,316,241,241,336,336,351,371,371,123,173,173,207,225,251,251,263,283,303,303,303,303,303],"floor_reached":50,"playtime":1414,"items_purged":["Regret","Writhe"],"score":570,"play_id":"91a9497e-2562-41a9-aeef-341325d63d79","local_time":"20201229094605","is_ascension_mode":false,"campfire_choices":[{"data":"Zap","floor":6.0,"key":"SMITH"},{"data":"Redo","floor":15.0,"key":"SMITH"},{"data":"Rainbow","floor":23.0,"key":"SMITH"},{"data":"Redo","floor":27.0,"key":"SMITH"},{"floor":32.0,"key":"REST"},{"floor":40.0,"key":"DIG"},{"floor":44.0,"key":"REST"},{"floor":49,"key":"REST"}],"circlet_count":0,"master_deck":["Strike_B","Strike_B","Strike_B","Defend_B","Defend_B","Defend_B","Defend_B","Zap+1","Dualcast","Redo+1","Ball Lightning","Defragment+1","Leap","Ball Lightning+1","Rainbow+1","Defragment","Leap","Ball Lightning","Redo+1","Sweeping Beam","Redo+1","Writhe","Parasite"],"relics":["Cracked Core","NeowsBlessing","Matryoshka","InkBottle","Oddly Smooth Stone","Vajra","Bag of Preparation","Tiny House","Ancient Tea Set","Red Mask","PreservedInsect","Singing Bowl","Du-Vu Doll","Nuclear Battery","Lee\u0027s Waffle","Shovel","Darkstone Periapt","Symbiotic Virus","Toy Ornithopter","Dead Branch"],"acts_visited":["Exordium","TheCity","TheBeyond"],"potions_floor_usage":[50,50],"damage_taken":[{"damage":0.0,"enemies":"2 Louse","floor":1.0,"turns":1.0},{"damage":0.0,"enemies":"Jaw Worm","floor":4.0,"turns":1.0},{"damage":0.0,"enemies":"Gremlin Nob","floor":7.0,"turns":1.0},{"damage":8.0,"enemies":"Small Slimes","floor":11.0,"turns":2.0},{"damage":13.0,"enemies":"Gremlin Nob","floor":12.0,"turns":3.0},{"damage":0.0,"enemies":"Exordium Wildlife","floor":13.0,"turns":2.0},{"damage":19.0,"enemies":"Hexaghost","floor":16.0,"turns":8.0},{"damage":17.0,"enemies":"3 Byrds","floor":18.0,"turns":4.0},{"damage":1.0,"enemies":"Chosen","floor":20.0,"turns":4.0},{"damage":0.0,"enemies":"Masked Bandits","floor":22.0,"turns":2.0},{"damage":4.0,"enemies":"Shelled Parasite and Fungi","floor":24.0,"turns":3.0},{"damage":9.0,"enemies":"Snake Plant","floor":29.0,"turns":2.0},{"damage":14.0,"enemies":"Centurion and Healer","floor":30.0,"turns":4.0},{"damage":40.0,"enemies":"Collector","floor":33.0,"turns":6.0},{"damage":0.0,"enemies":"3 Shapes","floor":35.0,"turns":3.0},{"damage":11.0,"enemies":"Orb Walker","floor":36.0,"turns":2.0},{"damage":0.0,"enemies":"Mind Bloom Boss Battle","floor":39.0,"turns":4.0},{"damage":70.0,"enemies":"Nemesis","floor":41.0,"turns":5.0},{"damage":6.0,"enemies":"Jaw Worm Horde","floor":42.0,"turns":4.0},{"damage":49.0,"enemies":"3 Darklings","floor":45.0,"turns":6.0},{"damage":4,"enemies":"Writhing Mass","floor":46,"turns":5},{"damage":4,"enemies":"4 Shapes","floor":47,"turns":7},{"damage":95,"enemies":"Donu and Deca","floor":50,"turns":6}],"seed_played":"8561790276392041094","potions_obtained":[{"floor":7.0,"key":"AttackPotion"},{"floor":11.0,"key":"Dexterity Potion"},{"floor":13.0,"key":"Dexterity Potion"},{"floor":17.0,"key":"EntropicBrew"},{"floor":22.0,"key":"PowerPotion"},{"floor":24.0,"key":"LiquidBronze"},{"floor":33.0,"key":"LiquidBronze"},{"floor":36.0,"key":"FairyPotion"},{"floor":46,"key":"LiquidBronze"},{"floor":47,"key":"Fire Potion"}],"is_trial":false,"path_per_floor":["M","?","$","M","$","R","E","$","T","?","M","?","M","?","R","B",null,"M","?","M","?","?","R","M","?","T","R","?","M","M","$","R","B",null,"M","M","?","$","?","R","E","M","T","R","M","M","M","T","R","B"],"character_chosen":"DEFECT","items_purchased":["Redo","Defragment","Lee\u0027s Waffle"],"campfire_rested":3,"item_purchase_floors":[3,8,38],"current_hp_per_floor":[75,75,75,75,75,75,75,75,75,75,67,54,54,54,54,35,80,63,63,62,62,62,62,58,42,42,42,42,33,21,21,45,7,84,86,75,86,93,95,95,27,23,23,52,5,9,7,7,40,0,0],"gold":303,"neow_bonus":"THREE_ENEMY_KILL","is_daily":false,"chose_seed":false,"campfire_upgraded":4,"win_rate":0.0,"timestamp":1609253165,"path_taken":["M","?","$","M","$","R","E","$","T","?","M","?","M","?","R","BOSS","M","?","M","?","?","R","M","?","T","R","?","?","M","$","R","BOSS","M","?","?","?","?","R","E","M","T","R","M","?","M","?","R","BOSS"],"items_purchased_type":["Card","Card","Relic"],"build_version":"2020-12-22","purchased_purges":2,"victory":false,"max_hp_per_floor":[75,75,75,75,75,75,75,75,75,75,75,75,75,75,75,75,80,80,80,80,80,80,80,80,80,80,80,80,80,82,82,82,84,84,86,86,86,93,95,95,97,99,99,99,101,109,111,111,111,111,111],"card_choices":[{"not_picked":["Compile Driver","Streamline","Go for the Eyes"],"picked":"SKIP","floor":1.0},{"not_picked":["Recycle","Rebound","Hologram"],"picked":"SKIP","floor":4.0},{"not_picked":["Doom and Gloom","Conserve Battery"],"picked":"Ball Lightning","floor":7.0},{"not_picked":["Rebound","Static Discharge"],"picked":"Leap","floor":11.0},{"not_picked":["Leap","Streamline"],"picked":"Ball Lightning","floor":12.0},{"not_picked":["FTL","Amplify","Compile Driver"],"picked":"SKIP","floor":13.0},{"not_picked":["Seek","Echo Form"],"picked":"Rainbow","floor":16.0},{"not_picked":["Ball Lightning","Cold Snap"],"picked":"Defragment","floor":17.0},{"not_picked":["Beam Cell+1","Hologram+1"],"picked":"Leap","floor":18.0},{"not_picked":["Conserve Battery","Barrage","Heatsinks+1"],"picked":"SKIP","floor":20.0},{"not_picked":["Skim","Barrage+1"],"picked":"Ball Lightning","floor":22.0},{"not_picked":["Undo","Conserve Battery"],"picked":"Redo","floor":24.0},{"not_picked":["Ball Lightning+1","Tempest"],"picked":"Sweeping Beam","floor":29.0},{"not_picked":["Leap","Self Repair","Beam Cell"],"picked":"Singing Bowl","floor":30.0},{"not_picked":["All For One","Buffer","Creative AI"],"picked":"Singing Bowl","floor":33.0},{"not_picked":["Force Field","Leap+1","Static Discharge"],"picked":"Singing Bowl","floor":35.0},{"not_picked":["Turbo","Auto Shields"],"picked":"Redo+1","floor":36.0},{"not_picked":["Static Discharge","Ball Lightning","Undo+1"],"picked":"Singing Bowl","floor":39.0},{"not_picked":["Echo Form","Beam Cell+1","Fission"],"picked":"Singing Bowl","floor":41.0},{"not_picked":["Scrape+1","Gash+1","Sweeping Beam+1"],"picked":"Singing Bowl","floor":42.0},{"not_picked":["Rebound+1","Turbo","Beam Cell+1"],"picked":"Singing Bowl","floor":45.0},{"not_picked":["Leap","Steam+1","Redo"],"picked":"Singing Bowl","floor":46},{"not_picked":["Rebound+1","Defragment+1","Self Repair"],"picked":"Singing Bowl","floor":47}],"player_experience":292806,"relics_obtained":[{"floor":7.0,"key":"Matryoshka"},{"floor":9.0,"key":"InkBottle"},{"floor":9.0,"key":"Oddly Smooth Stone"},{"floor":12.0,"key":"Bag of Preparation"},{"floor":22.0,"key":"Red Mask"},{"floor":26.0,"key":"PreservedInsect"},{"floor":26.0,"key":"Singing Bowl"},{"floor":39.0,"key":"Shovel"},{"floor":40.0,"key":"Darkstone Periapt"},{"floor":41.0,"key":"Symbiotic Virus"},{"floor":43.0,"key":"Toy Ornithopter"},{"floor":48,"key":"Dead Branch"}],"event_choices":[{"cards_removed":["Strike_B"],"damage_healed":0.0,"max_hp_gain":0.0,"max_hp_loss":0.0,"gold_gain":0.0,"event_name":"The Cleric","player_choice":"Card Removal","floor":2.0,"gold_loss":50.0,"damage_taken":0.0},{"damage_healed":0.0,"max_hp_gain":0.0,"max_hp_loss":0.0,"gold_gain":0.0,"event_name":"Big Fish","player_choice":"Box","floor":10.0,"gold_loss":0.0,"damage_taken":0.0,"relics_obtained":["Vajra"],"cards_obtained":["Regret"]},{"damage_healed":0.0,"max_hp_gain":0.0,"max_hp_loss":0.0,"gold_gain":0.0,"event_name":"Dead Adventurer","player_choice":"Searched \u00271\u0027 times","floor":12.0,"gold_loss":0.0,"damage_taken":0.0},{"damage_healed":0.0,"max_hp_gain":0.0,"max_hp_loss":0.0,"gold_gain":0.0,"event_name":"Living Wall","player_choice":"Grow","floor":14.0,"gold_loss":0.0,"damage_taken":0.0,"cards_upgraded":["Defragment"]},{"damage_healed":0.0,"max_hp_gain":0.0,"max_hp_loss":0.0,"gold_gain":0.0,"event_name":"Addict","player_choice":"Obtained Relic","floor":19.0,"gold_loss":85.0,"damage_taken":0.0,"relics_obtained":["Ancient Tea Set"]},{"damage_healed":0.0,"max_hp_gain":0.0,"max_hp_loss":0.0,"gold_gain":0.0,"event_name":"Vampires","player_choice":"Ignored","floor":21.0,"gold_loss":0.0,"damage_taken":0.0},{"damage_healed":0.0,"max_hp_gain":0.0,"max_hp_loss":0.0,"gold_gain":0.0,"event_name":"Masked Bandits","player_choice":"Fought Bandits","floor":22.0,"gold_loss":0.0,"damage_taken":0.0},{"damage_healed":0.0,"max_hp_gain":0.0,"max_hp_loss":0.0,"gold_gain":0.0,"event_name":"Cursed Tome","player_choice":"Obtained Book","floor":25.0,"gold_loss":0.0,"damage_taken":16.0},{"damage_healed":0.0,"max_hp_gain":0.0,"max_hp_loss":0.0,"gold_gain":0.0,"event_name":"The Mausoleum","player_choice":"Opened","floor":28.0,"gold_loss":0.0,"damage_taken":0.0,"relics_obtained":["Du-Vu Doll"],"cards_obtained":["Writhe"]},{"damage_healed":22.0,"max_hp_gain":0.0,"max_hp_loss":0.0,"gold_gain":0.0,"event_name":"Winding Halls","player_choice":"Writhe","floor":37.0,"gold_loss":0.0,"damage_taken":0.0,"cards_obtained":["Writhe"]},{"damage_healed":0.0,"max_hp_gain":0.0,"max_hp_loss":0.0,"gold_gain":0.0,"event_name":"MindBloom","player_choice":"Fight","floor":39.0,"gold_loss":0.0,"damage_taken":0.0}],"is_beta":false,"boss_relics":[{"not_picked":["Coffee Dripper","Runic Dome"],"picked":"Tiny House"},{"not_picked":["Snecko Eye","SacredBark"],"picked":"Nuclear Battery"}],"items_purged_floors":[31,38],"is_endless":false,"potions_floor_spawned":[7,11,13,22,24,33,36,46,47],"killed_by":"Donu and Deca","ascension_level":0}}