{"host":"fiyp7st036s1x8z1","time":1609248222,"event":{"mods":["BaseMod","Colored Map","Colored Powertips","Minty Spire (QoL Compilation)","Rare Cards Sparkle","Relic Stats","StSLib","[IsaacMod]ÒÔÈö¼âËþ"],"gold_per_floor":[114,125,50,50,50,77,142,171,223,257,257,257,157,167,167,239,164,180,230,246,246,260,260,97,122,169,169,6,26,59,69,69,143,143,159,178,178,194,211,244,1,27,27,46,73,73,73,121,121,121,121,121,121,33,67,67],"floor_reached":57,"playtime":3231,"items_purged":["Strike_R","Strike_R","Strike_R","Strike_R","Defend_R"],"score":2517,"play_id":"eb62b2b7-215e-4901-9956-defad2416df3","local_time":"20201229212342","is_ascension_mode":true,"campfire_choices":[{"data":"Armaments","floor":12.0,"key":"SMITH"},{"data":"EpicFetus","floor":15.0,"key":"SMITH"},{"floor":23.0,"key":"RECALL"},{"data":"Dark Embrace","floor":27.0,"key":"SMITH"},{"data":"Second Wind","floor":32.0,"key":"SMITH"},{"data":"Berserk","floor":46.0,"key":"SMITH"},{"data":"Discovery","floor":49.0,"key":"SMITH"},{"data":"Bash","floor":53.0,"key":"SMITH"}],"circlet_count":0,"master_deck":["AscendersBane","Defend_R","Defend_R+1","Defend_R+1","Bash+1","EpicFetus+1","Armaments+1","Exhume+1","Feed","Second Wind+1","Dark Embrace+1","Shrug It Off+1","Pommel Strike+1","Berserk+1","Dual Wield+1","Discovery+1","Shrug It Off"],"relics":["Burning Blood","HushsDoor","DoctorsRemote","NeowsBlessing","Orichalcum","PreservedInsect","Bag of Marbles","Centennial Puzzle","Blood Vial","Tiny House","GuppysHead","Kunai","Strawberry","Enchiridion","Chaos","Snake Skull","Habit","Shuriken","Sozu","BFFS","SteamSale","Leech","YumHeart","Gremlin Horn","Prayer Wheel","War Paint"],"acts_visited":["Exordium","TheCity","TheBeyond","TheEnding"],"potions_floor_usage":[56],"damage_taken":[{"damage":0.0,"enemies":"Jaw Worm","floor":1.0,"turns":1.0},{"damage":0.0,"enemies":"2 Louse","floor":2.0,"turns":1.0},{"damage":0.0,"enemies":"Gremlin Nob","floor":6.0,"turns":2.0},{"damage":2.0,"enemies":"Gremlin Nob","floor":7.0,"turns":3.0},{"damage":20.0,"enemies":"Lagavulin","floor":8.0,"turns":6.0},{"damage":9.0,"enemies":"3 Sentries","floor":10.0,"turns":4.0},{"damage":0.0,"enemies":"Cultist","floor":14.0,"turns":3.0},{"damage":32.0,"enemies":"Slime Boss","floor":16.0,"turns":7.0},{"damage":0.0,"enemies":"Shell Parasite","floor":18.0,"turns":6.0},{"damage":6.0,"enemies":"Hiden Room Battle","floor":19.0,"turns":4.0},{"damage":12.0,"enemies":"Chosen","floor":20.0,"turns":4.0},{"damage":18.0,"enemies":"Snake Plant","floor":22.0,"turns":3.0},{"damage":1.0,"enemies":"Slavers","floor":25.0,"turns":2.0},{"damage":13.0,"enemies":"Centurion and Healer","floor":29.0,"turns":7.0},{"damage":26.0,"enemies":"Book of Stabbing","floor":30.0,"turns":5.0},{"damage":11.0,"enemies":"Snecko","floor":31.0,"turns":5.0},{"damage":38.0,"enemies":"Collector","floor":33.0,"turns":11.0},{"damage":11.0,"enemies":"3 Darklings","floor":35.0,"turns":4.0},{"damage":2.0,"enemies":"Orb Walker","floor":36.0,"turns":2.0},{"damage":19.0,"enemies":"3 Darklings","floor":38.0,"turns":4.0},{"damage":34.0,"enemies":"Sphere and 2 Shapes","floor":39.0,"turns":6.0},{"damage":21.0,"enemies":"Reptomancer","floor":40.0,"turns":4.0},{"damage":3.0,"enemies":"Giant Head","floor":42.0,"turns":4.0},{"damage":10.0,"enemies":"Jaw Worm Horde","floor":44.0,"turns":3.0},{"damage":0.0,"enemies":"Nemesis","floor":45.0,"turns":3.0},{"damage":0.0,"enemies":"2 Orb Walkers","floor":48.0,"turns":3.0},{"damage":55.0,"enemies":"Time Eater","floor":50.0,"turns":4.0},{"damage":56.0,"enemies":"Awakened One","floor":51.0,"turns":8.0},{"damage":27.0,"enemies":"Shield and Spear","floor":55.0,"turns":3.0},{"damage":52,"enemies":"Delirium","floor":56,"turns":17}],"seed_played":"2226630711392042959","potions_obtained":[{"floor":1.0,"key":"Dexterity Potion"},{"floor":7.0,"key":"Strength Potion"},{"floor":17.0,"key":"HeartOfIron"},{"floor":19.0,"key":"Strength Potion"},{"floor":22.0,"key":"Regen Potion"},{"floor":33.0,"key":"FairyPotion"}],"is_trial":false,"path_per_floor":["M","M","$","?","?","E","?","E","T","E","?","R","$","M","R","B",null,"M","?","M","?","M","R","$","E","T","R","$","M","E","M","R","B",null,"M","M","?","M","M","E","$","E","T","M","E","R","?","?","R","B","B",null,"R","$","E","B",null],"character_chosen":"IRONCLAD","items_purchased":["GuppysHead","Chaos","Habit","SteamSale"],"campfire_rested":0,"item_purchase_floors":[17,24,28,41],"current_hp_per_floor":[74,75,75,75,75,75,75,61,61,58,58,58,58,66,66,42,64,74,72,72,51,41,41,41,51,51,51,51,69,55,56,56,30,92,93,103,103,92,74,65,65,73,98,102,115,115,105,118,118,78,37,148,148,148,135,152],"gold":67,"neow_bonus":"THREE_ENEMY_KILL","is_daily":false,"chose_seed":false,"campfire_upgraded":7,"win_rate":0.0,"timestamp":1609248222,"path_taken":["M","M","$","?","?","E","?","E","T","E","?","R","$","?","R","BOSS","M","?","M","?","?","R","$","E","T","R","?","?","E","M","R","BOSS","M","M","?","M","?","E","$","E","T","M","E","R","?","?","R","BOSS","BOSS","R","$","E","BOSS"],"items_purchased_type":["Relic","Card","Relic","Relic"],"build_version":"2020-12-22","purchased_purges":5,"victory":true,"max_hp_per_floor":[75,75,75,75,75,75,75,75,75,75,75,75,75,75,75,75,70,74,85,89,89,89,89,89,92,92,92,92,100,104,108,108,112,112,116,120,120,120,128,132,132,135,135,138,141,141,141,144,144,148,151,151,151,151,154,154],"relic_stats":{"Gremlin Horn":[6,6],"counters":[30,139],"PreservedInsect":491,"Snake Skull":[0],"Orichalcum":[168],"War Paint":["Exhume","Defend_R"],"Burning Blood":163,"Blood Vial":48,"Sozu":3,"Centennial Puzzle":[66],"Shuriken":[31],"Prayer Wheel":0,"Kunai":[31],"obtain_stats":[{"Chaos":24,"Tiny House":17,"Gremlin Horn":45,"Enchiridion":21,"Snake Skull":25,"Burning Blood":0,"BFFS":40,"Leech":42,"Blood Vial":10,"Sozu":34,"Centennial Puzzle":9,"Strawberry":19,"Prayer Wheel":48,"Kunai":19,"KeepersGift":0,"DoctorsRemote":0,"NeowsBlessing":0,"PreservedInsect":7,"Orichalcum":6,"War Paint":55,"SteamSale":41,"Habit":28,"YumHeart":43,"Shuriken":30,"Bag of Marbles":8,"GuppysHead":17,"HushsDoor":0},{"Chaos":12,"Tiny House":8,"Gremlin Horn":25,"Enchiridion":11,"Snake Skull":13,"Burning Blood":0,"BFFS":22,"Leech":23,"Blood Vial":6,"Sozu":17,"Centennial Puzzle":5,"Strawberry":10,"Prayer Wheel":26,"Kunai":10,"KeepersGift":0,"DoctorsRemote":0,"NeowsBlessing":0,"PreservedInsect":3,"Orichalcum":3,"War Paint":29,"SteamSale":22,"Habit":13,"YumHeart":23,"Shuriken":15,"Bag of Marbles":5,"GuppysHead":8,"HushsDoor":0},{"Chaos":44,"Tiny House":27,"Gremlin Horn":104,"Enchiridion":41,"Snake Skull":46,"Burning Blood":0,"BFFS":94,"Leech":98,"Blood Vial":17,"Sozu":74,"Centennial Puzzle":13,"Strawberry":37,"Prayer Wheel":107,"Kunai":37,"KeepersGift":0,"DoctorsRemote":0,"NeowsBlessing":0,"PreservedInsect":4,"Orichalcum":4,"War Paint":122,"SteamSale":94,"Habit":46,"YumHeart":98,"Shuriken":58,"Bag of Marbles":13,"GuppysHead":27,"HushsDoor":0}]},"card_choices":[{"not_picked":[],"picked":"EpicFetus","floor":0.0},{"not_picked":["Warcry","Dual Wield","Perfected Strike"],"picked":"SKIP","floor":1.0},{"not_picked":["Cleave","Warcry"],"picked":"Bomb","floor":2.0},{"not_picked":["Havoc","Heavy Blade","Twin Strike"],"picked":"SKIP","floor":6.0},{"not_picked":["Dual Wield","Carnage","Anger"],"picked":"SKIP","floor":8.0},{"not_picked":["Entrench","Warcry"],"picked":"Armaments","floor":10.0},{"not_picked":["Disarm","Body Slam","Headbutt"],"picked":"SKIP","floor":14.0},{"not_picked":["Immolate","Juggernaut"],"picked":"Exhume","floor":16.0},{"not_picked":["Burning Pact","Warcry"],"picked":"Feed","floor":17.0},{"not_picked":["Armaments","Wild Strike"],"picked":"Second Wind","floor":18.0},{"not_picked":["Clash","Blood for Blood","Sword Boomerang"],"picked":"SKIP","floor":20.0},{"not_picked":["Thunderclap","Twin Strike","Cleave"],"picked":"SKIP","floor":22.0},{"not_picked":["Limit Break","Body Slam+1"],"picked":"Dark Embrace","floor":25.0},{"not_picked":["Rage","Rupture","Infernal Blade"],"picked":"SKIP","floor":29.0},{"not_picked":["Rampage+1","Hemokinesis+1"],"picked":"Shrug It Off+1","floor":30.0},{"not_picked":["Dark Embrace","Headbutt"],"picked":"Pommel Strike+1","floor":31.0},{"not_picked":["Demon Form","Limit Break"],"picked":"Berserk","floor":33.0},{"not_picked":["Clothesline","Havoc+1","Body Slam"],"picked":"SKIP","floor":35.0},{"not_picked":["Dual Wield","Iron Wave","Blood for Blood"],"picked":"SKIP","floor":36.0},{"not_picked":["Iron Wave","Blood for Blood"],"picked":"Dual Wield","floor":36.0},{"not_picked":["Entrench","Fire Breathing","Wild Strike"],"picked":"SKIP","floor":38.0},{"not_picked":["Warcry","Blood for Blood","Dropkick"],"picked":"SKIP","floor":39.0},{"not_picked":["Limit Break","Twin Strike","Armaments"],"picked":"SKIP","floor":40.0},{"not_picked":["Armaments+1","Perfected Strike","Burning Pact"],"picked":"SKIP","floor":42.0},{"not_picked":["Headbutt","Burning Pact","Thunderclap+1"],"picked":"SKIP","floor":44.0},{"not_picked":["Heavy Blade","Wild Strike","Exhume"],"picked":"SKIP","floor":45.0},{"not_picked":["Thinking Ahead","Swift Strike"],"picked":"Discovery","floor":47.0},{"not_picked":["Mind Blast","Finesse"],"picked":"Bomb","floor":47.0},{"not_picked":["Evolve","Sword Boomerang"],"picked":"Shrug It Off","floor":55.0}],"player_experience":919141,"relics_obtained":[{"floor":6.0,"key":"Orichalcum"},{"floor":8.0,"key":"Bag of Marbles"},{"floor":9.0,"key":"Centennial Puzzle"},{"floor":10.0,"key":"Blood Vial"},{"floor":19.0,"key":"Kunai"},{"floor":19.0,"key":"Strawberry"},{"floor":21.0,"key":"Enchiridion"},{"floor":25.0,"key":"Snake Skull"},{"floor":30.0,"key":"Shuriken"},{"floor":40.0,"key":"BFFS"},{"floor":42.0,"key":"Leech"},{"floor":43.0,"key":"YumHeart"},{"floor":45.0,"key":"Gremlin Horn"},{"floor":48.0,"key":"Prayer Wheel"},{"floor":55.0,"key":"War Paint"}],"event_choices":[{"damage_healed":0.0,"max_hp_gain":0.0,"max_hp_loss":0.0,"gold_gain":0.0,"event_name":"Liars Game","player_choice":"Ignored","floor":4.0,"gold_loss":0.0,"damage_taken":0.0},{"cards_removed":["Strike_R"],"damage_healed":0.0,"max_hp_gain":0.0,"max_hp_loss":0.0,"gold_gain":0.0,"event_name":"Living Wall","player_choice":"Forget","floor":5.0,"gold_loss":0.0,"damage_taken":0.0},{"damage_healed":0.0,"max_hp_gain":0.0,"max_hp_loss":0.0,"gold_gain":30.0,"event_name":"Dead Adventurer","player_choice":"Searched \u00273\u0027 times","floor":7.0,"gold_loss":0.0,"damage_taken":0.0,"relics_obtained":["PreservedInsect"]},{"damage_healed":0.0,"max_hp_gain":0.0,"max_hp_loss":0.0,"gold_gain":0.0,"event_name":"Lab","player_choice":"Got Potions","floor":11.0,"gold_loss":0.0,"damage_taken":0.0},{"damage_healed":0.0,"max_hp_gain":0.0,"max_hp_loss":0.0,"gold_gain":0.0,"event_name":"HidenRoomEvent","player_choice":"Fight","floor":19.0,"gold_loss":0.0,"damage_taken":0.0},{"damage_healed":0.0,"max_hp_gain":0.0,"max_hp_loss":0.0,"gold_gain":0.0,"event_name":"Cursed Tome","player_choice":"Obtained Book","floor":21.0,"gold_loss":0.0,"damage_taken":21.0},{"damage_healed":0.0,"max_hp_gain":0.0,"max_hp_loss":0.0,"gold_gain":0.0,"event_name":"Upgrade Shrine","player_choice":"Upgraded","floor":37.0,"gold_loss":0.0,"damage_taken":0.0,"cards_upgraded":["Dual Wield"]},{"damage_healed":0.0,"max_hp_gain":0.0,"max_hp_loss":0.0,"gold_gain":0.0,"event_name":"SensoryStone","player_choice":"Memory 3","floor":47.0,"gold_loss":0.0,"damage_taken":10.0},{"damage_healed":0.0,"max_hp_gain":0.0,"max_hp_loss":0.0,"gold_gain":0.0,"event_name":"Mysterious Sphere","player_choice":"Fight","floor":48.0,"gold_loss":0.0,"damage_taken":0.0}],"is_beta":false,"boss_relics":[{"not_picked":["Busted Crown","Ectoplasm"],"picked":"Tiny House"},{"not_picked":[]},{"not_picked":["Damocles","Regal Pillow"],"picked":"Sozu"},{"not_picked":[]}],"items_purged_floors":[3,13,17,41,54],"is_endless":false,"potions_floor_spawned":[1,7,8,10,16,19,22,33,38,40,42],"ascension_level":20}}