{"host":"p7j7o00jacnw7qzt","time":1609265258,"event":{"mods":["BaseMod","Colored Map","Colored Powertips","DeckTracker","Highlight Path","Minty Spire (QoL Compilation)","Relic Stats"],"gold_per_floor":[118,138,138,213,35,84,84,135,135,135,204,267,267,298,298,298,298],"floor_reached":16,"playtime":546,"items_purged":[],"score":336,"play_id":"a924c06f-8c0d-422e-b862-ea801118f5dd","local_time":"20201229130738","is_ascension_mode":true,"campfire_choices":[{"data":"HandOfGreed","floor":7.0,"key":"SMITH"},{"data":"Acrobatics","floor":10.0,"key":"SMITH"},{"floor":13.0,"key":"REST"},{"data":"Malaise","floor":15.0,"key":"SMITH"}],"circlet_count":0,"master_deck":["AscendersBane","Strike_G","Strike_G","Strike_G","Strike_G","Defend_G","Defend_G+1","Defend_G","Defend_G","Defend_G","Survivor","Neutralize","Backstab","Escape Plan","HandOfGreed+1","Acrobatics+1","Backflip","Acrobatics+1","Malaise+1"],"relics":["Ring of the Snake","NeowsBlessing","WingedGreaves","Incense Burner","Ornamental Fan","War Paint"],"acts_visited":["Exordium"],"potions_floor_usage":[],"damage_taken":[{"damage":0.0,"enemies":"Cultist","floor":1.0,"turns":1.0},{"damage":0.0,"enemies":"Jaw Worm","floor":2.0,"turns":1.0},{"damage":0.0,"enemies":"Gremlin Nob","floor":6.0,"turns":2.0},{"damage":20.0,"enemies":"3 Sentries","floor":8.0,"turns":9.0},{"damage":0.0,"enemies":"2 Louse","floor":11.0,"turns":3.0},{"damage":11.0,"enemies":"Large Slime","floor":12.0,"turns":7.0},{"damage":0.0,"enemies":"Gremlin Nob","floor":14.0,"turns":3.0},{"damage":24,"enemies":"Hexaghost","floor":16,"turns":14}],"seed_played":"-7159504514161791321","potions_obtained":[{"floor":6.0,"key":"Strength Potion"},{"floor":8.0,"key":"SneckoOil"},{"floor":12.0,"key":"Dexterity Potion"}],"is_trial":false,"path_per_floor":["M","M","?","?","$","E","R","E","T","R","M","M","R","E","R","B"],"character_chosen":"THE_SILENT","items_purchased":["HandOfGreed"],"campfire_rested":1,"item_purchase_floors":[5],"current_hp_per_floor":[59,59,59,48,48,48,48,28,28,28,28,17,36,36,36,12,12],"gold":298,"neow_bonus":"THREE_ENEMY_KILL","is_daily":false,"chose_seed":false,"campfire_upgraded":3,"win_rate":0.0,"timestamp":1609265258,"path_taken":["M","M","?","?","$","E","R","E","T","R","M","M","R","E","R","BOSS"],"items_purchased_type":["Card"],"build_version":"2020-12-22","purchased_purges":0,"victory":false,"max_hp_per_floor":[66,66,66,66,66,66,66,66,66,66,66,66,66,66,66,66,66],"relic_stats":{"counters":[8,40],"Ornamental Fan":[12],"War Paint":["Acrobatics","Defend_G"],"obtain_stats":[{"NeowsBlessing":0,"Ornamental Fan":9,"WingedGreaves":6,"Incense Burner":8,"War Paint":14,"Ring of the Snake":0},{"NeowsBlessing":0,"Ornamental Fan":4,"WingedGreaves":3,"Incense Burner":4,"War Paint":7,"Ring of the Snake":0},{"NeowsBlessing":0,"Ornamental Fan":13,"WingedGreaves":4,"Incense Burner":13,"War Paint":26,"Ring of the Snake":0}],"Ring of the Snake":[16]},"card_choices":[{"not_picked":["Poisoned Stab","Distraction"],"picked":"Backstab","floor":1.0},{"not_picked":["Setup","Dagger Spray","Dodge and Roll"],"picked":"SKIP","floor":2.0},{"not_picked":["Outmaneuver","Cloak And Dagger","Slice"],"picked":"SKIP","floor":6.0},{"not_picked":["Flying Knee","Slice"],"picked":"Acrobatics","floor":8.0},{"not_picked":["Heel Hook","Predator"],"picked":"Backflip","floor":11.0},{"not_picked":["Well Laid Plans","Predator"],"picked":"Acrobatics","floor":12.0},{"not_picked":["Finisher","Prepared"],"picked":"Malaise","floor":14.0}],"player_experience":885620,"relics_obtained":[{"floor":6.0,"key":"WingedGreaves"},{"floor":8.0,"key":"Incense Burner"},{"floor":9.0,"key":"Ornamental Fan"},{"floor":14.0,"key":"War Paint"}],"event_choices":[{"damage_healed":0.0,"max_hp_gain":0.0,"max_hp_loss":0.0,"gold_gain":0.0,"cards_transformed":["Strike_G"],"event_name":"Living Wall","player_choice":"Change","floor":3.0,"gold_loss":0.0,"damage_taken":0.0,"cards_obtained":["Escape Plan"]},{"damage_healed":0.0,"max_hp_gain":0.0,"max_hp_loss":0.0,"gold_gain":75.0,"event_name":"World of Goop","player_choice":"Gather Gold","floor":4.0,"gold_loss":0.0,"damage_taken":11.0}],"is_beta":false,"boss_relics":[],"items_purged_floors":[],"is_endless":false,"potions_floor_spawned":[6,8,12],"killed_by":"Hexaghost","ascension_level":20}}