{"host":"nlbm7eld1wcqj9ez","time":1609260486,"event":{"mods":["AchievementEnabler","BaseMod","Colored Map","Colored Powertips","DeckTracker","Minty Spire (QoL Compilation)","StSLib"],"gold_per_floor":[117,3,3,20,39,39,39,57,57,57,73,73,92,104,104,201,251,267,277,294,294,294,294,312,312,335,347,347,361,361,22,22,127,127,138,138,138,32,32,32,32,32],"floor_reached":41,"playtime":1850,"items_purged":[],"score":408,"play_id":"b79d5b8a-5a14-4414-9616-e5ad7845a8e9","local_time":"20201229174806","is_ascension_mode":false,"campfire_choices":[{"data":"Defragment","floor":7,"key":"SMITH"},{"floor":15,"key":"REST"},{"floor":23,"key":"REST"},{"data":"Enlightenment","floor":25,"key":"SMITH"},{"floor":28,"key":"REST"},{"floor":32,"key":"REST"},{"floor":40,"key":"REST"}],"circlet_count":0,"master_deck":["Strike_B","Strike_B","Strike_B","Strike_B+1","Defend_B","Defend_B","Defend_B","Defend_B","Zap","Dualcast","Enlightenment+1","Go for the Eyes","Defragment+1","Chill","Compile Driver","Doom and Gloom","Electrodynamics+1","Coolheaded","Creative AI","Redo","Sweeping Beam+1","Streamline+1","Cold Snap+1","Steam+1","Beam Cell","White Noise+1","Melter","Biased Cognition","Barrage+1","Panache","Dark Shackles","Consume","Defragment","Madness","Madness"],"relics":["Cracked Core","WarpedTongs","Pantograph","Potion Belt","Tiny House","Toy Ornithopter","Nilry\u0027s Codex","Mummified Hand","Fusion Hammer"],"acts_visited":["Exordium","TheCity","TheBeyond"],"potions_floor_usage":[],"damage_taken":[{"damage":7,"enemies":"Jaw Worm","floor":1,"turns":4},{"damage":7,"enemies":"Cultist","floor":4,"turns":4},{"damage":1,"enemies":"Small Slimes","floor":5,"turns":2},{"damage":13,"enemies":"Red Slaver","floor":8,"turns":3},{"damage":0,"enemies":"3 Louse","floor":11,"turns":2},{"damage":15,"enemies":"Blue Slaver","floor":13,"turns":3},{"damage":12,"enemies":"Gremlin Gang","floor":14,"turns":2},{"damage":33,"enemies":"Hexaghost","floor":16,"turns":9},{"damage":18,"enemies":"Chosen","floor":18,"turns":5},{"damage":38,"enemies":"2 Thieves","floor":19,"turns":4},{"damage":19,"enemies":"3 Cultists","floor":20,"turns":3},{"damage":10,"enemies":"Cultist and Chosen","floor":24,"turns":6},{"damage":14,"enemies":"Sentry and Sphere","floor":27,"turns":8},{"damage":16,"enemies":"Centurion and Healer","floor":29,"turns":6},{"damage":40,"enemies":"Automaton","floor":33,"turns":8},{"damage":28,"enemies":"3 Darklings","floor":35,"turns":5},{"damage":61,"enemies":"2 Orb Walkers","floor":41,"turns":3}],"seed_played":"8293351223965327948","potions_obtained":[{"floor":4,"key":"ColorlessPotion"},{"floor":11,"key":"DistilledChaos"},{"floor":13,"key":"LiquidMemories"},{"floor":17,"key":"Block Potion"},{"floor":18,"key":"Explosive Potion"}],"is_trial":false,"path_per_floor":["M","$","?","M","M","?","R","M","T","$","M","?","M","M","R","B",null,"M","M","M","?","?","R","M","R","T","M","R","M","?","$","R","B",null,"M","?","?","$","?","R","?"],"character_chosen":"DEFECT","items_purchased":["Defragment","Chill","Mummified Hand","Melter","Consume","Defragment"],"campfire_rested":5,"item_purchase_floors":[2,2,31,31,38,38],"current_hp_per_floor":[68,68,68,61,60,60,60,47,47,47,47,47,32,20,42,34,80,62,24,5,31,31,55,45,45,45,31,55,39,23,23,47,32,80,52,52,47,47,37,61,0,0],"gold":32,"neow_bonus":"RANDOM_COLORLESS","is_daily":false,"chose_seed":false,"campfire_upgraded":2,"win_rate":0.0,"timestamp":1609260486,"path_taken":["M","$","?","?","M","?","R","M","T","$","M","?","?","M","R","BOSS","M","M","M","?","?","R","M","R","T","M","R","?","?","$","R","BOSS","M","?","?","$","?","R","?"],"items_purchased_type":["Card","Card","Relic","Card","Card","Card"],"build_version":"2020-12-22","purchased_purges":0,"victory":false,"max_hp_per_floor":[75,75,75,75,75,75,75,75,75,75,75,75,75,75,75,75,80,80,80,80,80,80,80,80,80,80,80,80,80,80,80,80,80,80,80,80,80,80,80,80,80,80],"card_choices":[{"not_picked":["Purity","Trip"],"picked":"Enlightenment","floor":0},{"not_picked":["Sweeping Beam","Turbo"],"picked":"Go for the Eyes","floor":1},{"not_picked":["Static Discharge","Auto Shields","Turbo"],"picked":"SKIP","floor":4},{"not_picked":["Darkness","Lockon"],"picked":"Compile Driver","floor":5},{"not_picked":["Go for the Eyes","Loop"],"picked":"Doom and Gloom","floor":8},{"not_picked":["Undo","Stack"],"picked":"Electrodynamics","floor":11},{"not_picked":["Go for the Eyes","Compile Driver","Gash"],"picked":"SKIP","floor":13},{"not_picked":["Tempest","Gash"],"picked":"Coolheaded","floor":14},{"not_picked":["Meteor Strike","Electrodynamics"],"picked":"Creative AI","floor":16},{"not_picked":["Reinforced Body","Auto Shields"],"picked":"Redo","floor":17},{"not_picked":["Auto Shields","Beam Cell"],"picked":"Sweeping Beam+1","floor":18},{"not_picked":["Go for the Eyes+1","Leap"],"picked":"Streamline+1","floor":19},{"not_picked":["Undo","Fusion"],"picked":"Cold Snap+1","floor":20},{"not_picked":["Lockon","Leap"],"picked":"Steam+1","floor":24},{"not_picked":["Rebound+1","Static Discharge+1"],"picked":"Beam Cell","floor":27},{"not_picked":["Compile Driver","Conserve Battery+1"],"picked":"White Noise+1","floor":29},{"not_picked":["Echo Form","Machine Learning"],"picked":"Biased Cognition","floor":33},{"not_picked":["Scrape+1","Hologram"],"picked":"Barrage+1","floor":35},{"not_picked":["Trip","Forethought"],"picked":"Panache","floor":37},{"not_picked":["Flash of Steel","HandOfGreed"],"picked":"Dark Shackles","floor":37}],"player_experience":29244,"relics_obtained":[{"floor":9,"key":"Potion Belt"},{"floor":26,"key":"Toy Ornithopter"},{"floor":30,"key":"Nilry\u0027s Codex"}],"event_choices":[{"damage_healed":0,"gold_gain":0,"player_choice":"Rummage","damage_taken":0,"relics_obtained":["WarpedTongs"],"max_hp_gain":0,"max_hp_loss":0,"event_name":"Accursed Blacksmith","floor":3,"gold_loss":0,"cards_obtained":["Pain"]},{"damage_healed":0,"gold_gain":0,"player_choice":"Box","damage_taken":0,"relics_obtained":["Pantograph"],"max_hp_gain":0,"max_hp_loss":0,"event_name":"Big Fish","floor":6,"gold_loss":0,"cards_obtained":["Regret"]},{"damage_healed":0,"gold_gain":0,"player_choice":"Upgraded","damage_taken":0,"max_hp_gain":0,"max_hp_loss":0,"event_name":"Upgrade Shrine","floor":12,"gold_loss":0,"cards_upgraded":["Electrodynamics"]},{"damage_healed":26,"gold_gain":0,"player_choice":"Heal","damage_taken":0,"max_hp_gain":0,"max_hp_loss":0,"event_name":"The Library","floor":21,"gold_loss":0},{"cards_removed":["Regret","Pain"],"damage_healed":0,"gold_gain":0,"player_choice":"Removed Curses","damage_taken":0,"max_hp_gain":0,"max_hp_loss":0,"event_name":"Fountain of Cleansing","floor":22,"gold_loss":0},{"damage_healed":0,"gold_gain":0,"player_choice":"Obtained Book","damage_taken":16,"max_hp_gain":0,"max_hp_loss":0,"event_name":"Cursed Tome","floor":30,"gold_loss":0},{"damage_healed":0,"gold_gain":0,"player_choice":"Ignored","damage_taken":0,"max_hp_gain":0,"max_hp_loss":0,"event_name":"Tomb of Lord Red Mask","floor":36,"gold_loss":0},{"damage_healed":0,"gold_gain":0,"player_choice":"Memory 2","damage_taken":5,"max_hp_gain":0,"max_hp_loss":0,"event_name":"SensoryStone","floor":37,"gold_loss":0},{"damage_healed":0,"gold_gain":0,"player_choice":"Embrace Madness","damage_taken":10,"max_hp_gain":0,"max_hp_loss":0,"event_name":"Winding Halls","floor":39,"gold_loss":0,"cards_obtained":["Madness","Madness"]},{"damage_healed":0,"gold_gain":0,"player_choice":"Fight","damage_taken":0,"max_hp_gain":0,"max_hp_loss":0,"event_name":"Mysterious Sphere","floor":41,"gold_loss":0}],"is_beta":false,"boss_relics":[{"not_picked":["Black Star","Busted Crown"],"picked":"Tiny House"},{"not_picked":["SlaversCollar","SacredBark"],"picked":"Fusion Hammer"}],"items_purged_floors":[],"is_endless":false,"potions_floor_spawned":[4,11,13,18,19,29,33],"killed_by":"2 Orb Walkers","ascension_level":0}}