{"host":"qm4rv4rkpk76sbxu","time":1609249527,"event":{"mods":["BaseMod","Bestiary","Block Reminder","DeckTracker","Filter the Spire","Keyboard Shortcuts","Minty Spire (QoL Compilation)","MonsterHotkey","Potion Indicator Mod","Quick Restart","Random Character Button","Relic Stats","Slay-I","StSLib","ojb\u0027s Better Paths Mod"],"gold_per_floor":[113,388,408,420,434,434,461,472,472,397,397,397],"floor_reached":11,"playtime":842,"items_purged":[],"score":150,"play_id":"e40fd7a2-dc03-4eec-9729-4e22b5775047","local_time":"20201229144527","is_ascension_mode":true,"campfire_choices":[{"data":"Neutralize","floor":6.0,"key":"SMITH"}],"circlet_count":0,"master_deck":["AscendersBane","Strike_G","Strike_G","Strike_G","Strike_G","Strike_G","Defend_G","Defend_G","Defend_G","Defend_G","Defend_G","Survivor","Neutralize+1","Venomology","Underhanded Strike","Slice","Heel Hook","Tools of the Trade","Well Laid Plans"],"relics":["Ring of the Snake","Pen Nib","The Courier"],"acts_visited":["Exordium"],"potions_floor_usage":[11],"damage_taken":[{"damage":0.0,"enemies":"Jaw Worm","floor":1.0,"turns":5.0},{"damage":6.0,"enemies":"Cultist","floor":3.0,"turns":5.0},{"damage":0.0,"enemies":"2 Louse","floor":4.0,"turns":2.0},{"damage":2.0,"enemies":"2 Fungi Beasts","floor":5.0,"turns":4.0},{"damage":34.0,"enemies":"3 Sentries","floor":7.0,"turns":11.0},{"damage":0.0,"enemies":"Looter","floor":8.0,"turns":3.0},{"damage":19,"enemies":"Gremlin Nob","floor":11,"turns":3}],"seed_played":"-4816199009971096397","potions_obtained":[{"floor":0.0,"key":"ColorlessPotion"},{"floor":0.0,"key":"SkillPotion"},{"floor":1.0,"key":"BlessingOfTheForge"},{"floor":4.0,"key":"SteroidPotion"},{"floor":5.0,"key":"CunningPotion"}],"is_trial":false,"path_per_floor":["M","?","M","M","M","R","E","M","T","?","E"],"character_chosen":"THE_SILENT","items_purchased":[],"campfire_rested":0,"item_purchase_floors":[],"current_hp_per_floor":[59,59,53,53,51,51,17,17,17,17,0,0],"gold":397,"neow_bonus":"THREE_SMALL_POTIONS","is_daily":false,"chose_seed":false,"campfire_upgraded":1,"win_rate":0.0,"timestamp":1609249527,"path_taken":["M","?","?","?","M","R","E","M","T","?","E"],"items_purchased_type":[],"build_version":"2020-12-22","purchased_purges":0,"victory":false,"max_hp_per_floor":[66,66,66,66,66,66,66,66,66,66,66,66],"relic_stats":{"counters":[7,33],"Pen Nib":[1],"obtain_stats":[{"Pen Nib":7,"The Courier":9,"Ring of the Snake":0},{"Pen Nib":5,"The Courier":6,"Ring of the Snake":0},{"Pen Nib":27,"The Courier":30,"Ring of the Snake":0}],"Ring of the Snake":[14]},"card_choices":[{"not_picked":["Outmaneuver","Cloak And Dagger"],"picked":"Venomology","floor":1.0},{"not_picked":["Blade Dance","PiercingWail"],"picked":"Underhanded Strike","floor":3.0},{"not_picked":["Distraction","Bane"],"picked":"Slice","floor":4.0},{"not_picked":["Deadly Poison","Quick Slash"],"picked":"Heel Hook","floor":5.0},{"not_picked":["Prepared","Deadly Poison"],"picked":"Tools of the Trade","floor":7.0},{"not_picked":["Acrobatics","PiercingWail"],"picked":"Well Laid Plans","floor":8.0}],"player_experience":1163539,"relics_obtained":[{"floor":7.0,"key":"Pen Nib"},{"floor":9.0,"key":"The Courier"}],"event_choices":[{"damage_healed":0.0,"max_hp_gain":0.0,"max_hp_loss":0.0,"gold_gain":275.0,"event_name":"Golden Shrine","player_choice":"Desecrate","floor":2.0,"gold_loss":0.0,"damage_taken":0.0,"cards_obtained":["Regret"]},{"cards_removed":["Regret"],"damage_healed":0.0,"max_hp_gain":0.0,"max_hp_loss":0.0,"gold_gain":0.0,"event_name":"The Cleric","player_choice":"Card Removal","floor":10.0,"gold_loss":75.0,"damage_taken":0.0}],"is_beta":false,"boss_relics":[],"items_purged_floors":[],"is_endless":false,"potions_floor_spawned":[1,4,5,7],"killed_by":"Gremlin Nob","ascension_level":20}}