{"host":"b0hh64pqctf46s8m","time":1609281021,"event":{"mods":["Act Like it!","BaseMod","Bestiary","CCEM","CapriCore","ChefMod","Conspire","Curses Come First","Displayed Cursed Tome","Dota2Spire","Downfall","Ekko","Elementarium","Fireblade Mod","Hallownest","Hermit","Hubris","Infinite Spire","Jess\u0027s Bottle","JesterMod","Jorbs\u0027s Wanderer Trilogy","Lobotomy","Luminous","Menagerie","Minty Spire (QoL Compilation)","Pale of the Ancients","Permanent Neow","Relic Stats","Replay The Spire","Robot Space Explorer","Shade Mod","StSLib","The Blue Laboratory","The Dragon Tamer","The Immortal","The Marked","TheLocksmith","TheSwordswoman","TheVacant","TheWitcher","UnlockEverythingMod","Wandering Minibosses","??????REMEMod","????"],"gold_per_floor":[115,135,135,170,170,190,190,223,249,17,17,50,75,93,93,197,197,210,239,289,279,108,108,139,139,139,238,238,284,290,290],"floor_reached":30,"playtime":1363,"items_purged":["hermit:Strike_Hermit","hermit:Strike_Hermit"],"score":254,"play_id":"5b376386-ce3a-47f3-9037-700a50ab8551","local_time":"20201229143021","is_ascension_mode":false,"campfire_choices":[{"data":"hermit:Headshot","floor":7.0,"key":"SMITH"},{"data":"hermit:PistolWhip","floor":11.0,"key":"SMITH"},{"data":"hermit:Vantage","floor":15.0,"key":"SMITH"},{"data":"ekkoTheBoyWhoShatteredTime:Powered","floor":23.0,"key":"SMITH"}],"circlet_count":0,"master_deck":["hermit:Strike_Hermit","hermit:Defend_Hermit","hermit:Defend_Hermit+1","hermit:Defend_Hermit","hermit:Defend_Hermit","hermit:Snapshot","hermit:Covet","hermit:Roulette","Bloodbath","hermit:Headshot+1","Menagerie:MirarisWake","ekkoTheBoyWhoShatteredTime:Powered+1","hermit:PistolWhip+1","hermit:ItchyTrigger","hermit:Dive","hermit:Vantage+1","GreedKing","hermit:GhostlyPresence+1","Elementarium:GildedEssence","hermit:BigShot+1","hermit:Reprieve","hermit:LuckOfTheDraw"],"relics":["hermit:Momento","REME_ComplimentaryCards","CogitoBucket","Orichalcum","CCEMRelics:SpiritsEdge","Dota2Spire:MagicBottle","Sling","Ginger","Regal Pillow","LuminousBracelet","hubris:RunicObelisk","Thread and Needle","REME_ArchaeologicalTools","ChangeAnything","hubris:Towel"],"acts_visited":["Menagerie:Menagerie","Elementarium:Elementarium"],"potions_floor_usage":[],"damage_taken":[{"damage":0.0,"enemies":"Menagerie:WhisperingWraith","floor":1.0,"turns":4.0},{"damage":5.0,"enemies":"Menagerie:2_RABBITS","floor":2.0,"turns":3.0},{"damage":19.0,"enemies":"conspire:MimicChest","floor":4.0,"turns":6.0},{"damage":3.0,"enemies":"Menagerie:MonstrousExperiment","floor":6.0,"turns":3.0},{"damage":4.0,"enemies":"Menagerie:Hydra","floor":8.0,"turns":5.0},{"damage":7.0,"enemies":"Menagerie:MaskedSummoner","floor":12.0,"turns":6.0},{"damage":11.0,"enemies":"Menagerie:STYGIAN_BOAR_AND_RABBIT","floor":14.0,"turns":5.0},{"damage":24.0,"enemies":"Menagerie:Suneater","floor":16.0,"turns":9.0},{"damage":6.0,"enemies":"Elementarium:MUD_AND_TAR_GOLEMS","floor":18.0,"turns":4.0},{"damage":12.0,"enemies":"Hallownest:eliteSoulWarrior","floor":19.0,"turns":6.0},{"damage":15.0,"enemies":"Elementarium:WarGolem","floor":24.0,"turns":5.0},{"damage":42.0,"enemies":"Elementarium:2_ELEMENTALS","floor":27.0,"turns":7.0},{"damage":10.0,"enemies":"Elementarium:VOID_CORRUPTION_AND_TAR_GOLEM","floor":29.0,"turns":11.0},{"damage":0,"enemies":"Elementarium:Hydrostalker","floor":30,"turns":3}],"seed_played":"5493794036306034253","potions_obtained":[{"floor":2.0,"key":"ColorlessPotion"},{"floor":4.0,"key":"Languid Potion"},{"floor":6.0,"key":"blueLaboratory:EnragingPotion"},{"floor":24.0,"key":"blueLaboratory:HummingbirdPotion"},{"floor":27.0,"key":"SteroidPotion"},{"floor":29.0,"key":"Regen Potion"}],"is_trial":false,"path_per_floor":["M","M","?","?","?","M","R","E","T","$","R","E","T","M","R","B",null,"M","?","?","?","$","R","E","?","T","M","?","M","M"],"character_chosen":"HERMIT","items_purchased":["Sling","hermit:BigShot"],"campfire_rested":0,"item_purchase_floors":[10,22],"current_hp_per_floor":[75,71,71,54,49,46,46,43,43,43,43,53,53,58,58,41,90,75,66,66,66,66,66,54,54,54,34,34,29,33,33],"gold":290,"neow_bonus":"","is_daily":false,"chose_seed":false,"campfire_upgraded":4,"win_rate":0.0,"timestamp":1609281021,"path_taken":["M","M","?","?","?","M","R","E","T","$","R","E","?","M","R","BOSS","M","?","?","?","$","R","E","?","T","M","?","M","?"],"items_purchased_type":["Relic","Card"],"build_version":"2020-12-22","purchased_purges":2,"victory":false,"max_hp_per_floor":[75,75,75,75,75,75,75,75,75,75,75,75,75,90,90,90,90,80,80,80,80,80,80,80,80,80,80,80,70,70,70],"relic_stats":{"Regal Pillow":0,"counters":[16,79],"Ginger":[7],"Orichalcum":[96],"obtain_stats":[{"Regal Pillow":13,"LuminousBracelet":14,"Thread and Needle":19,"Ginger":12,"Orichalcum":4,"hubris:RunicObelisk":17,"hubris:Towel":28,"Sling":10,"CCEMRelics:SpiritsEdge":8,"Dota2Spire:MagicBottle":9,"CogitoBucket":0,"REME_ArchaeologicalTools":26,"ChangeAnything":27,"hermit:Momento":0,"REME_ComplimentaryCards":0},{"Regal Pillow":6,"LuminousBracelet":8,"Thread and Needle":11,"Ginger":6,"Orichalcum":3,"hubris:RunicObelisk":9,"hubris:Towel":14,"Sling":5,"CCEMRelics:SpiritsEdge":5,"Dota2Spire:MagicBottle":5,"CogitoBucket":0,"REME_ArchaeologicalTools":12,"ChangeAnything":14,"hermit:Momento":0,"REME_ComplimentaryCards":0},{"Regal Pillow":27,"LuminousBracelet":33,"Thread and Needle":52,"Ginger":27,"Orichalcum":13,"hubris:RunicObelisk":42,"hubris:Towel":65,"Sling":21,"CCEMRelics:SpiritsEdge":21,"Dota2Spire:MagicBottle":21,"CogitoBucket":0,"REME_ArchaeologicalTools":57,"ChangeAnything":65,"hermit:Momento":0,"REME_ComplimentaryCards":0}]},"card_choices":[{"not_picked":["hermit:HighCaliber","hermit:Cheat"],"picked":"hermit:Roulette","floor":1.0},{"not_picked":["PunishingBird","NakedNest"],"picked":"Bloodbath","floor":1.0},{"not_picked":["hermit:Feint","hermit:Manifest"],"picked":"hermit:Headshot","floor":2.0},{"not_picked":["hermit:Showdown","hermit:SprayPray"],"picked":"hermit:PistolWhip","floor":4.0},{"not_picked":["hermit:Manifest","hermit:TakeCover"],"picked":"hermit:ItchyTrigger","floor":6.0},{"not_picked":["hermit:FinalCanter","hermit:Malice","hermit:Maintenance"],"picked":"SKIP","floor":8.0},{"not_picked":["hermit:TakeAim","hermit:Manifest"],"picked":"hermit:Dive","floor":12.0},{"not_picked":["hermit:Headshot","hermit:SprayPray"],"picked":"hermit:Vantage","floor":14.0},{"not_picked":["hermit:Headshot","hermit:Vantage","hermit:Midnight"],"picked":"SKIP","floor":18.0},{"not_picked":["UniverseFragment","MeatLantern"],"picked":"GreedKing","floor":19.0},{"not_picked":["hermit:FullyLoaded","hermit:Spite"],"picked":"hermit:GhostlyPresence+1","floor":19.0},{"not_picked":["hermit:Feint","hermit:LoneWolf+1"],"picked":"hermit:Reprieve","floor":24.0},{"not_picked":["hermit:WideOpen+1","hermit:OverwhelmingPower","hermit:Misfire"],"picked":"SKIP","floor":27.0},{"not_picked":["hermit:DeadMansHand","hermit:Vantage"],"picked":"hermit:LuckOfTheDraw","floor":29.0}],"player_experience":1414576,"relics_obtained":[{"floor":4.0,"key":"Orichalcum"},{"floor":8.0,"key":"CCEMRelics:SpiritsEdge"},{"floor":9.0,"key":"Dota2Spire:MagicBottle"},{"floor":12.0,"key":"Ginger"},{"floor":13.0,"key":"Regal Pillow"},{"floor":19.0,"key":"Thread and Needle"},{"floor":26.0,"key":"REME_ArchaeologicalTools"}],"event_choices":[{"damage_healed":0.0,"max_hp_gain":0.0,"max_hp_loss":0.0,"gold_gain":0.0,"cards_transformed":["hermit:Strike_Hermit"],"event_name":"Menagerie:MagesHand","player_choice":"Grasp","floor":3.0,"gold_loss":0.0,"damage_taken":0.0,"cards_obtained":["Menagerie:MirarisWake"]},{"damage_healed":0.0,"max_hp_gain":0.0,"max_hp_loss":5.0,"gold_gain":0.0,"event_name":"Menagerie:HarrowingRitual","player_choice":"Accept","floor":5.0,"gold_loss":0.0,"damage_taken":0.0,"cards_upgraded":["hermit:Defend_Hermit"]},{"damage_healed":0.0,"max_hp_gain":0.0,"max_hp_loss":0.0,"gold_gain":0.0,"event_name":"Elementarium:OtherworldlyPassage","player_choice":"Enter","floor":19.0,"gold_loss":0.0,"damage_taken":0.0},{"damage_healed":0.0,"max_hp_gain":0.0,"max_hp_loss":0.0,"gold_gain":50.0,"event_name":"Elementarium:StickySituation","player_choice":"Take","floor":20.0,"gold_loss":0.0,"damage_taken":0.0},{"damage_healed":0.0,"max_hp_gain":0.0,"max_hp_loss":0.0,"gold_gain":0.0,"event_name":"Elementarium:OnrushingOffering","player_choice":"Toss","floor":21.0,"gold_loss":10.0,"damage_taken":0.0,"cards_obtained":["Elementarium:GildedEssence"]},{"damage_healed":0.0,"max_hp_gain":0.0,"max_hp_loss":0.0,"gold_gain":0.0,"event_name":"Elementarium:VoidShrine","player_choice":"Pray","floor":25.0,"gold_loss":0.0,"damage_taken":0.0,"cards_upgraded":["hermit:BigShot"]}],"is_beta":false,"boss_relics":[{"not_picked":["hubris:ScarierMask","Empty Cage"],"picked":"hubris:RunicObelisk"}],"items_purged_floors":[10,22],"is_endless":false,"potions_floor_spawned":[2,4,6,14,16,24,27,29],"killed_by":"Elementarium:Hydrostalker","ascension_level":0}}