{"host":"lklj3eidp7g5an38","time":1609274034,"event":{"mods":["BaseMod","Minty Spire (QoL Compilation)","Relic Stats","StSLib"],"gold_per_floor":[368,269,5,23,40,68,68,79,79,44,44,75,75,86,86,157,157,176,192,25,38,54,84,84,115,183,198,211,211,221,251,251,328,328,340,91,106,122,20,20,53,66,66,93,111,111,122,169,169,169,169,169,21,51,51],"floor_reached":56,"playtime":5622,"items_purged":["Regret"],"score":2323,"play_id":"b6e15e44-700a-4afa-8331-a8998f1d292c","local_time":"20201229203354","is_ascension_mode":true,"campfire_choices":[{"data":"Adrenaline","floor":7.0,"key":"SMITH"},{"data":"Infinite Blades","floor":11.0,"key":"SMITH"},{"data":"Accuracy","floor":15.0,"key":"SMITH"},{"data":"Phantasmal Killer","floor":24.0,"key":"SMITH"},{"floor":29,"key":"REST"},{"data":"Footwork","floor":32,"key":"SMITH"},{"data":"Blade Dance","floor":40,"key":"SMITH"},{"data":"Acrobatics","floor":46,"key":"SMITH"},{"floor":49,"key":"RECALL"},{"data":"PiercingWail","floor":52,"key":"SMITH"}],"circlet_count":0,"master_deck":["AscendersBane","Strike_G","Strike_G","Defend_G","Defend_G","Defend_G","Defend_G","Defend_G","Survivor","Neutralize","Accuracy+1","Poisoned Stab","Bane","Infinite Blades+1","Adrenaline+1","All Out Attack","Acrobatics+1","Leg Sweep","PiercingWail+1","Phantasmal Killer+1","Bane+1","Infinite Blades+1","Quick Slash+1","Cloak And Dagger","Blade Dance+1","Venomology+1","Crippling Poison+1","Dodge and Roll+1","Footwork+1","Burst+1","PiercingWail+1","Blade Dance+1","Concentrate+1","Backflip+1","Deflect+1","Acrobatics+1","Escape Plan+1","Prepared+1","Calculated Gamble+1","Purity+1"],"relics":["Ring of the Serpent","Shuriken","FossilizedHelix","Omamori","WarpedTongs","Astrolabe","OrangePellets","Ancient Tea Set","Toxic Egg 2","Pantograph","Sundial","HornCleat","TungstenRod","Bottled Flame","InkBottle","Torii","Happy Flower"],"acts_visited":["Exordium","TheCity","TheBeyond","TheEnding"],"potions_floor_usage":[30,30,31,33,35,38,38,41,41,41,42,47,48,48,48,50,50,54,55,55],"damage_taken":[{"damage":8.0,"enemies":"Jaw Worm","floor":1.0,"turns":5.0},{"damage":2.0,"enemies":"Cultist","floor":4.0,"turns":4.0},{"damage":9.0,"enemies":"Small Slimes","floor":5.0,"turns":4.0},{"damage":12.0,"enemies":"3 Sentries","floor":6.0,"turns":7.0},{"damage":0.0,"enemies":"Exordium Thugs","floor":8.0,"turns":4.0},{"damage":0.0,"enemies":"Gremlin Nob","floor":12.0,"turns":3.0},{"damage":0.0,"enemies":"Exordium Wildlife","floor":14.0,"turns":4.0},{"damage":0.0,"enemies":"Slime Boss","floor":16.0,"turns":7.0},{"damage":19.0,"enemies":"2 Thieves","floor":18.0,"turns":4.0},{"damage":0.0,"enemies":"Chosen","floor":19.0,"turns":5.0},{"damage":0.0,"enemies":"Snecko","floor":21.0,"turns":3.0},{"damage":0.0,"enemies":"Centurion and Healer","floor":22.0,"turns":4.0},{"damage":0.0,"enemies":"Gremlin Leader","floor":23.0,"turns":4.0},{"damage":25.0,"enemies":"Slavers","floor":25.0,"turns":5.0},{"damage":6,"enemies":"Snake Plant","floor":27,"turns":4},{"damage":0,"enemies":"Snecko","floor":28,"turns":3},{"damage":0,"enemies":"Centurion and Healer","floor":30,"turns":4},{"damage":0,"enemies":"Book of Stabbing","floor":31,"turns":5},{"damage":0,"enemies":"Champ","floor":33,"turns":7},{"damage":0,"enemies":"Orb Walker","floor":35,"turns":2},{"damage":0,"enemies":"3 Shapes","floor":37,"turns":4},{"damage":0,"enemies":"Sphere and 2 Shapes","floor":38,"turns":2},{"damage":24,"enemies":"Reptomancer","floor":41,"turns":5},{"damage":0,"enemies":"Maw","floor":42,"turns":4},{"damage":11,"enemies":"Nemesis","floor":44,"turns":9},{"damage":0,"enemies":"Jaw Worm Horde","floor":45,"turns":4},{"damage":0,"enemies":"Spire Growth","floor":47,"turns":4},{"damage":0,"enemies":"2 Orb Walkers","floor":48,"turns":4},{"damage":26,"enemies":"Donu and Deca","floor":50,"turns":6},{"damage":15,"enemies":"Shield and Spear","floor":54,"turns":5},{"damage":43,"enemies":"The Heart","floor":55,"turns":8}],"seed_played":"9220655064657019464","potions_obtained":[{"floor":4.0,"key":"Explosive Potion"},{"floor":8.0,"key":"ColorlessPotion"},{"floor":12.0,"key":"Block Potion"},{"floor":19.0,"key":"SkillPotion"},{"floor":22.0,"key":"Dexterity Potion"},{"floor":25.0,"key":"DuplicationPotion"},{"floor":30,"key":"Block Potion"},{"floor":38,"key":"Weak Potion"},{"floor":45,"key":"PowerPotion"}],"is_trial":false,"path_per_floor":["M","?","$","M","M","E","R","M","T","?","R","E","?","M","R","B",null,"M","M","$","M","M","E","R","E","T","M","M","R","M","E","R","B",null,"M","$","M","M","$","R","E","M","T","E","M","R","M","?","R","B",null,"R","$","E","B",null],"character_chosen":"THE_SILENT","items_purchased":["Accuracy","Poisoned Stab","Fire Potion","Bane","Blade Dance","OrangePellets","HornCleat","Backflip+1","Deflect+1","Purity+1","Energy Potion"],"campfire_rested":1,"item_purchase_floors":[3,3,3,3,20,20,36,39,39,53,53],"current_hp_per_floor":[51,51,51,49,40,28,28,28,28,44,44,44,44,44,44,44,61,42,42,42,42,42,42,42,17,17,11,11,30,30,30,30,55,63,63,63,63,63,63,63,49,49,49,38,38,38,38,38,38,37,59,59,59,44,23],"gold":51,"neow_bonus":"TWO_FIFTY_GOLD","is_daily":false,"chose_seed":false,"campfire_upgraded":8,"win_rate":0.0,"timestamp":1609274034,"path_taken":["M","?","$","M","?","E","R","M","T","?","R","E","?","M","R","BOSS","M","M","$","M","M","E","R","E","T","M","?","R","M","E","R","BOSS","M","$","M","M","$","R","E","M","T","E","M","R","M","?","R","BOSS","R","$","E","BOSS"],"items_purchased_type":["Card","Card","Potion","Card","Card","Relic","Relic","Card","Card","Card","Potion"],"build_version":"2020-12-22","purchased_purges":1,"victory":true,"max_hp_per_floor":[66,66,66,66,66,66,66,66,66,66,66,66,66,66,66,66,66,66,66,66,66,66,66,66,66,66,66,66,66,66,66,66,66,66,66,66,66,66,66,66,66,66,66,66,66,66,66,66,66,66,66,66,66,66,66],"relic_stats":{"OrangePellets":[11],"Torii":9,"Happy Flower":[2],"counters":[31,143],"Shuriken":[110],"Sundial":[6],"Astrolabe":["Bane","Infinite Blades","Quick Slash"],"Pantograph":72,"obtain_stats":[{"Torii":48,"Happy Flower":54,"Astrolabe":17,"Omamori":12,"Ancient Tea Set":23,"WarpedTongs":13,"OrangePellets":20,"Bottled Flame":43,"HornCleat":36,"Shuriken":2,"Sundial":31,"Pantograph":26,"Toxic Egg 2":25,"FossilizedHelix":6,"Ring of the Serpent":34,"TungstenRod":41,"InkBottle":44,"Ring of the Snake":0},{"Torii":28,"Happy Flower":30,"Astrolabe":8,"Omamori":6,"Ancient Tea Set":13,"WarpedTongs":6,"OrangePellets":10,"Bottled Flame":24,"HornCleat":20,"Shuriken":1,"Sundial":18,"Pantograph":14,"Toxic Egg 2":14,"FossilizedHelix":4,"Ring of the Serpent":19,"TungstenRod":23,"InkBottle":25,"Ring of the Snake":0},{"Torii":124,"Happy Flower":135,"Astrolabe":38,"Omamori":27,"Ancient Tea Set":58,"WarpedTongs":27,"OrangePellets":47,"Bottled Flame":103,"HornCleat":88,"Shuriken":5,"Sundial":79,"Pantograph":63,"Toxic Egg 2":63,"FossilizedHelix":20,"Ring of the Serpent":86,"TungstenRod":99,"InkBottle":112,"Ring of the Snake":0}],"TungstenRod":17,"InkBottle":[27],"WarpedTongs":[114]},"card_choices":[{"not_picked":["Blur","Deflect","Dodge and Roll"],"picked":"SKIP","floor":1.0},{"not_picked":["Bane","Deadly Poison"],"picked":"Infinite Blades","floor":4.0},{"not_picked":["Backflip","Deadly Poison"],"picked":"Adrenaline","floor":5.0},{"not_picked":["Accuracy","Bouncing Flask"],"picked":"All Out Attack","floor":6.0},{"not_picked":["Deadly Poison","Slice"],"picked":"Acrobatics","floor":8.0},{"not_picked":["Backflip","Terror"],"picked":"Leg Sweep","floor":12.0},{"not_picked":["Dash","Dagger Spray"],"picked":"PiercingWail","floor":14.0},{"not_picked":["A Thousand Cuts","Glass Knife"],"picked":"Phantasmal Killer","floor":16.0},{"not_picked":["Reflex","Dagger Throw","Dash"],"picked":"SKIP","floor":18.0},{"not_picked":["Backstab","Dagger Throw+1"],"picked":"Cloak And Dagger","floor":19.0},{"not_picked":["Slice","Dodge and Roll","Poisoned Stab"],"picked":"SKIP","floor":21.0},{"not_picked":["Caltrops","Slice","Backstab"],"picked":"SKIP","floor":22.0},{"not_picked":["Flying Knee","Caltrops","Unload"],"picked":"SKIP","floor":23.0},{"not_picked":["Sucker Punch","Bane","Dagger Spray"],"picked":"SKIP","floor":25.0},{"not_picked":["Deflect+1","Deadly Poison+1"],"picked":"Venomology+1","floor":27},{"not_picked":["Eviscerate","Quick Slash"],"picked":"Crippling Poison+1","floor":28},{"not_picked":["Backstab","Finisher"],"picked":"Dodge and Roll+1","floor":30},{"not_picked":["Finisher+1","Bane"],"picked":"Footwork","floor":31},{"not_picked":["Venomology+1","Storm of Steel+1"],"picked":"Burst+1","floor":33},{"not_picked":["Terror+1","Bane+1"],"picked":"PiercingWail+1","floor":35},{"not_picked":["Bouncing Flask+1","Flying Knee"],"picked":"Blade Dance+1","floor":37},{"not_picked":["Eviscerate","Setup+1"],"picked":"Concentrate+1","floor":38},{"not_picked":["Deflect+1","PiercingWail+1","Dodge and Roll+1"],"picked":"SKIP","floor":41},{"not_picked":["Bane+1","Poisoned Stab"],"picked":"Acrobatics+1","floor":42},{"not_picked":["Unload","Dagger Throw","Bouncing Flask+1"],"picked":"SKIP","floor":44},{"not_picked":["Concentrate+1","Deflect+1"],"picked":"Escape Plan+1","floor":45},{"not_picked":["Deadly Poison+1","Outmaneuver+1"],"picked":"Prepared+1","floor":47},{"not_picked":["Prepared+1","Setup+1"],"picked":"Calculated Gamble+1","floor":48},{"not_picked":["Underhanded Strike+1","Concentrate+1","Quick Slash"],"picked":"SKIP","floor":54}],"player_experience":871059,"relics_obtained":[{"floor":6.0,"key":"FossilizedHelix"},{"floor":12.0,"key":"Omamori"},{"floor":23.0,"key":"Ancient Tea Set"},{"floor":25.0,"key":"Toxic Egg 2"},{"floor":26.0,"key":"Pantograph"},{"floor":31,"key":"Sundial"},{"floor":41,"key":"TungstenRod"},{"floor":43,"key":"Bottled Flame"},{"floor":44,"key":"InkBottle"},{"floor":48,"key":"Torii"},{"floor":54,"key":"Happy Flower"}],"event_choices":[{"damage_healed":0.0,"max_hp_gain":0.0,"max_hp_loss":0.0,"gold_gain":0.0,"event_name":"WeMeetAgain","player_choice":"Paid Gold","floor":2.0,"gold_loss":99.0,"damage_taken":0.0,"relics_obtained":["Shuriken"]},{"damage_healed":16.0,"max_hp_gain":0.0,"max_hp_loss":0.0,"gold_gain":0.0,"event_name":"The Cleric","player_choice":"Healed","floor":10.0,"gold_loss":35.0,"damage_taken":0.0},{"damage_healed":0.0,"max_hp_gain":0.0,"max_hp_loss":0.0,"gold_gain":0.0,"event_name":"Accursed Blacksmith","player_choice":"Rummage","floor":13.0,"gold_loss":0.0,"damage_taken":0.0,"relics_obtained":["WarpedTongs"],"cards_obtained":["Pain"]},{"damage_healed":0,"gold_gain":0,"player_choice":"Fight","damage_taken":0,"max_hp_gain":0,"max_hp_loss":0,"event_name":"Mysterious Sphere","floor":48,"gold_loss":0}],"is_beta":false,"boss_relics":[{"not_picked":["WristBlade","SlaversCollar"],"picked":"Astrolabe"},{"not_picked":["Runic Dome","Sozu"],"picked":"Ring of the Serpent"}],"items_purged_floors":[3],"is_endless":false,"potions_floor_spawned":[4,8,12,19,22,25,30,37,38,45,47],"ascension_level":15}}