{"host":"ik8ww1p4uabx5gam","time":1609202997,"event":{"mods":["Always Whale","Aspiration","BaseMod","Better Third Choice","BetterRewards","Colored Map","Conspire","Energized Spire","FetchMod","Hubris","Infinite Spire","Jedi Mod","Minty Spire (QoL Compilation)","Random Character Button","Replay The Spire","Shop Mod","Spicy Shops","Spikes Relics","StSLib","The Blue Laboratory","Wandering Minibosses"],"gold_per_floor":[112,125,125,125,125,153,153,186,210,238,250,250,280,280,280,385,385,399,324,324,524,539,539,571,571,571,571,571],"floor_reached":27,"playtime":1420,"items_purged":["Strike_G"],"score":294,"play_id":"28236d78-6a5e-4f06-9a6a-23bbc9e59a3a","local_time":"20201228184957","is_ascension_mode":true,"campfire_choices":[{"data":"Underhanded Strike","floor":7,"key":"SMITH"},{"data":"jedi:unstablefumes","floor":15,"key":"SMITH"},{"data":"Survivor","floor":23,"key":"SMITH"},{"data":"Distraction","floor":25,"key":"SMITH"}],"circlet_count":0,"master_deck":["Strike_G","Strike_G","Strike_G","Strike_G","Defend_G","Defend_G","Defend_G","Defend_G+1","Defend_G","Survivor+1","Neutralize+1","Footwork+1","Concentrate+1","Underhanded Strike+1","After Image","After Image","jedi:unstablefumes+1","jedi:brewingpoison","hubris:SlightOfHand+1","Distraction+1"],"relics":["Ring of the Snake","aspiration:Nostalgia","Sizzling Blood","White Beast Statue","WingedGreaves","jedi:shrinkray","aspiration:StickyExplosives_weak","Replay:Kaleidoscope","Eternal Feather","energizedSpire:OgreHead","Juzu Bracelet","infinitespire:Broken Mirror"],"acts_visited":["Exordium","TheCity"],"potions_floor_usage":[6,8,16,22,24,24,27],"damage_taken":[{"damage":0,"enemies":"Small Slimes","floor":1,"turns":3},{"damage":0,"enemies":"2 Louse","floor":2,"turns":3},{"damage":22,"enemies":"3 Sentries","floor":6,"turns":11},{"damage":13,"enemies":"Lagavulin","floor":8,"turns":7},{"damage":0,"enemies":"Replay:BlueRogue","floor":10,"turns":10},{"damage":0,"enemies":"Cultist","floor":11,"turns":5},{"damage":9,"enemies":"Lagavulin","floor":13,"turns":12},{"damage":45,"enemies":"Slime Boss","floor":16,"turns":19},{"damage":14,"enemies":"Shell Parasite","floor":18,"turns":9},{"damage":7,"enemies":"conspire:FuzzyDice","floor":22,"turns":6},{"damage":42,"enemies":"Gremlin Leader","floor":24,"turns":10},{"damage":49,"enemies":"Cultist and Chosen","floor":27,"turns":8}],"seed_played":"-6836049584014364470","potions_obtained":[{"floor":2,"key":"blueLaboratory:BottleOfRum"},{"floor":6,"key":"blueLaboratory:SuffocatingSmog"},{"floor":8,"key":"Elixir"},{"floor":10,"key":"blueLaboratory:AbyssPotion"},{"floor":11,"key":"Reflective Coating"},{"floor":16,"key":"blueLaboratory:BlinkPotion"},{"floor":18,"key":"CunningPotion"},{"floor":22,"key":"blueLaboratory:Virophage"},{"floor":24,"key":"blueLaboratory:FrostheartPotion"}],"is_trial":false,"path_per_floor":["M","M","?","?","?","E","R","E","T","E","M","?","E","T","R","B",null,"M","$","?","?","M","R","E","R","T","M"],"character_chosen":"THE_SILENT","items_purchased":[],"campfire_rested":0,"item_purchase_floors":[],"current_hp_per_floor":[74,74,74,74,74,56,56,47,47,51,55,55,50,50,59,18,74,64,64,64,64,61,70,32,44,44,0,0],"gold":571,"neow_bonus":"NOSTALGIA","is_daily":false,"chose_seed":false,"campfire_upgraded":4,"win_rate":0.0,"timestamp":1609202997,"path_taken":["M","M","?","?","?","E","R","E","T","E","?","?","E","?","R","BOSS","M","$","?","?","?","R","E","R","T","M"],"items_purchased_type":[],"build_version":"2020-12-22","purchased_purges":1,"victory":false,"max_hp_per_floor":[74,74,74,74,74,74,74,74,74,74,74,74,74,74,74,74,74,74,74,74,74,74,74,74,74,74,74,74],"card_choices":[{"not_picked":["Quick Slash","Dagger Throw"],"picked":"Footwork","floor":1},{"not_picked":["PiercingWail","Bane"],"picked":"Prepared","floor":2},{"not_picked":["Fluid Movement","Backstab"],"picked":"Underhanded Strike","floor":6},{"not_picked":["ReplayTheSpireMod:Shiv Toss","Crippling Poison"],"picked":"After Image","floor":8},{"not_picked":["Footwork","ReplayTheSpireMod:Shiv Toss"],"picked":"After Image","floor":10},{"not_picked":["Reflex","hubris:SlightOfHand"],"picked":"jedi:unstablefumes","floor":11},{"not_picked":["Dagger Throw","Slice","jedi:collectorvenom"],"picked":"SKIP","floor":13},{"not_picked":["Unload","aspiration:Lunge"],"picked":"jedi:brewingpoison","floor":16},{"not_picked":["Bane","Underhanded Strike","Dagger Throw"],"picked":"SKIP","floor":18},{"not_picked":["hubris:Sniper+1","Dodge and Roll"],"picked":"hubris:SlightOfHand+1","floor":22},{"not_picked":["Sneak Up","Hidden Blade"],"picked":"Distraction","floor":24}],"player_experience":914153,"relics_obtained":[{"floor":6,"key":"White Beast Statue"},{"floor":8,"key":"WingedGreaves"},{"floor":9,"key":"jedi:shrinkray"},{"floor":10,"key":"aspiration:StickyExplosives_weak"},{"floor":13,"key":"Replay:Kaleidoscope"},{"floor":14,"key":"Eternal Feather"},{"floor":24,"key":"Juzu Bracelet"},{"floor":26,"key":"infinitespire:Broken Mirror"}],"event_choices":[{"damage_healed":0,"gold_gain":0,"player_choice":"Grow","damage_taken":0,"max_hp_gain":0,"max_hp_loss":0,"event_name":"Living Wall","floor":3,"gold_loss":0,"cards_upgraded":["Footwork"]},{"damage_healed":0,"gold_gain":0,"player_choice":"Upgraded","damage_taken":0,"max_hp_gain":0,"max_hp_loss":0,"event_name":"Upgrade Shrine","floor":5,"gold_loss":0,"cards_upgraded":["Neutralize"]},{"damage_healed":0,"gold_gain":0,"player_choice":"Ignored","damage_taken":0,"max_hp_gain":0,"max_hp_loss":0,"event_name":"Ghosts","floor":20,"gold_loss":0},{"damage_healed":0,"gold_gain":250,"player_choice":"Bet on Owner","damage_taken":0,"max_hp_gain":0,"max_hp_loss":0,"event_name":"The Joust","floor":21,"gold_loss":50}],"is_beta":false,"boss_relics":[{"not_picked":["hubris:HollowSoul","hubris:BlackHole"],"picked":"energizedSpire:OgreHead"}],"items_purged_floors":[19],"is_endless":false,"potions_floor_spawned":[2,6,8,10,11,13,16,18,22,24],"killed_by":"Cultist and Chosen","ascension_level":1}}