{"host":"xtgfl0e7r8rfgbei","time":1609226031,"event":{"mods":["Arknights The Spire","BaseMod","Colored Map","Colored Powertips","Downfall","Infinite Spire","Marisa£®ÏF”Í°°ƒß¿Ì…≥£©","Minty Spire (QoL Compilation)","READ ME - Guardian Mod","Rare Cards Sparkle","Replay The Spire","StSLib","The Bug Knight","The Cursed","The Servant 0.9.4","≤–¡Ù÷ÆŒÔ"],"gold_per_floor":[109,109,109,129,129,129,162,16,16,16,90,104,14,50,50,179,179,195,195,195,195,218,218,218,218,218,243,243,22,22,42,42,172,172,190,42,42,56,22,62,126,142,189,205,205,223,223,242,242,242,242],"floor_reached":50,"playtime":4346,"items_purged":[],"score":676,"play_id":"6876420d-5f11-41ab-af86-9b1be958dce2","local_time":"20201229151351","is_ascension_mode":false,"campfire_choices":[{"floor":6,"key":"RECALL"},{"data":"PlaceholderMod:Colorful","floor":15,"key":"SMITH"},{"data":"PlaceholderMod:AbsorbTouch","floor":23,"key":"SMITH"},{"data":"PlaceholderMod:UnpureUse","floor":28,"key":"SMITH"},{"data":"Reaper","floor":30,"key":"SMITH"},{"data":"PlaceholderMod:HighConcentration","floor":32,"key":"SMITH"},{"data":"PlaceholderMod:Break","floor":47,"key":"SMITH"},{"data":"PlaceholderMod:AngryAttack","floor":49,"key":"SMITH"}],"circlet_count":0,"master_deck":["PlaceholderMod:BaseStrike","PlaceholderMod:BaseStrike","PlaceholderMod:BaseStrike","PlaceholderMod:BaseDefend","PlaceholderMod:BaseDefend","PlaceholderMod:BaseDefend","PlaceholderMod:BaseDefend","PlaceholderMod:BaseDefend","PlaceholderMod:Crystal","PlaceholderMod:PoisonWhip","PlaceholderMod:Colorful+1","Injury","PlaceholderMod:Hyperplasia","PlaceholderMod:PoisonAbsorb+1","PlaceholderMod:TriggerStrike","PlaceholderMod:DirectingGroup+1","PlaceholderMod:UnpureUse+1","PlaceholderMod:SprayAttack","PlaceholderMod:StressReaction+1","Reaper+1","Slimebound:Icky","ReplayTheSpireMod:Splinters","Hallucinations","PlaceholderMod:EnergyAbsorb+1","Slimebound:CheckThePlaybook+1","Slimebound:Icky","PlaceholderMod:AbsorbTouch+1","PlaceholderMod:ThreeBenzyolStart+1","PlaceholderMod:Break+1","PlaceholderMod:HighConcentration+1","PlaceholderMod:Turn","PlaceholderMod:OHStrongAttack","PlaceholderMod:NutritionAbsorb","PlaceholderMod:FinalSpray+1","PlaceholderMod:CrystallizationStrike+1","PlaceholderMod:HornyBlast+1","PlaceholderMod:OHStrongAttack+1","PlaceholderMod:HardStinger","ReplayTheSpireMod:Splinters","PlaceholderMod:NutritionAbsorb+1","PlaceholderMod:AttackAsDefend+1","PlaceholderMod:SpinBlade+1","Wraith","PlaceholderMod:Sweep+1","PlaceholderMod:Colorful","PlaceholderMod:ConsolidateHit+1","PlaceholderMod:AngryAttack+1"],"relics":["m_GuardianBlood","Golden Idol","MealTicket","infinitespire:Cubic Diamond","ats:Originium","PlaceholderMod:FlatBlood","Mirror","ats:Originium","ReplayTheSpireMod:TigerMarble","Replay:Ancient Bell","Lantern","Replay:Bottled Flurry","infinitespire:Golems Mask","Nloth\u0027s Gift","Garlic","Durian","Busted Crown","Frozen Eye","ats:Originium","Replay:PocketPolymizer","Toy Ornithopter","infinitespire:Beetle Shell"],"acts_visited":["Exordium","TheCity","TheBeyond"],"potions_floor_usage":[16,42,44,48],"damage_taken":[{"damage":0,"enemies":"2 Louse","floor":1,"turns":4},{"damage":8,"enemies":"infinitespire:Voidling","floor":4,"turns":4},{"damage":38,"enemies":"3 Sentries","floor":7,"turns":15},{"damage":22,"enemies":"3 Sentries","floor":11,"turns":9},{"damage":10,"enemies":"Small Slimes","floor":12,"turns":2},{"damage":11,"enemies":"Gremlin Nob","floor":14,"turns":4},{"damage":14,"enemies":"Slime Boss","floor":16,"turns":10},{"damage":20,"enemies":"Spheric Guardian","floor":18,"turns":6},{"damage":6,"enemies":"Chosen","floor":22,"turns":2},{"damage":11,"enemies":"Snake Plant","floor":27,"turns":4},{"damage":6,"enemies":"Cultist and Chosen","floor":31,"turns":5},{"damage":0,"enemies":"Champ","floor":33,"turns":8},{"damage":0,"enemies":"3 Darklings","floor":35,"turns":3},{"damage":5,"enemies":"Orb Walker","floor":38,"turns":3},{"damage":72,"enemies":"Nemesis","floor":40,"turns":3},{"damage":2,"enemies":"Spire Growth","floor":42,"turns":4},{"damage":0,"enemies":"4 Shapes","floor":44,"turns":4},{"damage":22,"enemies":"Jaw Worm Horde","floor":46,"turns":3},{"damage":0,"enemies":"Transient","floor":48,"turns":5},{"damage":111,"enemies":"LordOfAnnihilation","floor":50,"turns":7}],"seed_played":"1930348147742388834","potions_obtained":[{"floor":1,"key":"SkillPotion"},{"floor":12,"key":"champ:CounterPotion"},{"floor":22,"key":"LifebloodPotion"},{"floor":38,"key":"Block Potion"},{"floor":41,"key":"Explosive Potion"},{"floor":41,"key":"Guardian:BlockOnCardUsePotion"},{"floor":42,"key":"ColorlessPotion"},{"floor":46,"key":"Explosive Potion"}],"is_trial":false,"path_per_floor":["M","?","?","M","?","R","E","$","T","$","?","M","$","E","R","B",null,"M","?","?","?","M","R","T","AVR","T","M","R","$","R","M","R","B",null,"M","$","?","M","$","E","?","M","T","M","?","M","R","M","R","B"],"character_chosen":"THE_PLACEHOLDER","items_purchased":["PlaceholderMod:FlatBlood","PlaceholderMod:UnpureUse","PlaceholderMod:SprayAttack","PlaceholderMod:Break","PlaceholderMod:HighConcentration","PlaceholderMod:Turn","PlaceholderMod:OHStrongAttack","Frozen Eye","PlaceholderMod:OHStrongAttack+1"],"campfire_rested":0,"item_purchase_floors":[8,13,13,29,29,29,29,36,39],"current_hp_per_floor":[85,85,85,84,84,84,52,67,67,82,66,62,77,72,72,64,85,71,71,71,71,71,71,71,71,76,85,85,90,90,90,90,90,90,90,90,90,90,90,35,35,55,55,73,73,57,57,76,76,0,0],"gold":242,"neow_bonus":"TEN_PERCENT_HP_BONUS","is_daily":false,"chose_seed":false,"campfire_upgraded":7,"win_rate":0.0,"timestamp":1609226031,"path_taken":["M","?","?","?","?","R","E","$","T","$","?","M","$","E","R","BOSS","M","?","?","?","?","R","?","AVR","T","?","R","$","R","M","R","BOSS","M","$","?","?","?","E","?","M","T","?","?","M","R","M","R","BOSS"],"items_purchased_type":["Relic","Card","Card","Card","Card","Card","Card","Relic","Card"],"build_version":"2020-12-22","purchased_purges":0,"victory":false,"max_hp_per_floor":[85,85,85,85,85,85,85,85,85,85,85,85,85,85,85,85,85,85,85,85,85,85,85,85,85,90,90,90,90,90,90,90,90,90,90,90,90,90,90,90,90,90,90,90,90,90,90,90,90,90,90],"card_choices":[{"not_picked":["PlaceholderMod:StrongAcid","PlaceholderMod:OHStrongAttack"],"picked":"PlaceholderMod:Colorful","floor":1},{"not_picked":["PlaceholderMod:FastReaction","PlaceholderMod:ConsolidateHit"],"picked":"PlaceholderMod:Hyperplasia","floor":4},{"not_picked":["PlaceholderMod:Stratification+1","Heavy Blade"],"picked":"PlaceholderMod:PoisonAbsorb+1","floor":7},{"not_picked":["PlaceholderMod:Internalization+1","PlaceholderMod:StrongAcid+1"],"picked":"PlaceholderMod:TriggerStrike","floor":11},{"not_picked":["PlaceholderMod:Sweep","PlaceholderMod:Internalization+1"],"picked":"PlaceholderMod:DirectingGroup+1","floor":12},{"not_picked":["PlaceholderMod:ConsolidateHit","PlaceholderMod:ReactionCatalyze+1"],"picked":"PlaceholderMod:StressReaction+1","floor":14},{"not_picked":["PlaceholderMod:Activation+1","PlaceholderMod:CorePoison+1"],"picked":"Reaper","floor":16},{"not_picked":["Shame","Replay:Hysterical Blindness"],"picked":"Slimebound:Icky","floor":17},{"not_picked":["Parasite","Wraith"],"picked":"ReplayTheSpireMod:Splinters","floor":17},{"not_picked":["infinitespire:Pacifist","ReplayTheSpireMod:Restless Dread"],"picked":"Hallucinations","floor":17},{"not_picked":["PlaceholderMod:ConsolidateHit","PlaceholderMod:Polyp+1"],"picked":"PlaceholderMod:EnergyAbsorb+1","floor":18},{"not_picked":["PlaceholderMod:Internalization","PlaceholderMod:FastReaction+1"],"picked":"PlaceholderMod:AbsorbTouch","floor":22},{"not_picked":["PlaceholderMod:FastReaction+1","PlaceholderMod:ProliferateStrike"],"picked":"PlaceholderMod:ThreeBenzyolStart+1","floor":27},{"not_picked":["PlaceholderMod:StressReaction","PlaceholderMod:ProliferateStrike+1"],"picked":"PlaceholderMod:NutritionAbsorb","floor":31},{"not_picked":["PlaceholderMod:CorePoison","PlaceholderMod:DoublePoint"],"picked":"PlaceholderMod:FinalSpray","floor":33},{"not_picked":[],"picked":"PlaceholderMod:CrystallizationStrike+1","floor":35},{"not_picked":[],"picked":"PlaceholderMod:HornyBlast+1","floor":38},{"not_picked":[],"picked":"PlaceholderMod:HardStinger","floor":40},{"not_picked":[],"picked":"PlaceholderMod:NutritionAbsorb+1","floor":41},{"not_picked":[],"picked":"PlaceholderMod:AttackAsDefend+1","floor":42},{"not_picked":[],"picked":"PlaceholderMod:SpinBlade+1","floor":44},{"not_picked":[],"picked":"PlaceholderMod:Sweep+1","floor":46},{"not_picked":[],"picked":"PlaceholderMod:ConsolidateHit+1","floor":48}],"player_experience":303324,"relics_obtained":[{"floor":7,"key":"ats:Originium"},{"floor":7,"key":"Toxic Egg 2"},{"floor":11,"key":"Mirror"},{"floor":14,"key":"ats:Originium"},{"floor":14,"key":"ReplayTheSpireMod:TigerMarble"},{"floor":24,"key":"Garlic"},{"floor":26,"key":"Durian"},{"floor":40,"key":"ats:Originium"},{"floor":40,"key":"Replay:PocketPolymizer"},{"floor":41,"key":"Toy Ornithopter"},{"floor":43,"key":"infinitespire:Beetle Shell"}],"event_choices":[{"damage_healed":0,"gold_gain":0,"player_choice":"Take Wound","damage_taken":0,"relics_obtained":["Golden Idol"],"max_hp_gain":0,"max_hp_loss":0,"event_name":"Golden Idol","floor":2,"gold_loss":0,"cards_obtained":["Injury"]},{"damage_healed":0,"gold_gain":0,"player_choice":"Gave Potion","damage_taken":0,"relics_obtained":["MealTicket"],"max_hp_gain":0,"max_hp_loss":0,"event_name":"WeMeetAgain","floor":3,"gold_loss":0},{"damage_healed":0,"gold_gain":30,"player_choice":"Searched \u00272\u0027 times","damage_taken":0,"max_hp_gain":0,"max_hp_loss":0,"event_name":"Dead Adventurer","floor":11,"gold_loss":0},{"damage_healed":0,"gold_gain":0,"player_choice":"Traded Relic","damage_taken":0,"relics_obtained":["Nloth\u0027s Gift"],"max_hp_gain":0,"max_hp_loss":0,"event_name":"N\u0027loth","floor":21,"relics_lost":["Toxic Egg 2"],"gold_loss":0},{"damage_healed":0,"gold_gain":0,"player_choice":"Upgraded","damage_taken":0,"max_hp_gain":0,"max_hp_loss":0,"event_name":"Upgrade Shrine","floor":37,"gold_loss":0,"cards_upgraded":["PlaceholderMod:FinalSpray"]},{"damage_healed":0,"gold_gain":0,"player_choice":"Ignored","damage_taken":0,"max_hp_gain":0,"max_hp_loss":0,"event_name":"OrinTheCat","floor":45,"gold_loss":0}],"is_beta":false,"boss_relics":[{"not_picked":["Replay:Grab Bag","ReplayTheSpireMod:DimensionalGlitch"],"picked":"Replay:Ancient Bell"},{"not_picked":["Blue Doll","Pen Nib"],"picked":"Lantern"},{"not_picked":["Matryoshka","StrikeDummy"],"picked":"Replay:Bottled Flurry"},{"not_picked":["Old Coin","Torii"],"picked":"infinitespire:Golems Mask"},{"not_picked":["Velvet Choker","Replay:Wanted Poster"],"picked":"Busted Crown"}],"items_purged_floors":[],"is_endless":false,"potions_floor_spawned":[1,12,22,38,42,46],"killed_by":"LordOfAnnihilation","ascension_level":0}}