{"host":"oy4pyvr762z5n0bb","time":1609224837,"event":{"mods":["AchievementEnabler","BaseMod","Colored Map","Colored Powertips","Googly Eyes","Key Reminder","Minty Spire (QoL Compilation)","Quick Restart","Relic Sorter","StSLib","SuperFastMode","Unceasing Turn Reminder","slay the spire mod where everything is the same but ironclad has a cowboy hat"],"gold_per_floor":[115,45,45,120,130,130,176,208,208,208,208],"floor_reached":10,"playtime":143,"items_purged":[],"score":83,"play_id":"93c15918-066f-4d67-b0ad-5da1b8864a7e","local_time":"20201228225357","is_ascension_mode":true,"campfire_choices":[{"floor":6,"key":"REST"}],"circlet_count":0,"master_deck":["Strike_R","Strike_R","Strike_R","Strike_R","Strike_R","Defend_R","Defend_R","Defend_R","Defend_R","Bash","Reaper","Sword Boomerang","Shrug It Off","Twin Strike","Thunderclap","Fire Breathing"],"relics":["Burning Blood","Strawberry","Centennial Puzzle","Potion Belt","Oddly Smooth Stone"],"acts_visited":["Exordium"],"potions_floor_usage":[],"damage_taken":[{"damage":1,"enemies":"Cultist","floor":1,"turns":3},{"damage":16,"enemies":"Small Slimes","floor":5,"turns":3},{"damage":60,"enemies":"Lagavulin","floor":8,"turns":7},{"damage":31,"enemies":"3 Sentries","floor":10,"turns":3}],"seed_played":"-8136183076636149501","potions_obtained":[],"is_trial":false,"path_per_floor":["M","$","?","?","M","R","T","E","T","E"],"character_chosen":"IRONCLAD","items_purchased":["Shrug It Off","Twin Strike"],"campfire_rested":1,"item_purchase_floors":[2,2],"current_hp_per_floor":[56,56,56,45,39,65,65,11,11,0,0],"gold":208,"neow_bonus":"THREE_RARE_CARDS","is_daily":false,"chose_seed":false,"campfire_upgraded":0,"win_rate":0.0,"timestamp":1609224837,"path_taken":["M","$","?","?","M","R","?","E","T","E"],"items_purchased_type":["Card","Card"],"build_version":"2020-12-22","purchased_purges":0,"victory":false,"max_hp_per_floor":[80,80,87,87,87,87,87,87,87,87,87],"card_choices":[{"not_picked":["Demon Form","Juggernaut"],"picked":"Reaper","floor":0},{"not_picked":["Shrug It Off","Anger"],"picked":"Sword Boomerang","floor":1},{"not_picked":["Iron Wave","Juggernaut"],"picked":"Thunderclap","floor":5},{"not_picked":["Clash","Rupture"],"picked":"Fire Breathing","floor":8}],"player_experience":593180,"relics_obtained":[{"floor":7,"key":"Centennial Puzzle"},{"floor":8,"key":"Potion Belt"},{"floor":9,"key":"Oddly Smooth Stone"}],"event_choices":[{"damage_healed":0,"gold_gain":0,"player_choice":"Success","damage_taken":7,"relics_obtained":["Strawberry"],"max_hp_gain":0,"max_hp_loss":0,"event_name":"Scrap Ooze","floor":3,"gold_loss":0},{"damage_healed":0,"gold_gain":75,"player_choice":"Gather Gold","damage_taken":11,"max_hp_gain":0,"max_hp_loss":0,"event_name":"World of Goop","floor":4,"gold_loss":0}],"is_beta":false,"boss_relics":[],"items_purged_floors":[],"is_endless":false,"potions_floor_spawned":[],"killed_by":"3 Sentries","ascension_level":6}}