{"host":"Nexxot","time":1609237704,"event":{"mods":["AchievementEnabler","BaseMod","Colored Map","Downfall","Highlight Path","Jorbs\u0027s Wanderer Trilogy","Minty Spire (QoL Compilation)","Relic Stats","StSLib"],"gold_per_floor":[99,116,135,33,47,47,47,61,73,89,89,89,89,124,135,240,240,165,181,197,197,215,246,273,40,55,40,40,40,40,72,87,186,186,186,197,210,228,255,280,280,130,160,160,170,170,200,34,52,52,52,86,38,38,38],"floor_reached":56,"playtime":4106,"items_purged":["Guardian:Strike_Guardian"],"score":1562,"play_id":"ffb3cf32-e609-444a-9c2e-b3ac7332a133","local_time":"20201229112823","is_ascension_mode":true,"campfire_choices":[{"data":"Guardian:TwinSlam","floor":1,"key":"SMITH"},{"data":"Guardian:EvasiveProtocol","floor":6,"key":"SMITH"},{"data":"Guardian:FierceBash","floor":13,"key":"SMITH"},{"floor":28,"key":"REST"},{"data":"Guardian:PrismaticBeam","floor":30,"key":"SMITH"},{"floor":35,"key":"RECALL"},{"floor":42,"key":"REST"},{"data":"Guardian:CompilePackage","floor":44,"key":"SMITH"},{"data":"Guardian:Clone","floor":46,"key":"SMITH"},{"floor":54,"key":"REST"}],"circlet_count":0,"master_deck":["Guardian:Defend_Guardian","Guardian:CurlUp","Guardian:TwinSlam+1","Guardian:ExploitGems+1","Guardian:Suspension+1","Guardian:Repulse+1","Guardian:Incinerate","Guardian:PrimingBeam","Guardian:EvasiveProtocol+1","expansioncontent:DonusPower","Guardian:TimeCapacitor","Guardian:FuturePlans","Guardian:FierceBash+1","Guardian:Emergency+1","Guardian:ArmoredProtocol","Guardian:TemporalStrike","Guardian:BronzeOrb+1","Guardian:ChargeCore+1","Guardian:PrismaticBeam+1","Guardian:FloatingOrbs","Guardian:PolyBeam+1","Guardian:DonusPower","Guardian:FastForward","Guardian:Clone+1","Guardian:CompilePackage+1","Guardian:TemporalShield","Guardian:Recover","Clumsy","Decay","Guardian:HyperBeam_Guardian","Guardian:ShieldCharger","Guardian:ConstructionForm","Guardian:ChargeUp+1"],"relics":["Astrolabe","Guardian:PickAxe","TungstenRod","Runic Pyramid","downfall:HeartBlessingGreen","Tiny Chest","Art of War","Sundial","Cursed Key","Kunai","Juzu Bracelet","downfall:HeartBlessingBlue","downfall:HeartBlessingRed","Toy Ornithopter","Vajra","Lizard Tail","Torii"],"acts_visited":["Exordium","TheCity","TheBeyond","TheEnding"],"potions_floor_usage":[8,10,14,16,22,32,33,47,49,52],"damage_taken":[{"damage":0,"enemies":"2 Louse","floor":2,"turns":2},{"damage":0,"enemies":"Jaw Worm","floor":3,"turns":3},{"damage":0,"enemies":"downfall:FleeingMerchant","floor":4,"turns":4},{"damage":0,"enemies":"Cultist","floor":5,"turns":2},{"damage":0,"enemies":"Gremlin Gang","floor":8,"turns":1},{"damage":13,"enemies":"3 Louse","floor":9,"turns":4},{"damage":19,"enemies":"Exordium Wildlife","floor":10,"turns":6},{"damage":0,"enemies":"Lagavulin","floor":14,"turns":4},{"damage":12,"enemies":"Exordium Thugs","floor":15,"turns":3},{"damage":19,"enemies":"downfall:Watcher","floor":16,"turns":7},{"damage":1,"enemies":"3 Byrds","floor":19,"turns":4},{"damage":22,"enemies":"3 Cultists","floor":20,"turns":6},{"damage":10,"enemies":"Chosen and Byrds","floor":22,"turns":3},{"damage":7,"enemies":"Book of Stabbing","floor":23,"turns":3},{"damage":0,"enemies":"downfall:FleeingMerchant","floor":25,"turns":4},{"damage":7,"enemies":"Centurion and Healer","floor":26,"turns":5},{"damage":0,"enemies":"downfall:FleeingMerchant","floor":27,"turns":4},{"damage":16,"enemies":"Gremlin Leader","floor":31,"turns":4},{"damage":5,"enemies":"3 Cultists","floor":32,"turns":3},{"damage":26,"enemies":"downfall:Defect","floor":33,"turns":5},{"damage":7,"enemies":"Orb Walker","floor":36,"turns":3},{"damage":18,"enemies":"3 Shapes","floor":37,"turns":6},{"damage":45,"enemies":"Jaw Worm Horde","floor":38,"turns":4},{"damage":10,"enemies":"Giant Head","floor":40,"turns":6},{"damage":0,"enemies":"Reptomancer","floor":43,"turns":6},{"damage":24,"enemies":"4 Shapes","floor":45,"turns":4},{"damage":0,"enemies":"Giant Head","floor":47,"turns":5},{"damage":0,"enemies":"downfall:FleeingMerchant","floor":48,"turns":3},{"damage":6,"enemies":"Writhing Mass","floor":49,"turns":2},{"damage":6,"enemies":"downfall:Ironclad","floor":50,"turns":9},{"damage":102,"enemies":"downfall:CharBossMerchant","floor":52,"turns":13},{"damage":45,"enemies":"downfall:NeowBoss","floor":55,"turns":15}],"seed_played":"-7315870728622250997","potions_obtained":[{"floor":2,"key":"AttackPotion"},{"floor":3,"key":"FearPotion"},{"floor":9,"key":"Weak Potion"},{"floor":15,"key":"ColorlessPotion"},{"floor":16,"key":"FairyPotion"},{"floor":19,"key":"LiquidBronze"},{"floor":20,"key":"SkillPotion"},{"floor":31,"key":"Strength Potion"},{"floor":33,"key":"Guardian:AcceleratePotion"},{"floor":37,"key":"Guardian:BlockOnCardUsePotion"},{"floor":45,"key":"PowerPotion"},{"floor":47,"key":"Block Potion"},{"floor":49,"key":"Energy Potion"}],"is_trial":false,"path_per_floor":["R","M","M","$","M","R","T","M","M","M","?","?","R","E","M","B",null,"R","M","M","?","M","E","T","$","M","$","R","?","R","E","M","B",null,"R","M","M","M","T","E","T","R","E","R","M","R","E","$","M","B",null,"E","$","R","B",null],"character_chosen":"GUARDIAN","items_purchased":["expansioncontent:DonusPower","Guardian:PrismaticBeam","Guardian:FloatingOrbs","Lizard Tail","Guardian:ConstructionForm","SpeedPotion","sneckomod:MuddlingPotion"],"campfire_rested":3,"item_purchase_floors":[4,25,25,48,48,48,53],"current_hp_per_floor":[80,80,80,80,80,80,80,80,67,48,48,48,48,48,36,17,80,80,79,57,57,47,40,40,40,33,33,57,57,57,41,36,10,80,80,73,55,10,10,24,24,61,61,61,37,37,42,42,41,35,90,45,45,72,27],"gold":38,"neow_bonus":"BOSS_RELIC","is_daily":false,"chose_seed":false,"campfire_upgraded":6,"win_rate":0.0,"timestamp":1609237703,"path_taken":["R","M","M","$","M","R","T","M","M","M","?","?","R","E","M","BOSS","R","M","M","?","M","E","T","$","?","$","R","?","R","E","M","BOSS","R","?","M","M","?","E","T","R","E","R","M","R","E","?","M","BOSS","E","$","R","BOSS"],"items_purchased_type":["Card","Card","Card","Relic","Card","Potion","Potion"],"build_version":"2020-12-18","purchased_purges":1,"victory":true,"max_hp_per_floor":[80,80,80,80,80,80,80,80,80,80,80,80,80,80,80,80,80,80,80,80,80,80,80,80,80,80,80,80,80,80,80,80,80,80,80,80,80,80,80,80,80,90,90,90,90,90,90,90,90,90,90,90,90,90,90],"relic_stats":{"Torii":0,"counters":[32,153],"Astrolabe":["Guardian:ExploitGems","Guardian:Suspension","Guardian:Repulse"],"Juzu Bracelet":0,"Cursed Key":2,"Lizard Tail":45,"Sundial":[6],"Tiny Chest":1,"Art of War":[7],"Kunai":[38],"obtain_stats":[{"downfall:HeartBlessingRed":42,"Torii":52,"Astrolabe":0,"Guardian:ModeShifter":0,"Vajra":47,"downfall:HeartBlessingGreen":18,"Juzu Bracelet":41,"Cursed Key":34,"Guardian:PickAxe":7,"Lizard Tail":48,"Sundial":31,"downfall:HeartBlessingBlue":42,"Tiny Chest":23,"Art of War":24,"Kunai":40,"TungstenRod":14,"Toy Ornithopter":43,"Runic Pyramid":17},{"downfall:HeartBlessingRed":24,"Torii":31,"Astrolabe":0,"Guardian:ModeShifter":0,"Vajra":27,"downfall:HeartBlessingGreen":10,"Juzu Bracelet":24,"Cursed Key":20,"Guardian:PickAxe":4,"Lizard Tail":28,"Sundial":18,"downfall:HeartBlessingBlue":24,"Tiny Chest":14,"Art of War":14,"Kunai":24,"TungstenRod":8,"Toy Ornithopter":25,"Runic Pyramid":10},{"downfall:HeartBlessingRed":96,"Torii":138,"Astrolabe":0,"Guardian:ModeShifter":0,"Vajra":111,"downfall:HeartBlessingGreen":36,"Juzu Bracelet":96,"Cursed Key":77,"Guardian:PickAxe":11,"Lizard Tail":114,"Sundial":69,"downfall:HeartBlessingBlue":96,"Tiny Chest":52,"Art of War":52,"Kunai":96,"TungstenRod":26,"Toy Ornithopter":102,"Runic Pyramid":36}],"TungstenRod":59,"Toy Ornithopter":10},"card_choices":[{"not_picked":["Guardian:Harden","Guardian:ShieldCharger"],"picked":"Guardian:Incinerate","floor":2},{"not_picked":["Guardian:PrismaticBarrier","Guardian:Repulse"],"picked":"Guardian:PrimingBeam","floor":3},{"not_picked":["Guardian:PiercingHide","Guardian:CrystalBeam"],"picked":"Guardian:EvasiveProtocol","floor":4},{"not_picked":["Guardian:Gem_Purple","Guardian:PrimingBeam"],"picked":"Guardian:TimeCapacitor","floor":5},{"not_picked":["Guardian:TemporalShield","Guardian:PrimingBeam"],"picked":"Guardian:FuturePlans","floor":8},{"not_picked":["Guardian:ShieldCharger","Guardian:ChargeUp"],"picked":"Guardian:FierceBash","floor":9},{"not_picked":["Guardian:Reroute","Guardian:Planning"],"picked":"Guardian:Emergency","floor":10},{"not_picked":["Guardian:ChargeCore","Guardian:RollAttack"],"picked":"Guardian:Gem_Red","floor":14},{"not_picked":["Guardian:TemporalShield","Guardian:Reroute"],"picked":"Guardian:ArmoredProtocol","floor":15},{"not_picked":["Guardian:ConstructionForm","Guardian:SphericShield"],"picked":"Guardian:Gem_Synthetic","floor":16},{"not_picked":["Guardian:Preprogram+1","Guardian:WalkerClaw"],"picked":"Guardian:Gem_Crimson","floor":19},{"not_picked":["Guardian:Gem_Green","Guardian:PiercingHide"],"picked":"Guardian:TemporalStrike","floor":20},{"not_picked":["Guardian:Orbwalk","Guardian:Recover"],"picked":"Guardian:Gem_Blue","floor":22},{"not_picked":["Guardian:TemporalStrike","Guardian:Suspension"],"picked":"Guardian:BronzeOrb+1","floor":23},{"not_picked":["Guardian:GuardianWhirl","Guardian:TemporalShield"],"picked":"Guardian:ChargeCore+1","floor":25},{"not_picked":["Guardian:RefractedBeam","Guardian:Suspension"],"picked":"Guardian:PolyBeam+1","floor":26},{"not_picked":["Guardian:ShieldCharger","Guardian:GuardianWhirl"],"picked":"Guardian:DonusPower","floor":27},{"not_picked":["Guardian:Reroute","Guardian:ShieldCharger"],"picked":"Guardian:FastForward","floor":31},{"not_picked":["Guardian:PrimingBeam","Guardian:WalkerClaw+1"],"picked":"Guardian:Clone","floor":32},{"not_picked":["Guardian:GemFire","Guardian:RevengeProtocol"],"picked":"Guardian:CompilePackage","floor":33},{"not_picked":["Guardian:Incinerate+1","Guardian:Gem_Lightblue"],"picked":"Guardian:TemporalShield","floor":36},{"not_picked":["Guardian:RefractedBeam+1","Guardian:FuturePlans"],"picked":"Guardian:Recover","floor":37},{"not_picked":["Guardian:Preprogram","Guardian:Reroute+1","Guardian:PolyBeam+1"],"picked":"SKIP","floor":38},{"not_picked":["Guardian:ShieldSpikes+1","Guardian:Gem_Purple"],"picked":"Guardian:Gem_Fragmented","floor":40},{"not_picked":["Guardian:TemporalStrike+1","Guardian:Recover"],"picked":"Guardian:HyperBeam_Guardian","floor":43},{"not_picked":["Guardian:PrismaticBarrier","Guardian:Suspension+1"],"picked":"Guardian:ShieldCharger","floor":45},{"not_picked":["Guardian:ChargeUp","Guardian:PrismaticBeam","Guardian:WalkerClaw+1"],"picked":"SKIP","floor":47},{"not_picked":["Guardian:TemporalStrike+1","Guardian:ChargeCore+1","Guardian:WalkerClaw"],"picked":"SKIP","floor":48},{"not_picked":["Guardian:Planning","Guardian:ExploitGems"],"picked":"Guardian:ChargeUp+1","floor":49},{"not_picked":["Guardian:ChargeUp+1","Guardian:Planning"],"picked":"Guardian:Gem_White","floor":52}],"player_experience":359079,"relics_obtained":[{"floor":7,"key":"Guardian:PickAxe"},{"floor":14,"key":"TungstenRod"},{"floor":23,"key":"Tiny Chest"},{"floor":24,"key":"Art of War"},{"floor":31,"key":"Sundial"},{"floor":40,"key":"Kunai"},{"floor":41,"key":"Juzu Bracelet"},{"floor":43,"key":"Toy Ornithopter"},{"floor":47,"key":"Vajra"},{"floor":52,"key":"Torii"}],"event_choices":[{"cards_removed":["Guardian:Strike_Guardian"],"damage_healed":0,"gold_gain":0,"player_choice":"Card Removal","damage_taken":0,"max_hp_gain":0,"max_hp_loss":0,"event_name":"The Cleric","floor":11,"gold_loss":0},{"cards_removed":["Guardian:Defend_Guardian"],"damage_healed":0,"gold_gain":0,"player_choice":"Offered Basic","damage_taken":0,"max_hp_gain":0,"max_hp_loss":0,"event_name":"Bonfire Elementals","floor":12,"gold_loss":0},{"damage_healed":0,"gold_gain":0,"player_choice":"Upgraded","damage_taken":0,"max_hp_gain":0,"max_hp_loss":0,"event_name":"Upgrade Shrine","floor":21,"gold_loss":0,"cards_upgraded":["Guardian:Emergency"]},{"cards_removed":["Guardian:Defend_Guardian"],"damage_healed":0,"gold_gain":0,"player_choice":"Purged","damage_taken":0,"max_hp_gain":0,"max_hp_loss":0,"event_name":"Purifier","floor":29,"gold_loss":0}],"is_beta":true,"boss_relics":[{"not_picked":["Calling Bell","Pandora\u0027s Box"],"picked":"Runic Pyramid"},{"not_picked":["Fusion Hammer","Empty Cage"],"picked":"Cursed Key"}],"items_purged_floors":[25],"is_endless":false,"potions_floor_spawned":[2,3,9,15,16,19,20,31,33,37,38,45,47,49],"ascension_level":2}}