{"host":"yer03dsd277nstsn","time":1609235045,"event":{"mods":["BaseMod","Colored Powertips","Minty Spire (QoL Compilation)"],"gold_per_floor":[219,231,34,54,73,98,98,98,98,161,161,161],"floor_reached":11,"playtime":509,"items_purged":[],"score":127,"play_id":"f6d52e78-b571-4593-a5ef-cd29c98dfec6","local_time":"20201229034405","is_ascension_mode":true,"campfire_choices":[{"data":"Apotheosis","floor":7,"key":"SMITH"}],"circlet_count":0,"master_deck":["Strike_B","Strike_B","Strike_B","Strike_B","Defend_B","Defend_B","Defend_B","Defend_B","Zap","Dualcast","Glacier","Cold Snap","Apotheosis+1","Coolheaded","Hologram","Doom and Gloom"],"relics":["Cracked Core","Potion Belt","Lantern"],"acts_visited":["Exordium"],"potions_floor_usage":[],"damage_taken":[{"damage":4,"enemies":"2 Louse","floor":1,"turns":2},{"damage":7,"enemies":"Jaw Worm","floor":2,"turns":4},{"damage":7,"enemies":"Small Slimes","floor":4,"turns":4},{"damage":5,"enemies":"Looter","floor":5,"turns":3},{"damage":0,"enemies":"Lagavulin","floor":6,"turns":8},{"damage":46,"enemies":"Gremlin Nob","floor":11,"turns":6}],"seed_played":"1405390118187294490","potions_obtained":[{"floor":1,"key":"Ancient Potion"},{"floor":5,"key":"Explosive Potion"}],"is_trial":false,"path_per_floor":["M","M","$","M","M","E","R","?","T","?","E"],"character_chosen":"DEFECT","items_purchased":["Apotheosis"],"campfire_rested":0,"item_purchase_floors":[3],"current_hp_per_floor":[64,57,57,50,45,45,45,45,45,45,0,0],"gold":161,"neow_bonus":"HUNDRED_GOLD","is_daily":false,"chose_seed":false,"campfire_upgraded":1,"win_rate":0.0,"timestamp":1609235045,"path_taken":["M","M","$","M","M","E","R","?","T","?","E"],"items_purchased_type":["Card"],"build_version":"2020-12-22","purchased_purges":0,"victory":false,"max_hp_per_floor":[75,75,75,75,75,75,75,75,75,75,75,75],"card_choices":[{"not_picked":["Cold Snap","Ball Lightning"],"picked":"Glacier","floor":1},{"not_picked":["Electrodynamics","Barrage"],"picked":"Cold Snap","floor":2},{"not_picked":["Barrage","Steam"],"picked":"Coolheaded","floor":4},{"not_picked":["Sweeping Beam","White Noise"],"picked":"Hologram","floor":5},{"not_picked":["Darkness","Recycle"],"picked":"Doom and Gloom","floor":6}],"player_experience":396268,"relics_obtained":[{"floor":6,"key":"Potion Belt"},{"floor":9,"key":"Lantern"}],"event_choices":[{"damage_healed":0,"gold_gain":0,"player_choice":"Ignored","damage_taken":0,"max_hp_gain":0,"max_hp_loss":0,"event_name":"Shining Light","floor":8,"gold_loss":0},{"damage_healed":0,"gold_gain":63,"player_choice":"Gained Gold","damage_taken":0,"max_hp_gain":0,"max_hp_loss":0,"event_name":"Golden Wing","floor":10,"gold_loss":0}],"is_beta":false,"boss_relics":[],"items_purged_floors":[],"is_endless":false,"potions_floor_spawned":[1,5],"killed_by":"Gremlin Nob","ascension_level":6}}