{"host":"a6jc8uoa78jpqx9a","time":1609226581,"event":{"mods":["BaseMod","Duelist Mod","GifTheSpireLib","Hermit","Hubris","Infinite Spire","Mimic Mod","Minty Spire (QoL Compilation)","Replay The Spire","StSLib","The Animator","The Bug Knight","The Construct","The Cursed","The Mystic","The Servant 0.9.4"],"gold_per_floor":[139,153,153,153,165,199,199,214,214,10,10,26,26,41,41,142,142,157,173,173,225,252,252,285,285,285,306,327,344,367,379,379,503,503,534,39,39,39,56,56,76,102,126,130,130],"floor_reached":44,"playtime":3946,"items_purged":["theDuelist:CastleWalls"],"score":684,"play_id":"d7ee31b7-31e2-4211-b114-4c0aa04c57f1","local_time":"20201229022301","is_ascension_mode":false,"campfire_choices":[{"data":"theDuelist:NaturiaBarkion","floor":13,"key":"SMITH"},{"data":"theDuelist:NaturiaSunflower","floor":15,"key":"SMITH"},{"floor":23,"key":"REST"},{"floor":25,"key":"REST"},{"floor":32,"key":"REST"},{"floor":40,"key":"REST"}],"circlet_count":0,"master_deck":["theDuelist:CastleWalls+1","theDuelist:CastleWalls+1","theDuelist:NaturiaBeast","theDuelist:NaturiaCliff+1","theDuelist:NaturiaRock","theDuelist:NaturiaTulip","theDuelist:Sparks","theDuelist:Sparks","theDuelist:Sparks","CurseOfTheBell","theDuelist:NaturiaEggplant","theDuelist:NaturiaDragonfly","theDuelist:NaturiaStinkbug","theDuelist:SliferSky","theDuelist:NaturiaSacredTree","theDuelist:NaturiaBarkion+1","theDuelist:NaturiaSunflower+1","theDuelist:Nameless:Magic:NaturalDisaster","theDuelist:Nameless:Power:AssaultArmor+1","theDuelist:NaturiaRosewhip","theDuelist:HeartUnderdog","theDuelist:ClosedForest","Master of Strategy","theDuelist:NaturiaButterfly","theDuelist:Nameless:Magic:ForbiddenLance","theDuelist:Nameless:Power:KamionTimelord","theDuelist:NaturiaLadybug+1","theDuelist:Wiretap","theDuelist:NaturiaBrambi","theDuelist:Spore","theDuelist:NaturiaHorneedle","theDuelist:WildNatureRelease","theDuelist:NatureReflection","theDuelist:DemiseLand","theDuelist:NaturiaCliff","theDuelist:AfterGenocide","theDuelist:MillenniumShield","theDuelist:MillenniumGolem","theDuelist:NaturiaLeodrake","theDuelist:LonefireBlossom","theDuelist:Fissure+1","theDuelist:NaturiaDragonfly","theDuelist:ConvulsionNature+1"],"relics":["theDuelist:CardPoolRelic","theDuelist:CardPoolBasicRelic","theDuelist:BoosterPackPoolRelic","theDuelist:CardPoolAddRelic","theDuelist:CardPoolMinusRelic","theDuelist:CardPoolSaveRelic","theDuelist:CardPoolOptionsRelic","Calling Bell","Pet Ghost","Incense Burner","hubris:SoftwareUpdate","infinitespire:PuzzleCube","theDuelist:ElectricToken","infinitespire:Burning Sword","Bottled Tornado","Gremlin Food","infinitespire:Midas Blood","StoneCalendar","Philosopher\u0027s Stone","theDuelist:PointPass","infinitespire:CheckeredPen","Lantern"],"acts_visited":["Exordium","TheCity","TheBeyond"],"potions_floor_usage":[31,33],"damage_taken":[{"damage":0,"enemies":"Small Slimes","floor":1,"turns":4},{"damage":0,"enemies":"Cultist","floor":2,"turns":5},{"damage":0,"enemies":"Jaw Worm","floor":5,"turns":3},{"damage":9,"enemies":"Lagavulin","floor":6,"turns":5},{"damage":0,"enemies":"Exordium Thugs","floor":8,"turns":4},{"damage":0,"enemies":"2 Fungi Beasts","floor":12,"turns":4},{"damage":12,"enemies":"3 Louse","floor":14,"turns":4},{"damage":39,"enemies":"Hexaghost","floor":16,"turns":5},{"damage":29,"enemies":"3 Byrds","floor":18,"turns":6},{"damage":36,"enemies":"Shell Parasite","floor":19,"turns":5},{"damage":6,"enemies":"Book of Stabbing","floor":24,"turns":5},{"damage":20,"enemies":"Snake Plant","floor":27,"turns":4},{"damage":2,"enemies":"Snecko","floor":28,"turns":4},{"damage":5,"enemies":"Cultist and Chosen","floor":29,"turns":6},{"damage":16,"enemies":"Chosen and Byrds","floor":30,"turns":5},{"damage":0,"enemies":"Snecko","floor":31,"turns":4},{"damage":25,"enemies":"Pondfish","floor":33,"turns":6},{"damage":45,"enemies":"3 Darklings","floor":35,"turns":5},{"damage":21,"enemies":"Orb Walker","floor":39,"turns":5},{"damage":27,"enemies":"Maw","floor":41,"turns":6},{"damage":27,"enemies":"Transient","floor":42,"turns":5},{"damage":7,"enemies":"4 Shapes","floor":44,"turns":1}],"seed_played":"6555796459602447770","potions_obtained":[{"floor":5,"key":"theDuelist:BarricadePotion"},{"floor":6,"key":"Toxic Potion"},{"floor":7,"key":"FairyPotion"},{"floor":7,"key":"LiquidMemories"},{"floor":21,"key":"Dexterity Potion"},{"floor":24,"key":"DistilledChaos"},{"floor":27,"key":"LiquidMemories"},{"floor":30,"key":"theDuelist:SealedPack"},{"floor":35,"key":"Explosive Potion"},{"floor":41,"key":"DistilledChaos"}],"is_trial":false,"path_per_floor":["M","M","?","?","M","E","?","M","T","$","?","M","R","M","R","B",null,"M","M","?","?","T","R","E","R","T","M","M","M","M","M","R","B",null,"M","$","?","?","M","R","M","M","T","M"],"character_chosen":"THE_DUELIST","items_purchased":["theDuelist:NaturiaBarkion","theDuelist:NaturiaSunflower","theDuelist:AfterGenocide","theDuelist:MillenniumShield","theDuelist:MillenniumGolem","theDuelist:NaturiaLeodrake","theDuelist:PointPass","infinitespire:CheckeredPen"],"campfire_rested":4,"item_purchase_floors":[10,10,36,36,36,36,36,36],"current_hp_per_floor":[80,80,80,80,80,71,71,71,71,71,80,80,80,68,68,29,89,60,24,33,29,29,58,52,81,81,61,59,54,38,38,67,42,98,53,53,53,53,32,61,34,7,7,0,0],"gold":130,"neow_bonus":"BOSS_RELIC","is_daily":false,"chose_seed":false,"campfire_upgraded":2,"win_rate":0.0,"timestamp":1609226581,"path_taken":["M","M","?","?","M","E","?","?","T","?","?","M","R","M","R","BOSS","M","M","?","?","?","R","E","R","T","M","?","M","?","M","R","BOSS","M","$","?","?","M","R","?","M","T","?"],"items_purchased_type":["Card","Card","Card","Card","Card","Card","Relic","Relic"],"build_version":"2020-12-22","purchased_purges":1,"victory":false,"max_hp_per_floor":[80,80,80,80,80,80,80,80,80,80,89,89,89,89,89,89,89,89,89,98,98,98,98,98,98,98,98,98,98,98,98,98,98,98,98,98,98,98,98,98,98,98,98,98,98],"card_choices":[{"not_picked":["theDuelist:NaturiaHydrangea","theDuelist:NaturiaDragonfly","theDuelist:NaturiaCliff","theDuelist:NaturiaGaiastrio"],"picked":"theDuelist:NaturiaEggplant","floor":1},{"not_picked":["theDuelist:SummoningSwarm","theDuelist:NaturiaHydrangea","theDuelist:NaturiaAntjaw","theDuelist:ExterioFang"],"picked":"theDuelist:NaturiaDragonfly","floor":2},{"not_picked":["theDuelist:NaturiaEggplant","theDuelist:NaturiaDragonfly","theDuelist:Spore","theDuelist:BrainCrusher"],"picked":"theDuelist:NaturiaStinkbug","floor":5},{"not_picked":["theDuelist:MudragonSwamp","theDuelist:ForbiddenChalice","theDuelist:MagicCylinder","theDuelist:MillenniumShield"],"picked":"theDuelist:SliferSky","floor":6},{"not_picked":["theDuelist:NaturiaLeodrake","theDuelist:NatureReflection","theDuelist:NaturalDisaster"],"picked":"theDuelist:NaturiaSacredTree","floor":8},{"not_picked":["theDuelist:NaturiaEggplant","theDuelist:NaturiaStinkbug","theDuelist:NaturiaRagweed","theDuelist:NaturiaStrawberry"],"picked":"theDuelist:NaturiaRosewhip","floor":12},{"not_picked":["theDuelist:ClosedForest","theDuelist:Canyon","theDuelist:MultiplicationOfAnts","theDuelist:NaturiaHorneedle"],"picked":"theDuelist:HeartUnderdog","floor":14},{"not_picked":["theDuelist:SeismicShockwave","theDuelist:HuntingInstinct","theDuelist:Wildfire","theDuelist:HeartUnderdog"],"picked":"theDuelist:ClosedForest","floor":16},{"not_picked":["Good Instincts","PanicButton","The Bomb"],"picked":"Master of Strategy","floor":18},{"not_picked":["theDuelist:NaturiaGuardian+1","theDuelist:Pollinosis","theDuelist:LairWire+1","theDuelist:NaturiaCherries"],"picked":"theDuelist:NaturiaButterfly","floor":19},{"not_picked":["theDuelist:NaturiaCliff+1","theDuelist:NaturiaAntjaw+1","theDuelist:NaturiaTulip","theDuelist:LonefireBlossom"],"picked":"theDuelist:NaturiaLadybug+1","floor":21},{"not_picked":["theDuelist:SurvivalInstinct","theDuelist:NaturalDisaster","theDuelist:LairWire","theDuelist:AcidTrapHole"],"picked":"theDuelist:Wiretap","floor":24},{"not_picked":["theDuelist:NaturiaHydrangea","theDuelist:NaturiaEggplant+1","theDuelist:NaturiaDragonfly","theDuelist:NaturiaCliff+1"],"picked":"theDuelist:NaturiaBrambi","floor":27},{"not_picked":["theDuelist:NaturiaCliff","theDuelist:NaturiaHydrangea","theDuelist:FossilDig","theDuelist:NaturiaTulip"],"picked":"theDuelist:Spore","floor":28},{"not_picked":["theDuelist:NaturiaStrawberry","theDuelist:SeedSacredTree","theDuelist:NaturiaBeans","theDuelist:NaturiaBarkion"],"picked":"theDuelist:NaturiaHorneedle","floor":29},{"not_picked":["theDuelist:VenomShot","theDuelist:SummoningSwarm","theDuelist:LuminousMoss+1","theDuelist:FossilExcavation"],"picked":"theDuelist:WildNatureRelease","floor":30},{"not_picked":["theDuelist:NaturiaEggplant","theDuelist:NaturiaDragonfly","theDuelist:FossilDig","theDuelist:NaturiaRosewhip"],"picked":"theDuelist:NatureReflection","floor":31},{"not_picked":["theDuelist:MultiplicationOfAnts","theDuelist:Wildfire","theDuelist:HeartUnderdog","theDuelist:NaturiaHorneedle"],"picked":"theDuelist:DemiseLand","floor":33},{"not_picked":["theDuelist:NaturiaHydrangea","theDuelist:NaturiaEggplant+1","theDuelist:NaturiaDragonfly","theDuelist:SangaEarth+1"],"picked":"theDuelist:NaturiaCliff","floor":35},{"not_picked":["theDuelist:Sangan+1","theDuelist:GraniteLoyalist","theDuelist:HammerShot","theDuelist:MudragonSwamp+1"],"picked":"theDuelist:Fissure+1","floor":39},{"not_picked":["theDuelist:NaturiaHydrangea+1","theDuelist:NaturiaCliff","theDuelist:NaturiaEggplant+1","theDuelist:SangaEarth"],"picked":"theDuelist:NaturiaDragonfly","floor":41},{"not_picked":["theDuelist:NaturiaDragonfly","theDuelist:NaturiaRock","theDuelist:NaturiaMarron","theDuelist:NaturiaMantis+1"],"picked":"theDuelist:ConvulsionNature+1","floor":42}],"player_experience":38443,"relics_obtained":[{"floor":0,"key":"Pet Ghost"},{"floor":0,"key":"Incense Burner"},{"floor":0,"key":"hubris:SoftwareUpdate"},{"floor":6,"key":"infinitespire:PuzzleCube"},{"floor":9,"key":"theDuelist:ElectricToken"},{"floor":21,"key":"Bottled Tornado"},{"floor":22,"key":"Gremlin Food"},{"floor":24,"key":"infinitespire:Midas Blood"},{"floor":26,"key":"StoneCalendar"},{"floor":43,"key":"Lantern"}],"event_choices":[{"damage_healed":0,"gold_gain":0,"player_choice":"Leave","duelist":true,"damage_taken":0,"max_hp_gain":0,"max_hp_loss":0,"event_name":"Aknamkanon\u0027s Tomb","floor":3,"gold_loss":0},{"damage_healed":0,"gold_gain":0,"player_choice":"Leave","duelist":true,"damage_taken":0,"max_hp_gain":0,"max_hp_loss":0,"event_name":"Relic Duplicator","floor":4,"gold_loss":0},{"damage_healed":0,"gold_gain":0,"player_choice":"Got Potions","damage_taken":0,"max_hp_gain":0,"max_hp_loss":0,"event_name":"Lab","floor":7,"gold_loss":0},{"power_reward":4,"total_magic_score":45,"gold_gain":0,"duelist":true,"damage_taken":0,"relics_obtained":[],"points":18,"max_hp_gain":9,"max_hp_loss":0,"spent_points":{"magic":4,"greed":0,"war":0,"power":4,"hunger":4},"event_name":"Nameless Tomb","hunger_reward":4,"floor":11,"gold_loss":0,"magic_reward":4,"cards_obtained":["theDuelist:Nameless:Magic:NaturalDisaster","theDuelist:Nameless:Power:AssaultArmor"]},{"power_reward":4,"total_magic_score":69,"gold_gain":0,"duelist":true,"damage_taken":0,"relics_obtained":[],"points":19,"max_hp_gain":9,"max_hp_loss":0,"spent_points":{"magic":4,"greed":0,"war":0,"power":4,"hunger":4},"event_name":"Nameless Tomb","hunger_reward":4,"floor":20,"gold_loss":0,"magic_reward":4,"cards_obtained":["theDuelist:Nameless:Magic:ForbiddenLance","theDuelist:Nameless:Power:KamionTimelord"]},{"damage_healed":0,"gold_gain":0,"player_choice":"Leave","duelist":true,"damage_taken":0,"max_hp_gain":0,"max_hp_loss":0,"event_name":"Relic Duplicator","floor":38,"gold_loss":0}],"is_beta":false,"boss_relics":[{"not_picked":["Replay:Wanted Poster","Coffee Dripper"],"picked":"infinitespire:Burning Sword"},{"not_picked":["hubris:TerracottaHorce","Painkiller Herb"],"picked":"Philosopher\u0027s Stone"}],"items_purged_floors":[36],"is_endless":false,"potions_floor_spawned":[5,6,12,16,24,27,28,30,35,41],"killed_by":"4 Shapes","ascension_level":0}}