{"host":"9l2xd2qbyxfqdc97","time":1609257958,"event":{"mods":["BaseMod","Colored Map","Highlight Path","Minty Spire (QoL Compilation)","Quick Restart"],"gold_per_floor":[115,126,143,318,318,343,343,375,450,171,189,205,222,297,297,393,393,412,267,280,298,173,173,205,138,138,167,167,167,198,214,214,312,312,328,352,370,370,116,116,116,142,189,205,225,41,41,41],"floor_reached":47,"playtime":1813,"items_purged":["Doubt","Thunderclap","Inflame"],"score":713,"play_id":"2f165926-248f-4ff5-b35a-c4809200c502","local_time":"20201230010558","is_ascension_mode":true,"campfire_choices":[{"data":"Combust","floor":7,"key":"SMITH"},{"floor":15,"key":"REST"},{"data":"Body Slam","floor":23,"key":"SMITH"},{"floor":29,"key":"REST"},{"data":"Dual Wield","floor":32,"key":"PURGE"},{"floor":40,"key":"REST"}],"circlet_count":0,"master_deck":["Bash","Combust+1","Wild Strike","Rupture","Offering","Heavy Blade","Armaments","Dark Embrace","Sentinel","Shrug It Off","Power Through","Juggernaut","Second Wind+1","True Grit","Sentinel","Body Slam+1","Burning Pact","Sever Soul","Brutality","Feel No Pain+1","Double Tap","Blood for Blood+1","Madness","Madness","Pain","Master of Strategy","Parasite"],"relics":["Burning Blood","NeowsBlessing","Thread and Needle","Orichalcum","Red Skull","Meat on the Bone","Pandora\u0027s Box","MawBank","Peace Pipe","Paper Frog","Vajra","Philosopher\u0027s Stone","Potion Belt","Bottled Flame","WarpedTongs","Bottled Lightning","Ancient Tea Set"],"acts_visited":["Exordium","TheCity","TheBeyond"],"potions_floor_usage":[6,27,27,30,33,44,45,45],"damage_taken":[{"damage":0,"enemies":"2 Louse","floor":1,"turns":1},{"damage":0,"enemies":"Small Slimes","floor":2,"turns":1},{"damage":0,"enemies":"Cultist","floor":3,"turns":1},{"damage":32,"enemies":"3 Sentries","floor":6,"turns":7},{"damage":31,"enemies":"Gremlin Nob","floor":8,"turns":5},{"damage":7,"enemies":"Large Slime","floor":11,"turns":3},{"damage":6,"enemies":"Lots of Slimes","floor":12,"turns":2},{"damage":5,"enemies":"Red Slaver","floor":13,"turns":3},{"damage":43,"enemies":"The Guardian","floor":16,"turns":7},{"damage":23,"enemies":"Shell Parasite","floor":18,"turns":5},{"damage":20,"enemies":"Chosen","floor":20,"turns":6},{"damage":17,"enemies":"Snecko","floor":21,"turns":5},{"damage":16,"enemies":"Gremlin Leader","floor":24,"turns":5},{"damage":35,"enemies":"Slavers","floor":27,"turns":4},{"damage":18,"enemies":"Gremlin Leader","floor":30,"turns":5},{"damage":10,"enemies":"Cultist and Chosen","floor":31,"turns":5},{"damage":13,"enemies":"Champ","floor":33,"turns":5},{"damage":28,"enemies":"3 Shapes","floor":35,"turns":5},{"damage":17,"enemies":"Orb Walker","floor":37,"turns":3},{"damage":43,"enemies":"Reptomancer","floor":42,"turns":3},{"damage":11,"enemies":"4 Shapes","floor":44,"turns":4},{"damage":15,"enemies":"Sphere and 2 Shapes","floor":45,"turns":3},{"damage":52,"enemies":"Writhing Mass","floor":47,"turns":3}],"seed_played":"-107962820829157730","potions_obtained":[{"floor":1,"key":"Strength Potion"},{"floor":2,"key":"SpeedPotion"},{"floor":3,"key":"EssenceOfSteel"},{"floor":13,"key":"ElixirPotion"},{"floor":27,"key":"Block Potion"},{"floor":28,"key":"PowerPotion"},{"floor":28,"key":"Fire Potion"},{"floor":30,"key":"DistilledChaos"},{"floor":33,"key":"AttackPotion"},{"floor":37,"key":"DistilledChaos"},{"floor":45,"key":"Dexterity Potion"}],"is_trial":false,"path_per_floor":["M","M","M","?","?","E","R","E","T","$","M","M","M","?","R","B",null,"M","$","M","M","$","R","E","$","T","E","?","R","E","M","R","B",null,"M","T","M","?","$","R","?","E","T","M","M","$","M"],"character_chosen":"IRONCLAD","items_purchased":["Rupture","Offering","True Grit","Sever Soul","Bottled Flame","Master of Strategy"],"campfire_rested":3,"item_purchase_floors":[10,10,19,25,39,46],"current_hp_per_floor":[80,80,80,80,80,54,54,29,29,29,40,52,53,45,69,44,80,63,63,49,50,50,50,52,52,52,35,35,59,47,55,55,48,80,58,58,47,37,37,61,61,36,36,43,46,46,0,0],"gold":41,"neow_bonus":"THREE_ENEMY_KILL","is_daily":false,"chose_seed":false,"campfire_upgraded":2,"win_rate":0.0,"timestamp":1609257958,"path_taken":["M","M","M","?","?","E","R","E","T","$","M","M","?","?","R","BOSS","M","$","M","M","$","R","E","?","T","E","?","R","E","M","R","BOSS","M","?","M","?","$","R","?","E","T","M","?","$","M"],"items_purchased_type":["Card","Card","Card","Card","Relic","Card"],"build_version":"2020-12-22","purchased_purges":3,"victory":false,"max_hp_per_floor":[80,80,80,80,80,80,80,80,80,80,80,80,80,80,80,80,80,80,80,80,80,80,80,80,80,80,80,80,80,80,80,80,80,80,80,80,80,80,80,80,80,80,80,80,80,80,80,80],"card_choices":[{"not_picked":["Armaments","Iron Wave"],"picked":"Combust","floor":1},{"not_picked":["Pommel Strike","Headbutt","Cleave"],"picked":"SKIP","floor":2},{"not_picked":["Clash","Dual Wield"],"picked":"Power Through","floor":3},{"not_picked":["Intimidate","Entrench","Sentinel"],"picked":"SKIP","floor":6},{"not_picked":["Twin Strike","Whirlwind"],"picked":"Wild Strike","floor":8},{"not_picked":["Uppercut","Sever Soul","Sword Boomerang"],"picked":"SKIP","floor":11},{"not_picked":["Anger","True Grit"],"picked":"Heavy Blade","floor":12},{"not_picked":["Exhume","Thunderclap","Power Through"],"picked":"SKIP","floor":13},{"not_picked":["Headbutt+1","True Grit+1"],"picked":"Second Wind+1","floor":18},{"not_picked":["Rampage","Dual Wield"],"picked":"Sentinel","floor":20},{"not_picked":["Wild Strike","Armaments"],"picked":"Body Slam","floor":21},{"not_picked":["Iron Wave","Dual Wield+1"],"picked":"Burning Pact","floor":24},{"not_picked":["Iron Wave","Clothesline","Bludgeon"],"picked":"SKIP","floor":27},{"not_picked":["Demon Form","Dark Embrace"],"picked":"Brutality","floor":30},{"not_picked":["Shockwave","Clothesline"],"picked":"Feel No Pain+1","floor":31},{"not_picked":["Berserk","Limit Break"],"picked":"Double Tap","floor":33},{"not_picked":["Anger","Searing Blow+1","Reckless Charge"],"picked":"SKIP","floor":35},{"not_picked":["Second Wind+1","Shrug It Off+1"],"picked":"Blood for Blood+1","floor":37},{"not_picked":["Searing Blow+1","Flame Barrier","Power Through"],"picked":"SKIP","floor":42},{"not_picked":["Shrug It Off","Flame Barrier","Armaments"],"picked":"SKIP","floor":44},{"not_picked":["Heavy Blade","Perfected Strike","Uppercut"],"picked":"SKIP","floor":45}],"player_experience":201292,"relics_obtained":[{"floor":6,"key":"Orichalcum"},{"floor":8,"key":"Red Skull"},{"floor":9,"key":"Meat on the Bone"},{"floor":24,"key":"MawBank"},{"floor":26,"key":"Peace Pipe"},{"floor":27,"key":"Paper Frog"},{"floor":30,"key":"Vajra"},{"floor":36,"key":"Potion Belt"},{"floor":42,"key":"Bottled Lightning"},{"floor":43,"key":"Ancient Tea Set"}],"event_choices":[{"damage_healed":0,"gold_gain":175,"player_choice":"AGREE","damage_taken":0,"max_hp_gain":0,"max_hp_loss":0,"event_name":"Liars Game","floor":4,"gold_loss":0,"cards_obtained":["Doubt"]},{"cards_removed":["Power Through"],"damage_healed":0,"gold_gain":0,"player_choice":"Gave Card","damage_taken":0,"relics_obtained":["Thread and Needle"],"max_hp_gain":0,"max_hp_loss":0,"event_name":"WeMeetAgain","floor":5,"gold_loss":0},{"damage_healed":0,"gold_gain":75,"player_choice":"Touch","damage_taken":8,"max_hp_gain":0,"max_hp_loss":0,"event_name":"FaceTrader","floor":14,"gold_loss":0},{"damage_healed":0,"gold_gain":0,"player_choice":"Got Potions","damage_taken":0,"max_hp_gain":0,"max_hp_loss":0,"event_name":"Lab","floor":28,"gold_loss":0},{"damage_healed":0,"gold_gain":0,"player_choice":"Embrace Madness","damage_taken":10,"max_hp_gain":0,"max_hp_loss":0,"event_name":"Winding Halls","floor":38,"gold_loss":0,"cards_obtained":["Madness","Madness"]},{"damage_healed":0,"gold_gain":0,"player_choice":"Rummage","damage_taken":0,"relics_obtained":["WarpedTongs"],"max_hp_gain":0,"max_hp_loss":0,"event_name":"Accursed Blacksmith","floor":41,"gold_loss":0,"cards_obtained":["Pain"]}],"is_beta":false,"boss_relics":[{"not_picked":["Runic Cube","Empty Cage"],"picked":"Pandora\u0027s Box"},{"not_picked":["Calling Bell","Velvet Choker"],"picked":"Philosopher\u0027s Stone"}],"items_purged_floors":[10,19,22],"is_endless":false,"potions_floor_spawned":[1,2,3,13,27,30,31,33,37,45],"killed_by":"Writhing Mass","ascension_level":4}}