{"host":"gxp0rwo55f0x6g4s","time":1609225233,"event":{"mods":["BaseMod","Colored Powertips","Marisa????????","Minty Spire (QoL Compilation)","Prisma Mod","Replay The Spire","StSLib","The Disciple","The Servant 0.9.4"],"gold_per_floor":[117,128,128,226,102,135,147,174,174,185,185,185,185,185,185,185,185],"floor_reached":16,"playtime":454,"items_purged":["Strike_S"],"score":140,"play_id":"802c8de4-b80a-428e-b076-4c166b705253","local_time":"20201228230033","is_ascension_mode":true,"campfire_choices":[{"data":"Spin","floor":13,"key":"SMITH"}],"circlet_count":0,"master_deck":["Strike_S","Strike_S","Strike_S","Defend_S","Defend_S","Defend_S","Defend_S","KidneyShot","Exchange","Spin+1","Rewind","TimeWarp","Unruled","SpecialFormula","Defy","StarChef","Orbit","Orbit"],"relics":["Uniform","NeowsBlessing","Chameleon Ring","Singing Bowl","Dream Catcher","ReplayTheSpireMod:Ninjato","HornCleat"],"acts_visited":["Exordium"],"potions_floor_usage":[8,8,16,16],"damage_taken":[{"damage":0,"enemies":"2 Louse","floor":1,"turns":1},{"damage":0,"enemies":"Jaw Worm","floor":2,"turns":1},{"damage":0,"enemies":"3 Sentries","floor":6,"turns":1},{"damage":0,"enemies":"Small Slimes","floor":7,"turns":2},{"damage":12,"enemies":"Lagavulin","floor":8,"turns":4},{"damage":0,"enemies":"Exordium Thugs","floor":10,"turns":4},{"damage":38,"enemies":"Hexaghost","floor":16,"turns":14}],"seed_played":"3784866481763364207","potions_obtained":[{"floor":6,"key":"Strength Potion"},{"floor":7,"key":"AttackPotion"},{"floor":10,"key":"Explosive Potion"},{"floor":15,"key":"Elixir"},{"floor":15,"key":"Block Potion"}],"is_trial":false,"path_per_floor":["M","M","?","?","$","E","M","E","T","M","?","T","R","?","R","B"],"character_chosen":"THE_SERVANT","items_purchased":["Defy"],"campfire_rested":0,"item_purchase_floors":[5],"current_hp_per_floor":[65,65,40,24,24,26,26,19,19,24,40,40,40,40,40,7,7],"gold":185,"neow_bonus":"THREE_ENEMY_KILL","is_daily":false,"chose_seed":false,"campfire_upgraded":1,"win_rate":0.0,"timestamp":1609225233,"path_taken":["M","M","?","?","$","E","M","E","T","M","?","?","R","?","R","BOSS"],"items_purchased_type":["Card"],"build_version":"2020-12-22","purchased_purges":1,"victory":false,"max_hp_per_floor":[65,65,65,65,65,67,67,67,67,67,67,67,67,64,64,64,64],"card_choices":[{"not_picked":["Ricochet","Moondial"],"picked":"Spin","floor":1},{"not_picked":["Moondial","Revamp"],"picked":"Rewind","floor":2},{"not_picked":["Rewind","Replace"],"picked":"TimeWarp","floor":4},{"not_picked":["Desolation","Revamp"],"picked":"Unruled","floor":4},{"not_picked":["Rewind","Alleviate"],"picked":"SpecialFormula","floor":4},{"not_picked":["DancingSilver","Rewind","Deadline"],"picked":"Singing Bowl","floor":6},{"not_picked":["Moonlight","Revamp"],"picked":"StarChef","floor":7},{"not_picked":["Rewind","DualDimension"],"picked":"Orbit","floor":8},{"not_picked":["Shuttle","KillingDoll"],"picked":"Orbit","floor":10}],"player_experience":753896,"relics_obtained":[{"floor":6,"key":"Singing Bowl"},{"floor":8,"key":"Dream Catcher"},{"floor":9,"key":"ReplayTheSpireMod:Ninjato"},{"floor":12,"key":"HornCleat"}],"event_choices":[{"damage_healed":0,"gold_gain":0,"player_choice":"Success","damage_taken":25,"relics_obtained":["Chameleon Ring"],"max_hp_gain":0,"max_hp_loss":0,"event_name":"Scrap Ooze","floor":3,"gold_loss":0},{"damage_healed":16,"gold_gain":0,"player_choice":"Healed and dodged fight","damage_taken":0,"max_hp_gain":0,"max_hp_loss":0,"event_name":"Mushrooms","floor":11,"gold_loss":0,"cards_obtained":["Parasite"]},{"cards_removed":["Parasite"],"damage_healed":0,"gold_gain":0,"player_choice":"Removed Curses","damage_taken":0,"max_hp_gain":0,"max_hp_loss":0,"event_name":"Fountain of Cleansing","floor":14,"gold_loss":0}],"is_beta":false,"boss_relics":[],"items_purged_floors":[5],"is_endless":false,"potions_floor_spawned":[6,7,10],"killed_by":"Hexaghost","ascension_level":1}}