{"host":"dcj2yvrgcvh5dl2s","time":1609236310,"event":{"mods":["BaseMod","Better Note","Block Reminder","Colored Powertips","DeckTracker","Minty Spire (QoL Compilation)","Quick Restart","Rare Cards Sparkle","Relic Stats","StSLib"],"gold_per_floor":[112,73,223,240,31,31,50,0,0,26,41,75,75,95,95,171,171,147,147,159,10,22,22,22],"floor_reached":23,"playtime":756,"items_purged":["Doubt","Doubt","Strike_R"],"score":407,"play_id":"14424b21-fb70-4f84-b1c7-fef902fcc613","local_time":"20201229200510","is_ascension_mode":true,"campfire_choices":[{"data":"Inflame","floor":6,"key":"SMITH"},{"floor":15,"key":"REST"}],"circlet_count":0,"master_deck":["AscendersBane","Strike_R","Strike_R","Strike_R","Defend_R","Defend_R","Defend_R","Defend_R","Bash","Dropkick","Inflame+1","Thunderclap","Carnage","Disarm","Cleave","Pummel","Reaper","Sword Boomerang","Dark Shackles","Heavy Blade","Inflame","Metallicize"],"relics":["Burning Blood","Membership Card","Mango","Smiling Mask","HornCleat","Black Star","Oddly Smooth Stone"],"acts_visited":["Exordium","TheCity"],"potions_floor_usage":[12,12,16,22,23],"damage_taken":[{"damage":12,"enemies":"Cultist","floor":1,"turns":4},{"damage":4,"enemies":"2 Louse","floor":4,"turns":4},{"damage":7,"enemies":"Small Slimes","floor":7,"turns":3},{"damage":32,"enemies":"Gremlin Nob","floor":10,"turns":4},{"damage":9,"enemies":"Red Slaver","floor":11,"turns":3},{"damage":18,"enemies":"3 Sentries","floor":12,"turns":5},{"damage":8,"enemies":"Blue Slaver","floor":14,"turns":3},{"damage":69,"enemies":"The Guardian","floor":16,"turns":9},{"damage":23,"enemies":"2 Thieves","floor":18,"turns":4},{"damage":30,"enemies":"Spheric Guardian","floor":20,"turns":5},{"damage":11,"enemies":"3 Cultists","floor":22,"turns":4},{"damage":68,"enemies":"Slavers","floor":23,"turns":4}],"seed_played":"7344384613249244412","potions_obtained":[{"floor":1,"key":"LiquidMemories"},{"floor":4,"key":"EssenceOfSteel"},{"floor":12,"key":"ColorlessPotion"}],"is_trial":false,"path_per_floor":["M","$","?","M","$","R","M","$","T","E","M","E","?","M","R","B",null,"M","?","M","$","M","E"],"character_chosen":"IRONCLAD","items_purchased":["Inflame","Membership Card","Oddly Smooth Stone","Inflame"],"campfire_rested":1,"item_purchase_floors":[2,5,21,21],"current_hp_per_floor":[76,76,76,78,78,78,77,77,91,65,62,50,43,41,71,8,79,76,51,33,33,49,0,0],"gold":22,"neow_bonus":"TWENTY_PERCENT_HP_BONUS","is_daily":false,"chose_seed":false,"campfire_upgraded":1,"win_rate":0.0,"timestamp":1609236310,"path_taken":["M","?","?","M","$","R","M","$","T","E","M","E","?","M","R","BOSS","M","?","M","$","M","E"],"items_purchased_type":["Card","Relic","Relic","Card"],"build_version":"2020-12-22","purchased_purges":3,"victory":false,"max_hp_per_floor":[89,89,89,89,89,89,89,89,103,103,103,103,103,103,103,103,103,103,103,103,103,103,103,103],"relic_stats":{"counters":[12,52],"Black Star":0,"Smiling Mask":13,"obtain_stats":[{"HornCleat":12,"Oddly Smooth Stone":21,"Mango":9,"Black Star":17,"Membership Card":5,"Smiling Mask":10,"Burning Blood":0},{"HornCleat":6,"Oddly Smooth Stone":10,"Mango":3,"Black Star":8,"Membership Card":2,"Smiling Mask":4,"Burning Blood":0},{"HornCleat":23,"Oddly Smooth Stone":44,"Mango":11,"Black Star":35,"Membership Card":8,"Smiling Mask":15,"Burning Blood":0}],"Burning Blood":66},"card_choices":[{"not_picked":["Warcry","Havoc"],"picked":"Dropkick","floor":1},{"not_picked":["Perfected Strike","Headbutt"],"picked":"Thunderclap","floor":4},{"not_picked":["Warcry","Havoc"],"picked":"Carnage","floor":7},{"not_picked":["Cleave","Metallicize"],"picked":"Disarm","floor":10},{"not_picked":["Pommel Strike","Headbutt"],"picked":"Cleave","floor":11},{"not_picked":["Cleave","Dark Embrace","Rage"],"picked":"SKIP","floor":12},{"not_picked":["Reckless Charge","Armaments"],"picked":"Pummel","floor":14},{"not_picked":["Demon Form","Berserk"],"picked":"Reaper","floor":16},{"not_picked":["Carnage","Warcry"],"picked":"Sword Boomerang","floor":18},{"not_picked":["Disarm","Warcry"],"picked":"Heavy Blade","floor":20},{"not_picked":["Blood for Blood","Sword Boomerang"],"picked":"Metallicize","floor":22}],"player_experience":2103590,"relics_obtained":[{"floor":9,"key":"Mango"},{"floor":10,"key":"Smiling Mask"},{"floor":12,"key":"HornCleat"}],"event_choices":[{"damage_healed":0,"gold_gain":150,"player_choice":"AGREE","damage_taken":0,"max_hp_gain":0,"max_hp_loss":0,"event_name":"Liars Game","floor":3,"gold_loss":0,"cards_obtained":["Doubt"]},{"cards_removed":["Strike_R"],"damage_healed":0,"gold_gain":0,"player_choice":"Card Removal","damage_taken":7,"max_hp_gain":0,"max_hp_loss":0,"event_name":"Golden Wing","floor":13,"gold_loss":0},{"damage_healed":0,"gold_gain":0,"player_choice":"POTION CARD POTION ","damage_taken":25,"max_hp_gain":0,"max_hp_loss":0,"event_name":"Knowing Skull","floor":19,"potions_obtained":["LiquidBronze","Energy Potion"],"gold_loss":0,"cards_obtained":["Dark Shackles"]}],"is_beta":false,"boss_relics":[{"not_picked":["Philosopher\u0027s Stone","Runic Cube"],"picked":"Black Star"}],"items_purged_floors":[5,8,21],"is_endless":false,"potions_floor_spawned":[1,4,12,20],"killed_by":"Slavers","ascension_level":18}}