{"host":"2461dio7vetlq1z3","time":1609240968,"event":{"mods":["2.2 Compatiblity","AchievementEnabler","Aspiration","BaseMod","Better Third Choice","Downfall","Friendly Minions","Hermit","Marisa????????","Minty Spire (QoL Compilation)","Relic Stats","Spicy Shops","StSLib","Waifu the Spire"],"gold_per_floor":[111,111,123,142,153,182,182,214,214,214,229,255,271,282,282,386,386,406,421,6,21,21,53,152,186,210,243,243,243,263,289,289,387,387,404,190,242,255,33,33,33,45,45,56,56,56,56,86,86,86,86,86,39,70,70,70,70],"floor_reached":55,"playtime":3263,"items_purged":["champ:Strike","champ:Defend","champ:Defend"],"score":1035,"play_id":"fbc25f9e-9713-4079-a314-f6a91e777a40","local_time":"20201229122248","is_ascension_mode":true,"campfire_choices":[{"floor":7.0,"key":"REST"},{"data":"champ:Improvising","floor":10.0,"key":"SMITH"},{"floor":15.0,"key":"REST"},{"data":"champ:Taunt","floor":29,"key":"SMITH"},{"data":"1","floor":32,"key":"LIFT"},{"data":"2","floor":40,"key":"LIFT"},{"floor":46,"key":"RECALL"},{"data":"3","floor":49,"key":"LIFT"},{"data":"champ:LastStand","floor":52,"key":"SMITH"}],"circlet_count":0,"master_deck":["champ:Defend","champ:Defend","champ:Execute","champ:Taunt+1","champ:Improvising+1","champ:FlashCut","champ:Haymaker","champ:Backstep","champ:GutPunch","champ:DeathBlow","champ:RisingSlash","champ:StanceDance","champ:RecklessLeap","champ:AdrenalArmor","champ:TornadoPunch","champ:VampiricStrike","champ:BerserkersShout+1","champ:GutPunch+1","champ:EndlessRage","champ:LastStand+1","champ:IronFortress","champ:CrookedStrike+1","champ:Improvising","champ:MurderStrike","champ:GladiatorsShout+1","champ:BringItOn+1","champ:VampiricStrike","champ:ShieldSigil+1","champ:IronFortress","champ:DancingMaster+1","champ:Improvising+1","champ:Haymaker+1","champ:IronFortress"],"relics":["champ:ChampionCrown","Oddly Smooth Stone","aspiration:DSix","The Courier","Bag of Preparation","aspiration:RandomNobGenerator","champ:BerserkersGuideToSlaughter","Pear","aspiration:HatOfInfinitePower","Vajra","Red Mask","Girya","aspiration:RunicSpoon","CatCart","DollysMirror","CeramicFish","Anchor"],"acts_visited":["Exordium","TheCity","TheBeyond","TheEnding"],"potions_floor_usage":[27,33,45,55,55,55],"damage_taken":[{"damage":5.0,"enemies":"2 Louse","floor":1.0,"turns":2.0},{"damage":6.0,"enemies":"Cultist","floor":3.0,"turns":4.0},{"damage":10.0,"enemies":"Small Slimes","floor":4.0,"turns":4.0},{"damage":2.0,"enemies":"3 Louse","floor":5.0,"turns":3.0},{"damage":47.0,"enemies":"Gremlin Nob","floor":6.0,"turns":5.0},{"damage":13.0,"enemies":"Lagavulin","floor":8.0,"turns":5.0},{"damage":13.0,"enemies":"2 Fungi Beasts","floor":11.0,"turns":3.0},{"damage":33.0,"enemies":"3 Sentries","floor":12.0,"turns":5.0},{"damage":26.0,"enemies":"Exordium Thugs","floor":13.0,"turns":3.0},{"damage":35.0,"enemies":"Gremlin Gang","floor":14.0,"turns":5.0},{"damage":84.0,"enemies":"The Guardian","floor":16.0,"turns":8.0},{"damage":25.0,"enemies":"3 Byrds","floor":18.0,"turns":3.0},{"damage":30.0,"enemies":"Chosen","floor":19.0,"turns":4.0},{"damage":57.0,"enemies":"Shelled Parasite and Fungi","floor":21.0,"turns":4.0},{"damage":24.0,"enemies":"Gremlin Leader","floor":23.0,"turns":4.0},{"damage":27.0,"enemies":"Slavers","floor":25.0,"turns":3.0},{"damage":42,"enemies":"Masked Bandits","floor":27,"turns":3},{"damage":18,"enemies":"Cultist and Chosen","floor":30,"turns":2},{"damage":58,"enemies":"Book of Stabbing","floor":31,"turns":4},{"damage":158,"enemies":"Automaton","floor":33,"turns":7},{"damage":15,"enemies":"Orb Walker","floor":35,"turns":2},{"damage":71,"enemies":"Orin","floor":37,"turns":5},{"damage":72,"enemies":"3 Darklings","floor":38,"turns":4},{"damage":52,"enemies":"Maw","floor":42,"turns":5},{"damage":43,"enemies":"Spire Growth","floor":44,"turns":3},{"damage":31,"enemies":"Writhing Mass","floor":45,"turns":3},{"damage":95,"enemies":"Nemesis","floor":48,"turns":7},{"damage":95,"enemies":"Time Eater","floor":50,"turns":7},{"damage":181,"enemies":"Shield and Spear","floor":54,"turns":7},{"damage":152,"enemies":"The Heart","floor":55,"turns":8}],"seed_played":"9130962105439541053","potions_obtained":[{"floor":3.0,"key":"champ:UltimateStancePotion"},{"floor":6.0,"key":"DistilledChaos"},{"floor":11.0,"key":"SteroidPotion"},{"floor":14.0,"key":"champ:OpenerPotion"},{"floor":27,"key":"EssenceOfSteel"},{"floor":31,"key":"champ:CounterPotion"},{"floor":44,"key":"SmokeBomb"},{"floor":54,"key":"AttackPotion"}],"is_trial":false,"path_per_floor":["M","?","M","M","M","E","R","E","T","R","M","E","M","M","R","B",null,"M","M","$","M","?","E","?","E","T","?","?","R","M","E","R","B",null,"M","$","?","M","$","R","?","M","T","M","M","R","$","E","R","B",null,"R","$","E","B"],"character_chosen":"THE_CHAMP","items_purchased":["champ:BerserkersGuideToSlaughter","champ:EndlessRage","champ:LastStand","champ:IronFortress","champ:FightOn","champ:IronFortress","DollysMirror","champ:IronFortress"],"campfire_rested":2,"item_purchase_floors":[20,20,20,20,36,36,39,53],"current_hp_per_floor":[81,81,80,70,68,31,58,58,58,58,55,47,36,36,63,39,77,81,81,81,64,64,100,100,100,100,89,99,99,100,100,100,53,92,94,94,110,70,70,70,70,65,65,75,109,109,109,83,83,87,104,104,104,68,0,0,0],"gold":70,"neow_bonus":"ONE_RANDOM_RARE_CARD","is_daily":false,"chose_seed":false,"campfire_upgraded":3,"win_rate":0.0,"timestamp":1609240968,"path_taken":["M","?","M","M","M","E","R","E","T","R","M","E","M","?","R","BOSS","M","?","$","M","?","E","?","E","T","?","?","R","M","E","R","BOSS","M","$","?","M","$","R","?","?","T","?","M","R","$","E","R","BOSS","R","$","E","BOSS"],"items_purchased_type":["Relic","Card","Card","Card","Card","Card","Relic","Card"],"build_version":"2020-12-22","purchased_purges":3,"victory":false,"max_hp_per_floor":[90,90,90,90,90,90,90,90,90,90,90,90,90,90,90,90,90,90,90,90,90,90,100,100,100,100,100,100,100,100,100,100,105,105,105,105,110,110,110,110,110,110,110,110,110,110,110,110,110,110,110,110,110,110,110,110,110],"relic_stats":{"counters":[30,132],"aspiration:RunicSpoon":[90],"CeramicFish":9,"Bag of Preparation":[44],"obtain_stats":[{"Girya":31,"Pear":23,"aspiration:RunicSpoon":34,"CeramicFish":48,"Oddly Smooth Stone":6,"Vajra":26,"champ:ChampionCrown":0,"The Courier":9,"Bag of Preparation":12,"aspiration:RandomNobGenerator":17,"Anchor":54,"DollysMirror":39,"Red Mask":27,"champ:BerserkersGuideToSlaughter":20,"CatCart":37,"aspiration:DSix":8,"aspiration:HatOfInfinitePower":25},{"Girya":19,"Pear":15,"aspiration:RunicSpoon":20,"CeramicFish":27,"Oddly Smooth Stone":5,"Vajra":16,"champ:ChampionCrown":0,"The Courier":6,"Bag of Preparation":8,"aspiration:RandomNobGenerator":11,"Anchor":29,"DollysMirror":23,"Red Mask":17,"champ:BerserkersGuideToSlaughter":13,"CatCart":22,"aspiration:DSix":6,"aspiration:HatOfInfinitePower":16},{"Girya":74,"Pear":62,"aspiration:RunicSpoon":81,"CeramicFish":110,"Oddly Smooth Stone":18,"Vajra":65,"champ:ChampionCrown":0,"The Courier":23,"Bag of Preparation":31,"aspiration:RandomNobGenerator":47,"Anchor":124,"DollysMirror":92,"Red Mask":68,"champ:BerserkersGuideToSlaughter":54,"CatCart":88,"aspiration:DSix":23,"aspiration:HatOfInfinitePower":65}]},"card_choices":[{"not_picked":["champ:FanOfKnives","champ:DefensiveShout"],"picked":"champ:FlashCut","floor":1.0},{"not_picked":["champ:StanceDance","champ:BerserkersShout"],"picked":"champ:Haymaker","floor":3.0},{"not_picked":["champ:BerserkersShout","champ:AdrenalArmor"],"picked":"champ:Backstep","floor":4.0},{"not_picked":["champ:BladeFlurry","champ:AdrenalArmor"],"picked":"champ:GutPunch","floor":5.0},{"not_picked":["champ:RisingSlash","champ:BerserkersShout"],"picked":"champ:DeathBlow","floor":6.0},{"not_picked":["champ:BerserkerStyle","champ:MurderStrike"],"picked":"champ:RisingSlash","floor":8.0},{"not_picked":["champ:BerserkerStyle","champ:AdrenalArmor"],"picked":"champ:StanceDance","floor":11.0},{"not_picked":["champ:Riposte","champ:ShieldSigil"],"picked":"champ:RecklessLeap","floor":12.0},{"not_picked":["champ:GladiatorsShout","champ:PreciseThrust"],"picked":"champ:AdrenalArmor","floor":13.0},{"not_picked":["champ:Haymaker","champ:DefensiveStyle"],"picked":"champ:TornadoPunch","floor":14.0},{"not_picked":["champ:Improvising","champ:IgnorePain"],"picked":"champ:VampiricStrike","floor":16.0},{"not_picked":["champ:ShieldWall","champ:GladiatorsShout"],"picked":"champ:BerserkersShout+1","floor":18.0},{"not_picked":["champ:Circumvent","champ:Encircle"],"picked":"champ:GutPunch+1","floor":19.0},{"not_picked":["champ:Control","champ:Balance"],"picked":"champ:CrookedStrike+1","floor":21.0},{"not_picked":["champ:Circumvent","champ:GutPunch"],"picked":"champ:FightOn","floor":23.0},{"not_picked":["champ:Circumvent","champ:Riposte"],"picked":"champ:GladiatorsShout+1","floor":25},{"not_picked":["champ:FanOfKnives","champ:GutPunch","champ:StanceDance"],"picked":"SKIP","floor":30},{"not_picked":["champ:Duel","champ:RisingSlash"],"picked":"champ:BringItOn+1","floor":31},{"not_picked":["champ:PerfectForm","champ:SteelEdge"],"picked":"champ:VampiricStrike","floor":33},{"not_picked":["champ:GladiatorStyle","champ:PerfectedStrike+1"],"picked":"champ:ShieldSigil+1","floor":35},{"not_picked":["champ:StanceDance+1","champ:GladiatorsShout+1"],"picked":"champ:DancingMaster","floor":37},{"not_picked":["champ:AdrenalArmor+1","champ:PerfectedStrike+1","champ:RageSigil"],"picked":"SKIP","floor":38},{"not_picked":["champ:Haymaker","champ:RageSigil","champ:StanceDance"],"picked":"SKIP","floor":42},{"not_picked":["champ:AdrenalArmor+1","champ:CrookedStrike+1"],"picked":"champ:Haymaker+1","floor":44},{"not_picked":["champ:BringItOn+1","champ:FanOfKnives+1","champ:CheapShot"],"picked":"SKIP","floor":48},{"not_picked":["champ:RapidStrikes","champ:CrookedStrike","champ:FalseCounter+1"],"picked":"SKIP","floor":54}],"player_experience":1203255,"relics_obtained":[{"floor":6.0,"key":"Oddly Smooth Stone"},{"floor":8.0,"key":"aspiration:DSix"},{"floor":9.0,"key":"The Courier"},{"floor":12.0,"key":"Bag of Preparation"},{"floor":23.0,"key":"Pear"},{"floor":25,"key":"aspiration:HatOfInfinitePower"},{"floor":26,"key":"Vajra"},{"floor":27,"key":"Red Mask"},{"floor":31,"key":"Girya"},{"floor":37,"key":"CatCart"},{"floor":48,"key":"CeramicFish"},{"floor":54,"key":"Anchor"}],"event_choices":[{"cards_removed":["champ:Strike"],"damage_healed":0.0,"max_hp_gain":0.0,"max_hp_loss":0.0,"gold_gain":0.0,"event_name":"Purifier","player_choice":"Purged","floor":2.0,"gold_loss":0.0,"damage_taken":0.0},{"damage_healed":0.0,"max_hp_gain":0.0,"max_hp_loss":0.0,"gold_gain":0.0,"cards_transformed":["champ:Strike","champ:Strike"],"event_name":"Drug Dealer","player_choice":"Became Test Subject","floor":22.0,"gold_loss":0.0,"damage_taken":0.0,"cards_obtained":["champ:Improvising","champ:MurderStrike"]},{"damage_healed":0.0,"max_hp_gain":0.0,"max_hp_loss":0.0,"gold_gain":99.0,"event_name":"betterThird:BetterNest","player_choice":"Steal","floor":24.0,"gold_loss":0.0,"damage_taken":0.0},{"damage_healed":0,"gold_gain":0,"player_choice":"Fought Bandits","damage_taken":0,"max_hp_gain":0,"max_hp_loss":0,"event_name":"Masked Bandits","floor":27,"gold_loss":0},{"damage_healed":0,"gold_gain":0,"player_choice":"Fight","damage_taken":0,"max_hp_gain":0,"max_hp_loss":0,"event_name":"OrinTheCat","floor":37,"gold_loss":0},{"damage_healed":0,"gold_gain":0,"player_choice":"Upgraded","damage_taken":0,"max_hp_gain":0,"max_hp_loss":0,"event_name":"Upgrade Shrine","floor":41,"gold_loss":0,"cards_upgraded":["champ:DancingMaster"]}],"is_beta":false,"boss_relics":[{"not_picked":["Black Star","Cursed Key"],"picked":"aspiration:RandomNobGenerator"},{"not_picked":["aspiration:SilentSkillbook","Velvet Choker"],"picked":"aspiration:RunicSpoon"}],"items_purged_floors":[20,36,39],"is_endless":false,"potions_floor_spawned":[3,6,11,14,18,23,27,31,44,45,54],"killed_by":"The Heart","ascension_level":6}}