{"host":"fdmexzkyss3ff9bv","time":1609242848,"event":{"mods":["BaseMod","Beaked The Cultist","BetterRewards","Downfall","Glutton Mod","Halation","Hubris","Infinite Spire","Minty Spire (QoL Compilation)","Replay The Spire","StSLib","The Animator","The Blackbeard","The Bug Knight","The Construct","The Mystic","The Servant 0.9.4","The Witch"],"gold_per_floor":[119,139,149,32,45,45,63,75,128,128,153,173,208,208,208,305,305,317,327,327,327,101,101,101,101],"floor_reached":24,"playtime":1892,"items_purged":[],"score":333,"play_id":"133a5884-8f6d-4c80-826d-db9ab6628535","local_time":"20201229125408","is_ascension_mode":false,"campfire_choices":[{"floor":6,"key":"REST"},{"floor":23,"key":"RECALL"}],"circlet_count":0,"master_deck":["Strike_G","Strike_G","Strike_G","Strike_G","Defend_G","Defend_G","Defend_G","Defend_G","Defend_G","Survivor","Neutralize","Noxious Fumes","Quick Slash+1","Footwork","Bane","Caltrops","Predator","Toxin Wave","Bane","Infinite Blades","Flechettes","Dash","Outmaneuver","After Image","Hidden Blade+1","Backstab","Normality","Fluid Movement"],"relics":["Ring of the Snake","Replay:Rubber Ducky","Mummified Hand","Replay:Wax Seal","Pen Nib","Lantern","hubris:MysteriousPyramids","Honey Jar","Ring of Fury","ReplayTheSpireMod:Ring of Addiction","White Beast Statue","Chameleon Ring","Snake Skull"],"acts_visited":["Exordium","TheCity"],"potions_floor_usage":[11,16,24,24],"damage_taken":[{"damage":4,"enemies":"Cultist","floor":1,"turns":4},{"damage":1,"enemies":"2 Louse","floor":2,"turns":3},{"damage":0,"enemies":"Jaw Worm","floor":3,"turns":4},{"damage":4,"enemies":"Exordium Wildlife","floor":5,"turns":3},{"damage":0,"enemies":"Red Slaver","floor":7,"turns":3},{"damage":0,"enemies":"3 Louse","floor":8,"turns":2},{"damage":10,"enemies":"3 Sentries","floor":11,"turns":6},{"damage":0,"enemies":"HollowMod:HuskWarrior","floor":12,"turns":4},{"damage":0,"enemies":"Lagavulin","floor":13,"turns":7},{"damage":15,"enemies":"Hexaghost","floor":16,"turns":8},{"damage":7,"enemies":"2 Thieves","floor":18,"turns":3},{"damage":0,"enemies":"Spheric Guardian","floor":19,"turns":4},{"damage":64,"enemies":"Nightmare","floor":24,"turns":9}],"seed_played":"4367493830542416615","potions_obtained":[{"floor":7,"key":"Block Potion"},{"floor":12,"key":"LiquidMemories"},{"floor":13,"key":"Guardian:BlockOnCardUsePotion"},{"floor":16,"key":"Swift Potion"},{"floor":18,"key":"Milkshake"},{"floor":21,"key":"Strength Potion"},{"floor":21,"key":"infinitespire:BlackPotion"},{"floor":21,"key":"Reflective Coating"}],"is_trial":false,"path_per_floor":["M","M","M","$","M","R","M","M","T","T","E","M","E","?","R","B",null,"M","M","?","?","$","R","NM"],"character_chosen":"THE_SILENT","items_purchased":["Replay:Rubber Ducky","Noxious Fumes","Mummified Hand","Caltrops","Predator","Snake Skull","Fluid Movement"],"campfire_rested":1,"item_purchase_floors":[0,0,0,4,4,22,22],"current_hp_per_floor":[25,24,24,24,20,41,41,41,41,41,31,31,31,31,52,37,70,63,63,63,63,63,63,0,0],"gold":101,"neow_bonus":"","is_daily":false,"chose_seed":false,"campfire_upgraded":0,"win_rate":0.0,"timestamp":1609242848,"path_taken":["M","M","M","$","M","R","M","M","T","?","E","M","E","?","R","BOSS","M","M","?","?","$","R","NM"],"items_purchased_type":["Relic","Card","Relic","Card","Card","Relic","Card"],"build_version":"2020-12-13","purchased_purges":0,"victory":false,"max_hp_per_floor":[70,70,70,70,70,70,70,70,70,70,70,70,70,70,70,70,70,70,70,70,70,70,70,70,70],"card_choices":[{"not_picked":["Flying Knee","Deflect"],"picked":"Quick Slash","floor":1},{"not_picked":["Endless Agony","Dash"],"picked":"Footwork","floor":2},{"not_picked":["Backflip","Acrobatics"],"picked":"Bane","floor":3},{"not_picked":["Deadly Poison","Skewer"],"picked":"Toxin Wave","floor":5},{"not_picked":["Dodge and Roll","hubris:SlightOfHand"],"picked":"Bane","floor":7},{"not_picked":["Unload","hubris:TrickCloak"],"picked":"Infinite Blades","floor":8},{"not_picked":["Heel Hook","Deadly Poison"],"picked":"Flechettes","floor":11},{"not_picked":["hubris:Counter","Dagger Throw"],"picked":"Dash","floor":12},{"not_picked":["Deadly Poison","hubris:SlightOfHand"],"picked":"Outmaneuver","floor":13},{"not_picked":["Malaise","Unload"],"picked":"After Image","floor":16},{"not_picked":["Tactician","Deadly Poison","PiercingWail"],"picked":"Hidden Blade+1","floor":18},{"not_picked":["hubris:SlightOfHand","Prepared","Dodge and Roll"],"picked":"Backstab","floor":19}],"player_experience":42969,"relics_obtained":[{"floor":9,"key":"Replay:Wax Seal"},{"floor":11,"key":"Pen Nib"},{"floor":13,"key":"Lantern"},{"floor":21,"key":"Ring of Fury"},{"floor":21,"key":"ReplayTheSpireMod:Ring of Addiction"},{"floor":21,"key":"White Beast Statue"},{"floor":21,"key":"Chameleon Ring"}],"event_choices":[{"damage_healed":0,"gold_gain":0,"player_choice":"Gave Potion","damage_taken":0,"relics_obtained":["hubris:MysteriousPyramids"],"max_hp_gain":0,"max_hp_loss":0,"event_name":"WeMeetAgain","floor":14,"gold_loss":0},{"damage_healed":0,"gold_gain":0,"player_choice":"Ignored","damage_taken":0,"max_hp_gain":0,"max_hp_loss":0,"event_name":"Beggar","floor":20,"gold_loss":0}],"is_beta":false,"boss_relics":[{"not_picked":["Sozu","Tiny House"],"picked":"Honey Jar"}],"items_purged_floors":[],"is_endless":false,"potions_floor_spawned":[7,12,13,16,18],"killed_by":"Nightmare","ascension_level":0}}