{"host":"zm2copjc1o2b6hjv","time":1609203615,"event":{"mods":["AchievementEnabler","BaseMod","BetterRewards","Conspire","Downfall","Friendly Minions","Infinite Spire","Minty Spire (QoL Compilation)","Replay The Spire","StSLib"],"gold_per_floor":[117,117,168,183,60,60,76,76,101,101,101,111,111,111,111,208,208,221,14,14,14,31,31,63,63,63,98,110,35,68,85,85,182,182,192,192,46,46,63,63,63,63,63,97,97,108,108,133,133,230,230,247,255,257,257,168,187,187,201,201,207,279,286,286,293,378,461,461,466,466,474,374,473,485,485,171,195,195,208,208,212,220,220,305,305,308,301,32,32,36,47,47,56,107,107,121,119,119,115,115,190,190,199,206,356,357,365,365,372,371,371,371,371,371,201,219,219,297,297,297,308,310,162,178,178,182,187,187,187,187,187,190,200,200,300,300,311,311,298,295,291,291,318,119,145,145,145,145,205,205,205,303,303,303,18,30,14,14],"floor_reached":157,"playtime":6803,"items_purged":["ReplayTheSpireMod:Restless Dread","Prepared","Injury","Overencumbered","conspire:NecroticWound"],"score":4257,"play_id":"f66f1dce-acd4-4f84-b9ff-ae27a763064f","local_time":"20201228200015","is_ascension_mode":true,"campfire_choices":[{"data":"infinitespire:Neurotoxin","floor":6.0,"key":"SMITH"},{"data":"ReplayTheSpireMod:Speed Training","floor":8.0,"key":"SMITH"},{"data":"infinitespire:Neurotoxin","floor":10.0,"key":"SMITH"},{"data":"Endless Agony","floor":15.0,"key":"SMITH"},{"data":"Replay:Bag of Tricks","floor":23.0,"key":"SMITH"},{"data":"Catalyst","floor":25.0,"key":"SMITH"},{"floor":40.0,"key":"REST"},{"floor":42.0,"key":"REST"},{"floor":47.0,"key":"RECALL"},{"floor":58.0,"key":"REST"},{"floor":78.0,"key":"REST"},{"floor":80.0,"key":"REST"},{"floor":83.0,"key":"REST"},{"floor":92.0,"key":"REST"},{"floor":95.0,"key":"REST"},{"floor":100.0,"key":"REST"},{"floor":108.0,"key":"REST"},{"floor":112.0,"key":"REST"},{"floor":117.0,"key":"REST"},{"data":"Night Terror","floor":125.0,"key":"SMITH"},{"data":"After Image","floor":125.0,"key":"SMITH"},{"floor":131.0,"key":"DIG"},{"data":"expansioncontent:DefensiveStance","floor":142.0,"key":"SMITH"},{"data":"Replay:Bag of Tricks","floor":142.0,"key":"SMITH"},{"data":"Mayhem","floor":146.0,"key":"SMITH"},{"data":"Adrenaline","floor":146.0,"key":"SMITH"},{"floor":149.0,"key":"REST"},{"data":"Accuracy","floor":151,"key":"SMITH"},{"data":"Noxious Fumes","floor":151,"key":"SMITH"}],"circlet_count":0,"master_deck":["Defend_G+1","Defend_G","Defend_G+1","Survivor","Endless Agony+1","Underhanded Strike+1","Skewer+1","infinitespire:Neurotoxin+1","infinitespire:Neurotoxin+1","ReplayTheSpireMod:Speed Training+1","Heel Hook+1","Replay:Bag of Tricks+1","Catalyst+1","Night Terror+1","Leg Sweep+1","Outmaneuver","Poison Darts+1","Tools of the Trade+1","ReplayTheSpireMod:Echoes of Time","Good Instincts","Backstab+1","Reflex+1","Reflex","Replay:Bag of Tricks+1","Bouncing Flask+1","Fluid Movement+1","Dagger Throw+1","expansioncontent:DefensiveStance+1","conspire:PoisonWeapons+1","ReplayTheSpireMod:Book of Names","Well Laid Plans","Caltrops+1","Skewer+1","ReplayTheSpireMod:Speed Training","Outmaneuver+1","ReplayTheSpireMod:Speed Training","Atom Bomb","Bullet Time","expansioncontent:DarkVoid","ReplayTheSpireMod:??????????????????????+1","infinitespire:Fortify","Finisher+1","Catalyst+1","conspire:PoisonWeapons+1","Slice+1","Fluid Movement+1","Adrenaline+1","After Image+1","Poisoned Strike+1","Envenom","Fluid Movement+1","Endless Agony+1","Slice+1","Calculated Gamble+1","Sneak Up","A Thousand Cuts","Endless Agony+1","Accuracy+1","Leg Sweep","Infinite Blades","Prepared+1","Caltrops+1","Sneak Up+1","Well Laid Plans+1","Noxious Fumes+1","Noxious Fumes","Mayhem+1","Survey Options+1","Endless Agony+1","Glass Knife"],"relics":["Ring of the Snake","Snack Pack","Guardian:BottledAnomaly","Snake Skull","infinitespire:ShieldingShard","Busted Crown","Replay:Wax Seal","Chemical X","InkBottle","Boot","Pantograph","infinitespire:CheckeredPen","Bottled Lightning","Replay:Grab Bag","infinitespire:Cupcake","Fusion Hammer","conspire:RunicOctahedron","Ring of Chaos","Guide Book","Question Card","Ancient Tea Set","Vajra","Astrolabe","Replay:Bottled Flurry","Matryoshka","infinitespire:Midas Blood","Singing Bowl","Nunchaku","infinitespire:FocusingShard","Sozu","MutagenicStrength","Bird Faced Urn","ClockworkSouvenir","Omamori","Blue Doll","Akabeko","ReplayTheSpireMod:SealedPack","Membership Card","Letter Opener","Replay:Baseball","Replay:WaspNest","Simple Rune","infinitespire:FocusingShard","Calling Bell","Gremlin Food","Replay:Bottled Snecko","Replay:Arrowhead","ReplayTheSpireMod:CursedCoin","Ninja Scroll","conspire:RoyalGoblet","Red Mask","Juzu Bracelet","Orrery","Replay:Multitool","infinitespire:Beetle Shell","Meat on the Bone","Incense Burner","ReplayTheSpireMod:Shallot","Replay:Mystery Machine","Honey Jar","infinitespire:Magic Flask","WristBlade","Bronze Scales","ReplayTheSpireMod:CursedCoin","Peace Pipe","infinitespire:PuzzleCube","Dream Catcher","conspire:SeveredTorchhead","Whetstone","infinitespire:WardingShard","Medical Kit","Happy Flower"],"acts_visited":["Exordium","TheCity","TheBeyond","Exordium","TheCity","TheBeyond","Exordium","TheCity","TheBeyond","TheEnding"],"potions_floor_usage":[],"damage_taken":[{"damage":1.0,"enemies":"2 Louse","floor":1.0,"turns":3.0},{"damage":2.0,"enemies":"Jaw Worm","floor":4.0,"turns":3.0},{"damage":10.0,"enemies":"Small Slimes","floor":7.0,"turns":3.0},{"damage":0.0,"enemies":"Gremlin Gang","floor":12.0,"turns":7.0},{"damage":13.0,"enemies":"Slime Boss","floor":16.0,"turns":11.0},{"damage":0.0,"enemies":"Chosen","floor":18.0,"turns":3.0},{"damage":0.0,"enemies":"Shell Parasite","floor":22.0,"turns":2.0},{"damage":9.0,"enemies":"Book of Stabbing","floor":24.0,"turns":3.0},{"damage":26.0,"enemies":"Nightmare","floor":27.0,"turns":6.0},{"damage":0.0,"enemies":"Centurion and Healer","floor":28.0,"turns":3.0},{"damage":2.0,"enemies":"Book of Stabbing","floor":30.0,"turns":3.0},{"damage":0.0,"enemies":"Shelled Parasite and Fungi","floor":31.0,"turns":3.0},{"damage":0.0,"enemies":"Collector","floor":33.0,"turns":3.0},{"damage":0.0,"enemies":"3 Shapes","floor":35.0,"turns":2.0},{"damage":19.0,"enemies":"3 Darklings","floor":39.0,"turns":3.0},{"damage":0.0,"enemies":"Reptomancer","floor":44.0,"turns":2.0},{"damage":0.0,"enemies":"Jaw Worm Horde","floor":46.0,"turns":2.0},{"damage":0.0,"enemies":"Nightmare","floor":48.0,"turns":2.0},{"damage":30.0,"enemies":"Awakened One","floor":50.0,"turns":5.0},{"damage":0.0,"enemies":"Cultist","floor":52.0,"turns":1.0},{"damage":0.0,"enemies":"Small Slimes","floor":53.0,"turns":1.0},{"damage":0.0,"enemies":"Jaw Worm","floor":54.0,"turns":1.0},{"damage":0.0,"enemies":"Lagavulin","floor":57.0,"turns":2.0},{"damage":0.0,"enemies":"Red Slaver","floor":59.0,"turns":1.0},{"damage":0.0,"enemies":"Exordium Thugs","floor":61.0,"turns":1.0},{"damage":0.0,"enemies":"Nightmare","floor":63.0,"turns":4.0},{"damage":0.0,"enemies":"Looter","floor":65.0,"turns":1.0},{"damage":8.0,"enemies":"Hexaghost","floor":67.0,"turns":3.0},{"damage":0.0,"enemies":"3 Byrds","floor":69.0,"turns":2.0},{"damage":0.0,"enemies":"Shell Parasite","floor":71.0,"turns":1.0},{"damage":0.0,"enemies":"Gremlin Leader","floor":74.0,"turns":3.0},{"damage":0.0,"enemies":"Centurion and Healer","floor":79.0,"turns":1.0},{"damage":0.0,"enemies":"3 Cultists","floor":81.0,"turns":3.0},{"damage":0.0,"enemies":"Snecko","floor":82.0,"turns":2.0},{"damage":33.0,"enemies":"conspire:MysteriousRune","floor":84.0,"turns":3.0},{"damage":0.0,"enemies":"Orb Walker","floor":86.0,"turns":1.0},{"damage":0.0,"enemies":"3 Darklings","floor":87.0,"turns":3.0},{"damage":0.0,"enemies":"Jaw Worm Horde","floor":90.0,"turns":3.0},{"damage":0.0,"enemies":"Giant Head","floor":91.0,"turns":2.0},{"damage":77.0,"enemies":"Nemesis","floor":93.0,"turns":3.0},{"damage":0.0,"enemies":"Reptomancer","floor":96.0,"turns":2.0},{"damage":15.0,"enemies":"Writhing Mass","floor":97.0,"turns":2.0},{"damage":0.0,"enemies":"4 Shapes","floor":99.0,"turns":1.0},{"damage":4.0,"enemies":"infinitespire:MassOfShapes","floor":101.0,"turns":4.0},{"damage":0.0,"enemies":"Cultist","floor":103.0,"turns":2.0},{"damage":0.0,"enemies":"Small Slimes","floor":104.0,"turns":1.0},{"damage":0.0,"enemies":"Jaw Worm","floor":106.0,"turns":1.0},{"damage":0.0,"enemies":"Blue Slaver","floor":107.0,"turns":1.0},{"damage":0.0,"enemies":"Exordium Thugs","floor":109.0,"turns":1.0},{"damage":0.0,"enemies":"3 Louse","floor":110.0,"turns":1.0},{"damage":0.0,"enemies":"Looter","floor":116.0,"turns":1.0},{"damage":0.0,"enemies":"The Guardian","floor":118.0,"turns":3.0},{"damage":0.0,"enemies":"3 Byrds","floor":120.0,"turns":2.0},{"damage":0.0,"enemies":"Masked Bandits","floor":121.0,"turns":2.0},{"damage":0.0,"enemies":"Shell Parasite","floor":122.0,"turns":1.0},{"damage":0.0,"enemies":"conspire:MimicChest","floor":124.0,"turns":2.0},{"damage":0.0,"enemies":"Centurion and Healer","floor":126.0,"turns":2.0},{"damage":6.0,"enemies":"Book of Stabbing","floor":127.0,"turns":3.0},{"damage":0.0,"enemies":"Snake Plant","floor":132.0,"turns":1.0},{"damage":0.0,"enemies":"Slavers","floor":133.0,"turns":3.0},{"damage":0.0,"enemies":"infinitespire:LordOfFortification","floor":135.0,"turns":1.0},{"damage":0.0,"enemies":"Orb Walker","floor":137.0,"turns":1.0},{"damage":0.0,"enemies":"3 Shapes","floor":139.0,"turns":3.0},{"damage":0.0,"enemies":"Spire Growth","floor":140.0,"turns":2.0},{"damage":0.0,"enemies":"Writhing Mass","floor":141.0,"turns":2.0},{"damage":0.0,"enemies":"R_Hoarder","floor":143.0,"turns":1.0},{"damage":0,"enemies":"infinitespire:LordOfFortification","floor":152,"turns":1},{"damage":30,"enemies":"Shield and Spear","floor":156,"turns":2},{"damage":226,"enemies":"The Heart","floor":157,"turns":3}],"seed_played":"6050142097784987521","potions_obtained":[{"floor":7.0,"key":"SkillPotion"},{"floor":16.0,"key":"DuplicationPotion"},{"floor":18.0,"key":"Block Potion"},{"floor":22.0,"key":"BlessingOfTheForge"},{"floor":27.0,"key":"FearPotion"},{"floor":33.0,"key":"Dexterity Potion"},{"floor":39.0,"key":"Milkshake"},{"floor":48.0,"key":"AttackPotion"},{"floor":59.0,"key":"SteroidPotion"},{"floor":67.0,"key":"Languid Potion"}],"is_trial":false,"path_per_floor":["M","?","?","M","$","R","M","R","T","R","?","M","?","T","R","B",null,"M","$","?","?","M","R","E","R","T","NM","M","$","E","M","R","B",null,"M","?","$","?","M","R","?","R","T","E","$","M","R","NM","R","B",null,"M","M","M","?","$","E","R","M","T","M","T","NM","AVR","M","R","B",null,"M","?","M","$","?","E","?","$","T","R","M","R","M","M","R","B",null,"M","M","$","?","M","E","R","E","T","R","E","M","?","M","R","B",null,"M","M","AVR","M","M","R","M","M","T","R","?","?","$","M","R","B",null,"M","?","M","$","?","R","M","E","T","?","AVR","R","M","E","R","B",null,"M","AVR","M","M","M","R","E","$","T","R","?","T","R","?","R","B",null,"R","$","E","B"],"character_chosen":"THE_SILENT","items_purchased":["Snack Pack","Endless Agony","Underhanded Strike+1","Guardian:BottledAnomaly","infinitespire:Neurotoxin","Replay:Wax Seal","Chemical X","Guide Book","expansioncontent:DefensiveStance","ClockworkSouvenir","Omamori","Membership Card","Letter Opener","After Image","Poisoned Strike","Juzu Bracelet","Orrery","ReplayTheSpireMod:CursedCoin","Noxious Fumes","Peace Pipe","Mayhem","Survey Options+1","Whetstone","infinitespire:WardingShard","Medical Kit"],"campfire_rested":13,"item_purchase_floors":[0,0,0,0,5,19,19,37,56,76,76,88,88,115,115,123,123,144,144,144,144,144,155,155,155],"current_hp_per_floor":[69,69,69,69,69,69,61,61,61,61,61,63,63,63,63,60,70,70,70,70,70,70,70,61,61,61,43,45,45,45,45,66,70,70,70,70,70,53,40,61,61,70,70,70,70,70,70,70,70,44,70,70,70,70,70,70,70,70,70,70,70,70,72,72,72,72,66,74,74,74,74,74,74,76,76,76,76,76,78,78,78,78,78,45,80,80,82,82,82,82,82,82,5,5,29,37,28,28,36,61,86,86,88,90,90,92,94,94,96,98,98,98,98,98,98,100,100,100,100,100,100,102,104,106,106,108,104,104,104,104,104,108,110,110,112,112,114,114,116,116,116,116,116,116,116,116,116,116,116,110,110,110,110,110,110,82,0,0],"gold":14,"neow_bonus":"","is_daily":false,"chose_seed":false,"campfire_upgraded":14,"win_rate":0.0,"timestamp":1609203615,"path_taken":["M","?","?","M","$","R","M","R","T","R","?","?","?","?","R","BOSS","M","$","?","?","M","R","E","R","T","NM","M","$","E","M","R","BOSS","M","?","?","?","?","R","?","R","T","E","$","M","R","NM","R","BOSS","M","M","M","?","$","E","R","M","T","M","?","NM","AVR","M","R","BOSS","M","?","M","$","?","E","?","?","T","R","?","R","M","M","R","BOSS","M","M","$","?","?","E","R","E","T","R","E","M","?","M","R","BOSS","M","M","AVR","M","M","R","M","M","T","R","?","?","$","M","R","BOSS","M","?","M","$","?","R","M","E","T","?","AVR","R","M","E","R","BOSS","M","AVR","M","M","M","R","E","?","T","R","?","?","R","?","R","BOSS","R","$","E","BOSS"],"items_purchased_type":["Relic","Card","Card","Relic","Card","Relic","Relic","Relic","Card","Relic","Relic","Relic","Relic","Card","Card","Relic","Relic","Relic","Card","Relic","Card","Card","Relic","Relic","Relic"],"build_version":"2020-12-22","purchased_purges":5,"victory":false,"max_hp_per_floor":[70,70,70,70,70,70,70,70,70,70,70,70,70,70,70,70,70,70,70,70,70,70,70,70,70,70,70,70,70,70,70,70,70,70,70,70,70,70,70,70,70,70,70,70,70,70,70,70,70,70,70,70,70,70,70,70,70,70,70,70,70,70,72,72,72,72,74,74,74,74,74,74,74,76,76,76,76,76,78,78,78,78,78,78,80,80,82,82,82,82,82,82,82,82,82,82,84,84,86,86,86,86,88,90,90,92,94,94,96,98,98,98,98,98,98,100,100,100,100,100,100,102,104,106,106,108,108,108,108,108,108,108,110,110,112,112,114,114,116,116,116,116,116,116,116,116,116,116,116,110,110,110,110,110,110,112,112,112],"card_choices":[{"not_picked":["Outmaneuver","PiercingWail"],"picked":"Prepared","floor":1.0},{"not_picked":["Prepared","ReplayTheSpireMod:Shiv Toss"],"picked":"Skewer","floor":4.0},{"not_picked":["Prepared","Dagger Throw"],"picked":"ReplayTheSpireMod:Speed Training","floor":7.0},{"not_picked":["Sucker Punch","Poisoned Stab","Flying Knee"],"picked":"SKIP","floor":12.0},{"not_picked":["ReplayTheSpireMod:Necrosis","Grand Finale"],"picked":"Replay:Bag of Tricks","floor":16.0},{"not_picked":["Flying Knee"],"picked":"SKIP","floor":18.0},{"not_picked":["Dagger Throw"],"picked":"SKIP","floor":22.0},{"not_picked":[],"picked":"Catalyst","floor":24.0},{"not_picked":[],"picked":"Night Terror","floor":27.0},{"not_picked":["Quick Slash"],"picked":"SKIP","floor":28.0},{"not_picked":[],"picked":"Leg Sweep","floor":30.0},{"not_picked":[],"picked":"Outmaneuver","floor":31.0},{"not_picked":[],"picked":"Poison Darts","floor":33.0},{"not_picked":["conspire:DoublingDagger+1"],"picked":"SKIP","floor":35.0},{"not_picked":["ReplayTheSpireMod:Chaos Vortex","infinitespire:DeathsTouch"],"picked":"ReplayTheSpireMod:Echoes of Time","floor":38.0},{"not_picked":["Dagger Spray"],"picked":"SKIP","floor":39.0},{"not_picked":[],"picked":"Good Instincts","floor":41.0},{"not_picked":["Escape Plan","ReplayTheSpireMod:Exploit Weakness"],"picked":"SKIP","floor":44.0},{"not_picked":["Outmaneuver"],"picked":"Backstab+1","floor":46.0},{"not_picked":["ReplayTheSpireMod:Scrap Shanks"],"picked":"Reflex+1","floor":48.0},{"not_picked":["Die Die Die"],"picked":"Replay:Bag of Tricks","floor":50.0},{"not_picked":["Backflip","Flying Knee"],"picked":"SKIP","floor":52.0},{"not_picked":["Concentrate","Bouncing Flask"],"picked":"SKIP","floor":53.0},{"not_picked":["Hidden Blade","Dagger Spray"],"picked":"SKIP","floor":54.0},{"not_picked":["Blade Dance"],"picked":"conspire:PoisonWeapons","floor":57.0},{"not_picked":["Cloak And Dagger","Dagger Spray"],"picked":"SKIP","floor":59.0},{"not_picked":["Outmaneuver","Underhanded Strike"],"picked":"SKIP","floor":61.0},{"not_picked":["infinitespire:SevenWalls","infinitespire:UltimateForm"],"picked":"ReplayTheSpireMod:Book of Names","floor":63.0},{"not_picked":["Hidden Blade","Sucker Punch"],"picked":"Singing Bowl","floor":63.0},{"not_picked":["All Out Attack"],"picked":"Well Laid Plans","floor":65.0},{"not_picked":["Wraith Form v2","Glass Knife"],"picked":"Singing Bowl","floor":67.0},{"not_picked":["Calculated Gamble"],"picked":"Caltrops+1","floor":69.0},{"not_picked":["Prepared"],"picked":"Skewer+1","floor":71.0},{"not_picked":["Deadly Poison","Sucker Punch"],"picked":"Singing Bowl","floor":74.0},{"not_picked":["Deadly Poison","Underhanded Strike"],"picked":"Singing Bowl","floor":79.0},{"not_picked":["Sucker Punch"],"picked":"Outmaneuver+1","floor":81.0},{"not_picked":["Leg Sweep"],"picked":"ReplayTheSpireMod:Speed Training","floor":82.0},{"not_picked":["Venomology"],"picked":"Atom Bomb","floor":84.0},{"not_picked":["Eruption","Vigilance"],"picked":"Singing Bowl","floor":85.0},{"not_picked":["Burst"],"picked":"Bullet Time","floor":85.0},{"not_picked":["Replay:SS_fish_3"],"picked":"expansioncontent:DarkVoid","floor":85.0},{"not_picked":["infinitespire:FinalStrike"],"picked":"ReplayTheSpireMod:??????????????????????","floor":85.0},{"not_picked":["infinitespire:DeathsTouch","infinitespire:Gouge"],"picked":"infinitespire:Fortify","floor":86.0},{"not_picked":["Backflip"],"picked":"Finisher+1","floor":86.0},{"not_picked":["Eviscerate","Flechettes"],"picked":"Singing Bowl","floor":87.0},{"not_picked":["Outmaneuver+1"],"picked":"Catalyst","floor":90.0},{"not_picked":["Eviscerate"],"picked":"conspire:PoisonWeapons+1","floor":91.0},{"not_picked":["Atom Bomb"],"picked":"Slice+1","floor":93.0},{"not_picked":["Poisoned Stab"],"picked":"Fluid Movement+1","floor":96.0},{"not_picked":["Sucker Punch","Tactician"],"picked":"Singing Bowl","floor":97.0},{"not_picked":["Poisoned Stab+1","PiercingWail+1"],"picked":"Singing Bowl","floor":99.0},{"not_picked":["Tools of the Trade"],"picked":"Adrenaline","floor":101.0},{"not_picked":["Tactician","PiercingWail"],"picked":"Singing Bowl","floor":103.0},{"not_picked":["Flying Knee","Dagger Throw"],"picked":"Singing Bowl","floor":104.0},{"not_picked":["Hidden Blade","Dagger Throw"],"picked":"Singing Bowl","floor":106.0},{"not_picked":["Infinite Blades","Riddle With Holes"],"picked":"Singing Bowl","floor":107.0},{"not_picked":["Atom Bomb","Cloak And Dagger"],"picked":"Singing Bowl","floor":109.0},{"not_picked":["Flechettes","Eviscerate"],"picked":"Singing Bowl","floor":110.0},{"not_picked":["Slice","Tactician"],"picked":"Singing Bowl","floor":116.0},{"not_picked":["Glass Knife"],"picked":"Envenom","floor":118.0},{"not_picked":["Cloak And Dagger"],"picked":"Fluid Movement+1","floor":120.0},{"not_picked":["Prepared"],"picked":"Endless Agony","floor":121.0},{"not_picked":["Sucker Punch+1","Predator"],"picked":"Singing Bowl","floor":122.0},{"not_picked":["Deflect"],"picked":"Slice+1","floor":123.0},{"not_picked":["Cloak And Dagger"],"picked":"Calculated Gamble+1","floor":123.0},{"not_picked":["All Out Attack"],"picked":"Sneak Up","floor":123.0},{"not_picked":["Poisoned Stab"],"picked":"A Thousand Cuts","floor":123.0},{"not_picked":["Dagger Throw","Cloak And Dagger"],"picked":"Singing Bowl","floor":123.0},{"not_picked":["Crippling Poison","ReplayTheSpireMod:Exploit Weakness+1"],"picked":"Singing Bowl","floor":124.0},{"not_picked":["Flying Knee","Hidden Blade"],"picked":"Singing Bowl","floor":126.0},{"not_picked":["Predator"],"picked":"Endless Agony+1","floor":127.0},{"not_picked":["Leg Sweep"],"picked":"Accuracy","floor":132.0},{"not_picked":["Deadly Poison","Dagger Throw+1"],"picked":"Singing Bowl","floor":133.0},{"not_picked":["Unload","Glass Knife"],"picked":"Singing Bowl","floor":135.0},{"not_picked":["Distraction+1","Infinite Blades","Deflect+1"],"picked":"Singing Bowl","floor":137.0},{"not_picked":["Dagger Throw+1","Outmaneuver","Prepared+1"],"picked":"Singing Bowl","floor":139.0},{"not_picked":["Calculated Gamble+1","Dodge and Roll+1"],"picked":"Caltrops+1","floor":140.0},{"not_picked":["Cloak And Dagger","Poisoned Stab"],"picked":"Sneak Up+1","floor":141.0},{"not_picked":["Flying Knee","Glass Knife"],"picked":"Well Laid Plans+1","floor":143.0},{"not_picked":["Flying Knee+1","Outmaneuver+1"],"picked":"Endless Agony+1","floor":149.0},{"not_picked":["Unload","Bullet Time"],"picked":"Glass Knife","floor":152},{"not_picked":["Acrobatics+1","Backflip+1","Outmaneuver+1"],"picked":"Singing Bowl","floor":156}],"player_experience":214166,"relics_obtained":[{"floor":9.0,"key":"Snake Skull"},{"floor":14.0,"key":"infinitespire:ShieldingShard"},{"floor":24.0,"key":"Boot"},{"floor":26.0,"key":"Pantograph"},{"floor":27.0,"key":"infinitespire:CheckeredPen"},{"floor":30.0,"key":"Bottled Lightning"},{"floor":43.0,"key":"Question Card"},{"floor":44.0,"key":"Ancient Tea Set"},{"floor":48.0,"key":"Vajra"},{"floor":57.0,"key":"Replay:Bottled Flurry"},{"floor":60.0,"key":"Matryoshka"},{"floor":62.0,"key":"infinitespire:Midas Blood"},{"floor":62.0,"key":"Singing Bowl"},{"floor":63.0,"key":"Nunchaku"},{"floor":74.0,"key":"Bird Faced Urn"},{"floor":77.0,"key":"Blue Doll"},{"floor":77.0,"key":"Akabeko"},{"floor":91.0,"key":"Replay:Baseball"},{"floor":93.0,"key":"Replay:WaspNest"},{"floor":94.0,"key":"Simple Rune"},{"floor":96.0,"key":"infinitespire:FocusingShard"},{"floor":102.0,"key":"Gremlin Food"},{"floor":102.0,"key":"Replay:Bottled Snecko"},{"floor":102.0,"key":"Replay:Arrowhead"},{"floor":111.0,"key":"Ninja Scroll"},{"floor":121.0,"key":"Red Mask"},{"floor":124.0,"key":"Replay:Multitool"},{"floor":127.0,"key":"infinitespire:Beetle Shell"},{"floor":128.0,"key":"Meat on the Bone"},{"floor":131.0,"key":"ReplayTheSpireMod:Shallot"},{"floor":133.0,"key":"Replay:Mystery Machine"},{"floor":143.0,"key":"Bronze Scales"},{"floor":145.0,"key":"infinitespire:PuzzleCube"},{"floor":148.0,"key":"Dream Catcher"},{"floor":156,"key":"Happy Flower"}],"event_choices":[{"damage_healed":0.0,"max_hp_gain":0.0,"max_hp_loss":0.0,"gold_gain":51.0,"event_name":"Golden Wing","player_choice":"Gained Gold","floor":3.0,"gold_loss":0.0,"damage_taken":0.0},{"damage_healed":0.0,"max_hp_gain":0.0,"max_hp_loss":0.0,"gold_gain":0.0,"event_name":"Upgrade Shrine","player_choice":"Upgraded","floor":11.0,"gold_loss":0.0,"damage_taken":0.0,"cards_upgraded":["Skewer"]},{"damage_healed":0.0,"max_hp_gain":0.0,"max_hp_loss":0.0,"gold_gain":0.0,"event_name":"conspire:Investor","player_choice":"Leave","floor":20.0,"gold_loss":0.0,"damage_taken":0.0},{"damage_healed":0.0,"max_hp_gain":0.0,"max_hp_loss":0.0,"gold_gain":0.0,"event_name":"Match and Keep!","player_choice":"3 cards matched","floor":36.0,"gold_loss":0.0,"damage_taken":0.0,"cards_obtained":["Injury","Tools of the Trade","ReplayTheSpireMod:Exploit Weakness"]},{"damage_healed":0.0,"max_hp_gain":0.0,"max_hp_loss":0.0,"gold_gain":0.0,"event_name":"SensoryStone","player_choice":"Memory 1","floor":41.0,"gold_loss":0.0,"damage_taken":0.0},{"damage_healed":0.0,"max_hp_gain":0.0,"max_hp_loss":0.0,"gold_gain":0.0,"event_name":"Drug Dealer","player_choice":"Inject Mutagens","floor":70.0,"gold_loss":0.0,"damage_taken":0.0,"relics_obtained":["MutagenicStrength"]},{"damage_healed":0.0,"max_hp_gain":0.0,"max_hp_loss":0.0,"gold_gain":99.0,"event_name":"Nest","player_choice":"Stole From Cult","floor":73.0,"gold_loss":0.0,"damage_taken":0.0},{"damage_healed":0.0,"max_hp_gain":0.0,"max_hp_loss":0.0,"gold_gain":0.0,"event_name":"The Library","player_choice":"Read","floor":75.0,"gold_loss":0.0,"damage_taken":0.0,"cards_obtained":["ReplayTheSpireMod:Speed Training"]},{"cards_removed":["Strike_G"],"damage_healed":0.0,"max_hp_gain":0.0,"max_hp_loss":0.0,"gold_gain":0.0,"event_name":"Purifier","player_choice":"Purged","floor":89.0,"gold_loss":0.0,"damage_taken":0.0},{"damage_healed":0.0,"max_hp_gain":0.0,"max_hp_loss":0.0,"gold_gain":0.0,"event_name":"Mysterious Sphere","player_choice":"Ignored","floor":98.0,"gold_loss":0.0,"damage_taken":0.0},{"damage_healed":0.0,"max_hp_gain":0.0,"max_hp_loss":0.0,"gold_gain":0.0,"event_name":"Dead Adventurer","player_choice":"Searched \u00270\u0027 times","floor":113.0,"gold_loss":0.0,"damage_taken":0.0},{"damage_healed":0.0,"max_hp_gain":0.0,"max_hp_loss":0.0,"gold_gain":0.0,"event_name":"Masked Bandits","player_choice":"Fought Bandits","floor":121.0,"gold_loss":0.0,"damage_taken":0.0},{"cards_removed":["Neutralize"],"damage_healed":0.0,"max_hp_gain":0.0,"max_hp_loss":0.0,"gold_gain":0.0,"event_name":"Bonfire Elementals","player_choice":"Offered Basic","floor":129.0,"gold_loss":0.0,"damage_taken":0.0},{"damage_healed":0.0,"max_hp_gain":0.0,"max_hp_loss":0.0,"gold_gain":0.0,"event_name":"Match and Keep!","player_choice":"0 cards matched","floor":147.0,"gold_loss":0.0,"damage_taken":0.0,"cards_obtained":[]},{"damage_healed":0.0,"max_hp_gain":0.0,"max_hp_loss":0.0,"gold_gain":0.0,"event_name":"Match and Keep!","player_choice":"0 cards matched","floor":147.0,"gold_loss":0.0,"damage_taken":0.0,"cards_obtained":[]},{"damage_healed":0.0,"max_hp_gain":0.0,"max_hp_loss":6.0,"gold_gain":0.0,"event_name":"Winding Halls","player_choice":"Max HP","floor":150.0,"gold_loss":0.0,"damage_taken":0.0}],"is_beta":false,"boss_relics":[{"not_picked":["Ring of the Serpent","Replay:Bronze Core"],"picked":"Busted Crown"},{"not_picked":["Snecko Eye","Runic Dome"],"picked":"Replay:Grab Bag"},{"not_picked":["Cursed Key","ChewingGum"],"picked":"infinitespire:Cupcake"},{"not_picked":["ReplayTheSpireMod:Onyx Gauntlets","ReplayTheSpireMod:DimensionalGlitch"],"picked":"Fusion Hammer"},{"not_picked":["Kintsugi","SacredBark"],"picked":"conspire:RunicOctahedron"},{"not_picked":["SlaversCollar","Calling Bell"],"picked":"Ring of Chaos"},{"not_picked":["Tiny House","Black Star"],"picked":"Astrolabe"},{"not_picked":["Cursed Key","Replay:Wanted Poster"],"picked":"Sozu"},{"not_picked":["conspire:SlowCooker","Velvet Choker"],"picked":"ReplayTheSpireMod:SealedPack"},{"not_picked":["Empty Cage","Philosopher\u0027s Stone"],"picked":"Calling Bell"},{"not_picked":["SacredBark","Runic Dome"],"picked":"conspire:RoyalGoblet"},{"not_picked":["Replay:Bronze Core","Replay:Ancient Bell"],"picked":"Honey Jar"},{"not_picked":["ChewingGum","Coffee Dripper"],"picked":"conspire:SeveredTorchhead"}],"items_purged_floors":[29,64,72,105,144],"is_endless":true,"potions_floor_spawned":[7,16,18,22,27,33,39,48,53,59,67,71,74,87,91,99,101,107,109,110,118,124,127,132,133,137,141,143,156],"killed_by":"The Heart","ascension_level":4}}