{"host":"m3herrhkesxm9ooc","time":1609241090,"event":{"mods":["BaseMod","Hermit","Minty Spire (QoL Compilation)","StSLib","The Hierophant"],"gold_per_floor":[115,80,355,373,392,392,420,420,420,420,420],"floor_reached":10,"playtime":248,"items_purged":[],"score":119,"play_id":"13bcc09d-3335-4619-b8db-2ee38751930e","local_time":"20201229202450","is_ascension_mode":true,"campfire_choices":[{"data":"hermit:WideOpen","floor":6,"key":"SMITH"},{"data":"hermit:FlashPowder","floor":8,"key":"SMITH"}],"circlet_count":0,"master_deck":["AscendersBane","hermit:Strike_Hermit","hermit:Strike_Hermit","hermit:Strike_Hermit","hermit:Strike_Hermit","hermit:Defend_Hermit","hermit:Defend_Hermit","hermit:Defend_Hermit","hermit:Defend_Hermit","hermit:Snapshot","hermit:Covet","hermit:FlashPowder+1","Regret","hermit:HighCaliber","hermit:WideOpen+1","hermit:Ricochet"],"relics":["hermit:Momento","NeowsBlessing","Turnip","Girya"],"acts_visited":["Exordium"],"potions_floor_usage":[7,7],"damage_taken":[{"damage":0,"enemies":"Jaw Worm","floor":1,"turns":1},{"damage":0,"enemies":"Cultist","floor":4,"turns":1},{"damage":0,"enemies":"2 Louse","floor":5,"turns":1},{"damage":14,"enemies":"Lagavulin","floor":7,"turns":7},{"damage":13,"enemies":"3 Sentries","floor":10,"turns":4}],"seed_played":"-8111365778467476460","potions_obtained":[{"floor":1,"key":"hermit:Tonic"},{"floor":4,"key":"Ancient Potion"}],"is_trial":false,"path_per_floor":["M","?","?","M","M","R","E","R","T","E"],"character_chosen":"HERMIT","items_purchased":[],"campfire_rested":0,"item_purchase_floors":[],"current_hp_per_floor":[64,71,71,71,71,71,57,57,57,44,44],"gold":420,"neow_bonus":"THREE_ENEMY_KILL","is_daily":false,"chose_seed":false,"campfire_upgraded":2,"win_rate":0.0,"timestamp":1609241090,"path_taken":["M","?","?","?","?","R","E","R","T","E"],"items_purchased_type":[],"build_version":"2020-12-22","purchased_purges":0,"victory":false,"max_hp_per_floor":[71,71,71,71,71,71,71,71,71,71,71],"card_choices":[{"not_picked":["hermit:Coalescence","hermit:HoleUp"],"picked":"hermit:FlashPowder","floor":1},{"not_picked":["hermit:Dive","hermit:Quickdraw"],"picked":"hermit:HighCaliber","floor":4},{"not_picked":["hermit:GhostlyPresence","hermit:Ricochet"],"picked":"hermit:WideOpen","floor":5},{"not_picked":["hermit:Misfire","hermit:Gambit"],"picked":"hermit:Ricochet","floor":7}],"player_experience":664996,"relics_obtained":[{"floor":7,"key":"Turnip"},{"floor":9,"key":"Girya"}],"event_choices":[{"damage_healed":17,"gold_gain":0,"player_choice":"Healed","damage_taken":0,"max_hp_gain":0,"max_hp_loss":0,"event_name":"The Cleric","floor":2,"gold_loss":35},{"damage_healed":0,"gold_gain":275,"player_choice":"Desecrate","damage_taken":0,"max_hp_gain":0,"max_hp_loss":0,"event_name":"Golden Shrine","floor":3,"gold_loss":0,"cards_obtained":["Regret"]}],"is_beta":false,"boss_relics":[],"items_purged_floors":[],"is_endless":false,"potions_floor_spawned":[1,4],"killed_by":"3 Sentries","ascension_level":16}}