{"host":"dl7h25vjpuplx29g","time":1609257924,"event":{"mods":["BaseMod","Colored Map","Minty Spire (QoL Compilation)"],"gold_per_floor":[16,36,53,53,63,93,113,113,113,142,142,217,217,236,236,314,314,328,328,341,256,272,272,59,59,59,59,79,79,97,97,109,192,204,231,262,184,208,240,285,322,334,346,390,455,467,507,530,542,554,566,578,43,74,74,74],"floor_reached":55,"playtime":41972,"items_purged":["Strike_G"],"score":1299,"play_id":"162618a9-3112-43b5-a694-0698482d64a3","local_time":"20201230010524","is_ascension_mode":true,"campfire_choices":[{"data":"Phantasmal Killer","floor":8.0,"key":"SMITH"},{"data":"Crippling Poison","floor":11.0,"key":"SMITH"},{"data":"Neutralize","floor":13.0,"key":"SMITH"},{"data":"Sucker Punch","floor":15.0,"key":"SMITH"},{"data":"Accuracy","floor":23.0,"key":"SMITH"},{"data":"Footwork","floor":25.0,"key":"SMITH"},{"data":"Storm of Steel","floor":27.0,"key":"SMITH"},{"data":"Terror","floor":29.0,"key":"SMITH"},{"data":"After Image","floor":32.0,"key":"SMITH"},{"floor":42.0,"key":"RECALL"},{"floor":49,"key":"REST"},{"floor":52,"key":"REST"}],"circlet_count":0,"master_deck":["AscendersBane","Strike_G","Strike_G","Defend_G","Defend_G","Defend_G","Defend_G","Survivor+1","Neutralize+1","Unload","Phantasmal Killer+1","Dash","Blade Dance","Predator","Dagger Spray","Sucker Punch+1","Poisoned Stab","Crippling Poison+1","Infinite Blades","After Image+1","Accuracy+1","Storm of Steel+1","Footwork+1","Terror+1","Dash+1","Tools of the Trade","Prepared+1","Blade Dance","Tactician","Adrenaline","Blade Dance+1","Outmaneuver","Pain","Choke","Accuracy+1","Acrobatics","A Thousand Cuts"],"relics":["Lantern","Eternal Feather","Dream Catcher","Runic Pyramid","Nloth\u0027s Gift","Bird Faced Urn","Medical Kit","Pear","MawBank","Fusion Hammer","Letter Opener","Ice Cream","Gremlin Horn","Incense Burner","WarpedTongs","Smiling Mask","Tough Bandages","Oddly Smooth Stone","Boot"],"acts_visited":["Exordium","TheCity","TheBeyond","TheEnding"],"potions_floor_usage":[50,55],"damage_taken":[{"damage":0.0,"enemies":"Jaw Worm","floor":1.0,"turns":2.0},{"damage":0.0,"enemies":"Cultist","floor":2.0,"turns":3.0},{"damage":2.0,"enemies":"2 Louse","floor":3.0,"turns":2.0},{"damage":10.0,"enemies":"Gremlin Gang","floor":5.0,"turns":5.0},{"damage":12.0,"enemies":"Lagavulin","floor":6.0,"turns":4.0},{"damage":0.0,"enemies":"Exordium Wildlife","floor":7.0,"turns":3.0},{"damage":7.0,"enemies":"3 Sentries","floor":10.0,"turns":5.0},{"damage":0.0,"enemies":"2 Fungi Beasts","floor":14.0,"turns":3.0},{"damage":45.0,"enemies":"The Guardian","floor":16.0,"turns":10.0},{"damage":2.0,"enemies":"Chosen","floor":18.0,"turns":3.0},{"damage":6.0,"enemies":"Shell Parasite","floor":20.0,"turns":4.0},{"damage":9.0,"enemies":"Snecko","floor":22.0,"turns":4.0},{"damage":14.0,"enemies":"3 Cultists","floor":28.0,"turns":4.0},{"damage":13.0,"enemies":"Centurion and Healer","floor":30.0,"turns":3.0},{"damage":39.0,"enemies":"Champ","floor":33.0,"turns":8.0},{"damage":18.0,"enemies":"3 Shapes","floor":35.0,"turns":6.0},{"damage":0.0,"enemies":"Orb Walker","floor":36.0,"turns":4.0},{"damage":37.0,"enemies":"4 Shapes","floor":38.0,"turns":5.0},{"damage":39.0,"enemies":"Jaw Worm Horde","floor":39.0,"turns":5.0},{"damage":1.0,"enemies":"Nemesis","floor":40.0,"turns":7.0},{"damage":2.0,"enemies":"Mind Bloom Boss Battle","floor":41.0,"turns":6.0},{"damage":0.0,"enemies":"Giant Head","floor":44.0,"turns":4.0},{"damage":9.0,"enemies":"Nemesis","floor":47.0,"turns":5.0},{"damage":34,"enemies":"Sphere and 2 Shapes","floor":48,"turns":5},{"damage":81,"enemies":"Donu and Deca","floor":50,"turns":9},{"damage":42,"enemies":"Shield and Spear","floor":54,"turns":9},{"damage":116,"enemies":"The Heart","floor":55,"turns":6}],"seed_played":"-2214427482504431663","potions_obtained":[{"floor":1.0,"key":"Energy Potion"},{"floor":3.0,"key":"FairyPotion"},{"floor":7.0,"key":"Fruit Juice"},{"floor":14.0,"key":"LiquidMemories"},{"floor":28.0,"key":"AttackPotion"},{"floor":40.0,"key":"PowerPotion"},{"floor":44.0,"key":"Poison Potion"},{"floor":47.0,"key":"CunningPotion"}],"is_trial":false,"path_per_floor":["M","M","M","?","M","E","M","R","T","E","R","?","R","M","R","B",null,"M","?","M","?","M","R","$","R","T","R","M","R","M","?","R","B",null,"M","M","?","M","M","E","?","R","T","E","T","?","E","M","R","B",null,"R","$","E","B"],"character_chosen":"THE_SILENT","items_purchased":["Footwork","Medical Kit","Tough Bandages","Oddly Smooth Stone","Block Potion"],"campfire_rested":2,"item_purchase_floors":[24,24,53,53,53],"current_hp_per_floor":[63,63,61,70,60,48,48,48,48,41,53,42,54,59,71,26,63,61,61,55,55,50,62,62,75,85,85,71,85,74,74,85,48,76,66,74,74,45,16,25,29,47,47,59,59,59,60,34,80,11,67,85,85,52,0,0],"gold":74,"neow_bonus":"TRANSFORM_TWO_CARDS","is_daily":false,"chose_seed":false,"campfire_upgraded":9,"win_rate":0.0,"timestamp":1609257924,"path_taken":["M","M","M","?","?","E","M","R","T","E","R","?","R","M","R","BOSS","M","?","?","?","M","R","$","R","T","R","M","R","M","?","R","BOSS","M","M","?","M","?","E","?","R","T","E","?","?","E","M","R","BOSS","R","$","E","BOSS"],"items_purchased_type":["Card","Relic","Relic","Relic","Potion"],"build_version":"2020-12-22","purchased_purges":1,"victory":false,"max_hp_per_floor":[70,70,70,70,70,70,70,70,70,70,70,70,70,75,75,75,75,75,75,75,75,75,75,75,75,85,85,85,85,85,85,85,85,85,85,85,85,85,85,85,85,85,85,85,85,85,85,85,85,85,85,85,85,85,85,85],"card_choices":[{"not_picked":["Predator","Finisher"],"picked":"Dash","floor":1.0},{"not_picked":["Bane","Choke"],"picked":"Blade Dance","floor":2.0},{"not_picked":["Expertise","Sucker Punch"],"picked":"Predator","floor":3.0},{"not_picked":["Sucker Punch","Escape Plan"],"picked":"Dagger Spray","floor":5.0},{"not_picked":["Predator","Outmaneuver"],"picked":"Sucker Punch","floor":6.0},{"not_picked":["Cloak And Dagger","Riddle With Holes"],"picked":"Poisoned Stab","floor":7.0},{"not_picked":["Flying Knee","Night Terror"],"picked":"Crippling Poison","floor":10.0},{"not_picked":["Sucker Punch","Bane"],"picked":"Infinite Blades","floor":14.0},{"not_picked":["Envenom","Malaise"],"picked":"After Image","floor":16.0},{"not_picked":["Prepared","Slice+1"],"picked":"Accuracy","floor":18.0},{"not_picked":["Poisoned Stab+1","Crippling Poison+1"],"picked":"Storm of Steel","floor":20.0},{"not_picked":["Sucker Punch","Unload","Caltrops"],"picked":"SKIP","floor":22.0},{"not_picked":["Leg Sweep","Accuracy"],"picked":"Terror","floor":28.0},{"not_picked":["Eviscerate","Deadly Poison+1"],"picked":"Dash+1","floor":30.0},{"not_picked":["Night Terror","Phantasmal Killer"],"picked":"Tools of the Trade","floor":33.0},{"not_picked":["Catalyst+1","Underhanded Strike+1"],"picked":"Prepared+1","floor":35.0},{"not_picked":["Dagger Spray","Bane","All Out Attack"],"picked":"SKIP","floor":36.0},{"not_picked":["Distraction","Sucker Punch"],"picked":"Blade Dance","floor":38.0},{"not_picked":["PiercingWail","Cloak And Dagger+1"],"picked":"Tactician","floor":39.0},{"not_picked":["Night Terror","Malaise"],"picked":"Adrenaline","floor":40.0},{"not_picked":["Prepared","Catalyst"],"picked":"Blade Dance+1","floor":41.0},{"not_picked":["Slice","Predator+1"],"picked":"Outmaneuver","floor":44.0},{"not_picked":["Escape Plan+1","Flechettes"],"picked":"Choke","floor":47.0},{"not_picked":["Deadly Poison+1","Underhanded Strike","Dodge and Roll"],"picked":"SKIP","floor":48},{"not_picked":["Poisoned Stab","Dagger Throw+1"],"picked":"Accuracy+1","floor":49},{"not_picked":["Deflect","Quick Slash"],"picked":"Acrobatics","floor":52},{"not_picked":["Endless Agony","Unload"],"picked":"A Thousand Cuts","floor":54}],"player_experience":1288716,"relics_obtained":[{"floor":6.0,"key":"Lantern"},{"floor":9.0,"key":"Eternal Feather"},{"floor":10.0,"key":"Dream Catcher"},{"floor":26.0,"key":"Pear"},{"floor":40.0,"key":"Letter Opener"},{"floor":41.0,"key":"Ice Cream"},{"floor":43.0,"key":"Gremlin Horn"},{"floor":44.0,"key":"Incense Burner"},{"floor":47.0,"key":"Smiling Mask"},{"floor":54,"key":"Boot"}],"event_choices":[{"damage_healed":9.0,"max_hp_gain":0.0,"max_hp_loss":0.0,"gold_gain":0.0,"event_name":"Wheel of Change","player_choice":"Full Heal","floor":4.0,"gold_loss":0.0,"damage_taken":0.0},{"damage_healed":0.0,"max_hp_gain":0.0,"max_hp_loss":0.0,"gold_gain":75.0,"event_name":"World of Goop","player_choice":"Gather Gold","floor":12.0,"gold_loss":0.0,"damage_taken":11.0},{"damage_healed":0.0,"max_hp_gain":0.0,"max_hp_loss":0.0,"gold_gain":0.0,"event_name":"N\u0027loth","player_choice":"Traded Relic","floor":19.0,"relics_lost":["Ring of the Snake"],"gold_loss":0.0,"damage_taken":0.0,"relics_obtained":["Nloth\u0027s Gift"]},{"damage_healed":0.0,"max_hp_gain":0.0,"max_hp_loss":0.0,"gold_gain":0.0,"event_name":"Addict","player_choice":"Obtained Relic","floor":21.0,"gold_loss":85.0,"damage_taken":0.0,"relics_obtained":["Bird Faced Urn"]},{"damage_healed":0.0,"max_hp_gain":0.0,"max_hp_loss":0.0,"gold_gain":0.0,"event_name":"The Mausoleum","player_choice":"Opened","floor":31.0,"gold_loss":0.0,"damage_taken":0.0,"relics_obtained":["MawBank"]},{"cards_removed":["Strike_G"],"damage_healed":0.0,"max_hp_gain":0.0,"max_hp_loss":0.0,"gold_gain":0.0,"event_name":"Designer","player_choice":"Upgrade and Remove","floor":37.0,"gold_loss":90.0,"damage_taken":0.0,"cards_upgraded":["Survivor"]},{"damage_healed":0.0,"max_hp_gain":0.0,"max_hp_loss":0.0,"gold_gain":0.0,"event_name":"MindBloom","player_choice":"Fight","floor":41.0,"gold_loss":0.0,"damage_taken":0.0},{"damage_healed":0.0,"max_hp_gain":0.0,"max_hp_loss":0.0,"gold_gain":0.0,"event_name":"Accursed Blacksmith","player_choice":"Rummage","floor":46.0,"gold_loss":0.0,"damage_taken":0.0,"relics_obtained":["WarpedTongs"],"cards_obtained":["Pain"]}],"is_beta":false,"boss_relics":[{"not_picked":["Runic Dome","SacredBark"],"picked":"Runic Pyramid"},{"not_picked":["Calling Bell","Astrolabe"],"picked":"Fusion Hammer"}],"items_purged_floors":[53],"is_endless":false,"potions_floor_spawned":[1,3,7,14,18,28,30,33,40,44,47,54],"killed_by":"The Heart","ascension_level":13}}