{"host":"x1qj4d8ympd5jdqh","time":1609237098,"event":{"mods":["AchievementEnabler","AlwaysNeverKeys","BaseMod","Colored Map","Custom Start","DeckTracker","Highlight Path","Minty Spire (QoL Compilation)","StSLib","SuperFastMode"],"gold_per_floor":[109,119,138,138,138,138,151,151,151,68,79,79,4,17,17,88,88,104,104,129,29,45,76,76,76,101,101,117,136,147,97,97,175,175,186,201,201,219,7,7,41,41,65,65,95,6,26,60,60,60,60,60,60,10,44,44],"floor_reached":57,"playtime":2944,"items_purged":["Strike_G","Defend_G","Defend_G","Heel Hook","Defend_G","Quick Slash"],"score":3250,"play_id":"28c93387-6ec1-4238-9f43-15a7e4b82ab0","local_time":"20201229191818","is_ascension_mode":true,"campfire_choices":[{"data":"Skewer","floor":6.0,"key":"SMITH"},{"data":"Concentrate","floor":8.0,"key":"SMITH"},{"data":"Tactician","floor":12.0,"key":"SMITH"},{"data":"Acrobatics","floor":15.0,"key":"SMITH"},{"data":"Prepared","floor":24.0,"key":"SMITH"},{"data":"Reflex","floor":32.0,"key":"SMITH"},{"data":"Footwork","floor":42.0,"key":"SMITH"},{"floor":49.0,"key":"RECALL"},{"data":"Blur","floor":53,"key":"SMITH"}],"circlet_count":0,"master_deck":["AscendersBane","Defend_G","Survivor","Neutralize+1","Concentrate+1","Acrobatics+1","Tactician+1","Backflip","Escape Plan","Grand Finale","Venomology+1","Prepared+1","Reflex+1","Footwork+1","Malaise","Blur+1"],"relics":["Ring of the Snake","Toy Ornithopter","Astrolabe","Red Mask","Bottled Lightning","Smiling Mask","Empty Cage","TheAbacus","Oddly Smooth Stone","Bag of Marbles","Singing Bowl","Orichalcum","Blue Candle"],"acts_visited":["Exordium","TheCity","TheBeyond","TheEnding"],"potions_floor_usage":[50,50,55,55,56,56,56],"damage_taken":[{"damage":0.0,"enemies":"Jaw Worm","floor":1.0,"turns":5.0},{"damage":0.0,"enemies":"2 Louse","floor":2.0,"turns":3.0},{"damage":1.0,"enemies":"Small Slimes","floor":3.0,"turns":4.0},{"damage":11.0,"enemies":"Looter","floor":7.0,"turns":3.0},{"damage":1.0,"enemies":"Red Slaver","floor":11.0,"turns":2.0},{"damage":4.0,"enemies":"2 Fungi Beasts","floor":14.0,"turns":3.0},{"damage":10.0,"enemies":"The Guardian","floor":16.0,"turns":11.0},{"damage":0.0,"enemies":"Shell Parasite","floor":18.0,"turns":3.0},{"damage":0.0,"enemies":"Masked Bandits","floor":20.0,"turns":2.0},{"damage":0.0,"enemies":"2 Thieves","floor":22.0,"turns":2.0},{"damage":38.0,"enemies":"Slavers","floor":23.0,"turns":5.0},{"damage":11.0,"enemies":"Snake Plant","floor":28.0,"turns":5.0},{"damage":0.0,"enemies":"3 Cultists","floor":29.0,"turns":5.0},{"damage":16.0,"enemies":"Shelled Parasite and Fungi","floor":30.0,"turns":3.0},{"damage":1.0,"enemies":"Automaton","floor":33.0,"turns":5.0},{"damage":2.0,"enemies":"Orb Walker","floor":35.0,"turns":2.0},{"damage":0.0,"enemies":"3 Shapes","floor":36.0,"turns":1.0},{"damage":0.0,"enemies":"Jaw Worm Horde","floor":38.0,"turns":1.0},{"damage":0.0,"enemies":"Giant Head","floor":41.0,"turns":2.0},{"damage":0.0,"enemies":"Nemesis","floor":45.0,"turns":1.0},{"damage":0.0,"enemies":"Writhing Mass","floor":47.0,"turns":1.0},{"damage":0.0,"enemies":"Reptomancer","floor":48.0,"turns":1.0},{"damage":20,"enemies":"Time Eater","floor":50,"turns":16},{"damage":0,"enemies":"Donu and Deca","floor":51,"turns":3},{"damage":0,"enemies":"Shield and Spear","floor":55,"turns":1},{"damage":0,"enemies":"The Heart","floor":56,"turns":10}],"seed_played":"-9214629980774137850","potions_obtained":[{"floor":3.0,"key":"DuplicationPotion"},{"floor":11.0,"key":"Regen Potion"},{"floor":16.0,"key":"Fruit Juice"},{"floor":23.0,"key":"Energy Potion"},{"floor":30.0,"key":"AttackPotion"},{"floor":35.0,"key":"Dexterity Potion"},{"floor":38.0,"key":"Strength Potion"},{"floor":48.0,"key":"Weak Potion"},{"floor":55,"key":"CultistPotion"}],"is_trial":false,"path_per_floor":["M","M","M","?","?","R","M","R","T","$","M","R","$","M","R","B",null,"M","?","?","$","M","E","R","?","T","?","M","M","M","$","R","B",null,"M","M","?","M","$","?","E","R","T","T","E","$","M","E","R","B","B",null,"R","$","E","B",null],"character_chosen":"THE_SILENT","items_purchased":["Tactician","TheAbacus","Blur"],"campfire_rested":0,"item_purchase_floors":[10,39,46],"current_hp_per_floor":[59,59,58,63,63,63,52,52,52,52,51,51,51,47,47,42,70,75,75,76,76,76,55,55,33,33,81,70,80,65,65,65,69,78,76,81,81,81,81,77,77,77,77,77,79,79,81,83,83,63,63,78,78,78,85,85],"gold":44,"neow_bonus":"UPGRADE_CARD","is_daily":false,"chose_seed":false,"campfire_upgraded":8,"win_rate":0.0,"timestamp":1609237098,"path_taken":["M","M","M","?","?","R","M","R","T","$","M","R","$","M","R","BOSS","M","?","?","$","?","E","R","?","T","?","M","?","M","$","R","BOSS","M","M","?","?","$","?","E","R","T","?","E","$","M","E","R","BOSS","BOSS","R","$","E","BOSS"],"items_purchased_type":["Card","Relic","Card"],"build_version":"2020-12-22","purchased_purges":6,"victory":true,"max_hp_per_floor":[66,66,66,71,71,71,71,71,71,71,71,71,71,71,71,71,76,76,76,76,76,76,76,76,81,81,81,81,81,81,81,81,81,81,81,81,81,81,81,77,77,77,77,77,79,79,81,83,83,83,83,83,83,83,85,85],"card_choices":[{"not_picked":["Bane","Prepared"],"picked":"Heel Hook","floor":1.0},{"not_picked":["Slice","Outmaneuver"],"picked":"Quick Slash","floor":2.0},{"not_picked":["Underhanded Strike","Caltrops"],"picked":"Concentrate","floor":3.0},{"not_picked":["Backflip","Dash"],"picked":"Acrobatics","floor":7.0},{"not_picked":["Dagger Spray","Sucker Punch"],"picked":"Backflip","floor":11.0},{"not_picked":["Unload","Masterful Stab"],"picked":"Escape Plan","floor":14.0},{"not_picked":["Night Terror","Envenom"],"picked":"Grand Finale","floor":16.0},{"not_picked":["Deadly Poison","Finisher"],"picked":"Prepared","floor":18.0},{"not_picked":["Underhanded Strike","Caltrops+1"],"picked":"Reflex","floor":20.0},{"not_picked":["Terror","Deadly Poison"],"picked":"Footwork","floor":22.0},{"not_picked":["Dash","Expertise","Bane"],"picked":"SKIP","floor":23.0},{"not_picked":["Flying Knee","Backflip","All Out Attack"],"picked":"SKIP","floor":28.0},{"not_picked":["Dodge and Roll","Flying Knee","Accuracy"],"picked":"SKIP","floor":29.0},{"not_picked":["Flechettes","Expertise+1","Outmaneuver+1"],"picked":"SKIP","floor":30.0},{"not_picked":["Doppelganger","Tools of the Trade"],"picked":"Malaise","floor":33.0},{"not_picked":["Dagger Spray+1","Poisoned Stab","Catalyst"],"picked":"SKIP","floor":35.0},{"not_picked":["Dodge and Roll+1","Slice","Quick Slash"],"picked":"SKIP","floor":36.0},{"not_picked":["Dagger Spray","Leg Sweep","Expertise"],"picked":"SKIP","floor":38.0},{"not_picked":["Dagger Spray","Leg Sweep","Expertise"],"picked":"SKIP","floor":38.0},{"not_picked":["Tactician+1","Outmaneuver","Envenom"],"picked":"SKIP","floor":41.0},{"not_picked":["Dodge and Roll","Backflip","PiercingWail"],"picked":"Singing Bowl","floor":45.0},{"not_picked":["Dagger Spray+1","Blur","Eviscerate"],"picked":"Singing Bowl","floor":47.0},{"not_picked":["Slice","Cloak And Dagger","Leg Sweep+1"],"picked":"Singing Bowl","floor":48.0},{"not_picked":["Finisher","Poisoned Stab+1","Distraction"],"picked":"Singing Bowl","floor":55}],"player_experience":1288212,"relics_obtained":[{"floor":9.0,"key":"Toy Ornithopter"},{"floor":20.0,"key":"Red Mask"},{"floor":23.0,"key":"Bottled Lightning"},{"floor":26.0,"key":"Smiling Mask"},{"floor":41.0,"key":"Oddly Smooth Stone"},{"floor":44.0,"key":"Bag of Marbles"},{"floor":45.0,"key":"Singing Bowl"},{"floor":48.0,"key":"Orichalcum"},{"floor":55,"key":"Blue Candle"}],"event_choices":[{"damage_healed":0.0,"max_hp_gain":5.0,"max_hp_loss":0.0,"gold_gain":0.0,"event_name":"Big Fish","player_choice":"Donut","floor":4.0,"gold_loss":0.0,"damage_taken":0.0},{"damage_healed":0.0,"max_hp_gain":0.0,"max_hp_loss":0.0,"gold_gain":0.0,"cards_transformed":["Strike_G"],"event_name":"Living Wall","player_choice":"Change","floor":5.0,"gold_loss":0.0,"damage_taken":0.0,"cards_obtained":["Skewer"]},{"damage_healed":0.0,"max_hp_gain":0.0,"max_hp_loss":0.0,"gold_gain":0.0,"event_name":"Cursed Tome","player_choice":"Ignored","floor":19.0,"gold_loss":0.0,"damage_taken":0.0},{"damage_healed":0.0,"max_hp_gain":0.0,"max_hp_loss":0.0,"gold_gain":0.0,"event_name":"Masked Bandits","player_choice":"Fought Bandits","floor":20.0,"gold_loss":0.0,"damage_taken":0.0},{"damage_healed":0.0,"max_hp_gain":5.0,"max_hp_loss":0.0,"gold_gain":0.0,"event_name":"Forgotten Altar","player_choice":"Shed Blood","floor":25.0,"gold_loss":0.0,"damage_taken":27.0},{"cards_removed":["Flechettes"],"damage_healed":48.0,"max_hp_gain":0.0,"max_hp_loss":0.0,"gold_gain":0.0,"event_name":"Bonfire Elementals","player_choice":"Offered Uncommon","floor":27.0,"gold_loss":0.0,"damage_taken":0.0},{"cards_removed":["Defend_G"],"damage_healed":0.0,"max_hp_gain":0.0,"max_hp_loss":0.0,"gold_gain":0.0,"event_name":"Wheel of Change","player_choice":"Card Removal","floor":37.0,"gold_loss":0.0,"damage_taken":0.0},{"damage_healed":0.0,"max_hp_gain":0.0,"max_hp_loss":4.0,"gold_gain":0.0,"event_name":"Winding Halls","player_choice":"Max HP","floor":40.0,"gold_loss":0.0,"damage_taken":0.0}],"is_beta":false,"boss_relics":[{"not_picked":["Runic Dome","SlaversCollar"],"picked":"Astrolabe"},{"not_picked":["WristBlade","Fusion Hammer"],"picked":"Empty Cage"}],"items_purged_floors":[13,21,31,39,46,54],"is_endless":false,"potions_floor_spawned":[3,11,16,23,28,30,35,38,48,55],"ascension_level":20}}