{"host":"k85tjwrh7mjrrc9a","time":1609274086,"event":{"mods":["AchievementEnabler","BaseMod","Colored Powertips","Highlight Path","Minty Spire (QoL Compilation)","Rare Cards Sparkle","StSLib"],"gold_per_floor":[114,128,142,115,115,148,148,187,187,187,218,243,243,92,92,217,217,233,257,257,157,173,173,173,193,193,193,216,216,255,306,306,306,306],"floor_reached":33,"playtime":1943,"items_purged":["Strike_B","Shame"],"score":312,"play_id":"3ce76efb-db6d-44e1-973c-354ae7c7565d","local_time":"20201229153446","is_ascension_mode":true,"campfire_choices":[{"floor":7,"key":"REST"},{"floor":10,"key":"REST"},{"data":"White Noise","floor":13,"key":"SMITH"},{"floor":15,"key":"REST"},{"floor":23,"key":"REST"},{"floor":32,"key":"REST"}],"circlet_count":0,"master_deck":["Strike_B","Strike_B","Strike_B","Defend_B","Defend_B","Defend_B","Defend_B","Zap","Dualcast","Self Repair","Go for the Eyes","Streamline","Sweeping Beam","Ball Lightning","Coolheaded","White Noise+1","Static Discharge","Machine Learning","Go for the Eyes","Leap","Sweeping Beam","Barrage"],"relics":["Cracked Core","Golden Idol","Tiny Chest","Singing Bowl","Lantern","Odd Mushroom","Inserter","Bird Faced Urn","Bottled Lightning","Shuriken","WingedGreaves","Strawberry"],"acts_visited":["Exordium","TheCity"],"potions_floor_usage":[30,30,30],"damage_taken":[{"damage":0,"enemies":"Small Slimes","floor":1,"turns":2},{"damage":5,"enemies":"Jaw Worm","floor":2,"turns":4},{"damage":6,"enemies":"2 Louse","floor":3,"turns":2},{"damage":44,"enemies":"Lagavulin","floor":6,"turns":8},{"damage":29,"enemies":"3 Sentries","floor":8,"turns":5},{"damage":22,"enemies":"The Mushroom Lair","floor":11,"turns":4},{"damage":11,"enemies":"Lots of Slimes","floor":12,"turns":3},{"damage":34,"enemies":"Hexaghost","floor":16,"turns":9},{"damage":15,"enemies":"Chosen","floor":18,"turns":5},{"damage":32,"enemies":"2 Thieves","floor":19,"turns":4},{"damage":30,"enemies":"Chosen and Byrds","floor":22,"turns":5},{"damage":21,"enemies":"Snake Plant","floor":25,"turns":4},{"damage":10,"enemies":"Colosseum Slavers","floor":27,"turns":4},{"damage":35,"enemies":"3 Cultists","floor":28,"turns":6},{"damage":41,"enemies":"Slavers","floor":30,"turns":5},{"damage":53,"enemies":"Collector","floor":33,"turns":5}],"seed_played":"6387295337558940821","potions_obtained":[{"floor":1,"key":"SpeedPotion"},{"floor":6,"key":"PowerPotion"},{"floor":16,"key":"SneckoOil"},{"floor":18,"key":"Ancient Potion"},{"floor":19,"key":"Weak Potion"},{"floor":30,"key":"GamblersBrew"}],"is_trial":false,"path_per_floor":["M","M","M","$","?","E","R","E","T","R","?","M","R","$","R","B",null,"M","M","?","$","M","R","T","M","T","?","M","?","E","T","R","B"],"character_chosen":"DEFECT","items_purchased":["Sweeping Beam","Static Discharge"],"campfire_rested":5,"item_purchase_floors":[4,14],"current_hp_per_floor":[82,82,82,82,62,25,49,29,29,54,39,35,35,35,60,33,84,76,51,51,51,36,61,61,55,55,60,40,40,5,12,40,0,0],"gold":306,"neow_bonus":"TEN_PERCENT_HP_BONUS","is_daily":false,"chose_seed":false,"campfire_upgraded":1,"win_rate":0.0,"timestamp":1609274086,"path_taken":["M","M","M","$","?","E","R","E","T","R","?","M","R","?","R","BOSS","M","M","?","$","M","R","?","?","T","?","M","?","E","?","R","BOSS"],"items_purchased_type":["Card","Card"],"build_version":"2020-12-22","purchased_purges":2,"victory":false,"max_hp_per_floor":[82,82,82,82,82,82,82,84,84,84,84,84,84,84,84,84,84,84,84,84,84,84,84,84,86,86,86,86,86,88,95,95,95,95],"card_choices":[{"not_picked":["Gash","Beam Cell"],"picked":"Self Repair","floor":1},{"not_picked":["Double Energy","Leap"],"picked":"Go for the Eyes","floor":2},{"not_picked":["Cold Snap","Beam Cell"],"picked":"Streamline","floor":3},{"not_picked":["Lockon","Rebound"],"picked":"Ball Lightning","floor":6},{"not_picked":["Sweeping Beam","Multi-Cast","Stack"],"picked":"Singing Bowl","floor":8},{"not_picked":["Fusion","Reinforced Body"],"picked":"Coolheaded","floor":11},{"not_picked":["Stack","Compile Driver"],"picked":"White Noise","floor":12},{"not_picked":["Fission","All For One"],"picked":"Machine Learning","floor":16},{"not_picked":["FTL","Stack"],"picked":"Go for the Eyes","floor":18},{"not_picked":["Storm","Undo"],"picked":"Leap","floor":19},{"not_picked":["Blizzard","FTL+1"],"picked":"Sweeping Beam","floor":22},{"not_picked":["Cold Snap","Rebound","Heatsinks"],"picked":"Singing Bowl","floor":25},{"not_picked":["Blizzard","Cold Snap+1"],"picked":"Barrage","floor":28},{"not_picked":["Compile Driver+1","Gash+1","Sweeping Beam"],"picked":"Singing Bowl","floor":30}],"player_experience":90777,"relics_obtained":[{"floor":6,"key":"Tiny Chest"},{"floor":8,"key":"Singing Bowl"},{"floor":9,"key":"Lantern"},{"floor":11,"key":"Odd Mushroom"},{"floor":24,"key":"Bottled Lightning"},{"floor":30,"key":"WingedGreaves"},{"floor":31,"key":"Strawberry"}],"event_choices":[{"damage_healed":0,"gold_gain":0,"player_choice":"Take Damage","damage_taken":20,"relics_obtained":["Golden Idol"],"max_hp_gain":0,"max_hp_loss":0,"event_name":"Golden Idol","floor":5,"gold_loss":0},{"damage_healed":0,"gold_gain":0,"player_choice":"Fought Mushrooms","damage_taken":0,"max_hp_gain":0,"max_hp_loss":0,"event_name":"Mushrooms","floor":11,"gold_loss":0},{"damage_healed":0,"gold_gain":0,"player_choice":"Stole Relic","damage_taken":0,"relics_obtained":["Bird Faced Urn"],"max_hp_gain":0,"max_hp_loss":0,"event_name":"Addict","floor":20,"gold_loss":0,"cards_obtained":["Shame"]},{"damage_healed":0,"gold_gain":0,"player_choice":"Fight","damage_taken":0,"max_hp_gain":0,"max_hp_loss":0,"event_name":"Colosseum","floor":27,"gold_loss":0},{"damage_healed":0,"gold_gain":0,"player_choice":"Fled From Nobs","damage_taken":0,"max_hp_gain":0,"max_hp_loss":0,"event_name":"Colosseum","floor":27,"gold_loss":0},{"damage_healed":0,"gold_gain":0,"player_choice":"Opened","damage_taken":0,"relics_obtained":["Shuriken"],"max_hp_gain":0,"max_hp_loss":0,"event_name":"The Mausoleum","floor":29,"gold_loss":0}],"is_beta":false,"boss_relics":[{"not_picked":["Astrolabe","Tiny House"],"picked":"Inserter"}],"items_purged_floors":[14,21],"is_endless":false,"potions_floor_spawned":[1,6,16,18,19,25,27,30],"killed_by":"Collector","ascension_level":1}}