{"host":"njruw0b0uprlitpx","time":1609226255,"event":{"mods":["2.2 Compatiblity","Astrologer","Bartender","BaseMod","Better Altar","Better Match","Better Note","Better Sensory Stone","Better Skull","Better Third Choice","BetterRewards","Block Reminder","Colored Map","Colored Powertips","Energized Spire","Jedi Mod","Keyboard Shortcuts","Magitek Elite","Minty Spire (QoL Compilation)","Quick Restart","Relic Stats","Replay The Spire","SacredBarkPlus","Spicy Shops","StSLib","SuperFastMode","The Dragon Tamer","The Forsaken","The Gatherer","The Marked","The Mystic","The Necromancer","The Spell Scribe","Wandering Minibosses"],"gold_per_floor":[114,114,0,20,20,20,37,37,60,70,70,85,85,100,100,199,199,217,217,217,217],"floor_reached":20,"playtime":631,"items_purged":[],"score":314,"play_id":"8cfb0abf-03ac-45b2-aa34-98a4ed9841eb","local_time":"20201229011735","is_ascension_mode":false,"campfire_choices":[{"data":"Throw","floor":6,"key":"SMITH"},{"data":"Balance","floor":8,"key":"SMITH"},{"data":"Might","floor":11,"key":"SMITH"},{"data":"Mama","floor":15,"key":"SMITH"}],"circlet_count":0,"master_deck":["Strike_L","Strike_L","Strike_L","Defend_L","Defend_L+1","Defend_L","Defend_L","Defend_L","Fire2","Cure","Blizzard_P","Mirage_Vest","Balance+1","Might+1","Flametongue","Slow","Rune_Blade","Wall","Thunder_P","Falchion","Throw+1","Mama+1","Pot Of Greed","Pot Of Greed","Water","Esuna","Pot Of Greed","Force_Armor","Mystery_Veil","Slay_Living+1"],"relics":["Pendant","Orrery","Vajra","Gambling Chip","Membership Card","Grinning Jar","Ring of Hypnosis","Ring of Misfortune","Cursed Key"],"acts_visited":["Exordium","TheCity"],"potions_floor_usage":[16,16],"damage_taken":[{"damage":8,"enemies":"Small Slimes","floor":1,"turns":5},{"damage":4,"enemies":"2 Louse","floor":4,"turns":4},{"damage":0,"enemies":"Cultist","floor":7,"turns":4},{"damage":6,"enemies":"Looter","floor":10,"turns":3},{"damage":9,"enemies":"Red Slaver","floor":12,"turns":2},{"damage":0,"enemies":"Lots of Slimes","floor":14,"turns":3},{"damage":0,"enemies":"Slime Boss","floor":16,"turns":12},{"damage":6,"enemies":"Shell Parasite","floor":18,"turns":3},{"damage":0,"enemies":"Chosen","floor":20,"turns":1}],"seed_played":"-117343532874078063","potions_obtained":[{"floor":4,"key":"Dexterity Potion"},{"floor":7,"key":"AttackPotion"},{"floor":16,"key":"BlessingOfTheForge"},{"floor":18,"key":"DistilledChaos"}],"is_trial":false,"path_per_floor":["M","?","$","M","?","R","M","R","T","M","R","M","?","M","R","B",null,"M","?","M"],"character_chosen":"MAGITEKELITE","items_purchased":["Orrery","Slow","Rune_Blade","Vajra","Gambling Chip","Membership Card","Thunder_P"],"campfire_rested":0,"item_purchase_floors":[0,0,0,0,0,3,3],"current_hp_per_floor":[55,55,55,51,51,51,51,51,51,51,51,42,42,48,48,54,63,57,57,57,57],"gold":217,"neow_bonus":"","is_daily":false,"chose_seed":false,"campfire_upgraded":4,"win_rate":0.0,"timestamp":1609226255,"path_taken":["M","?","$","M","?","R","M","R","T","?","R","M","?","M","R","BOSS","M","?","M"],"items_purchased_type":["Relic","Card","Card","Relic","Relic","Relic","Card"],"build_version":"2020-12-22","purchased_purges":0,"victory":false,"max_hp_per_floor":[63,63,63,63,63,63,63,63,63,63,63,63,63,63,63,63,63,63,63,63,63],"relic_stats":{"counters":[27,122],"Gambling Chip":[4],"Cursed Key":0,"obtain_stats":[{"jedi:angrymask":25,"Singing Bowl":14,"Ring of Hypnosis":13,"Golden Idol":2,"Vajra":0,"Mango":6,"Replay:Kaleidoscope":3,"Cursed Key":17,"jedi:kaleidoscope":27,"ReplayTheSpireMod:Shallot":9,"Pendant":0,"Ornamental Fan":26,"Gambling Chip":0,"Ring of Misfortune":13,"Snecko Eye":17,"Orrery":0,"Art of War":6,"Membership Card":13,"Chemical X":13,"Grinning Jar":9,"InkBottle":12},{"jedi:angrymask":15,"Singing Bowl":11,"Ring of Hypnosis":23,"Golden Idol":1,"Vajra":18,"Mango":8,"Replay:Kaleidoscope":1,"Cursed Key":25,"jedi:kaleidoscope":15,"ReplayTheSpireMod:Shallot":9,"Pendant":0,"Ornamental Fan":15,"Gambling Chip":18,"Ring of Misfortune":23,"Snecko Eye":12,"Orrery":18,"Art of War":3,"Membership Card":11,"Chemical X":11,"Grinning Jar":21,"InkBottle":11},{"jedi:angrymask":76,"Singing Bowl":53,"Ring of Hypnosis":103,"Golden Idol":1,"Vajra":85,"Mango":37,"Replay:Kaleidoscope":1,"Cursed Key":118,"jedi:kaleidoscope":76,"ReplayTheSpireMod:Shallot":44,"Pendant":0,"Ornamental Fan":76,"Gambling Chip":85,"Ring of Misfortune":103,"Snecko Eye":63,"Orrery":85,"Art of War":12,"Membership Card":53,"Chemical X":53,"Grinning Jar":98,"InkBottle":53}]},"card_choices":[{"not_picked":["Heavy_Shield","Crystal_Sword"],"picked":"Blizzard_P","floor":0},{"not_picked":["Magus_Robe","Mythril_Knife"],"picked":"Mirage_Vest","floor":0},{"not_picked":["Heavy_Shield","Thunder_Blade"],"picked":"Balance","floor":0},{"not_picked":["Cursed_Shield","Rasp"],"picked":"Might","floor":0},{"not_picked":["Transfusion","Shell"],"picked":"Flametongue","floor":0},{"not_picked":["Throw","Vox"],"picked":"Wall","floor":1},{"not_picked":["Slow","Astra"],"picked":"Falchion","floor":4},{"not_picked":["Thunder_P","Circlet"],"picked":"Mama","floor":7},{"not_picked":["Thunder_Blade","Crystal_Sword"],"picked":"Water","floor":10},{"not_picked":["Magnus_Hat","Quake"],"picked":"Esuna","floor":12},{"not_picked":["Throw","Water"],"picked":"Force_Armor","floor":14},{"not_picked":["Lightbringer","Quick"],"picked":"Mystery_Veil","floor":16},{"not_picked":["Astra","Poisona","Heavy_Shield"],"picked":"SKIP","floor":18}],"player_experience":1649579,"relics_obtained":[{"floor":9,"key":"Grinning Jar"},{"floor":13,"key":"Ring of Hypnosis"},{"floor":13,"key":"Ring of Misfortune"}],"event_choices":[{"damage_healed":0,"gold_gain":0,"cards_transformed":["Strike_L"],"player_choice":"Transformed","damage_taken":0,"max_hp_gain":0,"max_hp_loss":0,"event_name":"Transmorgrifier","floor":5,"gold_loss":0,"cards_obtained":["Throw"]},{"cards_removed":["Slow"],"damage_healed":0,"gold_gain":0,"player_choice":"Take \u0026 Give","damage_taken":0,"max_hp_gain":0,"max_hp_loss":0,"event_name":"betterNote:BetterNote","floor":19,"gold_loss":0,"cards_obtained":["Slay_Living"]}],"is_beta":false,"boss_relics":[{"not_picked":["Philosopher\u0027s Stone","SlaversCollar"],"picked":"Cursed Key"}],"items_purged_floors":[],"is_endless":false,"potions_floor_spawned":[4,7,14,16,18],"killed_by":"Chosen","ascension_level":0}}