{"host":"uhhucka17mqeuzwb","time":1609229542,"event":{"mods":["2.2 Compatiblity","AchievementEnabler","Act Like it!","Astrologer","BaseMod","Better Altar","Better Skull","Colored Powertips","Defuse TimeMaze Blight","Downfall","Energized Spire","Faster Ascension Climbing","Friendly Minions","Gensokyo","GifTheSpireLib","Gremlin Mod","Gremlin Skip","Hallownest","Hermit","HololiveMod","KinomotoSakuraMod(????)","Lobotomy","Marisa????????","Minty Spire (QoL Compilation)","Quick Restart","Red Circlet Mod","Replay The Spire","Reworked Bosses","Shade Mod","Shop Mod","StSLib","The Administrix","The Animator","The Blue Laboratory","The Bug Knight","The Cursed","The Factory","The Forsaken","The Necromancer","Waifu the Spire"],"gold_per_floor":[114,114,124,124,124,157,157,157,157,172,46,46,3,35,35,135,135,146,115,115,115,155,155,155,155,155,155,117,135,153,167,167,272,272,289,289,199,199,52,52,72,87,87,87,87,106,188,203,203,203,203],"floor_reached":50,"playtime":5939,"items_purged":["Hallucinations"],"score":496,"play_id":"ead33a30-254e-4f3a-9e1b-ee9763018c15","local_time":"20201229031222","is_ascension_mode":false,"campfire_choices":[{"data":"Summon_Death_Knight","floor":8,"key":"SMITH"},{"data":"Cloudkill","floor":12,"key":"SMITH"},{"data":"Bones_to_Steel","floor":15,"key":"SMITH"},{"data":"Gensokyo:FourOfAKind","floor":23,"key":"SMITH"},{"data":"Cloudkill","floor":27,"key":"SMITH"},{"floor":32,"key":"REST"},{"floor":40,"key":"REST"},{"data":"Gensokyo:FourOfAKind","floor":45,"key":"SMITH"},{"floor":49,"key":"REST"}],"circlet_count":0,"master_deck":["Strike_W","Defend_W","Defend_W+1","Negative_Energy_Arrows","Bone_Wall","Uncharnel+1","FairyFestival","Summon_Death_Knight+1","Bone_Armor","Cloudkill+1","Bones_to_Steel+1","Cloudkill+1","Summon_Undead_Army+1","Summon_Lich","Summon_Lich","Shackles_Of_Pain","Gensokyo:FourOfAKind+1","Gensokyo:FourOfAKind+1","Gensokyo:FourOfAKind","Gensokyo:FourOfAKind","Negative_Energy_Shield","DespairKnight","Bone_Armor+1","Bone_Shift+1","CENSORED","Death_March_Dance+1","Bone_Armor+1","Skeleton_Dragon+1","Gensokyo:CustomPotion","Plague_Bolt","Shackles_Of_Pain+1","Summon_Undead_Army+1","Shade_Step+1","Stop_Heart+1","Bone_Shift+1"],"relics":["Vampire_Amulet","CogitoBucket","Juzu Bracelet","Torii","Question Card","MerchantsRug","Oddly Smooth Stone","Replay:Grab Bag","energizedSpire:SpiderWeb","Empty Cage","ChangeAnything","ReplayTheSpireMod:CursedCoin","Gensokyo:DirgeOfMelancholy","Dream Catcher","Smiling Mask","energizedSpire:NeverEndingSparkler","Guide Book","Toxic Egg 2","theForsaken:ScaryMask"],"acts_visited":["Gensokyo:Gensokyo","Gensokyo:Gensokyoer","Gensokyo:Gensokyoest"],"potions_floor_usage":[35,41,50],"damage_taken":[{"damage":4,"enemies":"Gensokyo:Gryphon","floor":1,"turns":5},{"damage":2,"enemies":"Gensokyo:3_Fairies","floor":3,"turns":4},{"damage":16,"enemies":"Gensokyo:Aya","floor":6,"turns":7},{"damage":0,"enemies":"Gensokyo:Python","floor":10,"turns":4},{"damage":1,"enemies":"Gensokyo:Mamizou","floor":14,"turns":8},{"damage":9,"enemies":"Gensokyo:Yukari","floor":16,"turns":9},{"damage":0,"enemies":"Gensokyo:CosmicMonolith","floor":18,"turns":2},{"damage":13,"enemies":"Gensokyo:AngelMirror","floor":22,"turns":3},{"damage":5,"enemies":"Gensokyo:Wraith","floor":29,"turns":4},{"damage":28,"enemies":"Gensokyo:Swordslinger","floor":30,"turns":5},{"damage":2,"enemies":"Gensokyo:Chomper_and_Gloop","floor":31,"turns":3},{"damage":6,"enemies":"Gensokyo:Eternal_Rivals","floor":33,"turns":8},{"damage":44,"enemies":"Gensokyo:AncientGuardian","floor":35,"turns":6},{"damage":2,"enemies":"Gensokyo:3_Bats","floor":41,"turns":4},{"damage":14,"enemies":"Gensokyo:AtlasGolem","floor":42,"turns":4},{"damage":67,"enemies":"Gensokyo:4_Bats","floor":46,"turns":4},{"damage":1,"enemies":"Gensokyo:Dusk_and_Dawn","floor":48,"turns":5},{"damage":147,"enemies":"Gensokyo:Shinki","floor":50,"turns":11}],"seed_played":"-8290476034001538719","potions_obtained":[{"floor":1,"key":"Strength Potion"},{"floor":29,"key":"champ:CounterPotion"},{"floor":30,"key":"blueLaboratory:HummingbirdPotion"},{"floor":31,"key":"blueLaboratory:BottleOfVodka"},{"floor":42,"key":"FearPotion"},{"floor":46,"key":"blueLaboratory:HorrorPotion"},{"floor":48,"key":"Dexterity Potion"}],"is_trial":false,"path_per_floor":["M","?","M","?","?","E","?","R","T","M","$","R","COS","E","R","B",null,"M","$","?","?","M","R","?","?","T","R","COS","M","M","M","R","B",null,"M","?","?","?","COS","R","M","M","T","?","R","M","T","M","R","B"],"character_chosen":"NECROMANCER","items_purchased":["MerchantsRug","ReplayTheSpireMod:CursedCoin","Summon_Lich","Shackles_Of_Pain"],"campfire_rested":3,"item_purchase_floors":[11,19,19,19],"current_hp_per_floor":[73,73,71,41,41,39,34,34,34,40,40,40,40,51,51,54,85,85,85,85,60,51,51,51,51,51,51,51,52,26,28,46,52,60,37,16,16,16,16,34,50,45,45,45,45,13,13,22,40,0,0],"gold":203,"neow_bonus":"","is_daily":false,"chose_seed":false,"campfire_upgraded":6,"win_rate":0.0,"timestamp":1609229542,"path_taken":["M","?","M","?","?","E","?","R","T","M","$","R","COS","E","R","BOSS","M","$","?","?","M","R","?","?","T","R","COS","M","M","M","R","BOSS","M","?","?","?","COS","R","M","M","T","?","R","M","?","M","R","BOSS"],"items_purchased_type":["Relic","Relic","Card","Card"],"build_version":"2020-12-22","purchased_purges":1,"victory":false,"max_hp_per_floor":[75,75,75,75,75,75,85,85,85,85,85,85,85,85,85,85,85,85,85,85,60,60,60,60,60,60,60,60,60,60,60,60,60,60,60,60,60,60,60,60,60,60,60,60,60,60,60,60,60,60,60],"card_choices":[{"not_picked":["CrumblingArmor","Woodsman","VoidDream"],"picked":"Singing Bowl","floor":1},{"not_picked":["Death_Knell","Blood_Shield"],"picked":"Uncharnel","floor":1},{"not_picked":["Murderer","DespairKnight","VoidDream"],"picked":"Singing Bowl","floor":3},{"not_picked":["MeatLantern","CherryBlossoms"],"picked":"FairyFestival","floor":3},{"not_picked":["Violent_Necrosis","Summon_Undead_Army"],"picked":"Summon_Death_Knight","floor":3},{"not_picked":["DreamingCurrent","VoidDream","ShyLook"],"picked":"Singing Bowl","floor":6},{"not_picked":["Vampiric_Strike","Death_Coil"],"picked":"Bone_Armor","floor":6},{"not_picked":["MeltingLove","Variant","VoidDream"],"picked":"Singing Bowl","floor":10},{"not_picked":["Death_March_Dance","Blood_Shield","Negative_Energy_Mist"],"picked":"Cloudkill","floor":10},{"not_picked":["QueenBee","QueenOfHatred","Rudolta"],"picked":"Singing Bowl","floor":14},{"not_picked":["Shackles_Of_Pain","Negative_Energy_Javelin","Negative_Energy_Shield"],"picked":"Bones_to_Steel","floor":14},{"not_picked":["Grasp_Heart","Detonate_Bones","Blood_Magic"],"picked":"Cloudkill","floor":16},{"not_picked":["QueenOfHatred","MHz","PunishingBird"],"picked":"Singing Bowl","floor":16},{"not_picked":["OldLady","Murderer","Mercenary"],"picked":"Singing Bowl","floor":18},{"not_picked":["Bone_Bullets+1","Blood_Magic","Shackles_Of_Pain"],"picked":"Summon_Undead_Army","floor":18},{"not_picked":["OldLady","Murderer","BigBird"],"picked":"Singing Bowl","floor":22},{"not_picked":["Bone_Shift","Negative_Energy_Sphere","Acid_Javelin"],"picked":"Negative_Energy_Shield","floor":22},{"not_picked":["Freischutz","BodiesMountain","HappyTeddy"],"picked":"Singing Bowl","floor":29},{"not_picked":["Death_Coil","Blood_Wake","Spectral_Walk"],"picked":"Bone_Armor+1","floor":29},{"not_picked":["LittleHelper","Alriune","LongBird"],"picked":"Singing Bowl","floor":30},{"not_picked":["Chill_Blood","Blood_Curse","Blood_Whip+1"],"picked":"Bone_Shift+1","floor":30},{"not_picked":["VoidDream","Variant","PunishingBird"],"picked":"Singing Bowl","floor":31},{"not_picked":["LongBird","QueenOfHatred"],"picked":"CENSORED","floor":31},{"not_picked":["Negative_Energy_Mist","Blood_Curse","Death_Coil"],"picked":"Death_March_Dance+1","floor":31},{"not_picked":["Deaths_Shadow+1","Toxic_Smoke_Screen","Death_March_Dance"],"picked":"Bone_Armor+1","floor":32},{"not_picked":["HeroicMonk","SilentOrchestra","Murderer"],"picked":"Singing Bowl","floor":33},{"not_picked":["Blood_Magic","Negative_Energy_Bomb","Detonate_Bones"],"picked":"Skeleton_Dragon","floor":33},{"not_picked":["Variant","HeroicMonk","DreamingCurrent"],"picked":"Singing Bowl","floor":35},{"not_picked":["Bone_Bullets","Necrotic_Claws+1","Chill_Blood+1","Negative_Energy_Mist+1"],"picked":"SKIP","floor":35},{"not_picked":["Finger_Of_Death","Whirlwind_of_Bones+1","Summon_Undead_Army"],"picked":"Plague_Bolt","floor":40},{"not_picked":["BigBadWolf","SpiderBud","BlackArmy"],"picked":"Singing Bowl","floor":41},{"not_picked":["Life_Drain","Toxic_Smoke_Screen+1","Death_March_Dance+1"],"picked":"Shackles_Of_Pain+1","floor":41},{"not_picked":["Funeral","FieryBird","QueenBee"],"picked":"Singing Bowl","floor":42},{"not_picked":["Negative_Energy_Bomb","Consume_Illness","Bone_Bullets+1"],"picked":"Summon_Undead_Army+1","floor":42},{"not_picked":["SilentOrchestra","Laetitia","BlackArmy"],"picked":"Singing Bowl","floor":46},{"not_picked":["Negative_Energy_Mist+1","Violent_Necrosis+1","Corrupt+1"],"picked":"Shade_Step+1","floor":46},{"not_picked":["Mercenary","BodiesMountain","QueenOfHatred"],"picked":"Singing Bowl","floor":48},{"not_picked":["Blood_Curse+1","Bone_Prison+1","Death_Coil"],"picked":"Stop_Heart+1","floor":48},{"not_picked":["Finger_Of_Death+1","Blood_Curse","Exploit"],"picked":"Bone_Shift+1","floor":49}],"player_experience":1066690,"relics_obtained":[{"floor":6,"key":"Torii"},{"floor":9,"key":"Question Card"},{"floor":14,"key":"Oddly Smooth Stone"},{"floor":26,"key":"Dream Catcher"},{"floor":43,"key":"Toxic Egg 2"},{"floor":47,"key":"theForsaken:ScaryMask"}],"event_choices":[{"damage_healed":0,"gold_gain":0,"player_choice":"UP UP ","damage_taken":25,"relics_obtained":[],"max_hp_gain":0,"max_hp_loss":0,"event_name":"betterSkull:BetterSkull","floor":36,"gold_loss":0,"cards_upgraded":["Defend_W","Summon_Undead_Army"]}],"is_beta":false,"boss_relics":[{"not_picked":["Philosopher\u0027s Stone","Runic Pyramid"],"picked":"Replay:Grab Bag"},{"not_picked":["energizedSpire:EnergizedDie","energizedSpire:CursedPentagram"],"picked":"energizedSpire:SpiderWeb"},{"not_picked":["Hololive_TopUpMoneyS","Calling Bell"],"picked":"Empty Cage"},{"not_picked":["Black Star","Kintsugi"],"picked":"energizedSpire:NeverEndingSparkler"}],"items_purged_floors":[19],"is_endless":false,"potions_floor_spawned":[1,29,30,31,42,46,48],"killed_by":"Gensokyo:Shinki","ascension_level":0}}