{"host":"pvf7uj918he10jir","time":1609215689,"event":{"mods":["AchievementEnabler","BaseMod","Colored Map","Colored Powertips","Highlight Path","Minty Spire (QoL Compilation)","Relic Stats","Slay the Relics Exporter","everything is the same but u backflip on backflip"],"gold_per_floor":[217,217,234,244,263,263,290,290,290,290,324,335,367,332,332,429,429,399,399,399,399,399,399,399,399,399,399,399,399,399,399,399,399,399,399,399,399,399,243,243,168,168,168,168,168,168,168,168,168,168],"floor_reached":51,"playtime":2473,"items_purged":["Strike_G+1"],"score":947,"play_id":"53a59387-34c4-4d10-a2d4-50281ad9122c","local_time":"20201228232129","is_ascension_mode":true,"campfire_choices":[{"data":"Blade Dance","floor":6,"key":"SMITH"},{"data":"Blade Dance","floor":8,"key":"SMITH"},{"floor":10,"key":"REST"},{"floor":15,"key":"REST"},{"data":"Accuracy","floor":24,"key":"SMITH"},{"data":"Blade Dance","floor":27,"key":"SMITH"},{"floor":32,"key":"REST"},{"data":"Cloak And Dagger","floor":40,"key":"SMITH"},{"data":"Cloak And Dagger","floor":42,"key":"SMITH"},{"data":"Adrenaline","floor":44,"key":"SMITH"},{"data":"After Image","floor":46,"key":"SMITH"},{"data":"Die Die Die","floor":49,"key":"SMITH"}],"circlet_count":0,"master_deck":["Strike_G+1","Strike_G+1","Strike_G+1","Strike_G+1","Defend_G+1","Defend_G+1","Defend_G+1","Defend_G+1","Defend_G+1","Survivor","Neutralize","Blade Dance+1","Blade Dance+1","Cloak And Dagger+1","Cloak And Dagger+1","Blade Dance+1","After Image+1","RitualDagger","Accuracy+1","Die Die Die+1","Adrenaline+1","CurseOfTheBell","Backstab","Blade Dance+1","Backstab+1"],"relics":["Ring of the Snake","Tiny Chest","Darkstone Periapt","Happy Flower","Kunai","Mercury Hourglass","Ectoplasm","Orichalcum","Shuriken","Eternal Feather","Snake Skull","Calling Bell","Anchor","InkBottle","Old Coin","Orrery","Ornamental Fan","Singing Bowl"],"acts_visited":["Exordium","TheCity","TheBeyond"],"potions_floor_usage":[13,13,13,18],"damage_taken":[{"damage":1,"enemies":"Jaw Worm","floor":1,"turns":6},{"damage":0,"enemies":"Small Slimes","floor":3,"turns":3},{"damage":0,"enemies":"2 Louse","floor":4,"turns":2},{"damage":6,"enemies":"2 Fungi Beasts","floor":5,"turns":4},{"damage":40,"enemies":"Gremlin Nob","floor":7,"turns":4},{"damage":18,"enemies":"Lagavulin","floor":11,"turns":8},{"damage":5,"enemies":"3 Louse","floor":12,"turns":3},{"damage":8,"enemies":"Gremlin Nob","floor":13,"turns":3},{"damage":23,"enemies":"Slime Boss","floor":16,"turns":9},{"damage":0,"enemies":"2 Thieves","floor":18,"turns":4},{"damage":0,"enemies":"Shell Parasite","floor":21,"turns":5},{"damage":4,"enemies":"Shelled Parasite and Fungi","floor":23,"turns":5},{"damage":9,"enemies":"Book of Stabbing","floor":25,"turns":6},{"damage":11,"enemies":"Snake Plant","floor":28,"turns":4},{"damage":16,"enemies":"Slavers","floor":29,"turns":3},{"damage":0,"enemies":"Chosen and Byrds","floor":30,"turns":3},{"damage":12,"enemies":"Champ","floor":33,"turns":7},{"damage":2,"enemies":"3 Shapes","floor":35,"turns":2},{"damage":0,"enemies":"3 Darklings","floor":36,"turns":3},{"damage":0,"enemies":"Giant Head","floor":45,"turns":4},{"damage":0,"enemies":"Spire Growth","floor":47,"turns":2},{"damage":4,"enemies":"4 Shapes","floor":48,"turns":2},{"damage":0,"enemies":"Awakened One","floor":50,"turns":7}],"seed_played":"3583438782045548120","potions_obtained":[{"floor":4,"key":"Swift Potion"},{"floor":7,"key":"Energy Potion"},{"floor":12,"key":"SpeedPotion"},{"floor":16,"key":"AttackPotion"},{"floor":18,"key":"SpeedPotion"},{"floor":23,"key":"BlessingOfTheForge"},{"floor":28,"key":"ColorlessPotion"}],"is_trial":false,"path_per_floor":["M","?","M","M","M","R","E","R","T","R","E","M","E","?","R","B",null,"M","?","?","M","T","M","R","E","T","R","M","E","M","?","R","B",null,"M","M","?","T","$","R","$","R","T","R","E","R","M","M","R","B",null],"character_chosen":"THE_SILENT","items_purchased":["Orrery"],"campfire_rested":3,"item_purchase_floors":[39],"current_hp_per_floor":[69,66,66,66,60,60,20,20,20,41,23,18,10,27,48,25,70,70,70,64,64,64,60,60,51,51,63,52,36,36,36,69,57,76,74,74,74,74,74,76,76,76,76,76,78,78,80,76,80,80],"gold":168,"neow_bonus":"HUNDRED_GOLD","is_daily":false,"chose_seed":false,"campfire_upgraded":9,"win_rate":0.0,"timestamp":1609215689,"path_taken":["M","?","M","M","M","R","E","R","T","R","E","M","E","?","R","BOSS","M","?","?","M","?","M","R","E","T","R","?","E","M","?","R","BOSS","M","M","?","?","$","R","$","R","T","R","E","R","M","M","R","BOSS"],"items_purchased_type":["Relic"],"build_version":"2020-12-22","purchased_purges":1,"victory":true,"max_hp_per_floor":[70,70,70,70,70,70,70,70,70,70,70,70,70,70,70,70,70,70,70,70,70,70,70,70,70,70,70,70,70,70,70,70,70,76,76,76,76,76,76,76,76,76,76,76,78,78,80,80,80,80],"relic_stats":{"Darkstone Periapt":6,"Happy Flower":[26],"Singing Bowl":4,"counters":[23,97],"Eternal Feather":30,"Snake Skull":[0],"Orichalcum":[6],"Mercury Hourglass":[231],"Shuriken":[57],"Ornamental Fan":[128],"Tiny Chest":2,"Ectoplasm":641,"Kunai":[94],"obtain_stats":[{"Darkstone Periapt":7,"Happy Flower":9,"Singing Bowl":45,"Eternal Feather":26,"Snake Skull":29,"Orichalcum":22,"Mercury Hourglass":13,"Old Coin":34,"Calling Bell":34,"Anchor":34,"Shuriken":25,"Ornamental Fan":43,"Orrery":39,"Tiny Chest":2,"Ectoplasm":17,"Kunai":11,"InkBottle":34,"Ring of the Snake":0},{"Darkstone Periapt":5,"Happy Flower":5,"Singing Bowl":20,"Eternal Feather":13,"Snake Skull":15,"Orichalcum":11,"Mercury Hourglass":8,"Old Coin":17,"Calling Bell":17,"Anchor":17,"Shuriken":13,"Ornamental Fan":19,"Orrery":19,"Tiny Chest":1,"Ectoplasm":9,"Kunai":6,"InkBottle":17,"Ring of the Snake":0},{"Darkstone Periapt":19,"Happy Flower":19,"Singing Bowl":86,"Eternal Feather":60,"Snake Skull":67,"Orichalcum":50,"Mercury Hourglass":33,"Old Coin":77,"Calling Bell":77,"Anchor":77,"Shuriken":60,"Ornamental Fan":82,"Orrery":82,"Tiny Chest":6,"Ectoplasm":41,"Kunai":27,"InkBottle":77,"Ring of the Snake":0}],"InkBottle":[18],"Ring of the Snake":[46]},"card_choices":[{"not_picked":["Deflect","Prepared"],"picked":"Blade Dance","floor":1},{"not_picked":["Dagger Throw","Dodge and Roll","Deflect"],"picked":"SKIP","floor":3},{"not_picked":["Heel Hook","Flechettes","Catalyst"],"picked":"SKIP","floor":4},{"not_picked":["Flechettes","Backflip"],"picked":"Blade Dance","floor":5},{"not_picked":["Dagger Throw","Adrenaline"],"picked":"Cloak And Dagger","floor":7},{"not_picked":["Deadly Poison","Deflect","Blur"],"picked":"SKIP","floor":11},{"not_picked":["Bane","PiercingWail"],"picked":"Cloak And Dagger","floor":12},{"not_picked":["Noxious Fumes","Sucker Punch"],"picked":"Blade Dance","floor":13},{"not_picked":["Glass Knife","Corpse Explosion"],"picked":"After Image","floor":16},{"not_picked":["Underhanded Strike+1","Reflex+1","Deadly Poison"],"picked":"SKIP","floor":18},{"not_picked":["Deadly Poison+1","Dodge and Roll+1"],"picked":"Accuracy","floor":21},{"not_picked":["Calculated Gamble+1","Dagger Throw+1","Dodge and Roll"],"picked":"SKIP","floor":23},{"not_picked":["Distraction","Bouncing Flask","Acrobatics"],"picked":"SKIP","floor":25},{"not_picked":["Tactician","PiercingWail","Deflect"],"picked":"SKIP","floor":28},{"not_picked":["Deflect","Bane"],"picked":"Die Die Die","floor":29},{"not_picked":["All Out Attack","Noxious Fumes","Poisoned Stab"],"picked":"SKIP","floor":30},{"not_picked":["Venomology","Glass Knife"],"picked":"Adrenaline","floor":33},{"not_picked":["Poisoned Stab+1","Prepared+1"],"picked":"Backstab","floor":35},{"not_picked":["Distraction+1","Terror","Cloak And Dagger"],"picked":"SKIP","floor":36},{"not_picked":["Deadly Poison+1","Acrobatics+1"],"picked":"Blade Dance+1","floor":39},{"not_picked":["PiercingWail","Footwork+1","Backflip+1"],"picked":"Singing Bowl","floor":45},{"not_picked":["Outmaneuver+1","Deadly Poison+1","Bouncing Flask"],"picked":"Singing Bowl","floor":47},{"not_picked":["Flechettes+1","PiercingWail"],"picked":"Backstab+1","floor":48}],"player_experience":103614,"relics_obtained":[{"floor":7,"key":"Darkstone Periapt"},{"floor":9,"key":"Happy Flower"},{"floor":11,"key":"Kunai"},{"floor":13,"key":"Mercury Hourglass"},{"floor":22,"key":"Orichalcum"},{"floor":25,"key":"Shuriken"},{"floor":26,"key":"Eternal Feather"},{"floor":29,"key":"Snake Skull"},{"floor":34,"key":"Anchor"},{"floor":34,"key":"InkBottle"},{"floor":34,"key":"Old Coin"},{"floor":43,"key":"Ornamental Fan"},{"floor":45,"key":"Singing Bowl"}],"event_choices":[{"damage_healed":0,"gold_gain":0,"player_choice":"Success","damage_taken":3,"relics_obtained":["Tiny Chest"],"max_hp_gain":0,"max_hp_loss":0,"event_name":"Scrap Ooze","floor":2,"gold_loss":0},{"damage_healed":17,"gold_gain":0,"player_choice":"Healed","damage_taken":0,"max_hp_gain":0,"max_hp_loss":0,"event_name":"The Cleric","floor":14,"gold_loss":35},{"damage_healed":0,"gold_gain":0,"player_choice":"Ignored","damage_taken":0,"max_hp_gain":0,"max_hp_loss":0,"event_name":"Vampires","floor":19,"gold_loss":0},{"damage_healed":0,"gold_gain":0,"player_choice":"Joined the Cult","damage_taken":6,"max_hp_gain":0,"max_hp_loss":0,"event_name":"Nest","floor":20,"gold_loss":0,"cards_obtained":["RitualDagger"]},{"damage_healed":0,"gold_gain":0,"player_choice":"Simplicity","damage_taken":0,"max_hp_gain":0,"max_hp_loss":0,"event_name":"Back to Basics","floor":31,"gold_loss":0,"cards_upgraded":["Strike_G","Strike_G","Strike_G","Strike_G","Strike_G","Defend_G","Defend_G","Defend_G","Defend_G","Defend_G"]},{"damage_healed":0,"gold_gain":0,"player_choice":"Ignored","damage_taken":0,"max_hp_gain":0,"max_hp_loss":0,"event_name":"SecretPortal","floor":37,"gold_loss":0}],"is_beta":false,"boss_relics":[{"not_picked":["Ring of the Serpent","Empty Cage"],"picked":"Ectoplasm"},{"not_picked":["Runic Pyramid","Fusion Hammer"],"picked":"Calling Bell"}],"items_purged_floors":[41],"is_endless":false,"potions_floor_spawned":[4,7,12,16,18,23,28,35,48],"ascension_level":3}}