{"host":"55ootvctf3yuzfpi","time":1609253457,"event":{"mods":["BaseMod","Colored Map","Downfall","Hermit","Highlight Path","Minty Spire (QoL Compilation)","StSLib"],"gold_per_floor":[99,110,122,122,122,19,44,44,44,64,64,78,90,118,130,232,232,232,245,245,265,276,290,290,304,304,354,354,354],"floor_reached":28,"playtime":2766,"items_purged":[],"score":222,"play_id":"7032d9d2-faf3-4bba-be8a-1de2a5408dfd","local_time":"20201229115057","is_ascension_mode":false,"campfire_choices":[{"data":"hermit:Shortfuse","floor":1,"key":"SMITH"},{"data":"hermit:Covet","floor":9,"key":"SMITH"},{"data":"hermit:Maintenance","floor":18,"key":"SMITH"}],"circlet_count":0,"master_deck":["hermit:Strike_Hermit","hermit:Strike_Hermit+1","hermit:Strike_Hermit","hermit:Strike_Hermit+1","hermit:Defend_Hermit","hermit:Defend_Hermit","hermit:Defend_Hermit","hermit:Defend_Hermit","hermit:Snapshot","hermit:Covet+1","hermit:Shortfuse+1","hermit:Showdown+1","Regret","Dark Shackles","hermit:Maintenance+1","hermit:HighCaliber","hermit:Maintenance+1"],"relics":["hermit:Momento","Tiny Chest","Happy Flower","MealTicket","Orichalcum","Darkstone Periapt","SacredBark","Shovel","Whetstone"],"acts_visited":["Exordium","TheCity"],"potions_floor_usage":[13,14,16,16,16,16,19,19,19,22,22,23,25],"damage_taken":[{"damage":0,"enemies":"Small Slimes","floor":2,"turns":2},{"damage":0,"enemies":"2 Louse","floor":3,"turns":2},{"damage":0,"enemies":"downfall:FleeingMerchant","floor":6,"turns":4},{"damage":1,"enemies":"Jaw Worm","floor":10,"turns":3},{"damage":2,"enemies":"Blue Slaver","floor":12,"turns":2},{"damage":3,"enemies":"Red Slaver","floor":13,"turns":2},{"damage":3,"enemies":"3 Sentries","floor":14,"turns":4},{"damage":3,"enemies":"Lots of Slimes","floor":15,"turns":5},{"damage":40,"enemies":"downfall:Ironclad","floor":16,"turns":9},{"damage":7,"enemies":"Shell Parasite","floor":19,"turns":2},{"damage":0,"enemies":"Snecko","floor":21,"turns":5},{"damage":16,"enemies":"Snake Plant","floor":22,"turns":6},{"damage":15,"enemies":"Chosen and Byrds","floor":23,"turns":7},{"damage":8,"enemies":"Centurion and Healer","floor":25,"turns":6},{"damage":28,"enemies":"Cultist and Chosen","floor":28,"turns":6}],"seed_played":"-412876420054089322","potions_obtained":[{"floor":2,"key":"Energy Potion"},{"floor":10,"key":"LiquidMemories"},{"floor":12,"key":"EntropicBrew"},{"floor":13,"key":"ColorlessPotion"},{"floor":15,"key":"AttackPotion"},{"floor":21,"key":"GamblersBrew"},{"floor":22,"key":"PowerPotion"}],"is_trial":false,"path_per_floor":["R","M","M","?","?","$","T","T","R","M","T","M","M","E","M","B",null,"R","M","?","M","M","M","T","M","?","T","M"],"character_chosen":"HERMIT","items_purchased":["Dark Shackles"],"campfire_rested":0,"item_purchase_floors":[6],"current_hp_per_floor":[75,75,75,75,75,75,75,75,75,74,74,72,69,66,63,23,75,75,68,68,68,52,37,37,29,21,21,0,0],"gold":354,"neow_bonus":"THREE_CARDS","is_daily":false,"chose_seed":false,"campfire_upgraded":3,"win_rate":0.0,"timestamp":1609253457,"path_taken":["R","M","M","?","?","?","T","?","R","?","?","M","M","E","M","BOSS","R","M","?","M","M","?","T","M","?","?","M"],"items_purchased_type":["Card"],"build_version":"2020-12-22","purchased_purges":0,"victory":false,"max_hp_per_floor":[75,75,75,75,75,75,75,75,75,75,75,75,75,75,75,75,75,75,75,75,75,75,75,75,75,75,75,75,75],"card_choices":[{"not_picked":["hermit:Quickdraw","hermit:Virtue"],"picked":"hermit:Shortfuse","floor":0},{"not_picked":["hermit:Combo","hermit:LoneWolf"],"picked":"hermit:Showdown","floor":2},{"not_picked":["hermit:Ricochet","hermit:Showdown","hermit:HoleUp"],"picked":"SKIP","floor":3},{"not_picked":["hermit:Quickdraw","hermit:ShadowCloak","hermit:ItchyTrigger"],"picked":"SKIP","floor":6},{"not_picked":["hermit:Desperado","hermit:LowProfile","hermit:GoldenBullet"],"picked":"SKIP","floor":10},{"not_picked":["hermit:Headshot","hermit:Desperado","hermit:EternalForm"],"picked":"SKIP","floor":12},{"not_picked":["hermit:Quickdraw","hermit:Coalescence"],"picked":"hermit:Maintenance","floor":13},{"not_picked":["hermit:Spite","hermit:Maintenance"],"picked":"hermit:HighCaliber","floor":14},{"not_picked":["hermit:GoldenBullet","hermit:Feint","hermit:DeadMansHand"],"picked":"SKIP","floor":15},{"not_picked":["hermit:Misfire","hermit:Desperado","hermit:WideOpen"],"picked":"SKIP","floor":19},{"not_picked":["hermit:Scavenge","hermit:HoleUp","hermit:Quickdraw"],"picked":"SKIP","floor":21},{"not_picked":["hermit:Manifest+1","hermit:ShadowCloak","hermit:Glare"],"picked":"SKIP","floor":22},{"not_picked":["hermit:Glare","hermit:Quickdraw","hermit:Spite+1"],"picked":"SKIP","floor":23},{"not_picked":["hermit:CursedWeapon+1","hermit:Spite","hermit:Vantage+1"],"picked":"SKIP","floor":25}],"player_experience":1274000,"relics_obtained":[{"floor":7,"key":"Happy Flower"},{"floor":8,"key":"MealTicket"},{"floor":11,"key":"Orichalcum"},{"floor":14,"key":"Darkstone Periapt"},{"floor":24,"key":"Shovel"},{"floor":27,"key":"Whetstone"}],"event_choices":[{"damage_healed":0,"gold_gain":0,"player_choice":"Box","damage_taken":0,"relics_obtained":["Tiny Chest"],"max_hp_gain":0,"max_hp_loss":0,"event_name":"Big Fish","floor":5,"gold_loss":0,"cards_obtained":["Regret"]},{"damage_healed":0,"gold_gain":0,"player_choice":"Copied","damage_taken":0,"max_hp_gain":0,"max_hp_loss":0,"event_name":"Duplicator","floor":20,"gold_loss":0,"cards_obtained":["hermit:Maintenance"]}],"is_beta":false,"boss_relics":[{"not_picked":["Tiny House","Snecko Eye"],"picked":"SacredBark"}],"items_purged_floors":[],"is_endless":false,"potions_floor_spawned":[2,10,12,13,15,21,22],"killed_by":"Cultist and Chosen","ascension_level":0}}