{"host":"jyuuog6ydc2s7nd8","time":1609270491,"event":{"mods":["BaseMod","Better Vampires","Minty Spire (QoL Compilation)","Shop Mod","StSLib","The Hierophant","The Servant 0.9.4","TheBandit","[IsaacMod]ÒÔÈö¼âËþ"],"gold_per_floor":[111,131,151,168,168,168,241,241,241,311,321,371,405,93,93,93,93],"floor_reached":16,"playtime":517,"items_purged":["Strike_G"],"score":204,"play_id":"dc0da6b6-60ab-4bf9-937f-78be0c7cfb00","local_time":"20201230033451","is_ascension_mode":true,"campfire_choices":[{"data":"Neutralize","floor":6.0,"key":"SMITH"},{"data":"Reflex","floor":8.0,"key":"SMITH"},{"data":"Reflex","floor":15,"key":"SMITH"}],"circlet_count":0,"master_deck":["AscendersBane","Strike_G","Strike_G","Strike_G","Strike_G","Defend_G","Defend_G","Defend_G","Defend_G+1","Defend_G+1","Survivor","Neutralize+1","Reflex+1","Backflip","Dagger Throw","Reflex+1"],"relics":["Ring of the Snake","HushsDoor","War Paint","NineVolt","SsserpentHead","Odd Mushroom","Ninja Scroll","StrikeDummy","TheBible","TheAbacus"],"acts_visited":["Exordium"],"potions_floor_usage":[16,16],"damage_taken":[{"damage":11.0,"enemies":"Cultist","floor":1.0,"turns":6.0},{"damage":0.0,"enemies":"2 Louse","floor":2.0,"turns":3.0},{"damage":0.0,"enemies":"Small Slimes","floor":3.0,"turns":5.0},{"damage":0.0,"enemies":"2 Fungi Beasts","floor":4.0,"turns":6.0},{"damage":0.0,"enemies":"The Mushroom Lair","floor":7.0,"turns":1.0},{"damage":5.0,"enemies":"Exordium Thugs","floor":10.0,"turns":6.0},{"damage":4.0,"enemies":"3 Louse","floor":11.0,"turns":4.0},{"damage":19,"enemies":"3 Sentries","floor":13,"turns":12},{"damage":2,"enemies":"The Guardian","floor":16,"turns":5}],"seed_played":"2792311463630686484","potions_obtained":[{"floor":2.0,"key":"Fire Potion"},{"floor":3.0,"key":"Dexterity Potion"},{"floor":10.0,"key":"BlessingOfTheForge"},{"floor":11,"key":"CultistPotion"}],"is_trial":false,"path_per_floor":["M","M","M","M","?","R","?","R","T","M","M","?","E","$","R","B"],"character_chosen":"THE_SILENT","items_purchased":["TheAbacus","Reflex"],"campfire_rested":0,"item_purchase_floors":[14,14],"current_hp_per_floor":[48,48,48,48,48,48,48,48,48,43,39,21,2,2,2,0,0],"gold":93,"neow_bonus":"RANDOM_COMMON_RELIC","is_daily":false,"chose_seed":false,"campfire_upgraded":3,"win_rate":0.0,"timestamp":1609270491,"path_taken":["M","?","M","M","?","R","?","R","T","?","M","?","E","$","R","BOSS"],"items_purchased_type":["Relic","Card"],"build_version":"2020-12-22","purchased_purges":1,"victory":false,"max_hp_per_floor":[66,66,66,66,66,66,66,66,66,66,66,66,66,66,66,66,66],"card_choices":[{"not_picked":[],"picked":"Bomb","floor":0.0},{"not_picked":["Calculated Gamble","PiercingWail"],"picked":"Reflex","floor":1.0},{"not_picked":["Infinite Blades","PiercingWail","Sucker Punch"],"picked":"SKIP","floor":2.0},{"not_picked":["Malaise","Reflex","Catalyst"],"picked":"SKIP","floor":3.0},{"not_picked":["Poisoned Stab","Dagger Spray","Flying Knee"],"picked":"SKIP","floor":4.0},{"not_picked":["Heel Hook","Dodge and Roll"],"picked":"Backflip","floor":7.0},{"not_picked":["Slice","Flying Knee"],"picked":"Dagger Throw","floor":10.0},{"not_picked":["Deadly Poison","Backstab","Terror"],"picked":"SKIP","floor":11},{"not_picked":["Caltrops","Tools of the Trade","Slice"],"picked":"SKIP","floor":13}],"player_experience":1784225,"relics_obtained":[{"floor":7.0,"key":"Odd Mushroom"},{"floor":9.0,"key":"Ninja Scroll"},{"floor":13,"key":"TheBible"}],"event_choices":[{"damage_healed":0.0,"max_hp_gain":0.0,"max_hp_loss":0.0,"gold_gain":0.0,"event_name":"FaceTrader","player_choice":"Trade","floor":5.0,"gold_loss":0.0,"damage_taken":0.0,"relics_obtained":["SsserpentHead"]},{"damage_healed":0.0,"max_hp_gain":0.0,"max_hp_loss":0.0,"gold_gain":0.0,"event_name":"Mushrooms","player_choice":"Fought Mushrooms","floor":7.0,"gold_loss":0.0,"damage_taken":0.0},{"damage_healed":0,"gold_gain":0,"player_choice":"Success","damage_taken":18,"relics_obtained":["StrikeDummy"],"max_hp_gain":0,"max_hp_loss":0,"event_name":"Scrap Ooze","floor":12,"gold_loss":0}],"is_beta":false,"boss_relics":[],"items_purged_floors":[14],"is_endless":false,"potions_floor_spawned":[2,3,10,11,13],"killed_by":"The Guardian","ascension_level":20}}