{"host":"mr1ctipv0dcr6y8g","time":1609216793,"event":{"mods":["BaseMod","DeckTracker","Minty Spire (QoL Compilation)","Shop Mod","StSLib"],"gold_per_floor":[119,69,85,160,160,194,223,223,274,287,287,319,339,339,339,440,440,453,352,352,352,363,390,390,410,458,493,512,530,530,562,562,659,659,679,694,344,4,21,50,62,87,114,114,130,141,175,190,190,190,190,190,94,122,122],"floor_reached":56,"playtime":3493,"items_purged":["Strike_R","Strike_R","Strike_R"],"score":1417,"play_id":"21ec1e12-9f76-40a7-b7b1-5c6edb8afaa1","local_time":"20201228213953","daily_mods":["Heirloom","Time Dilation","Flight"],"is_ascension_mode":false,"campfire_choices":[{"floor":8,"key":"REST"},{"data":"Whirlwind","floor":11,"key":"SMITH"},{"data":"Metallicize","floor":15,"key":"SMITH"},{"data":"RitualDagger","floor":24,"key":"SMITH"},{"data":"Metallicize","floor":32,"key":"SMITH"},{"data":"Demon Form","floor":44,"key":"SMITH"},{"floor":49,"key":"RECALL"},{"data":"Shrug It Off","floor":52,"key":"SMITH"}],"circlet_count":0,"master_deck":["Strike_R","Defend_R+1","Defend_R","Defend_R","Defend_R+1","Bash","Spot Weakness+1","Whirlwind+1","Pummel","Metallicize+1","Reaper","Shrug It Off+1","Iron Wave","RitualDagger+1","Armaments+1","Shrug It Off+1","Metallicize+1","Flame Barrier","Flame Barrier+1","Metallicize+1","Demon Form+1","Thunderclap+1","Bloodletting+1","Body Slam+1","Exhume","Uppercut+1","Heavy Blade+1","Blood for Blood+1"],"relics":["Burning Blood","TungstenRod","PreservedInsect","Red Skull","Smiling Mask","Lantern","Meat on the Bone","Black Star","Gremlin Horn","Akabeko","Oddly Smooth Stone","Du-Vu Doll","Molten Egg 2","Eternal Feather","Orichalcum","Mark of Pain","HandDrill","Blood Vial","FossilizedHelix","StrikeDummy","Strawberry","Singing Bowl","Potion Belt","Regal Pillow","Vajra","Pen Nib","War Paint","Anchor"],"acts_visited":["Exordium","TheCity","TheBeyond","TheEnding"],"potions_floor_usage":[12,23,33,54,55,55,55,55],"damage_taken":[{"damage":0,"enemies":"2 Louse","floor":1,"turns":3},{"damage":5,"enemies":"Cultist","floor":3,"turns":3},{"damage":28,"enemies":"Gremlin Nob","floor":6,"turns":4},{"damage":34,"enemies":"Lagavulin","floor":7,"turns":4},{"damage":4,"enemies":"Jaw Worm","floor":10,"turns":4},{"damage":5,"enemies":"Gremlin Nob","floor":12,"turns":3},{"damage":0,"enemies":"Exordium Wildlife","floor":13,"turns":3},{"damage":16,"enemies":"Slime Boss","floor":16,"turns":8},{"damage":14,"enemies":"Chosen","floor":18,"turns":5},{"damage":7,"enemies":"2 Thieves","floor":22,"turns":4},{"damage":16,"enemies":"Book of Stabbing","floor":23,"turns":4},{"damage":13,"enemies":"Sentry and Sphere","floor":25,"turns":5},{"damage":0,"enemies":"Slavers","floor":27,"turns":1},{"damage":17,"enemies":"Snake Plant","floor":28,"turns":5},{"damage":8,"enemies":"Chosen and Byrds","floor":29,"turns":8},{"damage":2,"enemies":"Book of Stabbing","floor":31,"turns":6},{"damage":7,"enemies":"Champ","floor":33,"turns":20},{"damage":0,"enemies":"3 Shapes","floor":35,"turns":10},{"damage":0,"enemies":"Orb Walker","floor":36,"turns":1},{"damage":16,"enemies":"3 Darklings","floor":39,"turns":4},{"damage":44,"enemies":"Giant Head","floor":40,"turns":10},{"damage":28,"enemies":"Maw","floor":41,"turns":9},{"damage":7,"enemies":"Nemesis","floor":42,"turns":5},{"damage":5,"enemies":"4 Shapes","floor":45,"turns":4},{"damage":0,"enemies":"Jaw Worm Horde","floor":46,"turns":5},{"damage":3,"enemies":"Reptomancer","floor":47,"turns":5},{"damage":18,"enemies":"Spire Growth","floor":48,"turns":5},{"damage":29,"enemies":"Awakened One","floor":50,"turns":8},{"damage":75,"enemies":"Shield and Spear","floor":54,"turns":11},{"damage":71,"enemies":"The Heart","floor":55,"turns":9}],"seed_played":"-7016842511359226817","potions_obtained":[{"floor":1,"key":"Dexterity Potion"},{"floor":6,"key":"PowerPotion"},{"floor":10,"key":"DuplicationPotion"},{"floor":13,"key":"Weak Potion"},{"floor":27,"key":"Strength Potion"},{"floor":39,"key":"DuplicationPotion"},{"floor":41,"key":"Strength Potion"},{"floor":45,"key":"Regen Potion"},{"floor":47,"key":"AttackPotion"},{"floor":48,"key":"Dexterity Potion"}],"is_trial":true,"path_per_floor":["M","?","M","?","?","E","E","R","T","M","R","E","M","T","R","B",null,"M","$","?","?","M","E","R","M","T","E","M","M","T","E","R","B",null,"M","M","$","$","M","E","M","E","T","R","M","M","E","M","R","B",null,"R","$","E","B",null],"character_chosen":"IRONCLAD","items_purchased":["Iron Wave","HandDrill","Blood Vial","FossilizedHelix","Heavy Blade+1","Blood for Blood+1"],"campfire_rested":1,"item_purchase_floors":[19,37,37,38,53,53],"current_hp_per_floor":[80,80,80,70,70,48,20,44,44,46,46,47,53,53,53,55,80,72,72,58,53,52,54,54,59,59,65,54,60,60,64,76,75,85,85,85,85,85,75,66,75,78,78,93,96,96,98,88,100,77,100,100,100,45,63],"gold":122,"neow_bonus":"","is_daily":false,"chose_seed":false,"campfire_upgraded":6,"win_rate":0.0,"timestamp":1609216793,"path_taken":["M","?","M","?","?","E","E","R","T","?","R","E","M","?","R","BOSS","M","$","?","?","M","E","R","M","T","E","M","M","?","E","R","BOSS","M","M","$","$","M","E","M","E","T","R","M","M","E","M","R","BOSS","R","$","E","BOSS"],"items_purchased_type":["Card","Relic","Relic","Relic","Card","Card"],"build_version":"2020-12-22","purchased_purges":3,"victory":true,"max_hp_per_floor":[80,80,80,80,80,80,80,80,80,80,80,80,80,80,80,80,80,80,80,85,85,85,85,85,85,85,85,85,85,85,85,85,85,85,85,85,85,85,85,92,92,94,94,94,96,96,98,100,100,100,100,100,100,102,102],"card_choices":[{"not_picked":["Intimidate","Heavy Blade"],"picked":"Spot Weakness","floor":1},{"not_picked":["Burning Pact","Clothesline"],"picked":"Whirlwind","floor":3},{"not_picked":["Carnage","Iron Wave"],"picked":"Pummel","floor":6},{"not_picked":["Twin Strike","Flex","Infernal Blade"],"picked":"SKIP","floor":7},{"not_picked":["Body Slam","Carnage","Havoc"],"picked":"SKIP","floor":10},{"not_picked":["Dual Wield","Flex"],"picked":"Metallicize","floor":12},{"not_picked":["Sever Soul","Headbutt","Hemokinesis"],"picked":"SKIP","floor":13},{"not_picked":["Impervious","Brutality"],"picked":"Reaper","floor":16},{"not_picked":["Sword Boomerang","Dark Embrace"],"picked":"Shrug It Off","floor":18},{"not_picked":["Pommel Strike","Shrug It Off"],"picked":"Armaments+1","floor":22},{"not_picked":["Uppercut","Juggernaut"],"picked":"Shrug It Off+1","floor":23},{"not_picked":["Uppercut","Rage"],"picked":"Metallicize+1","floor":25},{"not_picked":["Pummel+1","Intimidate"],"picked":"Flame Barrier","floor":27},{"not_picked":["Havoc","Flex","Sever Soul+1"],"picked":"SKIP","floor":28},{"not_picked":["Armaments","Dropkick+1"],"picked":"Flame Barrier+1","floor":29},{"not_picked":["Armaments","Whirlwind+1"],"picked":"Metallicize","floor":31},{"not_picked":["Juggernaut","Exhume"],"picked":"Demon Form","floor":33},{"not_picked":["Havoc","Body Slam+1"],"picked":"Thunderclap+1","floor":35},{"not_picked":["Sentinel","Entrench+1"],"picked":"Bloodletting+1","floor":36},{"not_picked":["Wild Strike+1","Warcry+1"],"picked":"Body Slam+1","floor":39},{"not_picked":["Havoc","Pommel Strike+1"],"picked":"Exhume","floor":40},{"not_picked":["Dropkick+1","Havoc+1","Sword Boomerang+1"],"picked":"SKIP","floor":41},{"not_picked":["Clash+1","Warcry+1","Thunderclap+1"],"picked":"Singing Bowl","floor":42},{"not_picked":["Anger+1","Second Wind+1","Pommel Strike+1"],"picked":"Singing Bowl","floor":45},{"not_picked":["Wild Strike+1","Headbutt+1"],"picked":"Uppercut+1","floor":46},{"not_picked":["Sentinel","Flame Barrier+1","Cleave+1"],"picked":"Singing Bowl","floor":47},{"not_picked":["Pummel+1","Dark Embrace","Rampage+1"],"picked":"Singing Bowl","floor":48},{"not_picked":["Blood for Blood+1","Twin Strike+1","Cleave+1"],"picked":"Singing Bowl","floor":54}],"player_experience":1251783,"relics_obtained":[{"floor":6,"key":"PreservedInsect"},{"floor":7,"key":"Red Skull"},{"floor":9,"key":"Smiling Mask"},{"floor":12,"key":"Lantern"},{"floor":14,"key":"Meat on the Bone"},{"floor":23,"key":"Gremlin Horn"},{"floor":23,"key":"Akabeko"},{"floor":26,"key":"Oddly Smooth Stone"},{"floor":27,"key":"Du-Vu Doll"},{"floor":27,"key":"Molten Egg 2"},{"floor":31,"key":"Eternal Feather"},{"floor":31,"key":"Orichalcum"},{"floor":40,"key":"StrikeDummy"},{"floor":40,"key":"Strawberry"},{"floor":42,"key":"Singing Bowl"},{"floor":42,"key":"Potion Belt"},{"floor":43,"key":"Regal Pillow"},{"floor":47,"key":"Vajra"},{"floor":47,"key":"Pen Nib"},{"floor":54,"key":"War Paint"},{"floor":54,"key":"Anchor"}],"event_choices":[{"cards_removed":["Strike_R"],"damage_healed":0,"gold_gain":0,"player_choice":"Card Removal","damage_taken":0,"max_hp_gain":0,"max_hp_loss":0,"event_name":"The Cleric","floor":2,"gold_loss":50},{"damage_healed":0,"gold_gain":75,"player_choice":"Gather Gold","damage_taken":11,"max_hp_gain":0,"max_hp_loss":0,"event_name":"World of Goop","floor":4,"gold_loss":0},{"damage_healed":0,"gold_gain":0,"player_choice":"Upgraded","damage_taken":0,"max_hp_gain":0,"max_hp_loss":0,"event_name":"Upgrade Shrine","floor":5,"gold_loss":0,"cards_upgraded":["Spot Weakness"]},{"damage_healed":0,"gold_gain":0,"player_choice":"Shed Blood","damage_taken":20,"max_hp_gain":5,"max_hp_loss":0,"event_name":"Forgotten Altar","floor":20,"gold_loss":0},{"damage_healed":0,"gold_gain":0,"player_choice":"Joined the Cult","damage_taken":6,"max_hp_gain":0,"max_hp_loss":0,"event_name":"Nest","floor":21,"gold_loss":0,"cards_obtained":["RitualDagger"]}],"is_beta":false,"boss_relics":[{"not_picked":["Black Blood","Fusion Hammer"],"picked":"Black Star"},{"not_picked":["Runic Dome","Pandora\u0027s Box"],"picked":"Mark of Pain"}],"items_purged_floors":[19,37,38],"is_endless":false,"potions_floor_spawned":[1,6,10,13,18,22,27,29,39,41,45,47,48],"ascension_level":0}}