{"host":"nox","time":1609233499,"event":{"mods":["Act Like it!","Aspiration","BaseMod","Better Altar","Better Match","Better Note","Better Sensory Stone","Better Skull","Better Third Choice","BetterRewards","Colored Powertips","Conspire","Energized Spire","GifTheSpireLib","Hubris","Infinite Spire","Minty Spire (QoL Compilation)","Pale of the Ancients","Quick Restart","Rare Cards Sparkle","Replay The Spire","Shop Mod","Spikes Relics","StSLib","Stuff the Spire","SuperFastMode","The Alterego","vexMod"],"gold_per_floor":[115,115,131,145,156,156,156],"floor_reached":6,"playtime":286,"items_purged":[],"score":51,"play_id":"a2465b0e-0d4f-404e-9014-72cbe604d50d","local_time":"20201229161819","is_ascension_mode":true,"campfire_choices":[],"circlet_count":0,"master_deck":["Strike_G","Strike_G","Strike_G","Strike_G","Strike_G","Defend_G","Defend_G","Defend_G","Defend_G","Defend_G","Survivor","Neutralize","Deadly Poison","StuffTheSpire:Innocence","StuffTheSpire:Incantation"],"relics":["Ring of the Snake"],"acts_visited":["Exordium"],"potions_floor_usage":[6],"damage_taken":[{"damage":2.0,"enemies":"Small Slimes","floor":1.0,"turns":4.0},{"damage":2.0,"enemies":"2 Louse","floor":3.0,"turns":4.0},{"damage":2.0,"enemies":"conspire:RoseBush","floor":4.0,"turns":3.0},{"damage":16.0,"enemies":"Gremlin Gang","floor":5.0,"turns":8.0},{"damage":44,"enemies":"3 Sentries","floor":6,"turns":10}],"seed_played":"1041676585432181460","potions_obtained":[{"floor":4.0,"key":"Poison Potion"}],"is_trial":false,"path_per_floor":["M","?","M","M","M","E"],"character_chosen":"THE_SILENT","items_purchased":[],"campfire_rested":0,"item_purchase_floors":[],"current_hp_per_floor":[68,61,59,57,41,0,0],"gold":156,"neow_bonus":"TEN_PERCENT_HP_BONUS","is_daily":false,"chose_seed":false,"campfire_upgraded":0,"win_rate":0.0,"timestamp":1609233499,"path_taken":["M","?","M","M","M","E"],"items_purchased_type":[],"build_version":"2020-11-17","purchased_purges":0,"victory":false,"max_hp_per_floor":[77,77,77,77,77,77,77],"card_choices":[{"not_picked":["StuffTheSpire:ClusterCrunch","Masterful Stab"],"picked":"Deadly Poison","floor":1.0},{"not_picked":["Quick Slash","StuffTheSpire:Fury","Cloak And Dagger"],"picked":"SKIP","floor":3.0},{"not_picked":["Pace","Cloak And Dagger"],"picked":"StuffTheSpire:Incantation","floor":4.0},{"not_picked":["conspire:DoublingDagger","Riddle With Holes","StuffTheSpire:Sprint"],"picked":"SKIP","floor":5.0}],"player_experience":275910,"relics_obtained":[],"event_choices":[],"is_beta":true,"boss_relics":[],"items_purged_floors":[],"is_endless":false,"potions_floor_spawned":[4],"killed_by":"3 Sentries","ascension_level":7}}