{"host":"t4s40kl3r64vu0u6","time":1609280117,"event":{"mods":["BaseMod","Colored Map","Googly Eyes","Highlight Path","Minty Spire (QoL Compilation)","READ ME - Snecko Mod","StSLib","slay the spire mod where everything is the same but ironclad has a cowboy hat"],"gold_per_floor":[362,378,393,43,43,43,70,70,70,90,102,115,115,140,140,245,245,263,279,294,308,6,35,35,35,93,130,67,89,101,101],"floor_reached":30,"playtime":1761,"items_purged":["Defend_G"],"score":440,"play_id":"90a1a895-bbeb-4c66-9a6a-156632e165ac","local_time":"20201229171517","is_ascension_mode":true,"campfire_choices":[{"data":"Terror","floor":6,"key":"SMITH"},{"data":"Outmaneuver","floor":8,"key":"SMITH"},{"floor":15,"key":"REST"}],"circlet_count":0,"master_deck":["Strike_G","Strike_G","Defend_G","Defend_G","Defend_G","Defend_G","Survivor","Neutralize","Sucker Punch","Terror+1","Outmaneuver+1","Noxious Fumes","Sucker Punch","PiercingWail","Deadly Poison","Deadly Poison","Crippling Poison","Crippling Poison","Noxious Fumes","Deadly Poison","Acrobatics","Corpse Explosion","Predator+1","Bouncing Flask+1","Choke+1","Deflect+1","Poisoned Stab","Deadly Poison+1","Noxious Fumes","Poisoned Stab+1","Deflect","Deadly Poison+1","Dodge and Roll","Outmaneuver+1"],"relics":["Ring of the Snake","PreservedInsect","Ninja Scroll","Akabeko","Prayer Wheel","Letter Opener","Astrolabe","Ice Cream","Lizard Tail","MawBank","Anchor","Pen Nib"],"acts_visited":["Exordium","TheCity"],"potions_floor_usage":[14,16,23],"damage_taken":[{"damage":0,"enemies":"Cultist","floor":1,"turns":4},{"damage":19,"enemies":"Jaw Worm","floor":2,"turns":6},{"damage":13,"enemies":"Small Slimes","floor":3,"turns":4},{"damage":0,"enemies":"Gremlin Nob","floor":7,"turns":2},{"damage":0,"enemies":"2 Fungi Beasts","floor":10,"turns":1},{"damage":0,"enemies":"Exordium Wildlife","floor":11,"turns":2},{"damage":1,"enemies":"Exordium Thugs","floor":12,"turns":4},{"damage":7,"enemies":"3 Sentries","floor":14,"turns":3},{"damage":14,"enemies":"Hexaghost","floor":16,"turns":8},{"damage":0,"enemies":"Chosen","floor":18,"turns":4},{"damage":14,"enemies":"3 Byrds","floor":19,"turns":4},{"damage":18,"enemies":"Snake Plant","floor":20,"turns":4},{"damage":7,"enemies":"3 Cultists","floor":21,"turns":4},{"damage":0,"enemies":"Gremlin Leader","floor":23,"turns":4},{"damage":32,"enemies":"Book of Stabbing","floor":27,"turns":5},{"damage":0,"enemies":"Cultist and Chosen","floor":29,"turns":3},{"damage":23,"enemies":"Chosen and Byrds","floor":30,"turns":4}],"seed_played":"5393855261743502397","potions_obtained":[{"floor":1,"key":"Weak Potion"},{"floor":10,"key":"ColorlessPotion"},{"floor":12,"key":"PowerPotion"},{"floor":19,"key":"BlessingOfTheForge"},{"floor":21,"key":"Explosive Potion"}],"is_trial":false,"path_per_floor":["M","M","M","$","T","R","E","R","T","M","M","M","?","E","R","B",null,"M","M","M","M","$","E","$","?","T","E","?","M","M"],"character_chosen":"THE_SILENT","items_purchased":["PreservedInsect","Noxious Fumes","Sucker Punch","Ice Cream"],"campfire_rested":1,"item_purchase_floors":[4,4,4,22],"current_hp_per_floor":[63,44,31,31,31,31,31,31,31,31,31,30,24,17,35,21,53,53,39,21,14,14,14,14,14,14,16,16,16,0,0],"gold":101,"neow_bonus":"TWO_FIFTY_GOLD","is_daily":false,"chose_seed":false,"campfire_upgraded":2,"win_rate":0.0,"timestamp":1609280117,"path_taken":["M","?","M","$","?","R","E","R","T","M","M","M","?","E","R","BOSS","M","M","M","M","$","E","?","?","T","E","?","?","M"],"items_purchased_type":["Relic","Card","Card","Relic"],"build_version":"2020-12-22","purchased_purges":1,"victory":false,"max_hp_per_floor":[63,63,63,63,63,63,63,63,63,63,63,63,63,63,63,63,63,63,63,63,63,63,63,63,63,63,63,63,63,63,63],"card_choices":[{"not_picked":["Heel Hook","Underhanded Strike"],"picked":"Sucker Punch","floor":1},{"not_picked":["Dagger Spray","Sucker Punch"],"picked":"Terror","floor":2},{"not_picked":["Finisher","Dagger Spray"],"picked":"Outmaneuver","floor":3},{"not_picked":["Accuracy","Dodge and Roll"],"picked":"PiercingWail","floor":7},{"not_picked":["Dagger Spray","PiercingWail"],"picked":"Deadly Poison","floor":10},{"not_picked":["Flying Knee","Riddle With Holes"],"picked":"Deadly Poison","floor":10},{"not_picked":["Distraction","Bullet Time"],"picked":"Crippling Poison","floor":11},{"not_picked":["Endless Agony","Flying Knee"],"picked":"Crippling Poison","floor":11},{"not_picked":["Dagger Spray","Blade Dance"],"picked":"Noxious Fumes","floor":12},{"not_picked":["Cloak And Dagger","Blade Dance"],"picked":"Deadly Poison","floor":12},{"not_picked":["Slice","Dagger Throw"],"picked":"Acrobatics","floor":14},{"not_picked":["Venomology","Unload"],"picked":"Corpse Explosion","floor":16},{"not_picked":["Setup","Expertise"],"picked":"Deflect+1","floor":18},{"not_picked":["Escape Plan","Prepared+1"],"picked":"Poisoned Stab","floor":18},{"not_picked":["Skewer","Setup"],"picked":"Deadly Poison+1","floor":19},{"not_picked":["Backstab","Dash+1"],"picked":"Noxious Fumes","floor":19},{"not_picked":["Deadly Poison","Slice"],"picked":"Poisoned Stab+1","floor":20},{"not_picked":["Terror","Cloak And Dagger","Setup"],"picked":"SKIP","floor":20},{"not_picked":["Acrobatics","Blade Dance"],"picked":"Deflect","floor":21},{"not_picked":["Dodge and Roll+1","Finisher"],"picked":"Deadly Poison+1","floor":21},{"not_picked":["Slice","Envenom","Choke"],"picked":"SKIP","floor":23},{"not_picked":["Distraction","Prepared"],"picked":"Dodge and Roll","floor":27},{"not_picked":["Flechettes","Leg Sweep"],"picked":"Outmaneuver+1","floor":29},{"not_picked":["Crippling Poison","Expertise","Concentrate"],"picked":"SKIP","floor":29}],"player_experience":230923,"relics_obtained":[{"floor":5,"key":"Ninja Scroll"},{"floor":7,"key":"Akabeko"},{"floor":9,"key":"Prayer Wheel"},{"floor":14,"key":"Letter Opener"},{"floor":23,"key":"Lizard Tail"},{"floor":26,"key":"Anchor"},{"floor":27,"key":"Pen Nib"}],"event_choices":[{"damage_healed":0,"gold_gain":0,"player_choice":"Damaged","damage_taken":6,"max_hp_gain":0,"max_hp_loss":0,"event_name":"Wheel of Change","floor":13,"gold_loss":0},{"damage_healed":0,"gold_gain":0,"player_choice":"Stole Relic","damage_taken":0,"relics_obtained":["MawBank"],"max_hp_gain":0,"max_hp_loss":0,"event_name":"Addict","floor":25,"gold_loss":0,"cards_obtained":["Shame"]},{"cards_removed":["Shame"],"damage_healed":0,"gold_gain":0,"player_choice":"Gave Gold","damage_taken":0,"max_hp_gain":0,"max_hp_loss":0,"event_name":"Beggar","floor":28,"gold_loss":75}],"is_beta":false,"boss_relics":[{"not_picked":["Sozu","Calling Bell"],"picked":"Astrolabe"}],"items_purged_floors":[4],"is_endless":false,"potions_floor_spawned":[1,10,12,19,21],"killed_by":"Chosen and Byrds","ascension_level":5}}