{"host":"zzc28wglrg51iog5","time":1609263551,"event":{"mods":["BaseMod","Colored Map","Downfall","Hermit","Minty Spire (QoL Compilation)","StSLib","The Hierophant","The Marked"],"gold_per_floor":[112,112,128,140,42,42,57,57,57,90,90,105,125,140,140,237,237,253,253,271,283,183,215,215,247,247,262,262,279,291,309,309,309,309],"floor_reached":33,"playtime":1498,"items_purged":["theMarked:Strike","theMarked:Strike"],"score":318,"play_id":"c08fb0eb-26d9-4c39-8ef4-a2189850cd57","local_time":"20201229183911","is_ascension_mode":false,"campfire_choices":[{"data":"theMarked:SoldierOfQuellstein","floor":6,"key":"SMITH"},{"data":"theMarked:Defy","floor":8,"key":"SMITH"},{"data":"theMarked:Seal","floor":11,"key":"SMITH"},{"data":"theMarked:HeritageOfTheMarked","floor":15,"key":"SMITH"},{"floor":24,"key":"REST"},{"floor":32,"key":"REST"}],"circlet_count":0,"master_deck":["theMarked:Strike","theMarked:Defend","theMarked:Defend","theMarked:Defend","theMarked:Defend","theMarked:SoldierOfQuellstein+1","theMarked:Defy+1","theMarked:ChainLightning","theMarked:SelfDefenseTraining","theMarked:HeritageOfTheMarked","theMarked:ParalyzingBlade","theMarked:BanishingStrike","theMarked:HeritageOfTheMarked+1","theMarked:Seal+1","theMarked:WardOff","theMarked:SuspiciousRaven","theMarked:SwordAndMagic","theMarked:BindingBlade","theMarked:Levitate","theMarked:WardOff"],"relics":["theMarked:ArtifactOfAir","Frozen Egg 2","theMarked:Gun","Snecko Eye","StrikeDummy","Letter Opener"],"acts_visited":["Exordium","TheCity"],"potions_floor_usage":[10,16,23],"damage_taken":[{"damage":0,"enemies":"2 Louse","floor":1,"turns":1},{"damage":1,"enemies":"Cultist","floor":3,"turns":3},{"damage":1,"enemies":"Jaw Worm","floor":4,"turns":3},{"damage":10,"enemies":"Looter","floor":7,"turns":3},{"damage":12,"enemies":"3 Sentries","floor":10,"turns":5},{"damage":1,"enemies":"Lots of Slimes","floor":12,"turns":3},{"damage":0,"enemies":"Large Slime","floor":13,"turns":3},{"damage":0,"enemies":"Blue Slaver","floor":14,"turns":2},{"damage":10,"enemies":"Hexaghost","floor":16,"turns":5},{"damage":8,"enemies":"Shell Parasite","floor":18,"turns":3},{"damage":7,"enemies":"3 Byrds","floor":20,"turns":4},{"damage":0,"enemies":"Centurion and Healer","floor":21,"turns":4},{"damage":36,"enemies":"Slavers","floor":23,"turns":4},{"damage":0,"enemies":"Gremlin Leader","floor":25,"turns":3},{"damage":0,"enemies":"Cultist and Chosen","floor":27,"turns":3},{"damage":22,"enemies":"Sentry and Sphere","floor":29,"turns":5},{"damage":2,"enemies":"3 Cultists","floor":30,"turns":3},{"damage":0,"enemies":"Cultist and Chosen","floor":31,"turns":4},{"damage":41,"enemies":"Collector","floor":33,"turns":3}],"seed_played":"7139045273275337368","potions_obtained":[{"floor":1,"key":"PowerPotion"},{"floor":2,"key":"DuplicationPotion"},{"floor":2,"key":"Regen Potion"},{"floor":10,"key":"sneckomod:MuddlingPotion"},{"floor":12,"key":"Strength Potion"},{"floor":14,"key":"Block Potion"},{"floor":18,"key":"SteroidPotion"},{"floor":25,"key":"GamblersBrew"},{"floor":29,"key":"ColorlessPotion"}],"is_trial":false,"path_per_floor":["M","?","M","M","$","R","M","R","T","E","R","M","M","M","R","B",null,"M","?","M","M","$","E","R","E","T","M","?","M","M","M","R","B"],"character_chosen":"THE_DEFAULT","items_purchased":["theMarked:BanishingStrike"],"campfire_rested":2,"item_purchase_floors":[5],"current_hp_per_floor":[49,49,48,47,47,47,37,37,37,39,39,38,38,38,38,28,70,62,62,55,55,55,19,40,40,40,40,40,18,16,16,37,0,0],"gold":309,"neow_bonus":"TRANSFORM_TWO_CARDS","is_daily":false,"chose_seed":false,"campfire_upgraded":4,"win_rate":0.0,"timestamp":1609263551,"path_taken":["M","?","M","M","?","R","M","R","T","E","R","?","M","M","R","BOSS","M","?","?","M","$","E","R","E","T","M","?","M","M","M","R","BOSS"],"items_purchased_type":["Card"],"build_version":"2020-12-22","purchased_purges":2,"victory":false,"max_hp_per_floor":[70,70,70,70,70,70,70,70,70,70,70,70,70,70,70,70,70,70,70,70,70,70,70,70,70,70,70,70,70,70,70,70,70,70],"card_choices":[{"not_picked":["theMarked:HeightenedSenses","theMarked:WardOff"],"picked":"theMarked:SelfDefenseTraining","floor":1},{"not_picked":["theMarked:BanishingStrike","theMarked:HeightenedSenses"],"picked":"theMarked:HeritageOfTheMarked","floor":3},{"not_picked":["theMarked:Improvise","theMarked:Indomitable"],"picked":"theMarked:ParalyzingBlade","floor":4},{"not_picked":["theMarked:Improvise","theMarked:WastefulAttack"],"picked":"theMarked:HeritageOfTheMarked","floor":7},{"not_picked":["theMarked:ShockingTouch","theMarked:SoldierForm+1"],"picked":"theMarked:Seal","floor":10},{"not_picked":["theMarked:RogueSparks+1","theMarked:Frustration","theMarked:EmpowerWeapon"],"picked":"SKIP","floor":12},{"not_picked":["theMarked:Parkour","theMarked:TakeCover"],"picked":"theMarked:WardOff","floor":13},{"not_picked":["theMarked:TunnelVision","theMarked:BanishingStrike","theMarked:HeritageOfTheMarked+1"],"picked":"SKIP","floor":14},{"not_picked":["theMarked:DispelDoubt","theMarked:ChannelForce"],"picked":"theMarked:SuspiciousRaven","floor":16},{"not_picked":["theMarked:Reabsorb+1","theMarked:BanishingStrike+1","theMarked:ResourceFulStrike"],"picked":"SKIP","floor":18},{"not_picked":["theMarked:BanishingStrike","theMarked:StartUp","theMarked:WastefulAttack"],"picked":"SKIP","floor":20},{"not_picked":["theMarked:WastefulAttack+1","theMarked:SwordAndMagic","theMarked:Electrocute"],"picked":"SKIP","floor":21},{"not_picked":["theMarked:Aftermath","theMarked:StartUp"],"picked":"theMarked:BindingBlade","floor":23},{"not_picked":["theMarked:SwordAndMagic","theMarked:Seal","theMarked:TwofoldDefense+1"],"picked":"SKIP","floor":25},{"not_picked":["theMarked:Overcharge+1","theMarked:EmpowerWeapon","theMarked:Aftermath"],"picked":"SKIP","floor":27},{"not_picked":["theMarked:SwordAndMagic","theMarked:TwofoldDefense"],"picked":"theMarked:WardOff","floor":29},{"not_picked":["theMarked:TurnInvisible","theMarked:Seal","theMarked:ComboAttacks+1"],"picked":"SKIP","floor":30},{"not_picked":["theMarked:Electrify","theMarked:RogueSparks+1","theMarked:Generate"],"picked":"SKIP","floor":31}],"player_experience":1585478,"relics_obtained":[{"floor":9,"key":"Frozen Egg 2"},{"floor":10,"key":"theMarked:Gun"},{"floor":23,"key":"StrikeDummy"},{"floor":25,"key":"Letter Opener"}],"event_choices":[{"damage_healed":0,"gold_gain":0,"player_choice":"Got Potions","damage_taken":0,"max_hp_gain":0,"max_hp_loss":0,"event_name":"Lab","floor":2,"gold_loss":0},{"damage_healed":0,"gold_gain":0,"player_choice":"1 cards matched","damage_taken":0,"max_hp_gain":0,"max_hp_loss":0,"event_name":"Match and Keep!","floor":19,"gold_loss":0,"cards_obtained":["theMarked:SwordAndMagic"]},{"damage_healed":0,"gold_gain":0,"player_choice":"Read","damage_taken":0,"max_hp_gain":0,"max_hp_loss":0,"event_name":"The Library","floor":28,"gold_loss":0,"cards_obtained":["theMarked:Levitate"]}],"is_beta":false,"boss_relics":[{"not_picked":["Empty Cage","Cursed Key"],"picked":"Snecko Eye"}],"items_purged_floors":[5,22],"is_endless":false,"potions_floor_spawned":[1,10,12,14,18,25,27,29],"killed_by":"Collector","ascension_level":0}}