{"host":"njruw0b0uprlitpx","time":1609225590,"event":{"mods":["2.2 Compatiblity","Astrologer","Bartender","BaseMod","Better Altar","Better Match","Better Note","Better Sensory Stone","Better Skull","Better Third Choice","BetterRewards","Block Reminder","Colored Map","Colored Powertips","Energized Spire","Jedi Mod","Keyboard Shortcuts","Magitek Elite","Minty Spire (QoL Compilation)","Quick Restart","Relic Stats","Replay The Spire","SacredBarkPlus","Spicy Shops","StSLib","SuperFastMode","The Dragon Tamer","The Forsaken","The Gatherer","The Marked","The Mystic","The Necromancer","The Spell Scribe","Wandering Minibosses"],"gold_per_floor":[509,509,509,509,50,50,81,81,160,28,63,79,79,93,93,164,164,182,2,12,287,287,287,317,317,317,78,78,112,127,127,127,199,199,216,233,247,31,31,62,62,73,73,73,85,85,71,90,90,90],"floor_reached":51,"playtime":2385,"items_purged":["Regret","Strike_W"],"score":1996,"play_id":"a2fb8489-8de0-4c47-a384-bcc41bec830a","local_time":"20201229010630","is_ascension_mode":true,"campfire_choices":[{"data":"Negative_Energy_Arrows","floor":6,"key":"SMITH"},{"floor":8,"key":"REST"},{"data":"Finger_Of_Death","floor":13,"key":"SMITH"},{"data":"Vampiric_Strike","floor":15,"key":"SMITH"},{"data":"Strike_from_Beyond","floor":23,"key":"SMITH"},{"data":"Bone_Shift","floor":25,"key":"SMITH"},{"data":"Toxic_Smoke_Screen","floor":28,"key":"SMITH"},{"floor":32,"key":"REST"},{"data":"Blood_Is_Power","floor":41,"key":"SMITH"},{"data":"Shade_Step","floor":44,"key":"SMITH"},{"data":"Shade_Step","floor":46,"key":"SMITH"},{"floor":49,"key":"REST"}],"circlet_count":0,"master_deck":["AscendersBane","Strike_W","Strike_W","Strike_W","Defend_W","Defend_W","Defend_W+1","Defend_W","Negative_Energy_Arrows+1","Bone_Wall","Bone_Armory+1","Siphon_Strength+1","Bone_Spikes+1","Slay_Living+1","Spectral_Walk+1","Scare+1","Violent_Necrosis+1","Blood_Wake+1","Trip+1","Mind Blast+1","Secret Technique+1","Summon_Death_Knight+1","Stop_Heart+1","Stop_Heart+1","Pride","Summon_Death_Knight+1","Finger_Of_Death+1","Acid_Javelin","Vampiric_Strike+1","Skeleton_Dragon+1","Strike_from_Beyond+1","Toxic_Smoke_Screen+1","Bone_Shift+1","Spectral_Armor+1","Summon_Undead_Army+1","Requiem+1","Uncharnel+1","Hellfire+1","AbeCurse","Necrotic_Claws","Blood_Is_Power+1","Shade_Step+1","Siphon_Strength+1","Summon_Lich+1","Shade_Step+1","Parasite","Decay","Summon_Undead_Army+1","Summon_Undead_Army+1","Plague_Bolt"],"relics":["Vampire_Amulet","Pocketwatch","Mummified Hand","Golden Egg","jedi:archwizardhat","Orrery","jedi:shrinkray","ReplayTheSpireMod:ShopPack","Replay:Ringing Soul","Gremlin Horn","DollysMirror","Protect_Vest","jedi:hotpepper","Du-Vu Doll","InkBottle","ReplayTheSpireMod:Ninjato","Onion Ring","Chameleon Ring","Abe\u0027s Treasure","jedi:crownofsimplicity","Bottled Tornado","Frozen Egg 2","theForsaken:HumbleEgg","ReplayTheSpireMod:CursedCoin"],"acts_visited":["Exordium","TheCity","TheBeyond"],"potions_floor_usage":[16,33,50],"damage_taken":[{"damage":0,"enemies":"Cultist","floor":1,"turns":2},{"damage":18,"enemies":"3 Sentries","floor":7,"turns":4},{"damage":0,"enemies":"Lagavulin","floor":11,"turns":4},{"damage":0,"enemies":"Jaw Worm","floor":12,"turns":2},{"damage":0,"enemies":"2 Louse","floor":14,"turns":2},{"damage":26,"enemies":"Hexaghost","floor":16,"turns":7},{"damage":12,"enemies":"Shell Parasite","floor":18,"turns":2},{"damage":3,"enemies":"Chosen","floor":20,"turns":3},{"damage":7,"enemies":"Replay:Snechameleon","floor":24,"turns":3},{"damage":14,"enemies":"Gremlin Leader","floor":29,"turns":3},{"damage":5,"enemies":"Snecko","floor":30,"turns":3},{"damage":14,"enemies":"Champ","floor":33,"turns":5},{"damage":13,"enemies":"3 Shapes","floor":35,"turns":3},{"damage":3,"enemies":"3 Darklings","floor":36,"turns":3},{"damage":8,"enemies":"Jaw Worm Horde","floor":37,"turns":4},{"damage":5,"enemies":"Giant Head","floor":40,"turns":4},{"damage":2,"enemies":"Writhing Mass","floor":42,"turns":3},{"damage":2,"enemies":"Transient","floor":45,"turns":6},{"damage":10,"enemies":"Sphere and 2 Shapes","floor":48,"turns":2},{"damage":43,"enemies":"Donu and Deca","floor":50,"turns":6}],"seed_played":"7241292726398017450","potions_obtained":[{"floor":7,"key":"jedi:mysterypotion"},{"floor":12,"key":"FearPotion"},{"floor":33,"key":"Venom Potion"}],"is_trial":false,"path_per_floor":["M","?","?","?","$","R","E","R","T","$","E","M","R","M","R","B",null,"M","$","M","?","?","R","E","R","T","$","R","E","M","?","R","B",null,"M","M","M","$","T","E","R","M","T","R","M","R","$","M","R","B",null],"character_chosen":"NECROMANCER","items_purchased":["Mummified Hand","Golden Egg","jedi:archwizardhat","Bone_Armory","Orrery","Blood_Wake","jedi:shrinkray","ReplayTheSpireMod:ShopPack","Stop_Heart","DollysMirror","Du-Vu Doll","PowerPotion","Spectral_Armor","Summon_Undead_Army","Siphon_Strength+1","Summon_Lich","jedi:crownofsimplicity","ReplayTheSpireMod:CursedCoin","Summon_Undead_Army+1"],"campfire_rested":3,"item_purchase_floors":[0,0,0,0,0,5,5,5,10,10,19,19,27,27,38,38,38,47,47],"current_hp_per_floor":[66,66,66,66,66,66,57,74,74,77,80,83,83,86,86,65,66,58,58,59,61,61,61,58,58,58,60,60,61,60,60,80,70,81,75,80,80,82,82,87,87,89,89,89,89,89,91,89,100,63],"gold":90,"neow_bonus":"","is_daily":false,"chose_seed":false,"campfire_upgraded":9,"win_rate":0.0,"timestamp":1609225590,"path_taken":["M","?","?","?","$","R","E","R","T","$","E","M","R","M","R","BOSS","M","$","M","?","?","R","E","R","T","$","R","E","M","?","R","BOSS","M","?","M","$","?","E","R","M","T","R","M","R","$","M","R","BOSS"],"items_purchased_type":["Relic","Relic","Relic","Card","Relic","Card","Relic","Relic","Card","Relic","Relic","Potion","Card","Card","Card","Card","Relic","Relic","Card"],"build_version":"2020-12-22","purchased_purges":2,"victory":true,"max_hp_per_floor":[71,71,71,71,71,71,74,74,74,77,80,83,83,86,86,89,66,68,68,70,72,72,72,74,74,74,76,76,78,80,80,80,82,84,86,88,90,92,92,94,94,96,96,96,96,96,98,100,100,100],"relic_stats":{"Gremlin Horn":[14,14],"counters":[138,438],"Mummified Hand":[77],"obtain_stats":[{"Golden Egg":5,"jedi:zontanonomicon":29,"Spirit Poop":36,"Bottled Tornado":9,"Sling":0,"Boot":26,"Ring of Searing":4,"Old Coin":31,"jedi:shrinkray":5,"Replay:Ringing Soul":16,"theForsaken:HumbleEgg":25,"jedi:firstaidkit":27,"Sundial":14,"Ribbon":0,"Fusion Hammer":36,"HandDrill":40,"Replay:Wax Seal":26,"Replay:Bottled Steam":19,"Counterbalance":2,"Velvet Choker":17,"Eternal Feather":26,"Akabeko":28,"Runic Dome":34,"Snecko Eye":17,"Tintinnabulum":9,"Kintsugi":17,"StrikeDummy":50,"Unceasing Top":39,"Abe\u0027s Treasure":34,"Lantern":2,"Painkiller Herb":17,"Bag of Preparation":39,"jedi:archwizardhat":10,"Cursed Key":36,"Power_Wrist":0,"Pet Ghost":29,"Matryoshka":0,"Ring of Fangs":2,"WingedGreaves":10,"Replay:Bottled Eggs":8,"InkBottle":47,"Potion Belt":14,"PreservedInsect":19,"Protect_Vest":11,"jedi:crownofsimplicity":50,"Frozen Egg 2":40,"Replay:Arrowhead":39,"Ornamental Fan":43,"Orrery":0,"Garlic":36,"Bottled Lightning":12,"ReplayTheSpireMod:Ring of Challenge":2,"ReplayTheSpireMod:Onyx Gauntlets":17,"wanderingMiniBosses:Inkheart":30,"Ice Cream":38,"Divine Protection":45,"Gremlin Horn":13,"CeramicFish":11,"Vajra":12,"DollysMirror":23,"Strawberry":40,"Philosopher\u0027s Stone":19,"Vampire_Amulet":0,"Toxic Egg 2":10,"Happy Flower":39,"ReplayTheSpireMod:CursedCoin":19,"Replay:Grab Bag":19,"Choco_Feather":0,"Oddly Smooth Stone":45,"War Paint":33,"jedi:HeartOfTheCards":33,"Du-Vu Doll":6,"jedi:heavyjacket":45,"Replay:Baseball":26,"jedi:hotpepper":17,"Shuriken":11,"Bronze Scales":26,"Simple Rune":24,"Onion Ring":29,"ReplayTheSpireMod:TigerMarble":9,"Meat on the Bone":12,"Pocketwatch":0,"ReplayTheSpireMod:Ring of Exchange":0,"Mango":0,"Incense Burner":0,"theForsaken:Gavel":0,"PrismaticShard":11,"ClockworkSouvenir":0,"Replay:Bandana":24,"Nunchaku":8,"Chameleon Ring":31,"Mummified Hand":0,"Pantograph":12,"Gambling Chip":41,"jedi:matchstick":42,"Genji_Glove":0,"Red Mask":33,"Replay:Bottled Snecko":48,"Runic Pyramid":19,"Gremlin Food":0,"BargainBundle":39,"ReplayTheSpireMod:Ninjato":0,"Replay:Towering Pillar of Hats":0,"Guide Book":37,"Odd Mushroom":8,"White Beast Statue":40,"Calling Bell":19,"Strange Spoon":0,"CaptainsWheel":0,"jedi:kaleidoscope":31,"jedi:ominousloannote":39,"ChewingGum":19,"Gem_Box":36,"Membership Card":0,"Guard_Bracelet":26,"FossilizedHelix":19,"ReplayTheSpireMod:ShopPack":5},{"Golden Egg":98,"jedi:zontanonomicon":11,"Spirit Poop":60,"Bottled Tornado":47,"Sling":20,"Boot":32,"Ring of Searing":69,"Old Coin":109,"jedi:shrinkray":119,"Replay:Ringing Soul":4,"theForsaken:HumbleEgg":107,"jedi:firstaidkit":11,"Sundial":27,"Ribbon":95,"Fusion Hammer":13,"HandDrill":90,"Replay:Wax Seal":55,"Replay:Bottled Steam":5,"Counterbalance":1,"Velvet Choker":28,"Eternal Feather":10,"Akabeko":11,"Runic Dome":59,"Snecko Eye":51,"Tintinnabulum":99,"Kintsugi":51,"StrikeDummy":19,"Unceasing Top":61,"Abe\u0027s Treasure":130,"Lantern":96,"Painkiller Herb":76,"Bag of Preparation":15,"jedi:archwizardhat":72,"Cursed Key":35,"Power_Wrist":95,"Pet Ghost":57,"Matryoshka":43,"Ring of Fangs":44,"WingedGreaves":48,"Replay:Bottled Eggs":3,"InkBottle":18,"Potion Belt":50,"PreservedInsect":5,"Protect_Vest":121,"jedi:crownofsimplicity":42,"Frozen Egg 2":134,"Replay:Arrowhead":37,"Ornamental Fan":91,"Orrery":95,"Garlic":111,"Bottled Lightning":49,"ReplayTheSpireMod:Ring of Challenge":44,"ReplayTheSpireMod:Onyx Gauntlets":51,"wanderingMiniBosses:Inkheart":34,"Ice Cream":15,"Divine Protection":16,"Gremlin Horn":74,"CeramicFish":72,"Vajra":49,"DollysMirror":8,"Strawberry":90,"Philosopher\u0027s Stone":5,"Vampire_Amulet":0,"Toxic Egg 2":25,"Happy Flower":15,"ReplayTheSpireMod:CursedCoin":29,"Replay:Grab Bag":5,"Choco_Feather":67,"Oddly Smooth Stone":92,"War Paint":34,"jedi:HeartOfTheCards":86,"Du-Vu Doll":46,"jedi:heavyjacket":40,"Replay:Baseball":83,"jedi:hotpepper":124,"Shuriken":99,"Bronze Scales":55,"Simple Rune":82,"Onion Ring":128,"ReplayTheSpireMod:TigerMarble":3,"Meat on the Bone":26,"Pocketwatch":118,"ReplayTheSpireMod:Ring of Exchange":95,"Mango":95,"Incense Burner":67,"theForsaken:Gavel":95,"PrismaticShard":99,"ClockworkSouvenir":95,"Replay:Bandana":32,"Nunchaku":71,"Chameleon Ring":129,"Mummified Hand":118,"Pantograph":4,"Gambling Chip":38,"jedi:matchstick":39,"Genji_Glove":67,"Red Mask":12,"Replay:Bottled Snecko":93,"Runic Pyramid":5,"Gremlin Food":20,"BargainBundle":15,"ReplayTheSpireMod:Ninjato":43,"Replay:Towering Pillar of Hats":43,"Guide Book":60,"Odd Mushroom":47,"White Beast Statue":62,"Calling Bell":5,"Strange Spoon":95,"CaptainsWheel":67,"jedi:kaleidoscope":58,"jedi:ominousloannote":61,"ChewingGum":5,"Gem_Box":87,"Membership Card":95,"Guard_Bracelet":107,"FossilizedHelix":5,"ReplayTheSpireMod:ShopPack":119},{"Golden Egg":312,"jedi:zontanonomicon":45,"Spirit Poop":232,"Bottled Tornado":205,"Sling":82,"Boot":140,"Ring of Searing":248,"Old Coin":344,"jedi:shrinkray":369,"Replay:Ringing Soul":13,"theForsaken:HumbleEgg":340,"jedi:firstaidkit":45,"Sundial":110,"Ribbon":307,"Fusion Hammer":54,"HandDrill":291,"Replay:Wax Seal":224,"Replay:Bottled Steam":19,"Counterbalance":3,"Velvet Choker":118,"Eternal Feather":41,"Akabeko":45,"Runic Dome":231,"Snecko Eye":217,"Tintinnabulum":314,"Kintsugi":217,"StrikeDummy":76,"Unceasing Top":233,"Abe\u0027s Treasure":407,"Lantern":309,"Painkiller Herb":263,"Bag of Preparation":61,"jedi:archwizardhat":252,"Cursed Key":160,"Power_Wrist":307,"Pet Ghost":226,"Matryoshka":193,"Ring of Fangs":196,"WingedGreaves":208,"Replay:Bottled Eggs":11,"InkBottle":72,"Potion Belt":213,"PreservedInsect":19,"Protect_Vest":377,"jedi:crownofsimplicity":186,"Frozen Egg 2":421,"Replay:Arrowhead":168,"Ornamental Fan":294,"Orrery":307,"Garlic":350,"Bottled Lightning":209,"ReplayTheSpireMod:Ring of Challenge":196,"ReplayTheSpireMod:Onyx Gauntlets":217,"wanderingMiniBosses:Inkheart":153,"Ice Cream":61,"Divine Protection":65,"Gremlin Horn":256,"CeramicFish":252,"Vajra":209,"DollysMirror":32,"Strawberry":291,"Philosopher\u0027s Stone":19,"Vampire_Amulet":0,"Toxic Egg 2":101,"Happy Flower":61,"ReplayTheSpireMod:CursedCoin":124,"Replay:Grab Bag":19,"Choco_Feather":246,"Oddly Smooth Stone":296,"War Paint":153,"jedi:HeartOfTheCards":283,"Du-Vu Doll":202,"jedi:heavyjacket":180,"Replay:Baseball":275,"jedi:hotpepper":388,"Shuriken":314,"Bronze Scales":224,"Simple Rune":273,"Onion Ring":399,"ReplayTheSpireMod:TigerMarble":11,"Meat on the Bone":107,"Pocketwatch":367,"ReplayTheSpireMod:Ring of Exchange":307,"Mango":307,"Incense Burner":246,"theForsaken:Gavel":307,"PrismaticShard":314,"ClockworkSouvenir":307,"Replay:Bandana":140,"Nunchaku":250,"Chameleon Ring":402,"Mummified Hand":367,"Pantograph":13,"Gambling Chip":171,"jedi:matchstick":176,"Genji_Glove":246,"Red Mask":48,"Replay:Bottled Snecko":301,"Runic Pyramid":19,"Gremlin Food":82,"BargainBundle":61,"ReplayTheSpireMod:Ninjato":193,"Replay:Towering Pillar of Hats":193,"Guide Book":232,"Odd Mushroom":205,"White Beast Statue":235,"Calling Bell":19,"Strange Spoon":307,"CaptainsWheel":246,"jedi:kaleidoscope":228,"jedi:ominousloannote":233,"ChewingGum":19,"Gem_Box":287,"Membership Card":307,"Guard_Bracelet":340,"FossilizedHelix":19,"ReplayTheSpireMod:ShopPack":369}],"InkBottle":[21],"Pocketwatch":[33]},"card_choices":[{"not_picked":["Toxic_Smoke_Screen","Blood_Curse"],"picked":"Siphon_Strength","floor":0},{"not_picked":["Toxic_Smoke_Screen","Chill_Blood"],"picked":"Bone_Spikes","floor":0},{"not_picked":["Spectral_Armor","Epidemic"],"picked":"Slay_Living","floor":0},{"not_picked":["Skeleton_Dragon","Shackles_Of_Pain"],"picked":"Spectral_Walk","floor":0},{"not_picked":["Bone_Shift","Vampiric_Strike"],"picked":"Scare","floor":0},{"not_picked":["Siphon_Strength","Vampiric_Strike"],"picked":"Violent_Necrosis","floor":1},{"not_picked":["ReplayTheSpireMod:Uncanny Aura","Panacea"],"picked":"Trip","floor":5},{"not_picked":["Bandage Up","Dark Shackles"],"picked":"Mind Blast","floor":5},{"not_picked":["Magnetism","Thinking Ahead"],"picked":"Secret Technique","floor":5},{"not_picked":["Chill_Blood","Bone_Spikes"],"picked":"Summon_Death_Knight","floor":7},{"not_picked":["Blood_for_Blood","Toxic_Smoke_Screen"],"picked":"Finger_Of_Death","floor":11},{"not_picked":["Epidemic","Bones_to_Steel"],"picked":"Acid_Javelin","floor":12},{"not_picked":["Pandemic","Bones_to_Steel"],"picked":"Vampiric_Strike","floor":14},{"not_picked":["Detonate_Bones","Summon_Vampire_Lady"],"picked":"Skeleton_Dragon","floor":16},{"not_picked":["Toxic_Smoke_Screen","Violent_Necrosis"],"picked":"Strike_from_Beyond","floor":18},{"not_picked":["Violent_Necrosis+1","Death_Coil"],"picked":"Toxic_Smoke_Screen","floor":20},{"not_picked":["Blood_Shield","Life_Drain"],"picked":"Bone_Shift","floor":24},{"not_picked":["Corrupt","Toxic_Smoke_Screen"],"picked":"Requiem","floor":29},{"not_picked":["Exploit+1","Consume_Illness"],"picked":"Uncharnel+1","floor":30},{"not_picked":["Blood_Wake","Requiem"],"picked":"Hellfire","floor":33},{"not_picked":["Life_Tap","Bone_Armor"],"picked":"Necrotic_Claws","floor":35},{"not_picked":["Slay_Living","Bone_Spikes"],"picked":"Blood_Is_Power","floor":36},{"not_picked":["Blood_Curse","Blood_for_Blood"],"picked":"Shade_Step","floor":37},{"not_picked":["Death_Knell","Pandemic"],"picked":"Shade_Step","floor":40},{"not_picked":["Epidemic","Death_March_Dance+1","Finger_Of_Death"],"picked":"SKIP","floor":42},{"not_picked":["Death_March_Dance+1","Flesh_Made_Foul","Negative_Energy_Mist+1"],"picked":"SKIP","floor":45},{"not_picked":["Violent_Necrosis","Death_Knell"],"picked":"Plague_Bolt","floor":48}],"player_experience":1647194,"relics_obtained":[{"floor":7,"key":"Replay:Ringing Soul"},{"floor":9,"key":"Gremlin Horn"},{"floor":11,"key":"Protect_Vest"},{"floor":24,"key":"InkBottle"},{"floor":26,"key":"ReplayTheSpireMod:Ninjato"},{"floor":29,"key":"Onion Ring"},{"floor":31,"key":"Chameleon Ring"},{"floor":39,"key":"Bottled Tornado"},{"floor":40,"key":"Frozen Egg 2"},{"floor":43,"key":"theForsaken:HumbleEgg"}],"event_choices":[{"damage_healed":0,"gold_gain":0,"player_choice":"Grow","damage_taken":0,"max_hp_gain":0,"max_hp_loss":0,"event_name":"Living Wall","floor":2,"gold_loss":0,"cards_upgraded":["Violent_Necrosis"]},{"damage_healed":0,"gold_gain":0,"player_choice":"Leave","damage_taken":0,"max_hp_gain":0,"max_hp_loss":0,"event_name":"The Cleric","floor":4,"gold_loss":0},{"damage_healed":0,"gold_gain":275,"player_choice":"Desecrate","damage_taken":0,"max_hp_gain":0,"max_hp_loss":0,"event_name":"Golden Shrine","floor":21,"gold_loss":0,"cards_obtained":["Regret"]},{"cards_removed":["Slay_Living"],"damage_healed":0,"gold_gain":0,"player_choice":"Give","damage_taken":0,"max_hp_gain":0,"max_hp_loss":0,"event_name":"betterNote:BetterNote","floor":22,"gold_loss":0,"cards_obtained":["None"]},{"damage_healed":0,"gold_gain":0,"player_choice":"Relic","damage_taken":0,"max_hp_gain":0,"max_hp_loss":0,"event_name":"Wheel of Change","floor":31,"gold_loss":0}],"is_beta":false,"boss_relics":[{"not_picked":["ChewingGum","jedi:battlestandard"],"picked":"jedi:hotpepper"},{"not_picked":["energizedSpire:OgreHead","Philosopher\u0027s Stone"],"picked":"Abe\u0027s Treasure"}],"items_purged_floors":[27,47],"is_endless":false,"potions_floor_spawned":[7,12,14,24,30,33,35,48],"ascension_level":17}}