{"host":"toh0bbw446wnuexf","time":1609216343,"event":{"mods":["BaseMod","Downfall","Hermit","Minty Spire (QoL Compilation)","Random Character Button","StSLib"],"gold_per_floor":[111,111,111,111,131,131,147,147,147,74,87,87,87,99,99,202,202,216,216,131,131,131,163,177,196,275,325,325,325,325,339,339,442,442,454,469,171,187,207,207,227,240,240,240,84,84,96,107,107,107],"floor_reached":51,"playtime":15664,"items_purged":[],"score":739,"play_id":"07db4cc7-7e47-4615-8abe-ac9ac0ebbb39","local_time":"20201229173223","is_ascension_mode":true,"campfire_choices":[{"data":"hermit:Magnum","floor":6,"key":"SMITH"},{"floor":8,"key":"REST"},{"data":"hermit:LuckOfTheDraw","floor":13,"key":"SMITH"},{"data":"hermit:Defend_Hermit","floor":15,"key":"SMITH"},{"floor":28,"key":"REST"},{"data":"hermit:BigShot","floor":30,"key":"SMITH"},{"data":"hermit:Defend_Hermit","floor":32,"key":"SMITH"},{"data":"hermit:Defend_Hermit","floor":40,"key":"SMITH"},{"floor":44,"key":"REST"},{"data":"hermit:Defend_Hermit","floor":46,"key":"SMITH"},{"floor":49,"key":"REST"}],"circlet_count":0,"master_deck":["hermit:Strike_Hermit+1","hermit:Strike_Hermit","hermit:Strike_Hermit","hermit:Defend_Hermit+1","hermit:Defend_Hermit+1","hermit:Defend_Hermit+1","hermit:Defend_Hermit+1","hermit:Snapshot+1","hermit:Magnum+1","hermit:LuckOfTheDraw+1","hermit:BigShot+1"],"relics":["Runic Pyramid","Question Card","Nloth\u0027s Gift","Ice Cream","Molten Egg 2","Sozu","Oddly Smooth Stone","Nunchaku","Ancient Tea Set","Lantern"],"acts_visited":["Exordium","TheCity","TheBeyond"],"potions_floor_usage":[33,33],"damage_taken":[{"damage":6,"enemies":"Jaw Worm","floor":1,"turns":3},{"damage":0,"enemies":"2 Louse","floor":5,"turns":3},{"damage":3,"enemies":"Small Slimes","floor":7,"turns":3},{"damage":0,"enemies":"Exordium Wildlife","floor":11,"turns":3},{"damage":0,"enemies":"3 Louse","floor":14,"turns":2},{"damage":34,"enemies":"Slime Boss","floor":16,"turns":9},{"damage":0,"enemies":"3 Byrds","floor":18,"turns":4},{"damage":28,"enemies":"Book of Stabbing","floor":23,"turns":4},{"damage":5,"enemies":"Chosen","floor":24,"turns":2},{"damage":0,"enemies":"3 Cultists","floor":25,"turns":4},{"damage":0,"enemies":"Snake Plant","floor":31,"turns":2},{"damage":56,"enemies":"Collector","floor":33,"turns":5},{"damage":3,"enemies":"Orb Walker","floor":35,"turns":4},{"damage":0,"enemies":"3 Darklings","floor":36,"turns":4},{"damage":0,"enemies":"Maw","floor":38,"turns":4},{"damage":15,"enemies":"Jaw Worm Horde","floor":39,"turns":2},{"damage":9,"enemies":"Sphere and 2 Shapes","floor":41,"turns":4},{"damage":12,"enemies":"4 Shapes","floor":42,"turns":4},{"damage":8,"enemies":"Spire Growth","floor":47,"turns":3},{"damage":0,"enemies":"3 Darklings","floor":48,"turns":2},{"damage":22,"enemies":"Time Eater","floor":50,"turns":6}],"seed_played":"-8562847731921254050","potions_obtained":[{"floor":5,"key":"ColorlessPotion"},{"floor":14,"key":"FairyPotion"},{"floor":16,"key":"Strength Potion"},{"floor":18,"key":"FearPotion"},{"floor":31,"key":"LiquidBronze"}],"is_trial":false,"path_per_floor":["M","?","$","?","M","R","M","R","T","$","M","?","R","M","R","B",null,"M","?","?","?","$","E","M","M","T","?","R","$","R","M","R","B",null,"M","M","$","M","M","R","M","M","T","R","$","R","M","M","R","B",null],"character_chosen":"HERMIT","items_purchased":["hermit:LuckOfTheDraw","Oddly Smooth Stone","Nunchaku","Lantern"],"campfire_rested":4,"item_purchase_floors":[10,37,37,45],"current_hp_per_floor":[69,54,54,59,59,59,56,80,80,80,80,73,73,73,73,39,80,80,80,80,80,80,52,47,47,47,47,71,71,71,71,71,15,80,77,77,77,77,62,62,53,41,41,65,65,65,57,57,80,58],"gold":107,"neow_bonus":"TRANSFORM_CARD","is_daily":false,"chose_seed":false,"campfire_upgraded":7,"win_rate":0.0,"timestamp":1609216343,"path_taken":["M","?","$","?","M","R","M","R","T","$","M","?","R","M","R","BOSS","M","?","?","?","$","E","?","M","T","?","R","$","R","M","R","BOSS","M","?","?","M","M","R","M","M","T","R","$","R","M","?","R","BOSS"],"items_purchased_type":["Card","Relic","Relic","Relic"],"build_version":"2020-12-22","purchased_purges":0,"victory":true,"max_hp_per_floor":[75,75,75,80,80,80,80,80,80,80,80,80,80,80,80,80,80,80,80,80,80,80,80,80,80,80,80,80,80,80,80,80,80,80,80,80,80,80,80,80,80,80,80,80,80,80,80,80,80,80],"card_choices":[{"not_picked":["hermit:Desperado","hermit:Snipe","hermit:HoleUp"],"picked":"SKIP","floor":1},{"not_picked":["hermit:Scavenge","hermit:GhostlyPresence","hermit:ItchyTrigger"],"picked":"SKIP","floor":5},{"not_picked":["hermit:Spite","hermit:Midnight","hermit:Headshot"],"picked":"SKIP","floor":7},{"not_picked":["hermit:Brawl","hermit:Spite","hermit:Desperado"],"picked":"SKIP","floor":11},{"not_picked":["hermit:LuckOfTheDraw","hermit:Roulette","hermit:Malice"],"picked":"SKIP","floor":14},{"not_picked":["hermit:Gestalt","hermit:Desperado","hermit:ItchyTrigger"],"picked":"SKIP","floor":18},{"not_picked":["hermit:CursedWeapon+1","hermit:EyeOfTheStorm","hermit:Ricochet+1","hermit:TrackingShot"],"picked":"SKIP","floor":23},{"not_picked":["hermit:Shortfuse+1","hermit:BodyArmor+1","hermit:FatalDesire","hermit:Spite"],"picked":"SKIP","floor":24},{"not_picked":["hermit:GoldenBullet+1","hermit:TakeCover","hermit:Manifest","hermit:CalledShot"],"picked":"SKIP","floor":25},{"not_picked":["hermit:Horror","hermit:Vantage+1","hermit:HighCaliber+1","hermit:SprayPray+1"],"picked":"SKIP","floor":31},{"not_picked":["hermit:Desperado+1","hermit:DeadOrAlive+1","hermit:Dive","hermit:Headshot+1"],"picked":"SKIP","floor":35},{"not_picked":["hermit:Virtue","hermit:Misfire+1","hermit:Gestalt","hermit:Malice+1"],"picked":"SKIP","floor":36},{"not_picked":["hermit:BodyArmor+1","hermit:HoleUp","hermit:Misfire+1","hermit:WideOpen+1"],"picked":"SKIP","floor":38},{"not_picked":["hermit:Spite+1","hermit:HighNoon","hermit:Vantage","hermit:Brawl+1"],"picked":"SKIP","floor":39},{"not_picked":["hermit:LuckOfTheDraw+1","hermit:NoHoldsBarred+1","hermit:Ricochet+1","hermit:Desperado+1"],"picked":"SKIP","floor":41},{"not_picked":["hermit:CalledShot+1","hermit:LowProfile+1","hermit:TakeCover+1","hermit:Scavenge+1"],"picked":"SKIP","floor":42},{"not_picked":["hermit:Ricochet+1","hermit:OverwhelmingPower","hermit:CalledShot+1","hermit:Glare+1"],"picked":"SKIP","floor":47},{"not_picked":["hermit:Roulette+1","hermit:GoldenBullet+1","hermit:SprayPray+1","hermit:Snipe"],"picked":"SKIP","floor":48}],"player_experience":546523,"relics_obtained":[{"floor":23,"key":"Ice Cream"},{"floor":26,"key":"Molten Egg 2"},{"floor":43,"key":"Ancient Tea Set"}],"event_choices":[{"damage_healed":0,"gold_gain":0,"player_choice":"Entered Light","damage_taken":15,"max_hp_gain":0,"max_hp_loss":0,"event_name":"Shining Light","floor":2,"gold_loss":0,"cards_upgraded":["hermit:Snapshot","hermit:Strike_Hermit"]},{"damage_healed":0,"gold_gain":0,"player_choice":"Donut","damage_taken":0,"max_hp_gain":5,"max_hp_loss":0,"event_name":"Big Fish","floor":4,"gold_loss":0},{"cards_removed":["hermit:Strike_Hermit"],"damage_healed":0,"gold_gain":0,"player_choice":"Card Removal","damage_taken":7,"max_hp_gain":0,"max_hp_loss":0,"event_name":"Golden Wing","floor":12,"gold_loss":0},{"damage_healed":0,"gold_gain":0,"player_choice":"Read","damage_taken":0,"max_hp_gain":0,"max_hp_loss":0,"event_name":"The Library","floor":19,"gold_loss":0,"cards_obtained":["hermit:BigShot"]},{"damage_healed":0,"gold_gain":0,"player_choice":"Obtained Relic","damage_taken":0,"relics_obtained":["Question Card"],"max_hp_gain":0,"max_hp_loss":0,"event_name":"Addict","floor":20,"gold_loss":85},{"damage_healed":0,"gold_gain":0,"player_choice":"Traded Relic","damage_taken":0,"relics_obtained":["Nloth\u0027s Gift"],"max_hp_gain":0,"max_hp_loss":0,"event_name":"N\u0027loth","floor":21,"relics_lost":["hermit:Momento"],"gold_loss":0},{"damage_healed":0,"gold_gain":100,"player_choice":"Bet on Murderer","damage_taken":0,"max_hp_gain":0,"max_hp_loss":0,"event_name":"The Joust","floor":27,"gold_loss":50}],"is_beta":false,"boss_relics":[{"not_picked":["Calling Bell","Runic Dome"],"picked":"Runic Pyramid"},{"not_picked":["Empty Cage","Fusion Hammer"],"picked":"Sozu"}],"items_purged_floors":[],"is_endless":false,"potions_floor_spawned":[5,14,16,18,25,31,36,38,42],"ascension_level":1}}