{"host":"Zion","time":1609218111,"event":{"mods":["AchievementEnabler","BaseMod","Colored Map","DeckTracker","Minty Spire (QoL Compilation)","Quick Restart","Rare Cards Sparkle"],"gold_per_floor":[118,133,58,75,87,87,100,100,100,100,134,134,153,153,153,153,153],"floor_reached":16,"playtime":396,"items_purged":["Strike_P"],"score":128,"play_id":"8d284ec3-fa1c-4336-bdd6-51c464984829","local_time":"20201229140151","is_ascension_mode":true,"campfire_choices":[{"data":"Eruption","floor":6.0,"key":"SMITH"},{"data":"FollowUp","floor":8.0,"key":"SMITH"},{"data":"Vigilance","floor":10.0,"key":"SMITH"},{"floor":12.0,"key":"RECALL"},{"data":"Blasphemy","floor":15.0,"key":"SMITH"}],"circlet_count":0,"master_deck":["Strike_P","Strike_P","Strike_P","Defend_P","Defend_P","Defend_P","Eruption+1","Vigilance+1","FollowUp+1","Blasphemy+1"],"relics":["PureWater","NeowsBlessing","Lizard Tail","Dead Branch"],"acts_visited":["Exordium"],"potions_floor_usage":[],"damage_taken":[{"damage":0.0,"enemies":"Small Slimes","floor":1.0,"turns":1.0},{"damage":0.0,"enemies":"2 Louse","floor":2.0,"turns":1.0},{"damage":0.0,"enemies":"Jaw Worm","floor":4.0,"turns":1.0},{"damage":10.0,"enemies":"Looter","floor":5.0,"turns":3.0},{"damage":1.0,"enemies":"Exordium Wildlife","floor":7.0,"turns":4.0},{"damage":20.0,"enemies":"Gremlin Nob","floor":11.0,"turns":3.0},{"damage":0.0,"enemies":"Blue Slaver","floor":13.0,"turns":1.0},{"damage":0,"enemies":"Hexaghost","floor":16,"turns":1}],"seed_played":"-8473900330900395664","potions_obtained":[{"floor":5.0,"key":"Weak Potion"},{"floor":7.0,"key":"FairyPotion"},{"floor":13.0,"key":"Weak Potion"}],"is_trial":false,"path_per_floor":["M","M","$","M","M","R","M","R","T","R","E","R","M","?","R","B"],"character_chosen":"WATCHER","items_purchased":[],"campfire_rested":0,"item_purchase_floors":[],"current_hp_per_floor":[72,72,72,72,62,62,61,61,61,61,41,41,41,41,41,41,41],"gold":153,"neow_bonus":"THREE_ENEMY_KILL","is_daily":false,"chose_seed":false,"campfire_upgraded":4,"win_rate":0.0,"timestamp":1609218111,"path_taken":["M","M","$","M","M","R","M","R","T","R","E","R","M","?","R","BOSS"],"items_purchased_type":[],"build_version":"2020-12-18","purchased_purges":1,"victory":false,"max_hp_per_floor":[72,72,72,72,72,72,72,72,72,72,72,72,72,72,72,72,72],"card_choices":[{"not_picked":["JustLucky","PathToVictory","SandsOfTime"],"picked":"SKIP","floor":1.0},{"not_picked":["Wireheading","SashWhip","Study"],"picked":"SKIP","floor":2.0},{"not_picked":["Evaluate","Halt","Consecrate"],"picked":"SKIP","floor":4.0},{"not_picked":["Evaluate","Halt","Consecrate"],"picked":"SKIP","floor":4.0},{"not_picked":["ThirdEye","Meditate","Protect"],"picked":"SKIP","floor":5.0},{"not_picked":["ThirdEye","Meditate","Protect"],"picked":"SKIP","floor":5.0},{"not_picked":["Halt","WindmillStrike"],"picked":"FollowUp","floor":7.0},{"not_picked":["Swivel","Meditate","PathToVictory"],"picked":"SKIP","floor":11.0},{"not_picked":["ClearTheMind","ReachHeaven","JustLucky"],"picked":"SKIP","floor":13.0}],"player_experience":188896,"relics_obtained":[{"floor":9.0,"key":"Lizard Tail"},{"floor":11.0,"key":"Dead Branch"}],"event_choices":[{"damage_healed":0.0,"max_hp_gain":0.0,"max_hp_loss":0.0,"gold_gain":0.0,"cards_transformed":["Defend_P"],"event_name":"Living Wall","player_choice":"Change","floor":14.0,"gold_loss":0.0,"damage_taken":0.0,"cards_obtained":["Blasphemy"]}],"is_beta":true,"boss_relics":[],"items_purged_floors":[3],"is_endless":false,"potions_floor_spawned":[5,7,13],"killed_by":"Hexaghost","ascension_level":5}}