{"host":"btkahjvw3wdsn6lk","time":1609256370,"event":{"mods":["ATMod(阿瑾Mod)","Act Like it!","BaseMod","Dota2Spire","Gensokyo","Highlight Path","Minty Spire (QoL Compilation)","RumiaBox-露米娅的神秘盒子","Spicy Shops","StSLib","The Alterego"],"gold_per_floor":[112,112,122,142,154,154,154],"floor_reached":6,"playtime":761,"items_purged":[],"score":65,"play_id":"337cf9dd-5c13-4edd-beb1-296b6cae5bc0","local_time":"20201229233930","is_ascension_mode":true,"campfire_choices":[],"circlet_count":0,"master_deck":["alterego_mod:Strike","alterego_mod:Strike","alterego_mod:Strike","alterego_mod:Strike","alterego_mod:Defend","alterego_mod:Defend","alterego_mod:Defend","alterego_mod:Defend","alterego_mod:Impale","alterego_mod:BigMeatyClaws","alterego_mod:BrynhildrsRune","AT_FamilyPortrait","alterego_mod:SakuraFive","alterego_mod:GachaTicket","alterego_mod:Bounce"],"relics":["alterego_mod:MasochisticConstitution","AT_ATBox","Lantern","Baka","Dota2Spire:AssaultCuirass"],"acts_visited":["Exordium"],"potions_floor_usage":[4],"damage_taken":[{"damage":0,"enemies":"Gensokyo:3_Fairies","floor":1,"turns":2},{"damage":4,"enemies":"Gensokyo:Gryphon","floor":3,"turns":4},{"damage":3,"enemies":"Gensokyo:2_Kodama","floor":4,"turns":4},{"damage":8,"enemies":"Gensokyo:CorruptedTreant","floor":5,"turns":7},{"damage":8,"enemies":"Gensokyo:Aya","floor":6,"turns":3}],"seed_played":"2455093535789239878","potions_obtained":[{"floor":1,"key":"Energy Potion"},{"floor":4,"key":"Fruit Juice"}],"is_trial":false,"path_per_floor":["M","?","M","M","M","E"],"character_chosen":"The_Alterego","items_purchased":[],"campfire_rested":0,"item_purchase_floors":[],"current_hp_per_floor":[70,77,78,81,74,66,66],"gold":154,"neow_bonus":"RANDOM_COMMON_RELIC","is_daily":false,"chose_seed":false,"campfire_upgraded":0,"win_rate":0.0,"timestamp":1609256370,"path_taken":["M","?","M","M","M","E"],"items_purchased_type":[],"build_version":"2020-12-22","purchased_purges":0,"victory":false,"max_hp_per_floor":[70,77,78,84,85,85,85],"card_choices":[{"not_picked":["alterego_mod:HighServant","alterego_mod:Cooking"],"picked":"alterego_mod:SakuraFive","floor":1},{"not_picked":["alterego_mod:SakuraPetals","alterego_mod:MagicResistance"],"picked":"alterego_mod:GachaTicket","floor":3},{"not_picked":["alterego_mod:Skirt","alterego_mod:Smother","alterego_mod:Cycle"],"picked":"SKIP","floor":4},{"not_picked":["alterego_mod:Cycle","alterego_mod:DeftHands"],"picked":"alterego_mod:Bounce","floor":5}],"player_experience":389757,"relics_obtained":[{"floor":1,"key":"Baka"},{"floor":3,"key":"Dota2Spire:AssaultCuirass"}],"event_choices":[],"is_beta":false,"boss_relics":[],"items_purged_floors":[],"is_endless":false,"potions_floor_spawned":[1,4],"killed_by":"Gensokyo:Aya","ascension_level":1}}