{"host":"bk3gpzeffbx7m7po","time":1609267224,"event":{"mods":["A Magickal Journey","AchievementEnabler","Act Like it!","Aspiration","Astrologer","Bartender","BaseMod","Better Third Choice","Better Vampires","CapriCore","Conspire","Downfall","Duelist Mod","Elementarium","Energized Spire","Friendly Minions","Gensokyo","GungeonMod","Hermit","Hero for Fun","Highlight Path","Hubris","Infinite Spire","Jorbs\u0027s Wanderer Trilogy","Koishi","LagranYue(???·?)","Mad Scientist","Magitek Elite","Marisa????????","Melee Mod","Minty Spire (QoL Compilation)","Potionbrewer","Prisma Mod","Quick Restart","Random Character Button","Remilia??????","Replay The Spire","Shade Mod","Spicy Shops","StSLib","Synergy Search","The Administrix","The Animator","The Clintock","The Construct","The Cursed","The Disciple","The Exalted","The Hierophant","The Immortal","The Judge","The Mystic","The Necromancer","The Poker Player","The Runesmith","The Senshi","The Servant 0.9.4","The Spell Scribe","The Valiant","The Wild Card","TheArtist","TheFirefly"],"gold_per_floor":[115,39,39,69,69,101,101,127,172,190,190,206,206,206,206],"floor_reached":14,"playtime":1426,"items_purged":[],"score":121,"play_id":"52f82380-f1f5-43be-8b11-b58fe6c9fa3e","local_time":"20201229184024","is_ascension_mode":false,"campfire_choices":[{"data":"Bravery","floor":7,"key":"SMITH"}],"circlet_count":0,"master_deck":["Strike_L","Strike_L","Strike_L","Strike_L","Defend_L","Defend_L","Defend_L","Defend_L","Defend_L","Fire2","Cure","Transpose_P","Bravery+1","Circlet","Haste","Wall","Aero","Injury"],"relics":["Pendant","LagranYue:RandomDrawCardRelic","NeowsBlessing","Ring of Fangs","Ring of Hypnosis","ReplayTheSpireMod:TigerMarble","potionbrewer:DrinkingBird","PreservedInsect","Guard_Bracelet","Toy Ornithopter","aspiration:BabyByrd","Golden Idol"],"acts_visited":["Exordium"],"potions_floor_usage":[14,14],"damage_taken":[{"damage":0,"enemies":"Cultist","floor":1,"turns":1},{"damage":0,"enemies":"conspire:MimicChest","floor":4,"turns":1},{"damage":0,"enemies":"Lagavulin","floor":6,"turns":5},{"damage":52,"enemies":"3 Sentries","floor":8,"turns":11},{"damage":0,"enemies":"Small Slimes","floor":10,"turns":7},{"damage":3,"enemies":"2 Louse","floor":12,"turns":5},{"damage":58,"enemies":"Gremlin Nob","floor":14,"turns":5}],"seed_played":"-8433457759210220037","potions_obtained":[{"floor":6,"key":"DemoMod:LeadSkinPotion"},{"floor":10,"key":"Swift Potion"},{"floor":12,"key":"Adrenaline Potion"}],"is_trial":false,"path_per_floor":["M","$","?","?","T","E","R","E","T","M","?","M","?","E"],"character_chosen":"MAGITEKELITE","items_purchased":["Bravery"],"campfire_rested":0,"item_purchase_floors":[2],"current_hp_per_floor":[63,63,63,63,63,63,63,17,17,25,25,22,22,0,0],"gold":206,"neow_bonus":"THREE_ENEMY_KILL","is_daily":false,"chose_seed":false,"campfire_upgraded":1,"win_rate":0.0,"timestamp":1609267224,"path_taken":["M","$","?","?","?","E","R","E","T","M","?","M","?","E"],"items_purchased_type":["Card"],"build_version":"2020-12-22","purchased_purges":0,"victory":false,"max_hp_per_floor":[63,63,63,63,63,63,63,63,63,63,63,63,63,63,63],"card_choices":[{"not_picked":["Crystal_Sword","Blood_Hilt"],"picked":"Transpose_P","floor":1},{"not_picked":["Falchion","Lightbringer"],"picked":"Circlet","floor":4},{"not_picked":["Flare","Shell"],"picked":"Haste","floor":6},{"not_picked":["Quake","Crystal_Sword"],"picked":"Wall","floor":8},{"not_picked":["Heavy_Shield","Mythril_Knife"],"picked":"Aero","floor":10},{"not_picked":["Vox","Rasp","Heavy_Shield"],"picked":"SKIP","floor":12}],"player_experience":297416,"relics_obtained":[{"floor":3,"key":"Ring of Fangs"},{"floor":3,"key":"Ring of Hypnosis"},{"floor":4,"key":"ReplayTheSpireMod:TigerMarble"},{"floor":5,"key":"potionbrewer:DrinkingBird"},{"floor":6,"key":"PreservedInsect"},{"floor":8,"key":"Guard_Bracelet"},{"floor":9,"key":"Toy Ornithopter"}],"event_choices":[{"damage_healed":0,"gold_gain":0,"player_choice":"Take Wound","damage_taken":0,"relics_obtained":["Golden Idol"],"max_hp_gain":0,"max_hp_loss":0,"event_name":"Golden Idol","floor":13,"gold_loss":0,"cards_obtained":["Injury"]}],"is_beta":false,"boss_relics":[],"items_purged_floors":[],"is_endless":false,"potions_floor_spawned":[6,10,12],"killed_by":"Gremlin Nob","ascension_level":0}}