{"host":"zaohydeqzzpy9prd","time":1609200719,"event":{"mods":["BaseMod","Block Reminder","Downfall","Emptier Cage","Gold Saver","Highlight Path","Infinite Spire","Minty Spire (QoL Compilation)","Rare Cards Sparkle","Slumbering Mod","StSLib","TheBandit"],"gold_per_floor":[410,410,410,193,377,414,414,188,188,106,106,106,119,143,143,251,251,258,258,263,263,263,263],"floor_reached":21,"playtime":875,"items_purged":["Doubt"],"score":183,"play_id":"e2a6f2d0-0bf4-4573-8934-aa1db533b902","local_time":"20201228191159","is_ascension_mode":false,"campfire_choices":[{"data":"theSlumbering:TheSeed","floor":7,"key":"SMITH"},{"data":"wariomod:GreaterGuard","floor":11,"key":"SMITH"},{"data":"hexamod:SoulSteal","floor":15,"key":"SMITH"}],"circlet_count":0,"master_deck":["wariomod:Strike","wariomod:Strike","wariomod:Strike","wariomod:Strike","wariomod:Defend","wariomod:Defend","wariomod:Defend","wariomod:Defend","wariomod:Step","wariomod:Leap","wariomod:ChargeForth+1","wariomod:GreaterGuard+1","expansioncontent:Sear","sneckomod:UnknownClassBANDIT_WEIRD_COLOR","hexamod:SoulSteal+1","Demon Form","ThirdEye+1"],"relics":["Ring of the Snake","CeramicFish","infinitespire:Cubic Diamond","PrismaticShard","Pen Nib","theSlumbering:GamblerFolly","Omamori","infinitespire:Bottled Soul","theSlumbering:EnchantedHammer","Nilry\u0027s Codex"],"acts_visited":["Exordium","TheCity"],"potions_floor_usage":[6],"damage_taken":[{"damage":1,"enemies":"Cultist","floor":1,"turns":3},{"damage":17,"enemies":"3 Sentries","floor":6,"turns":3},{"damage":2,"enemies":"2 Louse","floor":13,"turns":4},{"damage":11,"enemies":"Gremlin Nob","floor":14,"turns":4},{"damage":42,"enemies":"Slime Boss","floor":16,"turns":9},{"damage":30,"enemies":"Shell Parasite","floor":18,"turns":5},{"damage":30,"enemies":"2 Thieves","floor":20,"turns":4},{"damage":10,"enemies":"Shelled Parasite and Fungi","floor":21,"turns":1}],"seed_played":"-1910522145706114804","potions_obtained":[{"floor":1,"key":"ColorlessPotion"},{"floor":16,"key":"Strength Potion"},{"floor":20,"key":"sneckomod:MuddlingPotion"}],"is_trial":false,"path_per_floor":["M","?","?","$","?","E","R","$","T","$","R","?","M","E","R","B",null,"M","?","M","M"],"character_chosen":"THE_BANDIT","items_purchased":["wariomod:GreaterGuard","PrismaticShard","theSlumbering:GamblerFolly","expansioncontent:Sear"],"campfire_rested":0,"item_purchase_floors":[4,4,8,10],"current_hp_per_floor":[79,84,84,84,84,67,67,67,67,67,67,67,65,54,54,12,85,55,39,9,0,0,0],"gold":263,"neow_bonus":"RANDOM_COMMON_RELIC","is_daily":false,"chose_seed":false,"campfire_upgraded":3,"win_rate":0.0,"timestamp":1609200719,"path_taken":["M","?","?","$","?","E","R","$","T","$","R","?","?","E","R","BOSS","M","?","M","M"],"items_purchased_type":["Card","Relic","Relic","Card"],"build_version":"2020-12-22","purchased_purges":1,"victory":false,"max_hp_per_floor":[80,85,85,85,85,85,85,85,85,85,85,85,85,85,85,85,85,85,85,85,85,85,85],"card_choices":[{"not_picked":["wariomod:BoomBoom","wariomod:Smackflip"],"picked":"wariomod:ChargeForth","floor":1},{"not_picked":["hexamod:SkipABeat","sneckomod:QuickBite"],"picked":"theSlumbering:TheSeed","floor":6},{"not_picked":["wariomod:Boomsmack","Guardian:TemporalStrike"],"picked":"sneckomod:UnknownClassBANDIT_WEIRD_COLOR","floor":13},{"not_picked":["Escape Plan","wariomod:HastyRush"],"picked":"hexamod:SoulSteal","floor":14},{"not_picked":["Adrenaline","Amplify"],"picked":"Demon Form","floor":16},{"not_picked":["hexamod:Again","Guardian:Planning","Halt"],"picked":"SKIP","floor":18},{"not_picked":["Guardian:Suspension+1","wariomod:ThatsNotAll"],"picked":"ThirdEye+1","floor":20}],"player_experience":386868,"relics_obtained":[{"floor":6,"key":"Pen Nib"},{"floor":9,"key":"Omamori"},{"floor":14,"key":"infinitespire:Bottled Soul"},{"floor":19,"key":"Nilry\u0027s Codex"}],"event_choices":[{"damage_healed":0,"gold_gain":0,"player_choice":"Donut","damage_taken":0,"max_hp_gain":5,"max_hp_loss":0,"event_name":"Big Fish","floor":2,"gold_loss":0},{"damage_healed":0,"gold_gain":175,"player_choice":"AGREE","damage_taken":0,"max_hp_gain":0,"max_hp_loss":0,"event_name":"Liars Game","floor":5,"gold_loss":0,"cards_obtained":["Doubt"]},{"damage_healed":0,"gold_gain":0,"player_choice":"Upgraded","damage_taken":0,"max_hp_gain":0,"max_hp_loss":0,"event_name":"Upgrade Shrine","floor":12,"gold_loss":0,"cards_upgraded":["wariomod:ChargeForth"]},{"damage_healed":0,"gold_gain":0,"player_choice":"Obtained Book","damage_taken":16,"max_hp_gain":0,"max_hp_loss":0,"event_name":"Cursed Tome","floor":19,"gold_loss":0}],"is_beta":false,"boss_relics":[{"not_picked":["wariomod:DoomHat","Runic Pyramid"],"picked":"theSlumbering:EnchantedHammer"}],"items_purged_floors":[8],"is_endless":false,"potions_floor_spawned":[1,16,20],"killed_by":"Shelled Parasite and Fungi","ascension_level":0}}