{"host":"y76clbnovzmw9ubx","time":1609268470,"event":{"mods":["AchievementEnabler","BaseMod","Minty Spire (QoL Compilation)","Permanent Neow","Relic Stats"],"gold_per_floor":[114,134,146,166,225,254,25,59,71,101,113,154,166,206,218,303,315,315,215,215,215,215,215,215,215,215,215,215],"floor_reached":27,"playtime":2264,"items_purged":["Strike_R"],"score":530,"play_id":"0e9050dd-52e6-49a2-b5fd-38b4d151f091","local_time":"20201229140110","is_ascension_mode":true,"campfire_choices":[{"floor":13,"key":"REST"},{"data":"Disarm","floor":15,"key":"SMITH"},{"data":"1","floor":25,"key":"LIFT"}],"circlet_count":0,"master_deck":["AscendersBane","Strike_R","Strike_R","Strike_R","Defend_R","Defend_R","Defend_R","Defend_R","Bash","Offering","Dropkick","Cleave","Uppercut","Shrug It Off","Reaper","Impervious","Disarm+1","Immolate","Flame Barrier+1","Burning Pact","Exhume"],"relics":["Burning Blood","The Courier","MawBank","Anchor","Regal Pillow","Ectoplasm","Girya","Singing Bowl"],"acts_visited":["Exordium","TheCity"],"potions_floor_usage":[6,6,8,8,12,16,23,23,27],"damage_taken":[{"damage":13.0,"enemies":"Cultist","floor":1.0,"turns":4.0},{"damage":15.0,"enemies":"Jaw Worm","floor":2.0,"turns":4.0},{"damage":15,"enemies":"Small Slimes","floor":3,"turns":4},{"damage":10,"enemies":"Looter","floor":4,"turns":3},{"damage":23,"enemies":"Lagavulin","floor":6,"turns":4},{"damage":13,"enemies":"3 Sentries","floor":8,"turns":5},{"damage":10,"enemies":"3 Louse","floor":10,"turns":4},{"damage":14,"enemies":"Gremlin Nob","floor":12,"turns":3},{"damage":45,"enemies":"3 Sentries","floor":14,"turns":10},{"damage":34,"enemies":"The Guardian","floor":16,"turns":19},{"damage":13,"enemies":"Shell Parasite","floor":18,"turns":5},{"damage":9,"enemies":"2 Thieves","floor":19,"turns":4},{"damage":14,"enemies":"Snecko","floor":21,"turns":5},{"damage":17,"enemies":"Snake Plant","floor":22,"turns":5},{"damage":53,"enemies":"Gremlin Leader","floor":23,"turns":8},{"damage":7,"enemies":"Centurion and Healer","floor":24,"turns":7},{"damage":40,"enemies":"Slavers","floor":27,"turns":3}],"seed_played":"6925616745673849169","potions_obtained":[{"floor":1.0,"key":"DuplicationPotion"},{"floor":2,"key":"Swift Potion"},{"floor":6,"key":"DistilledChaos"},{"floor":10,"key":"Strength Potion"},{"floor":16,"key":"Fruit Juice"},{"floor":19,"key":"Strength Potion"},{"floor":21,"key":"BlessingOfTheForge"},{"floor":23,"key":"PowerPotion"}],"is_trial":false,"path_per_floor":["M","M","M","M","?","E","$","E","T","M","?","E","R","E","R","B",null,"M","M","?","M","M","E","M","R","T","E"],"character_chosen":"IRONCLAD","items_purchased":["Impervious","AttackPotion"],"campfire_rested":1,"item_purchase_floors":[7,7],"current_hp_per_floor":[61,52,43,39,39,22,22,27,27,35,35,36,56,31,31,14,58,51,48,48,50,39,16,29,29,29,0,0],"gold":215,"neow_bonus":"THREE_RARE_CARDS","is_daily":false,"chose_seed":false,"campfire_upgraded":1,"win_rate":0.0,"timestamp":1609268470,"path_taken":["M","M","M","M","?","E","$","E","T","M","?","E","R","E","R","BOSS","M","M","?","M","M","E","M","R","T","E"],"items_purchased_type":["Card","Potion"],"build_version":"2020-12-22","purchased_purges":1,"victory":false,"max_hp_per_floor":[68,68,68,68,68,68,68,68,68,68,68,68,68,68,68,73,73,73,73,73,73,73,73,73,73,73,73,73],"relic_stats":{"Regal Pillow":0,"Singing Bowl":0,"counters":[17,97],"Ectoplasm":325,"MawBank":108,"obtain_stats":[{"Girya":23,"Anchor":9,"Regal Pillow":14,"Singing Bowl":26,"The Courier":6,"Ectoplasm":17,"MawBank":8,"Burning Blood":0},{"Girya":15,"Anchor":6,"Regal Pillow":9,"Singing Bowl":16,"The Courier":5,"Ectoplasm":10,"MawBank":6,"Burning Blood":0},{"Girya":87,"Anchor":24,"Regal Pillow":41,"Singing Bowl":94,"The Courier":19,"Ectoplasm":60,"MawBank":24,"Burning Blood":0}],"Burning Blood":96},"card_choices":[{"not_picked":["Corruption","Barricade"],"picked":"Offering","floor":0.0},{"not_picked":["Dual Wield","Warcry"],"picked":"Dropkick","floor":1.0},{"not_picked":["Searing Blow","Flex"],"picked":"Cleave","floor":2},{"not_picked":["Clash","Hemokinesis"],"picked":"Uppercut","floor":3},{"not_picked":["Heavy Blade","Anger"],"picked":"Shrug It Off","floor":4},{"not_picked":["Pummel","Clothesline"],"picked":"Reaper","floor":6},{"not_picked":["Warcry","Body Slam"],"picked":"Disarm","floor":8},{"not_picked":["Shrug It Off","Wild Strike","Pummel"],"picked":"SKIP","floor":10},{"not_picked":["Clash","Havoc","Rage"],"picked":"SKIP","floor":12},{"not_picked":["Cleave","Rupture","Entrench"],"picked":"SKIP","floor":14},{"not_picked":["Impervious","Exhume"],"picked":"Immolate","floor":16},{"not_picked":["Anger+1","True Grit"],"picked":"Flame Barrier+1","floor":18},{"not_picked":["Hemokinesis","Pommel Strike"],"picked":"Burning Pact","floor":19},{"not_picked":["Cleave","Clothesline+1","Rampage"],"picked":"SKIP","floor":21},{"not_picked":["Perfected Strike","Twin Strike","Metallicize"],"picked":"SKIP","floor":22},{"not_picked":["Clash","Barricade","Pommel Strike"],"picked":"SKIP","floor":23},{"not_picked":["Twin Strike","Headbutt","Seeing Red"],"picked":"SKIP","floor":24}],"player_experience":3013115,"relics_obtained":[{"floor":6,"key":"The Courier"},{"floor":8,"key":"MawBank"},{"floor":9,"key":"Anchor"},{"floor":14,"key":"Regal Pillow"},{"floor":23,"key":"Girya"},{"floor":26,"key":"Singing Bowl"}],"event_choices":[{"damage_healed":0,"gold_gain":59,"player_choice":"Gained Gold","damage_taken":0,"max_hp_gain":0,"max_hp_loss":0,"event_name":"Golden Wing","floor":5,"gold_loss":0},{"cards_removed":["Strike_R"],"damage_healed":0,"gold_gain":0,"player_choice":"Purged","damage_taken":0,"max_hp_gain":0,"max_hp_loss":0,"event_name":"Purifier","floor":11,"gold_loss":0},{"damage_healed":0,"gold_gain":0,"player_choice":"1 cards matched","damage_taken":0,"max_hp_gain":0,"max_hp_loss":0,"event_name":"Match and Keep!","floor":20,"gold_loss":0,"cards_obtained":["Exhume"]}],"is_beta":false,"boss_relics":[{"not_picked":["Black Blood","Astrolabe"],"picked":"Ectoplasm"}],"items_purged_floors":[7],"is_endless":false,"potions_floor_spawned":[1,2,6,10,16,19,21,23],"killed_by":"Slavers","ascension_level":20}}