{"host":"r0vmyty6lrh6xfm3","time":1609251657,"event":{"mods":["BaseMod","Colored Map","Minty Spire (QoL Compilation)","StSLib"],"gold_per_floor":[16,16,35,52,64,95,95,95,174,31,51,87,119,150,162,267,279,306,332,344,381,407,419,475,487,552,564,589,13,48,62,62,158,158,172,29,0,275,289,289,328,130,130,130,161,111,158,180,180,180,180,180,3,56,56],"floor_reached":56,"playtime":4725,"items_purged":["Strike_G","Strike_G"],"score":2184,"play_id":"13dd9f62-1024-4f8e-ba5b-34e9fa199be5","local_time":"20201229082057","is_ascension_mode":true,"campfire_choices":[{"data":"Footwork","floor":7,"key":"SMITH"},{"data":"Leg Sweep","floor":15,"key":"SMITH"},{"floor":23,"key":"REST"},{"data":"Adrenaline","floor":25,"key":"SMITH"},{"data":"After Image","floor":27,"key":"SMITH"},{"data":"Envenom","floor":32,"key":"SMITH"},{"data":"Catalyst","floor":40,"key":"SMITH"},{"data":"Wraith Form v2","floor":44,"key":"SMITH"},{"floor":49,"key":"RECALL"},{"data":"Strike_G","floor":52,"key":"PURGE"}],"circlet_count":0,"master_deck":["AscendersBane","Strike_G","Strike_G","Defend_G","Defend_G","Defend_G","Defend_G","Defend_G","Survivor","Neutralize","Glass Knife+1","Bouncing Flask","Escape Plan","Footwork+1","Leg Sweep+1","Noxious Fumes","Noxious Fumes","Noxious Fumes","Acrobatics+1","Catalyst+1","Adrenaline+1","Dodge and Roll","Backflip","After Image+1","Blur","Envenom+1","Noxious Fumes","Noxious Fumes","Noxious Fumes","Infinite Blades","Caltrops","Acrobatics","Wraith Form v2+1","Poisoned Stab+1","Infinite Blades","Accuracy","Blade Dance","Noxious Fumes","Well Laid Plans+1","After Image+1","Infinite Blades","Escape Plan","Dodge and Roll","Dodge and Roll","Tools of the Trade","Noxious Fumes","Cloak And Dagger"],"relics":["Ring of the Snake","Bird Faced Urn","Golden Idol","Mummified Hand","MawBank","Black Star","Enchiridion","The Courier","Snake Skull","Akabeko","Ornamental Fan","Potion Belt","Omamori","SlaversCollar","Red Mask","Centennial Puzzle","HornCleat","DollysMirror","Peace Pipe","The Specimen","Du-Vu Doll","CeramicFish","Lantern","Bottled Flame"],"acts_visited":["Exordium","TheCity","TheBeyond","TheEnding"],"potions_floor_usage":[6,16,21,24,30,50,50,55,55,55,55],"damage_taken":[{"damage":0,"enemies":"2 Louse","floor":1,"turns":2},{"damage":4,"enemies":"Jaw Worm","floor":3,"turns":3},{"damage":0,"enemies":"Cultist","floor":4,"turns":3},{"damage":26,"enemies":"Lots of Slimes","floor":5,"turns":4},{"damage":12,"enemies":"Gremlin Nob","floor":6,"turns":3},{"damage":0,"enemies":"Looter","floor":11,"turns":4},{"damage":8,"enemies":"Lagavulin","floor":12,"turns":5},{"damage":9,"enemies":"Blue Slaver","floor":13,"turns":4},{"damage":1,"enemies":"3 Louse","floor":14,"turns":3},{"damage":23,"enemies":"The Guardian","floor":16,"turns":10},{"damage":31,"enemies":"2 Thieves","floor":18,"turns":4},{"damage":11,"enemies":"Spheric Guardian","floor":19,"turns":4},{"damage":0,"enemies":"Snecko","floor":21,"turns":5},{"damage":4,"enemies":"Cultist and Chosen","floor":22,"turns":5},{"damage":1,"enemies":"Slavers","floor":24,"turns":6},{"damage":0,"enemies":"Centurion and Healer","floor":28,"turns":5},{"damage":2,"enemies":"Book of Stabbing","floor":30,"turns":6},{"damage":15,"enemies":"Sentry and Sphere","floor":31,"turns":5},{"damage":0,"enemies":"Collector","floor":33,"turns":6},{"damage":0,"enemies":"3 Shapes","floor":35,"turns":4},{"damage":6,"enemies":"Orb Walker","floor":39,"turns":5},{"damage":7,"enemies":"Nemesis","floor":41,"turns":6},{"damage":0,"enemies":"Reptomancer","floor":45,"turns":5},{"damage":2,"enemies":"Giant Head","floor":47,"turns":5},{"damage":3,"enemies":"Transient","floor":48,"turns":5},{"damage":25,"enemies":"Awakened One","floor":50,"turns":9},{"damage":9,"enemies":"Shield and Spear","floor":54,"turns":5},{"damage":35,"enemies":"The Heart","floor":55,"turns":8}],"seed_played":"-7465375622428422614","potions_obtained":[{"floor":1,"key":"SpeedPotion"},{"floor":4,"key":"LiquidMemories"},{"floor":6,"key":"FearPotion"},{"floor":19,"key":"ColorlessPotion"},{"floor":28,"key":"FearPotion"},{"floor":30,"key":"DuplicationPotion"},{"floor":33,"key":"Weak Potion"},{"floor":35,"key":"SkillPotion"},{"floor":39,"key":"SkillPotion"},{"floor":45,"key":"CultistPotion"},{"floor":54,"key":"LiquidMemories"}],"is_trial":false,"path_per_floor":["M","?","M","M","M","E","R","?","T","$","M","E","M","M","R","B",null,"M","M","?","M","M","R","E","R","T","R","M","$","E","M","R","B",null,"M","$","?","?","M","R","E","$","T","R","E","?","E","M","R","B",null,"R","$","E","B",null],"character_chosen":"THE_SILENT","items_purchased":["Noxious Fumes","Ornamental Fan","Envenom","Noxious Fumes","Noxious Fumes","Noxious Fumes","Infinite Blades","BlessingOfTheForge","Infinite Blades","Accuracy","Blade Dance","DollysMirror","Dodge and Roll","Tools of the Trade","Noxious Fumes","SpeedPotion"],"campfire_rested":1,"item_purchase_floors":[10,29,29,29,29,29,29,29,36,36,36,42,53,53,53,53],"current_hp_per_floor":[59,59,55,55,29,17,17,17,17,17,21,19,18,25,25,10,48,25,22,1,9,15,33,42,42,42,42,54,54,60,49,49,60,60,60,60,60,60,60,60,60,60,60,60,60,60,58,60,60,57,59,59,59,60,45],"gold":56,"neow_bonus":"THREE_RARE_CARDS","is_daily":false,"chose_seed":false,"campfire_upgraded":7,"win_rate":0.0,"timestamp":1609251657,"path_taken":["M","?","M","M","M","E","R","?","T","?","?","E","M","M","R","BOSS","M","?","?","M","M","R","E","R","T","R","M","$","E","M","R","BOSS","M","$","?","?","?","R","E","$","T","R","E","?","E","M","R","BOSS","R","$","E","BOSS"],"items_purchased_type":["Card","Relic","Card","Card","Card","Card","Card","Potion","Card","Card","Card","Relic","Card","Card","Card","Potion"],"build_version":"2020-12-22","purchased_purges":2,"victory":true,"max_hp_per_floor":[66,66,66,66,66,66,66,60,60,60,60,60,60,60,60,60,60,60,60,60,60,60,60,60,60,60,60,60,60,60,60,60,60,60,60,60,60,60,60,60,60,60,60,60,60,60,60,60,60,60,60,60,60,60,60],"card_choices":[{"not_picked":["A Thousand Cuts","Malaise"],"picked":"Glass Knife","floor":0},{"not_picked":["Reflex","Setup"],"picked":"Bouncing Flask","floor":1},{"not_picked":["Caltrops","Sucker Punch"],"picked":"Escape Plan","floor":3},{"not_picked":["Distraction","Dagger Throw","Cloak And Dagger"],"picked":"SKIP","floor":4},{"not_picked":["Blade Dance","Quick Slash"],"picked":"Footwork","floor":5},{"not_picked":["Flying Knee","Predator"],"picked":"Leg Sweep","floor":6},{"not_picked":["Bane","Slice"],"picked":"Noxious Fumes","floor":11},{"not_picked":["Endless Agony","Caltrops"],"picked":"Noxious Fumes","floor":12},{"not_picked":["Deflect","Bane"],"picked":"Acrobatics","floor":13},{"not_picked":["Cloak And Dagger","Deadly Poison"],"picked":"Catalyst","floor":14},{"not_picked":["Venomology","Bullet Time"],"picked":"Adrenaline","floor":16},{"not_picked":["Acrobatics","Blade Dance"],"picked":"Dodge and Roll","floor":18},{"not_picked":["Finisher","Dodge and Roll"],"picked":"Backflip","floor":19},{"not_picked":["Dagger Throw+1","Dagger Spray","Underhanded Strike"],"picked":"SKIP","floor":21},{"not_picked":["Quick Slash+1","Expertise","All Out Attack+1"],"picked":"SKIP","floor":22},{"not_picked":["Blur","Dodge and Roll+1"],"picked":"After Image","floor":24},{"not_picked":["Bane","Outmaneuver+1"],"picked":"Blur","floor":28},{"not_picked":["Dagger Throw","Underhanded Strike"],"picked":"Caltrops","floor":30},{"not_picked":["Outmaneuver","Unload"],"picked":"Acrobatics","floor":31},{"not_picked":["Adrenaline","Grand Finale"],"picked":"Wraith Form v2","floor":33},{"not_picked":["Prepared","Underhanded Strike"],"picked":"Poisoned Stab+1","floor":35},{"not_picked":["Infinite Blades+1","Deadly Poison"],"picked":"Noxious Fumes","floor":39},{"not_picked":["Dagger Spray","PiercingWail+1"],"picked":"Well Laid Plans+1","floor":41},{"not_picked":["Endless Agony","Heel Hook"],"picked":"Infinite Blades","floor":45},{"not_picked":["Quick Slash","Storm of Steel"],"picked":"Escape Plan","floor":47},{"not_picked":["Predator","Deflect"],"picked":"Dodge and Roll","floor":48},{"not_picked":["Bane","Slice"],"picked":"Cloak And Dagger","floor":54}],"player_experience":294331,"relics_obtained":[{"floor":6,"key":"Bird Faced Urn"},{"floor":9,"key":"Mummified Hand"},{"floor":12,"key":"MawBank"},{"floor":20,"key":"Enchiridion"},{"floor":24,"key":"The Courier"},{"floor":24,"key":"Snake Skull"},{"floor":26,"key":"Akabeko"},{"floor":30,"key":"Potion Belt"},{"floor":30,"key":"Omamori"},{"floor":41,"key":"Centennial Puzzle"},{"floor":41,"key":"HornCleat"},{"floor":45,"key":"Peace Pipe"},{"floor":45,"key":"The Specimen"},{"floor":47,"key":"Du-Vu Doll"},{"floor":47,"key":"CeramicFish"},{"floor":54,"key":"Lantern"},{"floor":54,"key":"Bottled Flame"}],"event_choices":[{"damage_healed":0,"gold_gain":0,"player_choice":"Grow","damage_taken":0,"max_hp_gain":0,"max_hp_loss":0,"event_name":"Living Wall","floor":2,"gold_loss":0,"cards_upgraded":["Glass Knife"]},{"damage_healed":0,"gold_gain":0,"player_choice":"Lose Max HP","damage_taken":0,"relics_obtained":["Golden Idol"],"max_hp_gain":0,"max_hp_loss":6,"event_name":"Golden Idol","floor":8,"gold_loss":0},{"damage_healed":0,"gold_gain":0,"player_choice":"Obtained Book","damage_taken":21,"max_hp_gain":0,"max_hp_loss":0,"event_name":"Cursed Tome","floor":20,"gold_loss":0},{"damage_healed":0,"gold_gain":0,"player_choice":"Paid","damage_taken":0,"relics_obtained":["Red Mask"],"max_hp_gain":0,"max_hp_loss":0,"event_name":"Tomb of Lord Red Mask","floor":37,"gold_loss":29},{"damage_healed":0,"gold_gain":275,"player_choice":"Desecrate","damage_taken":0,"max_hp_gain":0,"max_hp_loss":0,"event_name":"Golden Shrine","floor":38,"gold_loss":0,"cards_obtained":["Regret"]},{"damage_healed":0,"gold_gain":0,"player_choice":"Upgrade","damage_taken":0,"max_hp_gain":0,"max_hp_loss":0,"event_name":"Designer","floor":46,"gold_loss":50,"cards_upgraded":["Acrobatics"]}],"is_beta":false,"boss_relics":[{"not_picked":["Sozu","Philosopher\u0027s Stone"],"picked":"Black Star"},{"not_picked":["HoveringKite","SacredBark"],"picked":"SlaversCollar"}],"items_purged_floors":[10,42],"is_endless":false,"potions_floor_spawned":[1,4,6,12,19,28,30,33,35,39,45,54],"ascension_level":15}}