{"host":"a6jc8uoa78jpqx9a","time":1609222590,"event":{"mods":["BaseMod","Duelist Mod","GifTheSpireLib","Hermit","Hubris","Infinite Spire","Mimic Mod","Minty Spire (QoL Compilation)","Replay The Spire","StSLib","The Animator","The Bug Knight","The Construct","The Cursed","The Mystic","The Servant 0.9.4"],"gold_per_floor":[139,139,139,157,175,175,175,106,133,148,56,67,84,98,98,193,193,205,205,19,19,30,30,48,48,73,73,93,107,137,150,150,255,255,270,289,140,140,157,182,192,192,192,192,192,192,208,208,208,208,208],"floor_reached":50,"playtime":3824,"items_purged":["theDuelist:CastleWalls"],"score":686,"play_id":"fb62e9c1-d303-4fc9-80cf-5cd045cf7478","local_time":"20201229011630","is_ascension_mode":false,"campfire_choices":[{"data":"theDuelist:MudragonSwamp","floor":6,"key":"SMITH"},{"data":"theDuelist:LightningVortex","floor":15,"key":"SMITH"},{"floor":23,"key":"REST"},{"floor":25,"key":"REST"},{"floor":32,"key":"REST"},{"floor":42,"key":"REST"},{"floor":45,"key":"REST"},{"floor":49,"key":"REST"}],"circlet_count":0,"master_deck":["theDuelist:BeaverWarrior","theDuelist:BeaverWarrior","theDuelist:FinalFlame","theDuelist:GiantSoldier","theDuelist:GiantSoldier","theDuelist:ScrapFactory","theDuelist:Sparks","theDuelist:Sparks","theDuelist:PotDuality","theDuelist:MudragonSwamp+1","theDuelist:ElectromagneticShield","theDuelist:PsiCurse","theDuelist:Nameless:Magic:ForbiddenLance","theDuelist:Tuningware","theDuelist:Jinzo","theDuelist:WingedKuriboh","theDuelist:LightningVortex+1","theDuelist:YamiForm","theDuelist:Raigeki","theDuelist:HappyLover+1","theDuelist:ImperialOrder","theDuelist:SlotMachine","ReplayTheSpireMod:Restless Dread","theDuelist:Nameless:Magic:KamionTimelord","theDuelist:CrystalRaigeki","theDuelist:BattleguardKing+1","Decay","theDuelist:PsychicShockwave","theDuelist:BreakDraw+1","theDuelist:FusionWeapon+1","theDuelist:SwordsConcealing+1","theDuelist:GravityAxe+1","theDuelist:GiantTrapHole","theDuelist:WormApocalypse","theDuelist:PineappleBlast+1","theDuelist:MythicalBeast+1","theDuelist:PsychicShockwave","theDuelist:FinalFlame","theDuelist:ScrapFactory","theDuelist:Sparks","theDuelist:Sparks","theDuelist:PotDuality","theDuelist:ElectromagneticShield+1","theDuelist:Nameless:Magic:ForbiddenLance","theDuelist:LightningVortex+1","theDuelist:YamiForm+1","theDuelist:Raigeki","theDuelist:BreakDraw+1","theDuelist:FusionWeapon+1","theDuelist:SwordsConcealing+1","theDuelist:GravityAxe+1","theDuelist:GiantTrapHole","theDuelist:CurseAnubis","Shame"],"relics":["theDuelist:MillenniumPuzzle","theDuelist:CardPoolRelic","theDuelist:CardPoolBasicRelic","theDuelist:BoosterPackPoolRelic","theDuelist:CardPoolAddRelic","theDuelist:CardPoolMinusRelic","theDuelist:CardPoolSaveRelic","theDuelist:CardPoolOptionsRelic","theDuelist:MillenniumRod","theDuelist:NamelessPowerRelicA","hubris:TenFootPole","ChewingGum","theDuelist:NamelessPowerRelicB","Snake Skull","Frozen Egg 2","Fusion Hammer","hubris:SphereOfDissonance","Eternal Feather","theDuelist:Flowstate"],"acts_visited":["Exordium","TheCity","TheBeyond"],"potions_floor_usage":[33,33,33],"damage_taken":[{"damage":0,"enemies":"2 Louse","floor":1,"turns":3},{"damage":1,"enemies":"Small Slimes","floor":4,"turns":5},{"damage":0,"enemies":"Cultist","floor":5,"turns":3},{"damage":9,"enemies":"3 Louse","floor":10,"turns":5},{"damage":0,"enemies":"Looter","floor":12,"turns":2},{"damage":0,"enemies":"2 Fungi Beasts","floor":13,"turns":2},{"damage":0,"enemies":"Large Slime","floor":14,"turns":5},{"damage":19,"enemies":"The Guardian","floor":16,"turns":7},{"damage":15,"enemies":"2 Thieves","floor":18,"turns":3},{"damage":0,"enemies":"Chosen","floor":22,"turns":3},{"damage":21,"enemies":"Snecko","floor":24,"turns":5},{"damage":0,"enemies":"Cultist and Chosen","floor":28,"turns":4},{"damage":0,"enemies":"Snake Plant","floor":29,"turns":1},{"damage":15,"enemies":"Nightmare","floor":30,"turns":6},{"damage":7,"enemies":"Chosen and Byrds","floor":31,"turns":3},{"damage":12,"enemies":"Collector","floor":33,"turns":5},{"damage":0,"enemies":"3 Darklings","floor":35,"turns":3},{"damage":4,"enemies":"Orb Walker","floor":36,"turns":2},{"damage":36,"enemies":"Sphere and 2 Shapes","floor":39,"turns":4},{"damage":0,"enemies":"Nemesis","floor":40,"turns":7},{"damage":24,"enemies":"Jaw Worm Horde","floor":41,"turns":3},{"damage":15,"enemies":"Spire Growth","floor":47,"turns":4},{"damage":78,"enemies":"Awakened One","floor":50,"turns":7}],"seed_played":"6638366963938673703","potions_obtained":[{"floor":4,"key":"theDuelist:BigOrbBottle"},{"floor":5,"key":"Explosive Potion"},{"floor":12,"key":"DuplicationPotion"},{"floor":30,"key":"theDuelist:TokenPotionB"},{"floor":35,"key":"AttackPotion"}],"is_trial":false,"path_per_floor":["M","?","?","M","M","R","?","?","T","M","$","M","M","M","R","B",null,"M","?","$","?","M","R","M","R","T","?","M","M","NM","M","R","B",null,"M","M","$","?","M","E","M","R","T","AVR","R","?","M","?","R","B"],"character_chosen":"THE_DUELIST","items_purchased":["theDuelist:Jinzo","theDuelist:SlotMachine","theDuelist:GiantTrapHole","theDuelist:WormApocalypse"],"campfire_rested":6,"item_purchase_floors":[11,20,37,37],"current_hp_per_floor":[80,80,80,79,79,79,79,79,79,70,70,70,70,70,70,51,80,65,65,65,65,65,76,55,76,76,76,76,76,61,54,76,64,76,76,72,72,72,36,36,12,34,34,34,76,76,61,61,76,0,0],"gold":208,"neow_bonus":"THREE_CARDS","is_daily":false,"chose_seed":false,"campfire_upgraded":2,"win_rate":0.0,"timestamp":1609222590,"path_taken":["M","?","?","?","M","R","?","?","T","M","$","M","M","M","R","BOSS","M","?","$","?","M","R","?","R","T","?","M","M","NM","M","R","BOSS","M","M","$","?","M","E","M","R","T","AVR","R","?","M","?","R","BOSS"],"items_purchased_type":["Card","Card","Card","Card"],"build_version":"2020-12-22","purchased_purges":1,"victory":false,"max_hp_per_floor":[80,80,80,80,80,80,80,80,80,80,80,80,80,80,80,80,80,80,80,80,76,76,76,76,76,76,76,76,76,76,76,76,76,76,76,76,76,76,76,76,76,76,76,76,76,76,76,76,76,76,76],"card_choices":[{"not_picked":["theDuelist:SpellShatteringArrow","theDuelist:SparkBlaster"],"picked":"theDuelist:PotDuality","floor":0},{"not_picked":["theDuelist:BattleOx","theDuelist:BigFire","theDuelist:DestroyerGolem","theDuelist:FuryFire"],"picked":"theDuelist:MudragonSwamp","floor":1},{"not_picked":["theDuelist:MeteorDestruction","theDuelist:PowerWall","theDuelist:SpiritHarp","theDuelist:AfterTheStorm"],"picked":"theDuelist:HappyLover","floor":4},{"not_picked":["theDuelist:ImperialOrder","theDuelist:Electrowhip","theDuelist:MiraculousDescent","theDuelist:GravityAxe"],"picked":"theDuelist:ElectromagneticShield","floor":5},{"not_picked":["theDuelist:FrontierWiseman","theDuelist:BlackPendant","theDuelist:PreventRat","theDuelist:BattleOx"],"picked":"theDuelist:Tuningware","floor":10},{"not_picked":["theDuelist:PotAvarice","theDuelist:FlameTiger","theDuelist:BlackPendant","theDuelist:DarklordSuperbia"],"picked":"theDuelist:WingedKuriboh","floor":12},{"not_picked":["theDuelist:Hinotama","theDuelist:BigFire","theDuelist:SwordDeepSeated","theDuelist:Invigoration"],"picked":"theDuelist:LightningVortex","floor":13},{"not_picked":["theDuelist:ImperialOrder","theDuelist:Electrowhip","theDuelist:ElectromagneticShield","theDuelist:MiraculousDescent"],"picked":"theDuelist:YamiForm","floor":14},{"not_picked":["theDuelist:LightLaser","theDuelist:AmuletAmbition","theDuelist:MillenniumShield","theDuelist:Mathematician"],"picked":"theDuelist:Raigeki","floor":16},{"not_picked":["theDuelist:Eva","theDuelist:DummyGolem","theDuelist:EvilswarmHeliotrope","theDuelist:MudGolem"],"picked":"theDuelist:HappyLover+1","floor":18},{"not_picked":["theDuelist:Wiretap","theDuelist:MiraculousDescent+1","theDuelist:WhiteHowling","theDuelist:PineappleBlast"],"picked":"theDuelist:CrystalRaigeki","floor":22},{"not_picked":["theDuelist:AttackTheMoon","theDuelist:DarklordSuperbia","theDuelist:Hinotama+1","theDuelist:WormKing"],"picked":"theDuelist:BattleguardKing+1","floor":24},{"not_picked":["theDuelist:BreakDraw","theDuelist:FairyBox","theDuelist:SolarWindJammer","theDuelist:VenomShot+1"],"picked":"theDuelist:PsychicShockwave","floor":28},{"not_picked":["theDuelist:CombinationAttack+1","theDuelist:DarkBurningAttack","theDuelist:Eva+1","theDuelist:CoreBlaster+1","theDuelist:SolarWindJammer"],"picked":"SKIP","floor":29},{"not_picked":["theDuelist:CombinationAttack+1","theDuelist:SpiritHarp+1","theDuelist:Eva","theDuelist:Tuningware"],"picked":"theDuelist:BreakDraw+1","floor":30},{"not_picked":["theDuelist:VenomShot+1","theDuelist:ForbiddenLance+1"],"picked":"theDuelist:FusionWeapon+1","floor":31},{"not_picked":["theDuelist:LightningBlade","theDuelist:ForbiddenLance","theDuelist:FeatherShot+1","theDuelist:MillenniumShield+1"],"picked":"theDuelist:SwordsConcealing+1","floor":33},{"not_picked":["theDuelist:SpellShatteringArrow","theDuelist:MeteorDestruction+1","theDuelist:DoubleTool","theDuelist:CoreBlaster","theDuelist:BigFire"],"picked":"SKIP","floor":35},{"not_picked":["theDuelist:WhiteHowling+1","theDuelist:Electrowhip+1","theDuelist:MiraculousDescent+1"],"picked":"theDuelist:GravityAxe+1","floor":36},{"not_picked":["theDuelist:FuryFire+1","theDuelist:CombinationAttack","theDuelist:LegendHeart+1","theDuelist:EgoBoost","theDuelist:SilentDoom"],"picked":"SKIP","floor":39},{"not_picked":["theDuelist:FuryFire","theDuelist:VenomShot","theDuelist:LegendarySword","theDuelist:AssaultArmor"],"picked":"theDuelist:PineappleBlast+1","floor":40},{"not_picked":["theDuelist:WhiteMagicalHat+1","theDuelist:SpiritHarp","theDuelist:Eva+1","theDuelist:Mathematician+1"],"picked":"theDuelist:MythicalBeast+1","floor":41},{"not_picked":["theDuelist:Wildfire+2","theDuelist:LightningVortex+1"],"picked":"theDuelist:PsychicShockwave","floor":47}],"player_experience":34619,"relics_obtained":[{"floor":9,"key":"hubris:TenFootPole"},{"floor":26,"key":"Snake Skull"},{"floor":30,"key":"Frozen Egg 2"},{"floor":40,"key":"hubris:SphereOfDissonance"},{"floor":43,"key":"Eternal Feather"}],"event_choices":[{"damage_healed":0,"gold_gain":0,"player_choice":"Leave","duelist":true,"damage_taken":0,"max_hp_gain":0,"max_hp_loss":0,"event_name":"Relic Duplicator","floor":2,"gold_loss":0},{"cards_removed":["theDuelist:CastleWalls"],"damage_healed":0,"gold_gain":0,"player_choice":"Purged","damage_taken":0,"max_hp_gain":0,"max_hp_loss":0,"event_name":"Purifier","floor":3,"gold_loss":0},{"damage_healed":0,"gold_gain":0,"player_choice":"Took item - Received: Millennium Rod","duelist":true,"damage_taken":0,"max_hp_gain":0,"max_hp_loss":0,"event_name":"Millennium Items","floor":7,"gold_loss":0},{"power_reward":2,"total_magic_score":42,"gold_gain":0,"duelist":true,"damage_taken":0,"relics_obtained":["theDuelist:NamelessPowerRelicA"],"points":8,"max_hp_gain":0,"max_hp_loss":0,"spent_points":{"magic":4,"greed":0,"war":0,"power":2,"hunger":0},"event_name":"Nameless Tomb","floor":8,"gold_loss":69,"magic_reward":4,"cards_obtained":["theDuelist:Nameless:Magic:ForbiddenLance"]},{"power_reward":3,"total_magic_score":75,"gold_gain":0,"duelist":true,"damage_taken":0,"relics_obtained":["theDuelist:NamelessPowerRelicB"],"points":7,"max_hp_gain":0,"max_hp_loss":4,"spent_points":{"magic":3,"greed":0,"war":0,"power":3,"hunger":0},"event_name":"Nameless Tomb","floor":21,"gold_loss":0,"magic_reward":3,"cards_obtained":["theDuelist:Nameless:Magic:KamionTimelord","ReplayTheSpireMod:Restless Dread"]},{"damage_healed":0,"gold_gain":0,"player_choice":"Cursed","damage_taken":0,"max_hp_gain":0,"max_hp_loss":0,"event_name":"Wheel of Change","floor":27,"gold_loss":0,"cards_obtained":["Decay"]},{"cards_removed":["theDuelist:HappyLover"],"damage_healed":0,"gold_gain":0,"player_choice":"Removed Skill","damage_taken":0,"max_hp_gain":0,"max_hp_loss":0,"event_name":"Falling","floor":38,"gold_loss":0},{"damage_healed":0,"gold_gain":0,"player_choice":"Intellect - dupe all spells","duelist":true,"damage_taken":0,"max_hp_gain":0,"max_hp_loss":0,"event_name":"Aknamkanon\u0027s Tomb","floor":48,"gold_loss":0}],"is_beta":false,"boss_relics":[{"not_picked":["SlaversCollar","Replay:Bronze Core"],"picked":"ChewingGum"},{"not_picked":["Philosopher\u0027s Stone","hubris:BlackHole"],"picked":"Fusion Hammer"}],"items_purged_floors":[44],"is_endless":false,"potions_floor_spawned":[4,5,12,22,24,29,30,35],"killed_by":"Awakened One","ascension_level":0}}