{"host":"bydnmyvf669xu6ab","time":1609214020,"event":{"mods":["Aspiration","BaseMod","Better Note","BetterRewards","Colored Map","Colored Powertips","Minty Spire (QoL Compilation)","Rare Cards Sparkle","Relic Stats","Shop Mod","StSLib","SuperFastMode","Virulent Crown"],"gold_per_floor":[114,37,49,49,68,68,103,103,126,126,126,126,155,165,165,265,265,277,295,65,80,90,125,141,152,152,183,183,218,231,231,231,326,326,344,304,315,332,343,343,359,359,382,382,398,398,448,448,448,448,448,448,73,100,100],"floor_reached":56,"playtime":3357,"items_purged":["Strike_R"],"score":1501,"play_id":"658b860c-7224-4410-9c45-85a903975800","local_time":"20201228195340","is_ascension_mode":true,"campfire_choices":[{"data":"Armaments","floor":6,"key":"SMITH"},{"data":"Whirlwind","floor":10,"key":"SMITH"},{"data":"Heavy Blade","floor":12,"key":"SMITH"},{"data":"Barricade","floor":15,"key":"SMITH"},{"data":"Limit Break","floor":28,"key":"SMITH"},{"floor":32,"key":"RECALL"},{"data":"Power Through","floor":40,"key":"SMITH"},{"data":"Juggernaut","floor":42,"key":"SMITH"},{"data":"Flame Barrier","floor":44,"key":"SMITH"},{"data":"True Grit","floor":46,"key":"SMITH"},{"data":"Inflame","floor":49,"key":"SMITH"},{"data":"Body Slam","floor":52,"key":"SMITH"}],"circlet_count":0,"master_deck":["Strike_R","Strike_R","Strike_R","Strike_R","Defend_R","Defend_R","Defend_R","Defend_R","Bash","Enlightenment","Perfected Strike","Whirlwind+1","Immolate","True Grit+1","Inflame+1","Armaments+1","Headbutt","Rage","Heavy Blade+1","Flame Barrier+1","Barricade+1","Limit Break+1","Inflame+1","Battle Trance","Headbutt","Inflame+1","Juggernaut+1","Body Slam+1","Entrench+1","Body Slam+1","Power Through+1","Fire Breathing+1","Body Slam+1","Feel No Pain+1","Iron Wave+1"],"relics":["Burning Blood","Orrery","Potion Belt","Orichalcum","Pantograph","Smiling Mask","Bottled Tornado","Coffee Dripper","Membership Card","PreservedInsect","MerchantsRug","Bronze Scales","Mango","Turnip","Happy Flower","SacredBark","Omamori","Incense Burner","Anchor","Shuriken","aspiration:AnachronicSnailShell"],"acts_visited":["Exordium","TheCity","TheBeyond","TheEnding"],"potions_floor_usage":[16,16,16,27,45,45,50,50,55,55,55,55,55],"damage_taken":[{"damage":0,"enemies":"Cultist","floor":1,"turns":3},{"damage":0,"enemies":"2 Louse","floor":3,"turns":2},{"damage":7,"enemies":"Jaw Worm","floor":5,"turns":3},{"damage":16,"enemies":"Gremlin Nob","floor":7,"turns":4},{"damage":7,"enemies":"3 Sentries","floor":13,"turns":3},{"damage":0,"enemies":"2 Fungi Beasts","floor":14,"turns":1},{"damage":14,"enemies":"The Guardian","floor":16,"turns":8},{"damage":0,"enemies":"Spheric Guardian","floor":18,"turns":2},{"damage":5,"enemies":"Chosen","floor":19,"turns":4},{"damage":6,"enemies":"3 Cultists","floor":21,"turns":3},{"damage":4,"enemies":"Centurion and Healer","floor":22,"turns":5},{"damage":15,"enemies":"Gremlin Leader","floor":23,"turns":5},{"damage":9,"enemies":"Chosen and Byrds","floor":24,"turns":4},{"damage":15,"enemies":"Snake Plant","floor":25,"turns":3},{"damage":12,"enemies":"Book of Stabbing","floor":27,"turns":4},{"damage":1,"enemies":"Gremlin Leader","floor":29,"turns":5},{"damage":6,"enemies":"3 Cultists","floor":30,"turns":3},{"damage":20,"enemies":"Collector","floor":33,"turns":7},{"damage":3,"enemies":"3 Shapes","floor":35,"turns":6},{"damage":6,"enemies":"Orb Walker","floor":37,"turns":3},{"damage":13,"enemies":"3 Darklings","floor":38,"turns":3},{"damage":24,"enemies":"4 Shapes","floor":39,"turns":4},{"damage":10,"enemies":"Sphere and 2 Shapes","floor":41,"turns":5},{"damage":0,"enemies":"Transient","floor":45,"turns":5},{"damage":15,"enemies":"Mind Bloom Boss Battle","floor":47,"turns":6},{"damage":97,"enemies":"Time Eater","floor":50,"turns":10},{"damage":44,"enemies":"Shield and Spear","floor":54,"turns":4},{"damage":22,"enemies":"The Heart","floor":55,"turns":8}],"seed_played":"-7177890772566331495","potions_obtained":[{"floor":3,"key":"EntropicBrew"},{"floor":5,"key":"PowerPotion"},{"floor":14,"key":"Ancient Potion"},{"floor":16,"key":"SteroidPotion"},{"floor":24,"key":"BloodPotion"},{"floor":25,"key":"PowerPotion"},{"floor":30,"key":"Strength Potion"},{"floor":35,"key":"LiquidBronze"},{"floor":47,"key":"Explosive Potion"},{"floor":54,"key":"SkillPotion"}],"is_trial":false,"path_per_floor":["M","?","M","?","M","R","E","T","T","R","?","R","E","M","R","B",null,"M","M","$","M","M","E","M","M","T","E","R","E","M","?","R","B",null,"M","?","M","M","M","R","M","R","T","R","M","R","?","?","R","B",null,"R","$","E","B",null],"character_chosen":"IRONCLAD","items_purchased":["Enlightenment","Orrery","Potion Belt","Membership Card","PreservedInsect","MerchantsRug","HeartOfIron","Energy Potion","Anchor","Shuriken","CultistPotion"],"campfire_rested":0,"item_purchase_floors":[0,0,0,20,20,20,53,53,53,53,53],"current_hp_per_floor":[72,72,78,80,79,79,69,69,69,69,69,69,68,74,74,72,80,80,80,80,80,80,71,68,59,73,67,67,72,72,72,72,80,94,94,94,94,87,69,69,65,65,65,65,71,71,85,85,85,40,94,94,94,56,65],"gold":100,"neow_bonus":"","is_daily":false,"chose_seed":false,"campfire_upgraded":11,"win_rate":0.0,"timestamp":1609214020,"path_taken":["M","?","?","?","M","R","E","?","T","R","?","R","E","M","R","BOSS","M","M","$","M","M","E","M","M","T","E","R","E","M","?","R","BOSS","M","?","M","?","M","R","M","R","T","R","M","R","?","?","R","BOSS","R","$","E","BOSS"],"items_purchased_type":["Card","Relic","Relic","Relic","Relic","Relic","Potion","Potion","Relic","Relic","Potion"],"build_version":"2020-12-22","purchased_purges":1,"victory":true,"max_hp_per_floor":[80,80,80,80,80,80,80,80,80,80,80,80,80,80,80,80,80,80,80,80,80,80,80,80,80,94,94,94,94,94,94,94,94,94,94,94,94,94,94,94,94,94,94,94,94,94,94,94,94,94,94,94,94,94,94],"relic_stats":{"Happy Flower":[21],"counters":[1167,5921],"Shuriken":[3],"Pantograph":85,"Bronze Scales":[279],"PreservedInsect":214,"Turnip":[10],"Orichalcum":[168],"Smiling Mask":-12,"obtain_stats":[{"Whetstone":19,"Ginger":24,"Bottled Tornado":13,"Boot":9,"Sling":0,"Old Coin":43,"Blood Vial":4,"MealTicket":19,"Fusion Hammer":17,"Kunai":31,"aspiration:DSix":10,"MerchantsRug":20,"Pear":7,"Blue Candle":44,"Eternal Feather":44,"Pen Nib":9,"SlaversCollar":17,"Bird Faced Urn":22,"MutagenicStrength":30,"Mark of Pain":34,"Unceasing Top":5,"Regal Pillow":0,"Lantern":24,"aspiration:Lifesprig":13,"Singing Bowl":26,"Magic Flower":0,"Bag of Preparation":38,"Cursed Key":17,"Ancient Tea Set":26,"Smiling Mask":9,"Burning Blood":0,"Shovel":38,"aspiration:AnachronicSnailShell":12,"Toolbox":0,"WingedGreaves":36,"InkBottle":11,"Paper Frog":45,"Potion Belt":38,"Self Forming Clay":26,"The Courier":12,"PreservedInsect":0,"Omamori":0,"MawBank":8,"Busted Crown":17,"Orrery":0,"Turnip":38,"Art of War":26,"Champion Belt":24,"Bottled Lightning":14,"Ice Cream":49,"Calipers":10,"Tiny House":34,"Gremlin Horn":29,"Vajra":30,"Sozu":17,"HornCleat":10,"DollysMirror":0,"Strawberry":10,"Philosopher\u0027s Stone":17,"Toxic Egg 2":19,"Happy Flower":22,"Oddly Smooth Stone":10,"Charon\u0027s Ashes":37,"aspiration:SeaSaltIceCream":25,"Letter Opener":40,"War Paint":26,"aspiration:HiddenCompartment":9,"Question Card":19,"Bottled Flame":24,"Shuriken":30,"Bronze Scales":28,"Black Star":17,"Nloth\u0027s Gift":20,"aspiration:HatOfInfinitePower":12,"Meat on the Bone":24,"Pocketwatch":29,"SacredBark":34,"Enchiridion":19,"Black Blood":17,"Mango":45,"Incense Burner":38,"Juzu Bracelet":40,"PrismaticShard":22,"ClockworkSouvenir":19,"Nunchaku":0,"Dream Catcher":9,"Mummified Hand":31,"Pantograph":26,"Gambling Chip":17,"Red Skull":0,"aspiration:HummingbirdHeart":9,"aspiration:SecretTechniqueScroll":17,"Odd Mushroom":10,"Orichalcum":2,"Calling Bell":17,"Strange Spoon":0,"Anchor":0,"Bag of Marbles":20,"Coffee Dripper":17,"Membership Card":38,"aspiration:RitualDagger":17,"TungstenRod":42,"FossilizedHelix":10},{"Whetstone":964,"Ginger":1051,"Bottled Tornado":1144,"Boot":983,"Sling":1121,"Old Coin":975,"Blood Vial":1032,"MealTicket":1003,"Fusion Hammer":1049,"Kunai":970,"aspiration:DSix":1067,"MerchantsRug":1148,"Pear":983,"Blue Candle":976,"Eternal Feather":976,"Pen Nib":936,"SlaversCollar":985,"Bird Faced Urn":951,"MutagenicStrength":1087,"Mark of Pain":971,"Unceasing Top":945,"Regal Pillow":956,"Lantern":1051,"aspiration:Lifesprig":1094,"Singing Bowl":1017,"Magic Flower":1073,"Bag of Preparation":973,"Cursed Key":941,"Ancient Tea Set":953,"Smiling Mask":1143,"Burning Blood":0,"Shovel":973,"aspiration:AnachronicSnailShell":949,"Toolbox":943,"WingedGreaves":1022,"InkBottle":1067,"Paper Frog":976,"Potion Belt":1022,"Self Forming Clay":966,"The Courier":961,"PreservedInsect":1043,"Omamori":979,"MawBank":960,"Busted Crown":1081,"Orrery":1007,"Turnip":973,"Art of War":1137,"Champion Belt":952,"Bottled Lightning":1048,"Ice Cream":978,"Calipers":937,"Tiny House":1020,"Gremlin Horn":968,"Vajra":1138,"Sozu":1131,"HornCleat":983,"DollysMirror":979,"Strawberry":983,"Philosopher\u0027s Stone":1013,"Toxic Egg 2":942,"Happy Flower":1051,"Oddly Smooth Stone":1010,"Charon\u0027s Ashes":1056,"aspiration:SeaSaltIceCream":1017,"Letter Opener":1058,"War Paint":1070,"aspiration:HiddenCompartment":1009,"Question Card":1014,"Bottled Flame":1100,"Shuriken":1019,"Bronze Scales":1017,"Black Star":963,"Nloth\u0027s Gift":986,"aspiration:HatOfInfinitePower":1011,"Meat on the Bone":966,"Pocketwatch":1119,"SacredBark":1157,"Enchiridion":951,"Black Blood":1002,"Mango":1060,"Incense Burner":973,"Juzu Bracelet":974,"PrismaticShard":1116,"ClockworkSouvenir":964,"Nunchaku":979,"Dream Catcher":1033,"Mummified Hand":970,"Pantograph":1051,"Gambling Chip":1096,"Red Skull":1029,"aspiration:HummingbirdHeart":960,"aspiration:SecretTechniqueScroll":950,"Odd Mushroom":1127,"Orichalcum":1140,"Calling Bell":1096,"Strange Spoon":956,"Anchor":992,"Bag of Marbles":1097,"Coffee Dripper":1146,"Membership Card":973,"aspiration:RitualDagger":1068,"TungstenRod":975,"FossilizedHelix":999},{"Whetstone":4842,"Ginger":5310,"Bottled Tornado":5813,"Boot":4940,"Sling":5699,"Old Coin":4895,"Blood Vial":5197,"MealTicket":5053,"Fusion Hammer":5300,"Kunai":4872,"aspiration:DSix":5389,"MerchantsRug":5828,"Pear":4940,"Blue Candle":4903,"Eternal Feather":4903,"Pen Nib":4716,"SlaversCollar":4957,"Bird Faced Urn":4777,"MutagenicStrength":5515,"Mark of Pain":4879,"Unceasing Top":4749,"Regal Pillow":4807,"Lantern":5310,"aspiration:Lifesprig":5548,"Singing Bowl":5129,"Magic Flower":5436,"Bag of Preparation":4886,"Cursed Key":4734,"Ancient Tea Set":4790,"Smiling Mask":5810,"Burning Blood":0,"Shovel":4886,"aspiration:AnachronicSnailShell":4761,"Toolbox":4741,"WingedGreaves":5152,"InkBottle":5389,"Paper Frog":4903,"Potion Belt":5152,"Self Forming Clay":4851,"The Courier":4824,"PreservedInsect":5276,"Omamori":4922,"MawBank":4819,"Busted Crown":5473,"Orrery":5076,"Turnip":4886,"Art of War":5783,"Champion Belt":4786,"Bottled Lightning":5292,"Ice Cream":4914,"Calipers":4722,"Tiny House":5142,"Gremlin Horn":4863,"Vajra":5790,"Sozu":5752,"HornCleat":4940,"DollysMirror":4922,"Strawberry":4940,"Philosopher\u0027s Stone":5111,"Toxic Egg 2":4738,"Happy Flower":5310,"Oddly Smooth Stone":5090,"Charon\u0027s Ashes":5339,"aspiration:SeaSaltIceCream":5129,"Letter Opener":5349,"War Paint":5411,"aspiration:HiddenCompartment":5083,"Question Card":5113,"Bottled Flame":5588,"Shuriken":5135,"Bronze Scales":5129,"Black Star":4835,"Nloth\u0027s Gift":4962,"aspiration:HatOfInfinitePower":5094,"Meat on the Bone":4851,"Pocketwatch":5689,"SacredBark":5867,"Enchiridion":4777,"Black Blood":5048,"Mango":5360,"Incense Burner":4886,"Juzu Bracelet":4891,"PrismaticShard":5672,"ClockworkSouvenir":4842,"Nunchaku":4922,"Dream Catcher":5203,"Mummified Hand":4872,"Pantograph":5310,"Gambling Chip":5565,"Red Skull":5186,"aspiration:HummingbirdHeart":4819,"aspiration:SecretTechniqueScroll":4773,"Odd Mushroom":5724,"Orichalcum":5801,"Calling Bell":5565,"Strange Spoon":4807,"Anchor":5001,"Bag of Marbles":5570,"Coffee Dripper":5822,"Membership Card":4886,"aspiration:RitualDagger":5400,"TungstenRod":4895,"FossilizedHelix":5030}],"Burning Blood":415},"card_choices":[{"not_picked":["Hemokinesis","Warcry"],"picked":"Perfected Strike","floor":0},{"not_picked":["Combust","Cleave"],"picked":"Whirlwind","floor":0},{"not_picked":["Twin Strike","Clash"],"picked":"Immolate","floor":0},{"not_picked":["Havoc","Thunderclap"],"picked":"True Grit","floor":0},{"not_picked":["Havoc","Pommel Strike"],"picked":"Inflame","floor":0},{"not_picked":["Sword Boomerang","Battle Trance"],"picked":"Armaments","floor":1},{"not_picked":["Anger","Twin Strike"],"picked":"Headbutt","floor":3},{"not_picked":["Second Wind","Combust"],"picked":"Rage","floor":5},{"not_picked":["Pommel Strike","True Grit"],"picked":"Heavy Blade","floor":7},{"not_picked":["Headbutt","Evolve"],"picked":"Flame Barrier","floor":13},{"not_picked":["Havoc","Wild Strike"],"picked":"Barricade","floor":14},{"not_picked":["Fiend Fire","Corruption"],"picked":"Limit Break","floor":16},{"not_picked":["Carnage+1","Sever Soul"],"picked":"Inflame","floor":18},{"not_picked":["Burning Pact","Combust+1"],"picked":"Battle Trance","floor":19},{"not_picked":["Battle Trance","Clash"],"picked":"Headbutt","floor":21},{"not_picked":["Sword Boomerang","Flex","Heavy Blade"],"picked":"SKIP","floor":22},{"not_picked":["Clash","Flex","Warcry"],"picked":"SKIP","floor":23},{"not_picked":["Bludgeon","Cleave","Thunderclap"],"picked":"SKIP","floor":24},{"not_picked":["Havoc+1","Cleave"],"picked":"Inflame","floor":25},{"not_picked":["Headbutt","Body Slam+1"],"picked":"Juggernaut","floor":27},{"not_picked":["Shrug It Off","True Grit+1"],"picked":"Body Slam","floor":29},{"not_picked":["Blood for Blood","Pommel Strike"],"picked":"Entrench","floor":30},{"not_picked":["Sword Boomerang+1","Perfected Strike"],"picked":"Body Slam+1","floor":35},{"not_picked":["Twin Strike","Clothesline+1"],"picked":"Power Through","floor":37},{"not_picked":["Battle Trance","Iron Wave"],"picked":"Fire Breathing+1","floor":38},{"not_picked":["Power Through","Feel No Pain","Sword Boomerang+1"],"picked":"SKIP","floor":39},{"not_picked":["Sentinel","Twin Strike","Thunderclap+1"],"picked":"SKIP","floor":41},{"not_picked":["Dark Embrace","Pummel+1"],"picked":"Body Slam+1","floor":45},{"not_picked":["Perfected Strike+1","Power Through+1"],"picked":"Feel No Pain+1","floor":47},{"not_picked":["Wild Strike+1","Heavy Blade"],"picked":"Iron Wave+1","floor":54}],"player_experience":2077756,"relics_obtained":[{"floor":7,"key":"Pantograph"},{"floor":9,"key":"Smiling Mask"},{"floor":13,"key":"Bottled Tornado"},{"floor":23,"key":"Bronze Scales"},{"floor":26,"key":"Mango"},{"floor":27,"key":"Turnip"},{"floor":29,"key":"Happy Flower"},{"floor":43,"key":"Omamori"},{"floor":47,"key":"Incense Burner"},{"floor":54,"key":"aspiration:AnachronicSnailShell"}],"event_choices":[{"damage_healed":0,"gold_gain":0,"player_choice":"Paid Gold","damage_taken":0,"relics_obtained":["Orichalcum"],"max_hp_gain":0,"max_hp_loss":0,"event_name":"WeMeetAgain","floor":2,"gold_loss":77},{"damage_healed":0,"gold_gain":0,"player_choice":"Grow","damage_taken":0,"max_hp_gain":0,"max_hp_loss":0,"event_name":"Living Wall","floor":11,"gold_loss":0,"cards_upgraded":["Inflame"]},{"cards_removed":["Barricade"],"damage_healed":0,"gold_gain":0,"player_choice":"Give","damage_taken":0,"max_hp_gain":0,"max_hp_loss":0,"event_name":"betterNote:BetterNote","floor":31,"gold_loss":0,"cards_obtained":["The Bomb"]},{"damage_healed":0,"gold_gain":0,"player_choice":"Upgrade","damage_taken":0,"max_hp_gain":0,"max_hp_loss":0,"event_name":"Designer","floor":36,"gold_loss":40,"cards_upgraded":["Entrench"]},{"damage_healed":0,"gold_gain":0,"player_choice":"Fight","damage_taken":0,"max_hp_gain":0,"max_hp_loss":0,"event_name":"MindBloom","floor":47,"gold_loss":0},{"damage_healed":0,"gold_gain":0,"player_choice":"Forge","damage_taken":0,"max_hp_gain":0,"max_hp_loss":0,"event_name":"Accursed Blacksmith","floor":48,"gold_loss":0,"cards_upgraded":["Inflame"]}],"is_beta":false,"boss_relics":[{"not_picked":["aspiration:SilentSkillbook","Black Blood"],"picked":"Coffee Dripper"},{"not_picked":["aspiration:RunicSpoon","aspiration:SecretTechniqueScroll"],"picked":"SacredBark"}],"items_purged_floors":[53],"is_endless":false,"potions_floor_spawned":[3,5,14,16,18,24,25,30,33,35,37,41,47,54],"ascension_level":1}}