{"host":"i0m9g0siyue4991n","time":1609248615,"event":{"mods":["ATMod(阿瑾Mod)","Act Like it!","BaseMod","BetterRewards","CapriCore","Challenge The Spire","Custom Start","Decade(王小明)","Friendly Minions","Gensokyo","Minty Spire (QoL Compilation)","Quick Restart","Reimu（博丽灵梦）","RumiaBox-露米娅的神秘盒子","StSLib","The Animator","The Bug Knight","The Immortal","The Servant 0.9.4","TheWitcher"],"gold_per_floor":[114,124,124,30,46,46,61,246,246,246,4,4,33,43,43,140,140,156,31,31,48,48,48,48,75,75,254,254,254,254,270,270,369,369,388,400,400,400,400,425,425,443,443,478,488,79,92,25,25,25],"floor_reached":51,"playtime":2646,"items_purged":["HollowMod:NailStrikeStart","HollowMod:VengefulSpirit"],"score":972,"play_id":"d3164b1e-57b0-45a5-8b3e-aaee0d7a1afc","local_time":"20201229213015","is_ascension_mode":true,"campfire_choices":[{"data":"AT_FamilyPortrait","floor":6.0,"key":"SMITH"},{"data":"HollowMod:GreatSlash","floor":10.0,"key":"SMITH"},{"data":"HollowMod:QuirrelsAssistance","floor":15.0,"key":"SMITH"},{"data":"HollowMod:SlysStrikes","floor":23.0,"key":"SMITH"},{"data":"HollowMod:SoulSplash","floor":28,"key":"SMITH"},{"data":"HollowMod:FocusHealStart","floor":30,"key":"SMITH"},{"data":"HollowMod:PerfectDash","floor":32,"key":"SMITH"},{"data":"HollowMod:PerfectDash","floor":41,"key":"SMITH"},{"data":"HollowMod:DashSlash","floor":49,"key":"SMITH"}],"circlet_count":0,"master_deck":["HollowMod:FocusHealStart+1","AT_FamilyPortrait+1","HollowMod:SoulSplash+1","HollowMod:QuirrelsAssistance+1","HollowMod:GreatSlash+1","HollowMod:ZotesMagnificence","HollowMod:PerfectDash+1","Gensokyo:SummonPsychicCat","HollowMod:SlysStrikes+1","HollowMod:HerrahsAnger+1","HollowMod:SharpenedNail+1","HollowMod:CloakDash+1","HollowMod:PerfectDash+1","HollowMod:ZotesMagnificence","Gensokyo:FourOfAKind","Gensokyo:FourOfAKind","Gensokyo:FourOfAKind","Gensokyo:FourOfAKind","HollowMod:Hiveblood","HollowMod:MantisMark+1","Gensokyo:Taser","HollowMod:DashSlash+1","HollowMod:NewLittleFool+1","HollowMod:SlysStrikes+1","HollowMod:LifebloodCore"],"relics":["HollowMod:VesselMask","AT_ATBox","Ornamental Fan","AT_SeraphEmbrace","Gensokyo:Companionship","Astrolabe","Gensokyo:ConquerorOfFear","Gensokyo:ChorusOfJoy","Ancient Tea Set","HollowMod:MantisClawRelic","Gambling Chip","Oddly Smooth Stone","Sozu","Centennial Puzzle","Frozen Egg 2","AT_TimeSand","OrangePellets"],"acts_visited":["Exordium","Gensokyo:Gensokyo","Gensokyo:Gensokyoer"],"potions_floor_usage":[],"damage_taken":[{"damage":0.0,"enemies":"Gensokyo:Python","floor":1.0,"turns":2.0},{"damage":0.0,"enemies":"Gensokyo:Gryphon","floor":2.0,"turns":3.0},{"damage":3.0,"enemies":"Gensokyo:2_Kodama","floor":5.0,"turns":5.0},{"damage":7.0,"enemies":"Gensokyo:VengefulSpirit","floor":7.0,"turns":4.0},{"damage":3.0,"enemies":"Gensokyo:Cirno","floor":8.0,"turns":5.0},{"damage":0.0,"enemies":"Gensokyo:Aya","floor":13.0,"turns":3.0},{"damage":1.0,"enemies":"Gensokyo:Python_and_Kodama","floor":14.0,"turns":2.0},{"damage":16.0,"enemies":"Gensokyo:Reimu","floor":16.0,"turns":6.0},{"damage":15.0,"enemies":"Gensokyo:AngelMirror","floor":18.0,"turns":3.0},{"damage":0.0,"enemies":"Gensokyo:2_Gloops","floor":21.0,"turns":3.0},{"damage":24.0,"enemies":"Gensokyo:Reisen","floor":25.0,"turns":8.0},{"damage":3,"enemies":"Gensokyo:Tenshi","floor":27,"turns":5},{"damage":9,"enemies":"Gensokyo:Swordslinger","floor":31,"turns":3},{"damage":24,"enemies":"Gensokyo:Eternal_Rivals","floor":33,"turns":7},{"damage":1,"enemies":"Gensokyo:3_Boulders","floor":35,"turns":4},{"damage":2,"enemies":"Gensokyo:AncientGuardian","floor":36,"turns":5},{"damage":0,"enemies":"Gensokyo:Doremy","floor":40,"turns":4},{"damage":0,"enemies":"Gensokyo:SeedOfUnknown","floor":42,"turns":4},{"damage":3,"enemies":"Gensokyo:Marisa","floor":44,"turns":5},{"damage":4,"enemies":"Gensokyo:Rafflesia","floor":45,"turns":4},{"damage":0,"enemies":"Gensokyo:3_Boulders","floor":47,"turns":3},{"damage":10,"enemies":"Gensokyo:Shinki","floor":50,"turns":4}],"seed_played":"-5008993385584035272","potions_obtained":[{"floor":2.0,"key":"Strength Potion"},{"floor":8.0,"key":"Block Potion"},{"floor":16.0,"key":"Regen Potion"},{"floor":18.0,"key":"DistilledChaos"},{"floor":33,"key":"PowerPotion"}],"is_trial":false,"path_per_floor":["M","M","?","COS","M","R","M","E","T","R","$","?","E","M","R","B",null,"M","COS","?","M","?","R","?","E","T","E","R","?","R","M","R","B",null,"M","M","?","?","?","E","R","M","T","E","M","$","M","$","R","B",null],"character_chosen":"THE_BUGKNIGHT","items_purchased":["HollowMod:PerfectDash","Fruit Juice","OrangePellets","HollowMod:SlysStrikes+1","HollowMod:LifebloodCore"],"campfire_rested":0,"item_purchase_floors":[11,11,46,46,48],"current_hp_per_floor":[75,75,45,45,42,42,41,44,44,44,49,49,49,51,51,35,83,74,74,74,74,74,74,74,56,56,53,53,53,53,50,50,35,59,59,59,59,59,59,59,59,59,59,59,59,59,59,59,59,59],"gold":25,"neow_bonus":"TRANSFORM_CARD","is_daily":false,"chose_seed":false,"campfire_upgraded":9,"win_rate":0.0,"timestamp":1609248615,"path_taken":["M","M","?","COS","M","R","?","E","T","R","?","?","E","?","R","BOSS","M","COS","?","M","?","R","?","E","T","E","R","?","R","M","R","BOSS","M","M","?","?","?","E","R","M","T","E","M","$","M","?","R","BOSS"],"items_purchased_type":["Card","Potion","Relic","Card","Card"],"build_version":"2020-12-22","purchased_purges":2,"victory":true,"max_hp_per_floor":[75,75,75,75,75,75,75,75,75,75,80,80,80,83,83,83,83,83,83,83,83,83,83,83,83,83,83,83,59,59,59,59,59,59,59,59,59,59,59,59,59,59,59,59,59,59,59,59,59,59],"card_choices":[{"not_picked":["HollowMod:MothsMistake","HollowMod:DescendingDark"],"picked":"HollowMod:SoulSplash","floor":1.0},{"not_picked":["HollowMod:LifebloodCocoon","HollowMod:NewJinnsSoul"],"picked":"HollowMod:QuirrelsAssistance","floor":2.0},{"not_picked":["HollowMod:SoulStrike","HollowMod:TaintedHusks"],"picked":"HollowMod:GreatSlash","floor":5.0},{"not_picked":["HollowMod:SoulStrike","HollowMod:DesolateDive"],"picked":"HollowMod:ZotesMagnificence","floor":7.0},{"not_picked":["HollowMod:LifebloodCocoon","HollowMod:CrystalDash","HollowMod:VengefulVoid"],"picked":"SKIP","floor":8.0},{"not_picked":["HollowMod:CycloneSlash","HollowMod:AbyssShriek","HollowMod:Grubsong"],"picked":"SKIP","floor":13.0},{"not_picked":["HollowMod:SiblingsSouls","HollowMod:SoulSplash","HollowMod:ShadowDash"],"picked":"SKIP","floor":14.0},{"not_picked":["HollowMod:LordofShades","HollowMod:AwokenDreamNail"],"picked":"HollowMod:SlysStrikes","floor":16.0},{"not_picked":["HollowMod:DoubleDash","HollowMod:InfectedAttack"],"picked":"HollowMod:CloakDash+1","floor":18.0},{"not_picked":["HollowMod:CycloneSlash","HollowMod:ShapeofUnn+1"],"picked":"HollowMod:PerfectDash","floor":21.0},{"not_picked":["HollowMod:theNailsmith","HollowMod:NewInfectedGuardian"],"picked":"HollowMod:ZotesMagnificence","floor":25.0},{"not_picked":["HollowMod:SoulStrike","HollowMod:GreatSlash","HollowMod:HowlingWraiths"],"picked":"SKIP","floor":25.0},{"not_picked":["HollowMod:Grubsong+1","HollowMod:HeavyBlow","HollowMod:ShadowDash+1"],"picked":"SKIP","floor":27},{"not_picked":["HollowMod:VengefulVoid","HollowMod:CycloneSlash","HollowMod:TaintedHusks+1"],"picked":"SKIP","floor":31},{"not_picked":["HollowMod:SoulMaster","HollowMod:theNailsmith"],"picked":"HollowMod:Hiveblood","floor":33},{"not_picked":["HollowMod:HowlingWraiths","HollowMod:NewLittleFool+1","HollowMod:SoulSplash+1"],"picked":"SKIP","floor":35},{"not_picked":["HollowMod:HowlingWraiths","HollowMod:LifebloodCocoon+1"],"picked":"HollowMod:MantisMark+1","floor":36},{"not_picked":["HollowMod:CloakDash","HollowMod:VengefulVoid+1","HollowMod:MidwifesHunger"],"picked":"SKIP","floor":40},{"not_picked":["HollowMod:TaintedHusks+1","HollowMod:NewJinnsSoul+1"],"picked":"HollowMod:DashSlash","floor":42},{"not_picked":["HollowMod:SharpenedShadows+1","HollowMod:FastStrike"],"picked":"HollowMod:NewLittleFool+1","floor":44},{"not_picked":["HollowMod:MothsMistake+1","HollowMod:InfectedCysts+1","HollowMod:InfectedAttack+1"],"picked":"SKIP","floor":45},{"not_picked":["HollowMod:WraithStrike+1","HollowMod:NewLittleFool+1","HollowMod:GrimmsGift"],"picked":"SKIP","floor":47}],"player_experience":675461,"relics_obtained":[{"floor":8.0,"key":"Ornamental Fan"},{"floor":13.0,"key":"AT_ArchangelStaff"},{"floor":25.0,"key":"Gensokyo:ConquerorOfFear"},{"floor":25.0,"key":"Ancient Tea Set"},{"floor":26.0,"key":"HollowMod:MantisClawRelic"},{"floor":27,"key":"Oddly Smooth Stone"},{"floor":40,"key":"Centennial Puzzle"},{"floor":43,"key":"Frozen Egg 2"},{"floor":44,"key":"AT_TimeSand"}],"event_choices":[],"is_beta":false,"boss_relics":[{"not_picked":["RedLine:ReiMu","Pandora\u0027s Box"],"picked":"Astrolabe"},{"not_picked":["Coffee Dripper","Philosopher\u0027s Stone"],"picked":"Sozu"}],"items_purged_floors":[11,46],"is_endless":false,"potions_floor_spawned":[2,8,16,18,31,33,40,44,45,47],"ascension_level":2}}