{"host":"nptej036rrbiurf5","time":1609231072,"event":{"mods":["BaseMod","Colored Map","Colored Powertips","DeckTracker","Minty Spire (QoL Compilation)","StSLib","SuperFastMode"],"gold_per_floor":[360,43,43,58,133,133,167,186,211,242,6,25,25,43,43,117,117,136,155,70,70,70,70,70],"floor_reached":23,"playtime":543,"items_purged":["Strike_R"],"score":473,"play_id":"51ab3500-768b-47e3-8362-a8f1cad9f0be","local_time":"20201229173752","is_ascension_mode":true,"campfire_choices":[{"data":"Demon Form","floor":6.0,"key":"SMITH"},{"data":"Offering","floor":15,"key":"SMITH"}],"circlet_count":0,"master_deck":["AscendersBane","Defend_R","Defend_R","Defend_R","Defend_R","Bash","Infernal Blade","Demon Form+1","Sword Boomerang","Ghostly Armor","Shrug It Off","Evolve","Demon Form+1","Bloodletting","Offering+1","Offering","Pommel Strike","Sword Boomerang","Bite","Bite","Bite","Bite","Bite","Reaper"],"relics":["Burning Blood","PreservedInsect","Toy Ornithopter","Red Skull","Omamori","Dream Catcher","DollysMirror","Velvet Choker","Orichalcum"],"acts_visited":["Exordium","TheCity"],"potions_floor_usage":[12,16,23,23],"damage_taken":[{"damage":7.0,"enemies":"2 Louse","floor":1.0,"turns":3.0},{"damage":14.0,"enemies":"Jaw Worm","floor":4.0,"turns":3.0},{"damage":0.0,"enemies":"Lagavulin","floor":7.0,"turns":4.0},{"damage":7.0,"enemies":"Cultist","floor":8.0,"turns":4.0},{"damage":11.0,"enemies":"Gremlin Nob","floor":10.0,"turns":3.0},{"damage":15,"enemies":"Lots of Slimes","floor":12,"turns":5},{"damage":18,"enemies":"Exordium Thugs","floor":14,"turns":4},{"damage":14,"enemies":"The Guardian","floor":16,"turns":6},{"damage":25,"enemies":"Spheric Guardian","floor":18,"turns":4},{"damage":15,"enemies":"Chosen","floor":19,"turns":4},{"damage":64,"enemies":"Book of Stabbing","floor":23,"turns":3}],"seed_played":"8775228126986798534","potions_obtained":[{"floor":7.0,"key":"EntropicBrew"},{"floor":8.0,"key":"Energy Potion"},{"floor":10.0,"key":"Block Potion"},{"floor":12,"key":"PowerPotion"},{"floor":18,"key":"Swift Potion"}],"is_trial":false,"path_per_floor":["M","$","?","M","?","R","E","M","T","E","$","M","$","M","R","B",null,"M","M","?","?","?","E"],"character_chosen":"IRONCLAD","items_purchased":["Demon Form","PreservedInsect","DollysMirror"],"campfire_rested":0,"item_purchase_floors":[2,2,11],"current_hp_per_floor":[67,67,49,41,30,30,36,40,40,49,49,45,45,33,33,30,59,40,31,31,31,31,0,0],"gold":70,"neow_bonus":"TWO_FIFTY_GOLD","is_daily":false,"chose_seed":false,"campfire_upgraded":2,"win_rate":0.0,"timestamp":1609231072,"path_taken":["M","$","?","M","?","R","E","M","T","E","$","M","?","?","R","BOSS","M","?","?","?","?","E"],"items_purchased_type":["Card","Relic","Relic"],"build_version":"2020-12-22","purchased_purges":1,"victory":false,"max_hp_per_floor":[68,68,68,68,68,68,68,68,68,68,68,68,68,68,68,68,68,68,68,68,47,47,47,47],"card_choices":[{"not_picked":["Cleave","Clothesline"],"picked":"Infernal Blade","floor":1.0},{"not_picked":["True Grit","Metallicize"],"picked":"Sword Boomerang","floor":4.0},{"not_picked":["Iron Wave","Shrug It Off"],"picked":"Ghostly Armor","floor":7.0},{"not_picked":["Cleave","Rupture"],"picked":"Shrug It Off","floor":8.0},{"not_picked":["Headbutt","Intimidate","Evolve"],"picked":"SKIP","floor":10.0},{"not_picked":["Headbutt","Intimidate"],"picked":"Evolve","floor":10.0},{"not_picked":["Warcry","Flame Barrier"],"picked":"Bloodletting","floor":12},{"not_picked":["Perfected Strike","Clothesline"],"picked":"Offering","floor":14},{"not_picked":["Brutality","Barricade"],"picked":"Offering","floor":16},{"not_picked":["Blood for Blood","Perfected Strike"],"picked":"Pommel Strike","floor":18},{"not_picked":["Havoc","Wild Strike"],"picked":"Sword Boomerang","floor":19}],"player_experience":869726,"relics_obtained":[{"floor":7.0,"key":"Red Skull"},{"floor":9.0,"key":"Omamori"},{"floor":10.0,"key":"Dream Catcher"}],"event_choices":[{"damage_healed":0.0,"max_hp_gain":0.0,"max_hp_loss":0.0,"gold_gain":0.0,"event_name":"Scrap Ooze","player_choice":"Success","floor":3.0,"gold_loss":0.0,"damage_taken":18.0,"relics_obtained":["Toy Ornithopter"]},{"damage_healed":0.0,"max_hp_gain":0.0,"max_hp_loss":0.0,"gold_gain":75.0,"event_name":"World of Goop","player_choice":"Gather Gold","floor":5.0,"gold_loss":0.0,"damage_taken":11.0},{"damage_healed":0,"gold_gain":0,"player_choice":"Obtained Relic","damage_taken":0,"relics_obtained":["Orichalcum"],"max_hp_gain":0,"max_hp_loss":0,"event_name":"Addict","floor":20,"gold_loss":85},{"damage_healed":0,"gold_gain":0,"player_choice":"Became a vampire","damage_taken":0,"max_hp_gain":0,"max_hp_loss":21,"event_name":"Vampires","floor":21,"gold_loss":0,"cards_obtained":["Bite","Bite","Bite","Bite","Bite"]},{"damage_healed":0,"gold_gain":0,"player_choice":"Read","damage_taken":0,"max_hp_gain":0,"max_hp_loss":0,"event_name":"The Library","floor":22,"gold_loss":0,"cards_obtained":["Reaper"]}],"is_beta":false,"boss_relics":[{"not_picked":["Runic Dome","Philosopher\u0027s Stone"],"picked":"Velvet Choker"}],"items_purged_floors":[11],"is_endless":false,"potions_floor_spawned":[7,8,10,12,18],"killed_by":"Book of Stabbing","ascension_level":20}}