{"host":"cm56dopeulr50jn0","time":1609271977,"event":{"mods":["BaseMod","Bestiary","Better Match","Better Third Choice","Downfall","Minty Spire (QoL Compilation)","Relic Stats","StSLib"],"gold_per_floor":[99,119,136,154,167,342,342,355,370,390,408,440,90,90,107,206,206,206,226,40,75,175,203,203,203,236,246,246,262,276,34,50,147,147,72,90,90,102,219,232,232,252,252,276,149,74,99,119,144,144],"floor_reached":51,"playtime":5216,"items_purged":["Doubt"],"score":799,"play_id":"f1ebfb54-1d55-45ac-a9ef-dc48f4d757bb","local_time":"20201229115937","is_ascension_mode":false,"campfire_choices":[{"data":"champ:Taunt","floor":1.0,"key":"SMITH"},{"data":"champ:DeathBlow","floor":18.0,"key":"SMITH"},{"data":"champ:HoldFirm","floor":28.0,"key":"SMITH"},{"floor":35.0,"key":"RECALL"},{"floor":46,"key":"REST"}],"circlet_count":0,"master_deck":["champ:Strike","champ:Strike","champ:Strike","champ:Defend","champ:Defend","champ:Defend","champ:Defend","champ:Execute","champ:Taunt+1","champ:ViciousMockery","champ:BringItOn","champ:FanOfKnives","champ:PerfectedStrike","champ:ViciousMockery","champ:DeathBlow+1","champ:StanceDance","champ:BringItOn","champ:SteelEdge","champ:FlashCut","champ:StanceDance+1","champ:CrookedStrike","champ:AdrenalArmor","champ:HoldFirm+1","champ:GladiatorsShout","champ:EnGarde+1","champ:BerserkerStyle","champ:RisingSlash+1","champ:EndlessRage","champ:CheapShot","champ:Improvising","champ:HeartStrike","champ:StanceDance+1","champ:RecklessLeap+1","champ:ArenaPreparation+1","champ:FanOfKnives","champ:EnGarde+1","champ:GladiatorStyle+1","champ:LastStand"],"relics":["Busted Crown","Kunai","HornCleat","Gremlin Horn","FaceOfCleric","Philosopher\u0027s Stone","Regal Pillow","Red Mask","MutagenicStrength","Mummified Hand","Bottled Flame","Question Card","Membership Card","MealTicket","Fusion Hammer","downfall:HeartBlessingBlue","Calipers","OrangePellets","CeramicFish","Shuriken","downfall:HeartBlessingRed"],"acts_visited":["Exordium","TheCity","TheBeyond"],"potions_floor_usage":[50],"damage_taken":[{"damage":5.0,"enemies":"Small Slimes","floor":2.0,"turns":3.0},{"damage":8.0,"enemies":"Cultist","floor":3.0,"turns":3.0},{"damage":5.0,"enemies":"2 Louse","floor":4.0,"turns":3.0},{"damage":8.0,"enemies":"Exordium Thugs","floor":5.0,"turns":5.0},{"damage":8.0,"enemies":"Lots of Slimes","floor":8.0,"turns":6.0},{"damage":0.0,"enemies":"2 Fungi Beasts","floor":9.0,"turns":4.0},{"damage":5.0,"enemies":"3 Louse","floor":10.0,"turns":4.0},{"damage":11.0,"enemies":"Gremlin Gang","floor":11.0,"turns":4.0},{"damage":34.0,"enemies":"Gremlin Nob","floor":12.0,"turns":4.0},{"damage":28.0,"enemies":"downfall:FleeingMerchant","floor":13.0,"turns":4.0},{"damage":11.0,"enemies":"Exordium Thugs","floor":15.0,"turns":3.0},{"damage":74.0,"enemies":"downfall:Silent","floor":16.0,"turns":14.0},{"damage":28.0,"enemies":"3 Byrds","floor":19.0,"turns":3.0},{"damage":19.0,"enemies":"downfall:FleeingMerchant","floor":20.0,"turns":4.0},{"damage":18.0,"enemies":"Masked Bandits","floor":21.0,"turns":3.0},{"damage":28.0,"enemies":"downfall:Augmenter","floor":22.0,"turns":6.0},{"damage":49.0,"enemies":"Slavers","floor":23.0,"turns":8.0},{"damage":46.0,"enemies":"Book of Stabbing","floor":26.0,"turns":6.0},{"damage":21.0,"enemies":"Chosen and Byrds","floor":27.0,"turns":4.0},{"damage":28.0,"enemies":"3 Cultists","floor":29.0,"turns":4.0},{"damage":19.0,"enemies":"Sentry and Sphere","floor":30.0,"turns":5.0},{"damage":27.0,"enemies":"downfall:FleeingMerchant","floor":31.0,"turns":4.0},{"damage":24.0,"enemies":"Snake Plant","floor":32.0,"turns":3.0},{"damage":76.0,"enemies":"downfall:Defect","floor":33.0,"turns":9.0},{"damage":44.0,"enemies":"Orb Walker","floor":36.0,"turns":3.0},{"damage":23.0,"enemies":"3 Shapes","floor":38.0,"turns":5.0},{"damage":59.0,"enemies":"downfall:FleeingMerchant","floor":39.0,"turns":4.0},{"damage":81.0,"enemies":"3 Darklings","floor":40.0,"turns":4.0},{"damage":76.0,"enemies":"Transient","floor":42.0,"turns":5.0},{"damage":92,"enemies":"Writhing Mass","floor":44,"turns":4},{"damage":45,"enemies":"4 Shapes","floor":47,"turns":3},{"damage":36,"enemies":"Sphere and 2 Shapes","floor":48,"turns":2},{"damage":40,"enemies":"Jaw Worm Horde","floor":49,"turns":3},{"damage":48,"enemies":"downfall:Watcher","floor":50,"turns":4}],"seed_played":"7141611835314998653","potions_obtained":[{"floor":2.0,"key":"champ:CounterPotion"},{"floor":3.0,"key":"Explosive Potion"},{"floor":5.0,"key":"GamblersBrew"},{"floor":11.0,"key":"Weak Potion"},{"floor":12.0,"key":"EntropicBrew"},{"floor":16.0,"key":"champ:UltimateStancePotion"},{"floor":21.0,"key":"Block Potion"},{"floor":26.0,"key":"champ:UltimateStancePotion"}],"is_trial":false,"path_per_floor":["R","M","M","M","M","?","T","M","M","M","M","E","$","?","M","B",null,"R","M","$","?","?","E","T","T","E","M","R","M","M","$","M","B",null,"R","M","?","M","$","M","T","M","?","M","$","R","M","M","M","B",null],"character_chosen":"THE_CHAMP","items_purchased":["Gremlin Horn","champ:CrookedStrike","Regal Pillow","Membership Card","MealTicket","Calipers","OrangePellets","Shuriken"],"campfire_rested":1,"item_purchase_floors":[13,20,20,31,31,39,39,45],"current_hp_per_floor":[90,90,90,90,82,82,82,82,82,82,76,57,57,57,58,37,92,92,85,85,86,83,65,65,65,64,63,63,64,65,66,67,48,104,114,103,103,104,117,118,118,119,119,94,109,120,121,119,120,121],"gold":144,"neow_bonus":"BOSS_RELIC","is_daily":false,"chose_seed":false,"campfire_upgraded":3,"win_rate":0.0,"timestamp":1609271977,"path_taken":["R","M","M","M","M","?","T","M","M","M","M","E","$","?","M","BOSS","R","M","?","?","?","E","T","?","E","M","R","M","M","$","M","BOSS","R","M","?","M","?","?","T","M","?","M","$","R","M","M","M","BOSS"],"items_purchased_type":["Relic","Card","Relic","Relic","Relic","Relic","Relic","Relic"],"build_version":"2020-12-22","purchased_purges":1,"victory":true,"max_hp_per_floor":[90,90,90,90,90,90,90,90,90,90,90,90,90,90,91,92,92,92,93,94,95,96,97,97,97,98,99,99,100,101,102,103,104,104,114,115,115,116,117,118,118,119,119,120,120,120,121,122,123,124],"relic_stats":{"Regal Pillow":0,"Gremlin Horn":[21,21],"counters":[34,153],"CeramicFish":27,"Question Card":15,"OrangePellets":[11],"Busted Crown":74,"FaceOfCleric":24,"Mummified Hand":[33],"Shuriken":[4],"MealTicket":27,"Kunai":[33],"obtain_stats":[{"Regal Pillow":20,"Calipers":39,"Gremlin Horn":13,"downfall:HeartBlessingRed":46,"CeramicFish":41,"champ:ChampionCrown":0,"Question Card":26,"OrangePellets":39,"Bottled Flame":24,"Busted Crown":0,"HornCleat":12,"FaceOfCleric":14,"Mummified Hand":23,"downfall:HeartBlessingBlue":35,"Shuriken":45,"MutagenicStrength":22,"Philosopher\u0027s Stone":17,"MealTicket":31,"Fusion Hammer":34,"Red Mask":21,"Kunai":7,"Membership Card":31},{"Regal Pillow":14,"Calipers":27,"Gremlin Horn":10,"downfall:HeartBlessingRed":30,"CeramicFish":28,"champ:ChampionCrown":0,"Question Card":18,"OrangePellets":27,"Bottled Flame":17,"Busted Crown":0,"HornCleat":9,"FaceOfCleric":10,"Mummified Hand":17,"downfall:HeartBlessingBlue":24,"Shuriken":30,"MutagenicStrength":16,"Philosopher\u0027s Stone":12,"MealTicket":22,"Fusion Hammer":24,"Red Mask":15,"Kunai":4,"Membership Card":22},{"Regal Pillow":64,"Calipers":128,"Gremlin Horn":40,"downfall:HeartBlessingRed":141,"CeramicFish":132,"champ:ChampionCrown":0,"Question Card":87,"OrangePellets":128,"Bottled Flame":81,"Busted Crown":0,"HornCleat":36,"FaceOfCleric":40,"Mummified Hand":81,"downfall:HeartBlessingBlue":116,"Shuriken":141,"MutagenicStrength":73,"Philosopher\u0027s Stone":57,"MealTicket":104,"Fusion Hammer":116,"Red Mask":67,"Kunai":14,"Membership Card":104}]},"card_choices":[{"not_picked":[],"picked":"champ:ViciousMockery","floor":2.0},{"not_picked":["champ:FocusedGladiator"],"picked":"SKIP","floor":3.0},{"not_picked":[],"picked":"champ:BringItOn","floor":4.0},{"not_picked":[],"picked":"champ:FanOfKnives","floor":5.0},{"not_picked":[],"picked":"champ:PerfectedStrike","floor":8.0},{"not_picked":[],"picked":"champ:ViciousMockery","floor":9.0},{"not_picked":[],"picked":"champ:DeathBlow","floor":10.0},{"not_picked":[],"picked":"champ:StanceDance","floor":11.0},{"not_picked":["champ:BringItOn"],"picked":"SKIP","floor":12.0},{"not_picked":["champ:DefensiveShout"],"picked":"SKIP","floor":13.0},{"not_picked":[],"picked":"champ:BringItOn","floor":15.0},{"not_picked":[],"picked":"champ:SteelEdge","floor":16.0},{"not_picked":[],"picked":"champ:FlashCut","floor":19.0},{"not_picked":[],"picked":"champ:StanceDance+1","floor":20.0},{"not_picked":[],"picked":"champ:AdrenalArmor","floor":21.0},{"not_picked":[],"picked":"champ:GladiatorsShout","floor":22.0},{"not_picked":["champ:BringItOn"],"picked":"SKIP","floor":23.0},{"not_picked":[],"picked":"champ:EnGarde+1","floor":26.0},{"not_picked":["champ:DefensiveShout"],"picked":"champ:BerserkerStyle","floor":27.0},{"not_picked":["champ:GutPunch","champ:BringItOn"],"picked":"SKIP","floor":29.0},{"not_picked":["champ:CrookedStrike"],"picked":"champ:RisingSlash+1","floor":30.0},{"not_picked":["champ:Circumvent+1"],"picked":"champ:EndlessRage","floor":31.0},{"not_picked":["champ:DefensiveStyle"],"picked":"champ:CheapShot","floor":32.0},{"not_picked":["champ:IgnorePain"],"picked":"champ:Improvising","floor":33.0},{"not_picked":["champ:IronFortress"],"picked":"champ:HeartStrike","floor":36.0},{"not_picked":["champ:EnragedBash"],"picked":"champ:RecklessLeap+1","floor":38.0},{"not_picked":["champ:FaceSlap+1"],"picked":"champ:ArenaPreparation+1","floor":39.0},{"not_picked":["champ:Circumvent+1"],"picked":"champ:FanOfKnives","floor":40.0},{"not_picked":["champ:Haymaker","champ:DeathBlow"],"picked":"SKIP","floor":42.0},{"not_picked":["champ:FocusedGladiator"],"picked":"champ:EnGarde+1","floor":44},{"not_picked":["champ:FanOfKnives+1"],"picked":"champ:GladiatorStyle+1","floor":47},{"not_picked":["champ:FanOfKnives+1","champ:AdrenalArmor"],"picked":"SKIP","floor":48},{"not_picked":["champ:TornadoPunch"],"picked":"champ:LastStand","floor":49}],"player_experience":1374268,"relics_obtained":[{"floor":7.0,"key":"Kunai"},{"floor":12.0,"key":"HornCleat"},{"floor":21.0,"key":"Red Mask"},{"floor":22.0,"key":"MutagenicStrength"},{"floor":23.0,"key":"Mummified Hand"},{"floor":24.0,"key":"Bottled Flame"},{"floor":26.0,"key":"Question Card"},{"floor":41.0,"key":"CeramicFish"}],"event_choices":[{"damage_healed":0.0,"max_hp_gain":0.0,"max_hp_loss":0.0,"gold_gain":0.0,"event_name":"FaceTrader","player_choice":"Trade","floor":14.0,"gold_loss":0.0,"damage_taken":0.0,"relics_obtained":["FaceOfCleric"]},{"damage_healed":0.0,"max_hp_gain":0.0,"max_hp_loss":0.0,"gold_gain":0.0,"event_name":"Masked Bandits","player_choice":"Fought Bandits","floor":21.0,"gold_loss":0.0,"damage_taken":0.0},{"damage_healed":0.0,"max_hp_gain":0.0,"max_hp_loss":0.0,"gold_gain":0.0,"event_name":"Duplicator","player_choice":"Copied","floor":37.0,"gold_loss":0.0,"damage_taken":0.0,"cards_obtained":["champ:StanceDance"]}],"is_beta":false,"boss_relics":[{"not_picked":["Velvet Choker","Tiny House"],"picked":"Philosopher\u0027s Stone"},{"not_picked":["Black Star","Runic Dome"],"picked":"Fusion Hammer"}],"items_purged_floors":[13],"is_endless":false,"potions_floor_spawned":[2,3,5,11,12,16,21,26,32,33,40,42,44,47,48,49],"ascension_level":0}}