{"host":"d5olfqytz4hp22h4","time":1609210152,"event":{"mods":["BaseMod","Downfall","Minty Spire (QoL Compilation)","StSLib"],"gold_per_floor":[0,17,32,32,51,78,102,136,147,167,197,197,217,242,255,357,357,357,370,382,382,382,409,409,443,368,393,303,303,331,348,363,467,467,392,408,418,491,836,936,963,1018,943,972,990,1008,958,988,1005,1005,1005,1038,557,557,557],"floor_reached":56,"playtime":7286,"items_purged":["Slimebound:LeechEnergy","Slimebound:PressTheAttack","Slimebound:Gluttony"],"score":1518,"play_id":"121a2aab-5241-4b29-9e02-3400c20b640d","local_time":"20201228204912","is_ascension_mode":true,"campfire_choices":[{"data":"Slimebound:MassFeed","floor":1.0,"key":"SMITH"},{"data":"Slimebound:LeadByExample","floor":12.0,"key":"SMITH"},{"data":"Slimebound:OneTwoCombo","floor":18.0,"key":"SMITH"},{"floor":26.0,"key":"REST"},{"floor":35.0,"key":"RECALL"},{"data":"Slimebound:CheckThePlaybook","floor":43,"key":"SMITH"},{"data":"1","floor":54,"key":"LIFT"}],"circlet_count":0,"master_deck":["Slimebound:Tackle","Slimebound:Defend_Slimebound","Slimebound:Defend_Slimebound","Slimebound:Defend_Slimebound","Slimebound:Defend_Slimebound","Slimebound:Split+1","Slimebound:CorrosiveSpit","Slimebound:MassFeed+1","Slimebound:SlimeSpikes","Slimebound:AcidTongue","Slimebound:SplitMire","Slimebound:SplitBruiser","Slimebound:LeadByExample+1","Slimebound:LevelUp","Slimebound:Prepare","Slimebound:OneTwoCombo+1","Slimebound:GrowthPunch","Slimebound:Repurpose","Bite","Bite","Bite","Bite","Bite","Slimebound:CheckThePlaybook+1","Slimebound:SplitLeeching+1","Slimebound:SlimeSpikes+1","Slimebound:SlimeSpikes","Slimebound:SlimeSpikes","Slimebound:RallyTheTroops+1","Slimebound:SamplingLick+1","Slimebound:FormOfPuddle+1","Slimebound:RallyTheTroops+1","Slimebound:Dissolve","Slimebound:Repurpose","expansioncontent:DashGenerateEvil+1"],"relics":["Slimebound:AbsorbEndCombat","Blood Vial","Tiny Chest","Dream Catcher","Orichalcum","MealTicket","Black Star","Molten Egg 2","Eternal Feather","Bronze Scales","WingedGreaves","Incense Burner","downfall:HeartBlessingGreen","Potion Belt","Dead Branch","Girya","Strawberry","SlaversCollar","downfall:HeartBlessingBlue","Old Coin","downfall:GremlinWheel","Pen Nib","Oddly Smooth Stone","downfall:HeartBlessingRed","Smiling Mask","Slimebound:MaxSlimesRelic","Bag of Preparation","PreservedInsect","Kunai","Mango","Membership Card","Ornamental Fan","Art of War"],"acts_visited":["Exordium","TheCity","TheBeyond","TheEnding"],"potions_floor_usage":[],"damage_taken":[{"damage":6.0,"enemies":"Jaw Worm","floor":2.0,"turns":6.0},{"damage":7.0,"enemies":"Cultist","floor":3.0,"turns":3.0},{"damage":14.0,"enemies":"Small Slimes","floor":5.0,"turns":3.0},{"damage":24.0,"enemies":"Lagavulin","floor":6.0,"turns":8.0},{"damage":53.0,"enemies":"Gremlin Nob","floor":8.0,"turns":4.0},{"damage":7.0,"enemies":"3 Louse","floor":9.0,"turns":2.0},{"damage":34.0,"enemies":"Exordium Thugs","floor":10.0,"turns":3.0},{"damage":46.0,"enemies":"3 Sentries","floor":11.0,"turns":5.0},{"damage":30.0,"enemies":"Exordium Wildlife","floor":13.0,"turns":5.0},{"damage":26.0,"enemies":"Lagavulin","floor":14.0,"turns":7.0},{"damage":12.0,"enemies":"3 Louse","floor":15.0,"turns":3.0},{"damage":33.0,"enemies":"downfall:Defect","floor":16.0,"turns":6.0},{"damage":23.0,"enemies":"Spheric Guardian","floor":19.0,"turns":3.0},{"damage":32.0,"enemies":"3 Byrds","floor":20.0,"turns":3.0},{"damage":62.0,"enemies":"Slavers","floor":23.0,"turns":4.0},{"damage":36.0,"enemies":"Book of Stabbing","floor":25.0,"turns":4.0},{"damage":50.0,"enemies":"Gremlin Leader","floor":27.0,"turns":5.0},{"damage":16.0,"enemies":"downfall:FleeingMerchant","floor":28.0,"turns":4.0},{"damage":42.0,"enemies":"Book of Stabbing","floor":30.0,"turns":5.0},{"damage":39.0,"enemies":"Centurion and Healer","floor":31.0,"turns":7.0},{"damage":19.0,"enemies":"Snake Plant","floor":32.0,"turns":3.0},{"damage":58.0,"enemies":"downfall:Silent","floor":33.0,"turns":6.0},{"damage":20.0,"enemies":"3 Shapes","floor":36.0,"turns":5.0},{"damage":11.0,"enemies":"Orb Walker","floor":37.0,"turns":2.0},{"damage":25.0,"enemies":"downfall:FleeingMerchant","floor":38.0,"turns":4.0},{"damage":62,"enemies":"2 Orb Walkers","floor":39,"turns":6},{"damage":13,"enemies":"2 Orb Walkers","floor":40,"turns":3},{"damage":2,"enemies":"Giant Head","floor":44,"turns":5},{"damage":17,"enemies":"4 Shapes","floor":45,"turns":5},{"damage":31,"enemies":"Sphere and 2 Shapes","floor":46,"turns":4},{"damage":50,"enemies":"Reptomancer","floor":48,"turns":4},{"damage":25,"enemies":"Spire Growth","floor":49,"turns":4},{"damage":56,"enemies":"downfall:Ironclad","floor":50,"turns":6},{"damage":74,"enemies":"downfall:CharBossMerchant","floor":52,"turns":5},{"damage":83,"enemies":"downfall:NeowBoss","floor":55,"turns":20}],"seed_played":"8040975028889217960","potions_obtained":[{"floor":8.0,"key":"Slimebound:SlimedPotion"},{"floor":9.0,"key":"Dexterity Potion"},{"floor":14.0,"key":"Slimebound:ThreeZeroPotion"},{"floor":15.0,"key":"Weak Potion"},{"floor":20.0,"key":"Regen Potion"},{"floor":23.0,"key":"Slimebound:SlimyTonguePotion"},{"floor":25.0,"key":"DistilledChaos"},{"floor":30.0,"key":"Fire Potion"},{"floor":31.0,"key":"DuplicationPotion"},{"floor":36.0,"key":"FearPotion"},{"floor":37.0,"key":"Slimebound:SlimyTonguePotion"},{"floor":46,"key":"FearPotion"},{"floor":49,"key":"ColorlessPotion"}],"is_trial":false,"path_per_floor":["R","M","M","?","M","E","T","E","M","M","E","R","M","E","M","B",null,"R","M","M","?","?","E","T","E","R","E","$","T","E","M","M","B",null,"R","M","M","$","?","?","T","T","R","E","M","M","$","E","M","B",null,"E","$","R","B",null],"character_chosen":"SLIMEBOUND","items_purchased":["Slimebound:RallyTheTroops+1","Membership Card","Ornamental Fan","Art of War","expansioncontent:DashGenerateEvil+1","Guardian:BlockOnCardUsePotion"],"campfire_rested":1,"item_purchase_floors":[38,53,53,53,53,53],"current_hp_per_floor":[60,64,67,67,74,72,72,43,52,50,32,32,22,22,30,23,112,112,107,95,78,51,33,33,29,67,59,78,78,71,70,69,51,85,95,92,93,88,57,68,68,68,86,93,91,84,95,60,67,53,95,90,105,109,109],"gold":557,"neow_bonus":"TRANSFORM_TWO_CARDS","is_daily":false,"chose_seed":false,"campfire_upgraded":4,"win_rate":0.0,"timestamp":1609210152,"path_taken":["R","M","M","?","M","E","T","E","?","M","E","R","M","E","M","BOSS","R","M","M","?","?","E","T","E","R","E","$","?","E","?","M","BOSS","R","M","M","$","?","?","T","?","R","E","M","M","$","E","M","BOSS","E","$","R","BOSS"],"items_purchased_type":["Card","Relic","Relic","Relic","Card","Potion"],"build_version":"2020-12-22","purchased_purges":3,"victory":true,"max_hp_per_floor":[60,64,68,68,76,80,80,80,92,100,104,104,104,104,112,112,112,112,112,112,78,78,78,78,78,78,78,78,78,85,85,85,85,85,95,95,95,95,95,95,95,95,95,95,95,95,95,95,95,95,95,109,109,109,109],"card_choices":[{"not_picked":["Slimebound:LeechEnergy","Slimebound:ProtectTheBoss"],"picked":"Slimebound:SlimeSpikes","floor":2.0},{"not_picked":["Slimebound:ViciousTackle","Slimebound:FinishingTackle"],"picked":"Slimebound:AcidTongue","floor":3.0},{"not_picked":["Slimebound:GrowthPunch","Slimebound:FormOfPuddle"],"picked":"Slimebound:SplitMire","floor":5.0},{"not_picked":["Slimebound:GrowthPunch","Slimebound:ForwardTackle"],"picked":"Slimebound:SplitBruiser","floor":6.0},{"not_picked":["Slimebound:SelfFormingGoo","Slimebound:SplitLeeching","Slimebound:SlimeSpikes"],"picked":"SKIP","floor":8.0},{"not_picked":["Slimebound:ViciousTackle","Slimebound:SlimeBarrage"],"picked":"Slimebound:LeadByExample","floor":9.0},{"not_picked":["Slimebound:LeechingTouch","Slimebound:Schlurp"],"picked":"Slimebound:LevelUp","floor":10.0},{"not_picked":["Slimebound:Overexert","Slimebound:SlimeBarrage","Slimebound:SlimeSpikes"],"picked":"SKIP","floor":11.0},{"not_picked":["Slimebound:GoopSpray","Slimebound:SlimeBarrage"],"picked":"Slimebound:LeechEnergy","floor":13.0},{"not_picked":["Slimebound:SplitAcid","Slimebound:ComboTackle"],"picked":"Slimebound:Prepare","floor":14.0},{"not_picked":["Slimebound:HauntingLick","Slimebound:PressTheAttack","Slimebound:Schlurp"],"picked":"SKIP","floor":15.0},{"not_picked":["Slimebound:WasteNot","Slimebound:Darklings"],"picked":"Slimebound:OneTwoCombo","floor":16.0},{"not_picked":["Slimebound:FinishingTackle","Slimebound:LeechEnergy+1"],"picked":"Slimebound:GrowthPunch","floor":19.0},{"not_picked":["Slimebound:PressTheAttack+1","Slimebound:GoopSpray"],"picked":"Slimebound:Repurpose","floor":20.0},{"not_picked":["Slimebound:WasteNot","Slimebound:ComboTackle+1"],"picked":"Slimebound:SplitLeeching+1","floor":23.0},{"not_picked":["Slimebound:LeechEnergy+1","Slimebound:FinishingTackle+1"],"picked":"Slimebound:Gluttony","floor":25.0},{"not_picked":["Slimebound:Dissolve","Slimebound:TagTeam+1"],"picked":"Slimebound:SlimeSpikes+1","floor":26.0},{"not_picked":["Slimebound:AcidTongue","Slimebound:Grow","Slimebound:TongueLash+1"],"picked":"SKIP","floor":27.0},{"not_picked":["Slimebound:GrowthPunch+1","Slimebound:LeechEnergy+1","Slimebound:Gluttony"],"picked":"SKIP","floor":28.0},{"not_picked":["Slimebound:PressTheAttack+1","Slimebound:LivingWall","Slimebound:Repurpose+1"],"picked":"SKIP","floor":30.0},{"not_picked":["Slimebound:PrepareCrush","Slimebound:ForwardTackle+1"],"picked":"Slimebound:SlimeSpikes","floor":31.0},{"not_picked":["Slimebound:ViciousTackle+1","Slimebound:LeechEnergy+1"],"picked":"Slimebound:SlimeSpikes","floor":32.0},{"not_picked":["Slimebound:SlimeSlap+1","Slimebound:Overexert"],"picked":"Slimebound:RallyTheTroops+1","floor":33.0},{"not_picked":["Slimebound:SplitMire+1","Slimebound:ComboTackle+1"],"picked":"Slimebound:SamplingLick+1","floor":36.0},{"not_picked":["Slimebound:GoopTackle+1","Slimebound:Chomp+1"],"picked":"Slimebound:FormOfPuddle+1","floor":37.0},{"not_picked":["Slimebound:RollThrough+1","Slimebound:AcidTongue+1"],"picked":"Slimebound:Dissolve","floor":39},{"not_picked":["Slimebound:SplitLeeching","Slimebound:GrowthPunch+1","Slimebound:PressTheAttack+1"],"picked":"SKIP","floor":44},{"not_picked":["Slimebound:LeechingTouch+1","Slimebound:CheckThePlaybook","Slimebound:LeechEnergy+1"],"picked":"SKIP","floor":45},{"not_picked":["Slimebound:LeechingTouch+1","Slimebound:LeechEnergy+1"],"picked":"Slimebound:Repurpose","floor":46},{"not_picked":["Slimebound:SlimeBarrage+1","Slimebound:MassFeed+1","Slimebound:LeechingTouch+1"],"picked":"SKIP","floor":48},{"not_picked":["Slimebound:FinishingTackle+1","Slimebound:LeadByExample","Slimebound:PressTheAttack+1"],"picked":"SKIP","floor":49},{"not_picked":["Slimebound:SplitMire","Slimebound:LeechEnergy+1","Slimebound:ForwardTackle+1"],"picked":"SKIP","floor":52}],"player_experience":231479,"relics_obtained":[{"floor":6.0,"key":"Blood Vial"},{"floor":7.0,"key":"Tiny Chest"},{"floor":8.0,"key":"Dream Catcher"},{"floor":11.0,"key":"Orichalcum"},{"floor":14.0,"key":"MealTicket"},{"floor":23.0,"key":"Molten Egg 2"},{"floor":23.0,"key":"Eternal Feather"},{"floor":24.0,"key":"Bronze Scales"},{"floor":25.0,"key":"WingedGreaves"},{"floor":25.0,"key":"Incense Burner"},{"floor":27.0,"key":"Potion Belt"},{"floor":27.0,"key":"Dead Branch"},{"floor":30.0,"key":"Girya"},{"floor":30.0,"key":"Strawberry"},{"floor":39,"key":"Old Coin"},{"floor":40,"key":"downfall:GremlinWheel"},{"floor":41,"key":"Pen Nib"},{"floor":42,"key":"Oddly Smooth Stone"},{"floor":44,"key":"Smiling Mask"},{"floor":44,"key":"Slimebound:MaxSlimesRelic"},{"floor":48,"key":"Bag of Preparation"},{"floor":48,"key":"PreservedInsect"},{"floor":52,"key":"Kunai"},{"floor":52,"key":"Mango"}],"event_choices":[{"damage_healed":0.0,"max_hp_gain":0.0,"max_hp_loss":0.0,"gold_gain":0.0,"event_name":"Upgrade Shrine","player_choice":"Upgraded","floor":4.0,"gold_loss":0.0,"damage_taken":0.0,"cards_upgraded":["Slimebound:Split"]},{"damage_healed":0.0,"max_hp_gain":0.0,"max_hp_loss":34.0,"gold_gain":0.0,"event_name":"Vampires","player_choice":"Became a vampire","floor":21.0,"gold_loss":0.0,"damage_taken":0.0,"cards_obtained":["Bite","Bite","Bite","Bite","Bite"]},{"damage_healed":0,"gold_gain":0,"player_choice":"Fight","damage_taken":0,"max_hp_gain":0,"max_hp_loss":0,"event_name":"Mysterious Sphere","floor":39,"gold_loss":0}],"is_beta":false,"boss_relics":[{"not_picked":["Velvet Choker","Tiny House"],"picked":"Black Star"},{"not_picked":["Pandora\u0027s Box","Busted Crown"],"picked":"SlaversCollar"}],"items_purged_floors":[28,38,47],"is_endless":false,"potions_floor_spawned":[8,9,14,15,20,23,25,30,31,36,37,46,49],"ascension_level":1}}