{"host":"1ltt377nc7aury4n","time":1609282575,"event":{"mods":["AchievementEnabler","BaseMod","Best Route Mod","Colored Powertips","Minty Spire (QoL Compilation)","StSLib"],"gold_per_floor":[116,41,41,57,57,92,108,108,108,108,139,139,180,130,130,261,261,284,308,308,323,62,62,98,98,98,129,141,141],"floor_reached":28,"playtime":2109,"items_purged":["Defend_P"],"score":354,"play_id":"2ef995d4-0cd7-4c63-83d0-cdae43b4a34b","local_time":"20201229175615","is_ascension_mode":true,"campfire_choices":[{"floor":8.0,"key":"REST"},{"data":"BattleHymn","floor":10.0,"key":"SMITH"},{"floor":12.0,"key":"REST"},{"data":"Prostrate","floor":15.0,"key":"SMITH"},{"floor":23.0,"key":"REST"},{"floor":25.0,"key":"DIG"}],"circlet_count":0,"master_deck":["Strike_P","Strike_P","Defend_P","Defend_P","Defend_P","Eruption+1","Vigilance","CarveReality","ReachHeaven","BattleHymn+1","Tantrum+1","Consecrate","FollowUp","Prostrate+1","DeusExMachina","CurseOfTheBell","Prostrate","Worship+1","Prostrate+1","Alpha","Devotion"],"relics":["PureWater","NeowsBlessing","Golden Idol","Sundial","Dream Catcher","Whetstone","Damaru","Calling Bell","PreservedInsect","Mummified Hand","Shovel","Singing Bowl","Question Card","Bronze Scales","Molten Egg 2","MawBank"],"acts_visited":["Exordium","TheCity"],"potions_floor_usage":[27,27],"damage_taken":[{"damage":0.0,"enemies":"2 Louse","floor":1.0,"turns":1.0},{"damage":0.0,"enemies":"Jaw Worm","floor":4.0,"turns":1.0},{"damage":0.0,"enemies":"3 Sentries","floor":6.0,"turns":2.0},{"damage":0.0,"enemies":"Cultist","floor":7.0,"turns":2.0},{"damage":0.0,"enemies":"Gremlin Nob","floor":11.0,"turns":2.0},{"damage":1.0,"enemies":"3 Sentries","floor":13.0,"turns":3.0},{"damage":59.0,"enemies":"Hexaghost","floor":16.0,"turns":3.0},{"damage":8.0,"enemies":"Chosen","floor":18.0,"turns":3.0},{"damage":0.0,"enemies":"Spheric Guardian","floor":19.0,"turns":2.0},{"damage":20.0,"enemies":"Snecko","floor":21.0,"turns":3.0},{"damage":18.0,"enemies":"Gremlin Leader","floor":24.0,"turns":3.0},{"damage":45,"enemies":"Slavers","floor":27,"turns":4},{"damage":13,"enemies":"Colosseum Slavers","floor":28,"turns":1}],"seed_played":"5326619042976013405","potions_obtained":[{"floor":1.0,"key":"PowerPotion"},{"floor":4.0,"key":"DistilledChaos"},{"floor":11.0,"key":"Fire Potion"},{"floor":16.0,"key":"Block Potion"},{"floor":18.0,"key":"EssenceOfSteel"},{"floor":24.0,"key":"Strength Potion"}],"is_trial":false,"path_per_floor":["M","$","?","M","?","E","M","R","T","R","E","R","E","?","R","B",null,"M","M","$","M","$","R","E","R","T","E","?"],"character_chosen":"WATCHER","items_purchased":["Singing Bowl"],"campfire_rested":3,"item_purchase_floors":[22],"current_hp_per_floor":[72,72,54,54,47,47,47,68,68,68,68,72,71,71,71,12,72,64,64,64,44,44,65,47,47,47,2,0,0],"gold":141,"neow_bonus":"THREE_ENEMY_KILL","is_daily":false,"chose_seed":false,"campfire_upgraded":2,"win_rate":0.0,"timestamp":1609282575,"path_taken":["M","$","?","M","?","E","M","R","T","R","E","R","E","?","R","BOSS","M","M","$","M","$","R","E","R","T","E","?"],"items_purchased_type":["Relic"],"build_version":"2020-12-22","purchased_purges":1,"victory":false,"max_hp_per_floor":[72,72,72,72,72,72,72,72,72,72,72,72,72,72,72,72,72,72,72,72,72,72,72,72,72,72,72,72,72],"card_choices":[{"not_picked":["MentalFortress","JustLucky"],"picked":"CarveReality","floor":1.0},{"not_picked":["Prostrate","PathToVictory"],"picked":"ReachHeaven","floor":4.0},{"not_picked":["Evaluate","SashWhip"],"picked":"BattleHymn","floor":6.0},{"not_picked":["BowlingBash","JustLucky"],"picked":"Tantrum","floor":7.0},{"not_picked":["ForeignInfluence","WindmillStrike"],"picked":"Consecrate","floor":11.0},{"not_picked":["ForeignInfluence","PathToVictory"],"picked":"FollowUp","floor":12.0},{"not_picked":["Perseverance","FlurryOfBlows"],"picked":"Prostrate","floor":13.0},{"not_picked":["MasterReality","Blasphemy"],"picked":"DeusExMachina","floor":16.0},{"not_picked":["CutThroughFate","ThirdEye"],"picked":"Prostrate","floor":18.0},{"not_picked":["FlyingSleeves","FlurryOfBlows"],"picked":"Worship+1","floor":19.0},{"not_picked":["Study","FlyingSleeves+1","Vengeance"],"picked":"SKIP","floor":21.0},{"not_picked":["WaveOfTheHand","Meditate"],"picked":"Prostrate+1","floor":23.0},{"not_picked":["EmptyMind","Meditate"],"picked":"Alpha","floor":24.0},{"not_picked":["WaveOfTheHand","Protect","Indignation+1"],"picked":"Devotion","floor":27}],"player_experience":255789,"relics_obtained":[{"floor":6.0,"key":"Sundial"},{"floor":9.0,"key":"Dream Catcher"},{"floor":11.0,"key":"Whetstone"},{"floor":13.0,"key":"Damaru"},{"floor":17.0,"key":"PreservedInsect"},{"floor":17.0,"key":"Mummified Hand"},{"floor":17.0,"key":"Shovel"},{"floor":24.0,"key":"Question Card"},{"floor":25.0,"key":"Bronze Scales"},{"floor":26.0,"key":"Molten Egg 2"},{"floor":27,"key":"MawBank"}],"event_choices":[{"damage_healed":0.0,"max_hp_gain":0.0,"max_hp_loss":0.0,"gold_gain":0.0,"event_name":"Golden Idol","player_choice":"Take Damage","floor":3.0,"gold_loss":0.0,"damage_taken":18.0,"relics_obtained":["Golden Idol"]},{"cards_removed":["Strike_P"],"damage_healed":0.0,"max_hp_gain":0.0,"max_hp_loss":0.0,"gold_gain":0.0,"event_name":"Golden Wing","player_choice":"Card Removal","floor":5.0,"gold_loss":0.0,"damage_taken":7.0},{"cards_removed":["Strike_P"],"damage_healed":0.0,"max_hp_gain":0.0,"max_hp_loss":0.0,"gold_gain":0.0,"event_name":"The Cleric","player_choice":"Card Removal","floor":14.0,"gold_loss":50.0,"damage_taken":0.0},{"damage_healed":0,"gold_gain":0,"player_choice":"Fight","damage_taken":0,"max_hp_gain":0,"max_hp_loss":0,"event_name":"Colosseum","floor":28,"gold_loss":0}],"is_beta":false,"boss_relics":[{"not_picked":["HolyWater","Astrolabe"],"picked":"Calling Bell"}],"items_purged_floors":[2],"is_endless":false,"potions_floor_spawned":[1,4,11,16,18,24],"killed_by":"Colosseum Slavers","ascension_level":2}}