{"host":"tbel5nf5tai26ewc","time":1609259360,"event":{"mods":["Act Like it!","BaseMod","Better Match","Better Sensory Stone","Better Skull","Better Third Choice","Colored Map","Colored Powertips","Custom Start","Filter the Spire","Minty Spire (QoL Compilation)","Rare Cards Sparkle","Relic Stats","Say the Spire","StSLib"],"gold_per_floor":[113,126,144,164,182,182,211,57,57,57,72,72,89,89,89,189,189,208,222,222,222],"floor_reached":20,"playtime":1216,"items_purged":["Strike_B"],"score":240,"play_id":"aada97df-e6c0-42b2-958a-72e4d9762f60","local_time":"20201229172920","is_ascension_mode":true,"campfire_choices":[{"data":"Zap","floor":6.0,"key":"SMITH"},{"data":"Redo","floor":10.0,"key":"SMITH"},{"floor":15.0,"key":"REST"}],"circlet_count":0,"master_deck":["Strike_B","Strike_B","Defend_B","Defend_B","Defend_B","Defend_B","Zap+1","Dualcast","Redo+1","Redo","Conserve Battery","Capacitor","Lockon","Conserve Battery","Storm","Self Repair","Rebound","Master of Strategy","Echo Form","Hologram"],"relics":["Cracked Core","Lantern","Matryoshka","Sozu"],"acts_visited":["Exordium","TheCity"],"potions_floor_usage":[],"damage_taken":[{"damage":2.0,"enemies":"Jaw Worm","floor":1.0,"turns":6.0},{"damage":0.0,"enemies":"Small Slimes","floor":2.0,"turns":2.0},{"damage":0.0,"enemies":"2 Louse","floor":3.0,"turns":2.0},{"damage":7.0,"enemies":"Blue Slaver","floor":4.0,"turns":4.0},{"damage":12.0,"enemies":"3 Louse","floor":5.0,"turns":5.0},{"damage":22.0,"enemies":"Gremlin Nob","floor":7.0,"turns":3.0},{"damage":2.0,"enemies":"Large Slime","floor":11.0,"turns":6.0},{"damage":7.0,"enemies":"Looter","floor":13.0,"turns":3.0},{"damage":28.0,"enemies":"Hexaghost","floor":16.0,"turns":9.0},{"damage":18.0,"enemies":"2 Thieves","floor":18.0,"turns":4.0},{"damage":30.0,"enemies":"3 Byrds","floor":19.0,"turns":5.0},{"damage":36,"enemies":"Shelled Parasite and Fungi","floor":20,"turns":3}],"seed_played":"-4745746566611333746","potions_obtained":[{"floor":2.0,"key":"ColorlessPotion"},{"floor":3.0,"key":"CultistPotion"},{"floor":4.0,"key":"Fire Potion"},{"floor":13.0,"key":"SteroidPotion"},{"floor":16.0,"key":"Explosive Potion"}],"is_trial":false,"path_per_floor":["M","M","M","M","M","R","E","$","T","R","M","?","M","?","R","B",null,"M","M","M"],"character_chosen":"DEFECT","items_purchased":["Storm"],"campfire_rested":1,"item_purchase_floors":[8],"current_hp_per_floor":[66,66,66,59,47,47,25,25,25,25,23,23,23,23,45,24,62,51,28,0,0],"gold":222,"neow_bonus":"TRANSFORM_CARD","is_daily":false,"chose_seed":false,"campfire_upgraded":2,"win_rate":0.0,"timestamp":1609259360,"path_taken":["M","M","M","M","M","R","E","$","T","R","M","?","M","?","R","BOSS","M","M","M"],"items_purchased_type":["Card"],"build_version":"2020-12-22","purchased_purges":1,"victory":false,"max_hp_per_floor":[75,75,75,75,75,75,75,75,75,75,75,75,75,75,75,75,75,75,75,75,75],"relic_stats":{"Sozu":0,"counters":[12,52],"obtain_stats":[{"Sozu":17,"Lantern":7,"Matryoshka":9,"Cracked Core":0},{"Sozu":9,"Lantern":6,"Matryoshka":6,"Cracked Core":0},{"Sozu":40,"Lantern":22,"Matryoshka":22,"Cracked Core":0}]},"card_choices":[{"not_picked":["Go for the Eyes","Tempest"],"picked":"Redo","floor":1.0},{"not_picked":["Go for the Eyes","BootSequence"],"picked":"Conserve Battery","floor":2.0},{"not_picked":["Lockon","Streamline"],"picked":"Capacitor","floor":3.0},{"not_picked":["Skim","Chaos"],"picked":"Lockon","floor":4.0},{"not_picked":["Gash","Stack"],"picked":"Conserve Battery","floor":5.0},{"not_picked":["Go for the Eyes","Reprogram","Hello World"],"picked":"SKIP","floor":7.0},{"not_picked":["Redo","Streamline"],"picked":"Self Repair","floor":11.0},{"not_picked":["Aggregate","Stack"],"picked":"Rebound","floor":13.0},{"not_picked":["Dark Shackles","Dramatic Entrance"],"picked":"Master of Strategy","floor":14.0},{"not_picked":["Buffer","Multi-Cast"],"picked":"Echo Form","floor":16.0},{"not_picked":["Cold Snap","Coolheaded","Go for the Eyes"],"picked":"SKIP","floor":18.0},{"not_picked":["Leap+1","Turbo"],"picked":"Hologram","floor":19.0}],"player_experience":333590,"relics_obtained":[{"floor":7.0,"key":"Lantern"},{"floor":9.0,"key":"Matryoshka"}],"event_choices":[{"damage_healed":0.0,"max_hp_gain":0.0,"max_hp_loss":0.0,"gold_gain":0.0,"event_name":"betterThird:BetterSerpent","player_choice":"Ignored","floor":12.0,"gold_loss":0.0,"damage_taken":72.0},{"damage_healed":0.0,"max_hp_gain":0.0,"max_hp_loss":0.0,"gold_gain":1.0,"event_name":"betterStone:BetterStone","player_choice":"1","floor":14.0,"gold_loss":0.0,"damage_taken":0.0}],"is_beta":false,"boss_relics":[{"not_picked":["Velvet Choker","SacredBark"],"picked":"Sozu"}],"items_purged_floors":[8],"is_endless":false,"potions_floor_spawned":[2,3,4,13,16],"killed_by":"Shelled Parasite and Fungi","ascension_level":7}}