{"host":"o42wl4m5pnzrnqrg","time":1609211154,"event":{"mods":["2.2 Compatiblity","Act Like it!","Arknights The Spire","BaseMod","Best Route Mod","Better Match","Better Note","Better Skull","Better Third Choice","Better Vampires","CapriCore","Colored Map","Curses Come First","Dota2Spire","Ekko","Friendly Minions","GifTheSpireLib","Gold Saver","Hallownest","Hubris","Jess\u0027s Bottle","Kratos Character Expansion","Luminous","Mari Mod (Legacy)","Mari\u0027s V1 Patch","Marisa????????","Minty Spire (QoL Compilation)","Permanent Neow","Rare Cards Sparkle","Relic Stats","Replay The Spire","Robot Space Explorer","SOS???????","Shade Mod","Shop Mod","Small Relic Pack","Spicy Shops","StSLib","The Bladedancer","The Blue Laboratory","The Bug Knight","The Dragon Tamer","The Marked","TheSwordswoman","TheWitcher","Transform Curses","???mod?????","??????REMEMod"],"gold_per_floor":[111,111,11,52,52,52,114,155,182,182,246,246,171,229,229,362,362,410,458,458,458,17,72,113,113,136,136,61,120,7,57,57,218,218,262,18,58,138,178,178,17,17,44,44,44,136,200,216,216,276,276,276,20,83,113],"floor_reached":56,"playtime":6106,"items_purged":["blademaster:Strike","blademaster:Strike"],"score":1596,"play_id":"01f4978c-4e50-4ed2-8fd1-bc4b79e32d90","local_time":"20201228230554","is_ascension_mode":true,"campfire_choices":[{"data":"hubris:EnhanceAbility","floor":6,"key":"SMITH"},{"floor":12,"key":"REST"},{"data":"blademaster:Reversal","floor":15,"key":"SMITH"},{"floor":25,"key":"REST"},{"data":"blademaster:StanceMastery","floor":27,"key":"SMITH"},{"floor":32,"key":"RECALL"},{"floor":40,"key":"REST"},{"floor":42,"key":"REST"},{"data":"REME_MawOfCthun","floor":45,"key":"SMITH"},{"floor":49,"key":"REST"},{"data":"blademaster:ColdBlood","floor":52,"key":"SMITH"}],"circlet_count":0,"master_deck":["blademaster:Strike","blademaster:Strike","blademaster:Defend","blademaster:Defend","blademaster:Defend","blademaster:Defend","blademaster:RagingBlow","blademaster:HighVoltage","hubris:EnhanceAbility+1","blademaster:AncestralHealing","blademaster:Quickstep","blademaster:ParryingStrike","blademaster:Frontflip","blademaster:Reversal+1","blademaster:AspectOfWind","blademaster:Flurry","blademaster:ParryingStrike","blademaster:StanceMastery+1","blademaster:Blockade+1","blademaster:BladeMastery","blademaster:CullingStrike","blademaster:CombatPrep","blademaster:BrainBloom","blademaster:EyeOfTheStorm","blademaster:SharpBlades","blademaster:Sunder","blademaster:ColdBlood+1","blademaster:Cut+1","REME_MawOfCthun+1","Madness","blademaster:Stability","blademaster:Gust","blademaster:Bloodbath+1","blademaster:Empower","blademaster:Stability+1","blademaster:Safeguard","blademaster:Cut","blademaster:KiBarrier","blademaster:Frontflip","blademaster:BloodyBlow+1","hubris:EnhanceAbility+1","blademaster:Cut","blademaster:EyeOfTheStorm"],"relics":["REME_ComplimentaryCards","Philosopher\u0027s Stone","Potion Belt","Dota2Spire:HandOfMidas","ats:Originium","Lantern","hubris:TenFootPole","Shuriken","ats:Originium","Dota2Spire:OctarineCore","Hallownest:BankAccountRelic","ats:Originium","Blood Vial","SlaversCollar","Ring of Hypnosis","ReplayTheSpireMod:Ring of Challenge","Boot","Membership Card","Omamori","ats:Originium","KratosMod:minohorn","Question Card","Ginger","Strawberry","HandDrill","Painkiller Herb","Cauldron","Oddly Smooth Stone","BargainBundle","hubris:ToyBattleship","PreservedInsect","Replay:Mystery Machine","Dota2Spire:Vanguard","hubris:Towel","Shovel","DollysMirror","TungstenRod","InkBottle"],"acts_visited":["Exordium","TheCity","TheBeyond","TheEnding"],"potions_floor_usage":[7,23,23,23,24,24,31,33,35,37,37,37,38,39,50,54,54],"damage_taken":[{"damage":2,"enemies":"Hallownest:2_Baldur","floor":1,"turns":4},{"damage":2,"enemies":"Hallownest:monsterHuskGuard","floor":4,"turns":8},{"damage":3,"enemies":"Hallownest:eliteMossKnight","floor":7,"turns":12},{"damage":15,"enemies":"Hallownest:2_MossCreeps","floor":8,"turns":9},{"damage":28,"enemies":"Hallownest:eliteCrystalGuardian","floor":11,"turns":10},{"damage":10,"enemies":"Hallownest:eliteMossKnight","floor":14,"turns":6},{"damage":12,"enemies":"Hallownest:BossBrokenVessel","floor":16,"turns":8},{"damage":25,"enemies":"Shell Parasite","floor":18,"turns":6},{"damage":20,"enemies":"Spheric Guardian","floor":19,"turns":5},{"damage":19,"enemies":"Replay:Snechameleon","floor":23,"turns":11},{"damage":26,"enemies":"Snake Plant","floor":24,"turns":6},{"damage":9,"enemies":"HollowMod:Nosk","floor":29,"turns":6},{"damage":45,"enemies":"Chosen and Byrds","floor":31,"turns":8},{"damage":22,"enemies":"Pondfish","floor":33,"turns":11},{"damage":18,"enemies":"3 Shapes","floor":35,"turns":5},{"damage":6,"enemies":"3 Darklings","floor":37,"turns":5},{"damage":49,"enemies":"Jaw Worm Horde","floor":38,"turns":7},{"damage":14,"enemies":"3 Darklings","floor":39,"turns":5},{"damage":16,"enemies":"R_Hoarder","floor":46,"turns":5},{"damage":31,"enemies":"Spire Growth","floor":47,"turns":7},{"damage":15,"enemies":"Jaw Worm Horde","floor":48,"turns":3},{"damage":12,"enemies":"Awakened One","floor":50,"turns":8},{"damage":24,"enemies":"Shield and Spear","floor":54,"turns":5},{"damage":31,"enemies":"The Heart","floor":55,"turns":9}],"seed_played":"-5080420401043276689","potions_obtained":[{"floor":4,"key":"blueLaboratory:NullPotion"},{"floor":7,"key":"SmokeBomb"},{"floor":18,"key":"SpeedPotion"},{"floor":23,"key":"Energy Potion"},{"floor":31,"key":"blueLaboratory:Moonshine"},{"floor":33,"key":"AttackPotion"},{"floor":35,"key":"Fire Potion"},{"floor":36,"key":"blueLaboratory:BottledHope"},{"floor":36,"key":"blueLaboratory:RecallPotion"},{"floor":36,"key":"blueLaboratory:SavagePotion"},{"floor":36,"key":"blueLaboratory:RecallPotion"},{"floor":38,"key":"Block Potion"},{"floor":48,"key":"blueLaboratory:HorrorPotion"}],"is_trial":false,"path_per_floor":["M","?","$","M","?","R","E","M","T","T","E","R","?","E","R","B",null,"M","M","?","?","$","E","M","R","T","R","?","E","$","M","R","B",null,"?","T","?","?","?","T","T","T","T","?","T","E","?","?","T","B",null,"T","T","E","B",null],"character_chosen":"THE_BLADEMASTER","items_purchased":["blademaster:Quickstep","blademaster:ParryingStrike","Boot","Membership Card","Omamori","blademaster:CullingStrike","BlessingOfTheForge","blademaster:CombatPrep","Block Potion","Ginger","Strawberry","HandDrill","blademaster:SharpBlades","Cauldron","Oddly Smooth Stone","BargainBundle","hubris:ToyBattleship","REME_MawOfCthun","Madness","blademaster:Stability","blademaster:Gust","DistilledChaos","Strength Potion","blademaster:Safeguard","blademaster:Cut","PreservedInsect","Replay:Mystery Machine","DollysMirror","blueLaboratory:Moonshine","BlessingOfTheForge","TungstenRod","blademaster:Cut"],"campfire_rested":5,"item_purchase_floors":[3,3,22,22,22,22,22,22,22,30,30,30,30,36,36,36,36,36,36,36,36,36,36,41,41,41,41,53,53,53,53,53],"current_hp_per_floor":[66,35,35,61,64,64,61,74,74,74,46,69,69,59,59,49,71,48,30,30,30,30,69,45,68,68,68,68,78,85,85,85,85,85,67,67,63,16,24,49,49,74,74,74,74,60,31,18,43,59,79,79,79,57,85],"gold":113,"neow_bonus":"BOSS_RELIC","is_daily":false,"chose_seed":false,"campfire_upgraded":5,"win_rate":0.0,"timestamp":1609211154,"path_taken":["M","?","?","?","?","R","E","M","T","?","E","R","?","E","R","BOSS","M","M","?","?","$","E","?","R","T","R","?","E","$","M","R","BOSS","?","T","?","?","?","T","T","T","T","?","T","E","?","?","T","BOSS","T","T","E","BOSS"],"items_purchased_type":["Card","Card","Relic","Relic","Relic","Card","Potion","Card","Potion","Relic","Relic","Relic","Card","Relic","Relic","Relic","Relic","Card","Card","Card","Card","Potion","Potion","Card","Card","Relic","Relic","Relic","Potion","Potion","Relic","Card"],"build_version":"2020-12-22","purchased_purges":2,"victory":true,"max_hp_per_floor":[75,75,75,75,78,78,78,78,78,78,78,78,78,78,78,78,78,78,78,78,78,78,78,78,78,78,78,78,78,85,85,85,85,85,85,85,85,85,85,85,85,85,85,85,85,85,85,85,85,85,85,85,85,85,85],"relic_stats":{"Blood Vial":30,"Shovel":0,"counters":[24,169],"Shuriken":[48],"PreservedInsect":143,"HandDrill":[28],"Ginger":[5],"Boot":[26],"Question Card":28,"obtain_stats":[{"Lantern":7,"Painkiller Herb":34,"Dota2Spire:Vanguard":43,"Ginger":30,"Replay:Mystery Machine":41,"Boot":22,"Blood Vial":14,"Shovel":46,"DollysMirror":53,"Strawberry":30,"Philosopher\u0027s Stone":0,"blademaster:LightningChargePerk":7,"HandDrill":30,"blademaster:FinisherDrawCardPerk":54,"blademaster:ComboEveryTurnPerk":23,"blademaster:DextrousPerk":29,"InkBottle":54,"Potion Belt":2,"Dota2Spire:HandOfMidas":2,"BargainBundle":36,"Ring of Hypnosis":20,"blademaster:StrongPerk":11,"KratosMod:minohorn":23,"blademaster:BonusComboPerk":46,"Oddly Smooth Stone":36,"PreservedInsect":41,"blademaster:RandomBladePerk":14,"Omamori":22,"hubris:Towel":44,"Question Card":29,"SlaversCollar":17,"Cauldron":36,"ats:Originium":7,"Shuriken":10,"Hallownest:BankAccountRelic":13,"hubris:TenFootPole":9,"Dota2Spire:OctarineCore":11,"hubris:ToyBattleship":36,"blademaster:DancersAmulet":0,"Membership Card":22,"ReplayTheSpireMod:Ring of Challenge":20,"TungstenRod":53,"REME_ComplimentaryCards":0},{"Lantern":3,"Painkiller Herb":14,"Dota2Spire:Vanguard":18,"Ginger":12,"Replay:Mystery Machine":18,"Boot":9,"Blood Vial":6,"Shovel":19,"DollysMirror":22,"Strawberry":12,"Philosopher\u0027s Stone":0,"blademaster:LightningChargePerk":3,"HandDrill":12,"blademaster:FinisherDrawCardPerk":23,"blademaster:ComboEveryTurnPerk":10,"blademaster:DextrousPerk":12,"InkBottle":23,"Potion Belt":1,"Dota2Spire:HandOfMidas":1,"BargainBundle":15,"Ring of Hypnosis":9,"blademaster:StrongPerk":5,"KratosMod:minohorn":10,"blademaster:BonusComboPerk":19,"Oddly Smooth Stone":15,"PreservedInsect":18,"blademaster:RandomBladePerk":6,"Omamori":9,"hubris:Towel":18,"Question Card":12,"SlaversCollar":7,"Cauldron":15,"ats:Originium":3,"Shuriken":4,"Hallownest:BankAccountRelic":5,"hubris:TenFootPole":4,"Dota2Spire:OctarineCore":5,"hubris:ToyBattleship":15,"blademaster:DancersAmulet":0,"Membership Card":9,"ReplayTheSpireMod:Ring of Challenge":9,"TungstenRod":22,"REME_ComplimentaryCards":0},{"Lantern":24,"Painkiller Herb":110,"Dota2Spire:Vanguard":132,"Ginger":91,"Replay:Mystery Machine":132,"Boot":68,"Blood Vial":49,"Shovel":137,"DollysMirror":155,"Strawberry":91,"Philosopher\u0027s Stone":0,"blademaster:LightningChargePerk":24,"HandDrill":91,"blademaster:FinisherDrawCardPerk":160,"blademaster:ComboEveryTurnPerk":79,"blademaster:DextrousPerk":91,"InkBottle":160,"Potion Belt":4,"Dota2Spire:HandOfMidas":4,"BargainBundle":115,"Ring of Hypnosis":68,"blademaster:StrongPerk":43,"KratosMod:minohorn":79,"blademaster:BonusComboPerk":137,"Oddly Smooth Stone":115,"PreservedInsect":132,"blademaster:RandomBladePerk":49,"Omamori":68,"hubris:Towel":132,"Question Card":91,"SlaversCollar":57,"Cauldron":115,"ats:Originium":24,"Shuriken":33,"Hallownest:BankAccountRelic":43,"hubris:TenFootPole":33,"Dota2Spire:OctarineCore":43,"hubris:ToyBattleship":115,"blademaster:DancersAmulet":0,"Membership Card":68,"ReplayTheSpireMod:Ring of Challenge":68,"TungstenRod":155,"REME_ComplimentaryCards":0}],"TungstenRod":8,"InkBottle":[5]},"card_choices":[{"not_picked":["blademaster:ThunderSlash","blademaster:Slice"],"picked":"blademaster:AncestralHealing","floor":1},{"not_picked":["blademaster:OneTrickPony","blademaster:LeechingStrike"],"picked":"blademaster:Frontflip","floor":4},{"not_picked":["blademaster:SlyStabs","blademaster:EyeOfTheTornado"],"picked":"blademaster:Reversal","floor":7},{"not_picked":["blademaster:AwakeningStrike","blademaster:BladeDance"],"picked":"blademaster:AspectOfWind","floor":8},{"not_picked":["blademaster:LightningCrash","blademaster:AirSlash"],"picked":"blademaster:Flurry","floor":11},{"not_picked":["blademaster:ThunderSlash","blademaster:HighVoltage"],"picked":"blademaster:ParryingStrike","floor":14},{"not_picked":["blademaster:RagingBlow","blademaster:FlockOfBlades"],"picked":"blademaster:StanceMastery","floor":16},{"not_picked":["blademaster:ChargingUp","blademaster:EyeOfTheTornado"],"picked":"blademaster:Blockade+1","floor":18},{"not_picked":["blademaster:BrainBloom","blademaster:LightningCrash"],"picked":"blademaster:BladeMastery","floor":19},{"not_picked":["blademaster:CullingStrike+1","blademaster:DeadlyDance"],"picked":"blademaster:Flash","floor":23},{"not_picked":["blademaster:ThunderingOpener","blademaster:OneTrickPony"],"picked":"blademaster:BrainBloom","floor":24},{"not_picked":["blademaster:AwakeningDefend","blademaster:AncestralHealing"],"picked":"blademaster:EyeOfTheStorm","floor":29},{"not_picked":["blademaster:DragonStrike","blademaster:Cut","blademaster:FuriousStrike"],"picked":"blademaster:Sunder","floor":31},{"not_picked":["blademaster:FuryOfTheElements","blademaster:RagingBlow","blademaster:BladeDance"],"picked":"blademaster:ColdBlood","floor":33},{"not_picked":["blademaster:AspectOfLightning","blademaster:ThunderSlash+1","blademaster:Thrust"],"picked":"blademaster:Cut+1","floor":35},{"not_picked":["blademaster:BrainBloom","blademaster:ParryingStrike","blademaster:Rupture+1"],"picked":"blademaster:Bloodbath+1","floor":37},{"not_picked":["blademaster:LeechingStrike+1","blademaster:Quickness","blademaster:SlyStabs"],"picked":"blademaster:Empower","floor":38},{"not_picked":["blademaster:BladeMastery+1","blademaster:AwakeningStrike","blademaster:Vortex"],"picked":"blademaster:Stability+1","floor":39},{"not_picked":["blademaster:Discharge","blademaster:Sharpen","blademaster:Quickstep"],"picked":"blademaster:KiBarrier","floor":46},{"not_picked":["blademaster:ThunderSlash","blademaster:AwakeningDefend","blademaster:AirSlash+1"],"picked":"blademaster:Frontflip","floor":47},{"not_picked":["blademaster:CullingStrike+1","blademaster:Gust","blademaster:Quickstep+1"],"picked":"blademaster:BloodyBlow+1","floor":48},{"not_picked":["blademaster:BladeDance","blademaster:SlyStabs","blademaster:Gust+1"],"picked":"blademaster:EyeOfTheStorm","floor":54}],"player_experience":465433,"relics_obtained":[{"floor":7,"key":"ats:Originium"},{"floor":7,"key":"Lantern"},{"floor":7,"key":"blademaster:LightningChargePerk"},{"floor":9,"key":"hubris:TenFootPole"},{"floor":10,"key":"Shuriken"},{"floor":11,"key":"ats:Originium"},{"floor":11,"key":"Dota2Spire:OctarineCore"},{"floor":11,"key":"blademaster:StrongPerk"},{"floor":14,"key":"ats:Originium"},{"floor":14,"key":"Blood Vial"},{"floor":14,"key":"blademaster:RandomBladePerk"},{"floor":20,"key":"Ring of Hypnosis"},{"floor":20,"key":"ReplayTheSpireMod:Ring of Challenge"},{"floor":23,"key":"ats:Originium"},{"floor":23,"key":"KratosMod:minohorn"},{"floor":23,"key":"blademaster:ComboEveryTurnPerk"},{"floor":29,"key":"Question Card"},{"floor":29,"key":"blademaster:DextrousPerk"},{"floor":43,"key":"Dota2Spire:Vanguard"},{"floor":46,"key":"Shovel"},{"floor":46,"key":"blademaster:BonusComboPerk"},{"floor":54,"key":"InkBottle"},{"floor":54,"key":"blademaster:FinisherDrawCardPerk"}],"event_choices":[{"damage_healed":0,"gold_gain":0,"player_choice":"RE RE ","damage_taken":35,"relics_obtained":["Potion Belt","Dota2Spire:HandOfMidas"],"max_hp_gain":0,"max_hp_loss":0,"event_name":"betterSkull:BetterSkull","floor":2,"gold_loss":0,"cards_upgraded":[]},{"cards_removed":["Looming Evil"],"damage_healed":0,"gold_gain":0,"player_choice":"Purged","damage_taken":0,"max_hp_gain":0,"max_hp_loss":0,"event_name":"Purifier","floor":21,"gold_loss":0},{"cards_removed":["blademaster:Flash"],"damage_healed":0,"gold_gain":0,"player_choice":"Gave Gold","damage_taken":0,"max_hp_gain":0,"max_hp_loss":0,"event_name":"Beggar","floor":28,"gold_loss":75}],"is_beta":false,"boss_relics":[{"not_picked":["hubris:TerracottaHorce","Empty Cage"],"picked":"SlaversCollar"},{"not_picked":["Black Star","Replay:Ancient Bell"],"picked":"Painkiller Herb"}],"items_purged_floors":[22,36],"is_endless":false,"potions_floor_spawned":[4,7,18,23,31,33,35,38,48],"ascension_level":7}}