{"host":"7mrmd33mpx7q5wx9","time":1609219222,"event":{"mods":["AchievementEnabler","BaseMod","BetterRewards","Colored Map","Defuse TimeMaze Blight","Minty Spire (QoL Compilation)","Permanent Neow","Quick Restart","StSLib"],"gold_per_floor":[119,136,136,236,249,249,276,287,310,160,173,60,60,74,74,173,173,188,188,208,34,34,34,34,45,45,45,61,76,76,76],"floor_reached":30,"playtime":1038,"items_purged":["Strike_P","Defend_P"],"score":232,"play_id":"e022bd5b-ffd3-4b71-b93a-2add2509346c","local_time":"20201228232022","is_ascension_mode":false,"campfire_choices":[{"data":"Eruption","floor":6,"key":"SMITH"},{"data":"BattleHymn","floor":13,"key":"SMITH"},{"data":"CarveReality","floor":15,"key":"SMITH"},{"data":"LessonLearned","floor":23,"key":"SMITH"}],"circlet_count":0,"master_deck":["Strike_P","Strike_P+1","Strike_P","Defend_P","Defend_P","Defend_P","Eruption+1","Vigilance","SashWhip+1","CutThroughFate+1","Consecrate","LessonLearned+1","Weave","SandsOfTime","LikeWater","CarveReality+1","BattleHymn+1","Protect","Scrawl","BowlingBash","EmptyMind","MentalFortress+1","MentalFortress"],"relics":["Sozu"],"acts_visited":["Exordium","TheCity"],"potions_floor_usage":[],"damage_taken":[{"damage":0,"enemies":"2 Louse","floor":1,"turns":2},{"damage":0,"enemies":"Cultist","floor":2,"turns":2},{"damage":0,"enemies":"Jaw Worm","floor":5,"turns":3},{"damage":19,"enemies":"3 Sentries","floor":7,"turns":4},{"damage":0,"enemies":"Large Slime","floor":8,"turns":3},{"damage":0,"enemies":"Looter","floor":11,"turns":2},{"damage":8,"enemies":"Red Slaver","floor":14,"turns":4},{"damage":27,"enemies":"The Guardian","floor":16,"turns":10},{"damage":6,"enemies":"Shell Parasite","floor":18,"turns":5},{"damage":0,"enemies":"Chosen","floor":20,"turns":3},{"damage":13,"enemies":"Shelled Parasite and Fungi","floor":25,"turns":3},{"damage":5,"enemies":"Cultist and Chosen","floor":28,"turns":4},{"damage":22,"enemies":"Centurion and Healer","floor":29,"turns":6},{"damage":12,"enemies":"Shelled Parasite and Fungi","floor":30,"turns":3}],"seed_played":"6088921327570575178","potions_obtained":[],"is_trial":false,"path_per_floor":["M","M","?","?","M","R","E","M","T","$","M","$","R","M","R","B",null,"M","?","M","$","?","R","?","M","T","?","M","M","M"],"character_chosen":"WATCHER","items_purchased":["SandsOfTime","CarveReality","BattleHymn","EmptyMind"],"campfire_rested":0,"item_purchase_floors":[10,12,12,21],"current_hp_per_floor":[72,72,72,72,72,72,53,53,53,53,53,53,53,45,45,18,72,66,57,57,57,57,57,57,44,44,38,33,11,0,0],"gold":76,"neow_bonus":"BOSS_RELIC","is_daily":false,"chose_seed":false,"campfire_upgraded":4,"win_rate":0.0,"timestamp":1609219222,"path_taken":["M","M","?","?","M","R","E","?","T","$","M","$","R","M","R","BOSS","M","?","M","$","?","R","?","M","T","?","?","?","M"],"items_purchased_type":["Card","Card","Card","Card"],"build_version":"2020-12-22","purchased_purges":2,"victory":false,"max_hp_per_floor":[72,72,72,72,72,72,72,72,72,72,72,72,72,72,72,72,72,72,72,72,72,72,72,72,72,72,72,72,72,72,72],"card_choices":[{"not_picked":["Crescendo","Meditate"],"picked":"SashWhip","floor":1},{"not_picked":["EmptyBody","JustLucky"],"picked":"CutThroughFate","floor":2},{"not_picked":["WreathOfFlame","CutThroughFate"],"picked":"Consecrate","floor":5},{"not_picked":["BattleHymn","Study"],"picked":"LessonLearned","floor":7},{"not_picked":["Sanctity","Collect"],"picked":"Weave","floor":8},{"not_picked":["FlyingSleeves","Prostrate"],"picked":"LikeWater","floor":11},{"not_picked":["FollowUp","WaveOfTheHand"],"picked":"Protect","floor":14},{"not_picked":["SpiritShield","MasterReality"],"picked":"Scrawl","floor":16},{"not_picked":["WreathOfFlame","Protect","InnerPeace"],"picked":"SKIP","floor":18},{"not_picked":["SashWhip","CrushJoints+1"],"picked":"BowlingBash","floor":20},{"not_picked":["Wireheading+1","ClearTheMind","ForeignInfluence"],"picked":"SKIP","floor":25},{"not_picked":["CrushJoints","Prostrate"],"picked":"MentalFortress+1","floor":28},{"not_picked":["Worship","ClearTheMind+1"],"picked":"MentalFortress","floor":29}],"player_experience":382043,"relics_obtained":[],"event_choices":[{"damage_healed":0,"gold_gain":0,"player_choice":"Ignored","damage_taken":0,"max_hp_gain":0,"max_hp_loss":0,"event_name":"Liars Game","floor":3,"gold_loss":0},{"damage_healed":0,"gold_gain":100,"player_choice":"Pray","damage_taken":0,"max_hp_gain":0,"max_hp_loss":0,"event_name":"Golden Shrine","floor":4,"gold_loss":0},{"damage_healed":0,"gold_gain":0,"player_choice":"Stopped","damage_taken":9,"max_hp_gain":0,"max_hp_loss":0,"event_name":"Cursed Tome","floor":19,"gold_loss":0},{"damage_healed":0,"gold_gain":0,"player_choice":"Ignored","damage_taken":0,"max_hp_gain":0,"max_hp_loss":0,"event_name":"The Mausoleum","floor":22,"gold_loss":0},{"damage_healed":0,"gold_gain":0,"player_choice":"Ignored","damage_taken":0,"max_hp_gain":0,"max_hp_loss":0,"event_name":"Vampires","floor":24,"gold_loss":0},{"damage_healed":0,"gold_gain":0,"player_choice":"","damage_taken":6,"max_hp_gain":0,"max_hp_loss":0,"event_name":"Knowing Skull","floor":27,"potions_obtained":[],"gold_loss":0,"cards_obtained":[]}],"is_beta":false,"boss_relics":[{"not_picked":["Astrolabe","Velvet Choker","Runic Pyramid"]}],"items_purged_floors":[10,21],"is_endless":false,"potions_floor_spawned":[2,5,14,18,20],"killed_by":"Shelled Parasite and Fungi","ascension_level":0}}