{"host":"m1ntkrf87179kmo6","time":1609254414,"event":{"mods":["BaseMod","Better Third Choice","Minty Spire (QoL Compilation)","Shade Mod","StSLib"],"gold_per_floor":[117,17,17,17,30,30,44,44,97,128,149,164,179,203,203,334,334,348,363,278,278,278,278],"floor_reached":22,"playtime":3719,"items_purged":[],"score":178,"play_id":"d01c39aa-077f-4294-ad63-1f4821e44de2","local_time":"20201229100654","is_ascension_mode":false,"campfire_choices":[{"floor":6,"key":"RECALL"},{"floor":15,"key":"REST"}],"circlet_count":0,"master_deck":["Shade:Strike_Shade","Shade:Strike_Shade","Shade:Strike_Shade","Shade:Strike_Shade","Shade:Defend_Shade","Shade:Defend_Shade","Shade:Defend_Shade","Shade:Defend_Shade","Shade:AnimateDead","Shade:CarefulCut","Shade:FuneraryArmor","Shade:ClawBack","Shade:FleshToFlesh","Injury","Regret","Shade:GreyBargain","Shade:Premonition","Shade:FleshLikeOak","Shade:Tombstone","Shade:Brains","Shade:Excise"],"relics":["Shade:YorickSkull","Golden Idol","Omamori","Odd Mushroom","Dream Catcher"],"acts_visited":["Exordium","TheCity"],"potions_floor_usage":[10,16],"damage_taken":[{"damage":0,"enemies":"Jaw Worm","floor":1,"turns":5},{"damage":2,"enemies":"2 Louse","floor":5,"turns":4},{"damage":2,"enemies":"Small Slimes","floor":7,"turns":3},{"damage":10,"enemies":"The Mushroom Lair","floor":10,"turns":5},{"damage":5,"enemies":"Exordium Wildlife","floor":11,"turns":7},{"damage":6,"enemies":"3 Louse","floor":12,"turns":5},{"damage":0,"enemies":"Red Slaver","floor":13,"turns":4},{"damage":3,"enemies":"Large Slime","floor":14,"turns":9},{"damage":25,"enemies":"Hexaghost","floor":16,"turns":8},{"damage":2,"enemies":"Chosen","floor":18,"turns":4},{"damage":21,"enemies":"Shell Parasite","floor":19,"turns":15},{"damage":51,"enemies":"Cultist and Chosen","floor":22,"turns":8}],"seed_played":"5455729299721971816","potions_obtained":[{"floor":7,"key":"SteroidPotion"},{"floor":14,"key":"PowerPotion"}],"is_trial":false,"path_per_floor":["M","$","?","?","M","R","M","$","T","?","M","M","M","M","R","B",null,"M","M","?","?","M"],"character_chosen":"SHADE","items_purchased":["Shade:ClawBack","Shade:FleshToFlesh"],"campfire_rested":1,"item_purchase_floors":[2,2],"current_hp_per_floor":[71,71,71,71,69,69,67,67,67,57,52,46,46,43,64,39,71,69,48,48,48,0,0],"gold":278,"neow_bonus":"TEN_PERCENT_HP_BONUS","is_daily":false,"chose_seed":false,"campfire_upgraded":0,"win_rate":0.0,"timestamp":1609254414,"path_taken":["M","$","?","?","M","R","M","$","T","?","M","M","M","?","R","BOSS","M","M","?","?","M"],"items_purchased_type":["Card","Card"],"build_version":"2020-12-22","purchased_purges":0,"victory":false,"max_hp_per_floor":[71,71,71,71,71,71,71,71,71,71,71,71,71,71,71,71,71,71,71,71,71,71,71],"card_choices":[{"not_picked":["Shade:AncientSpear","Shade:SkeletonArmy"],"picked":"Shade:FuneraryArmor","floor":1},{"not_picked":["Shade:Frenzy","Shade:Bonestorm","Shade:WallOfFlesh"],"picked":"SKIP","floor":5},{"not_picked":["Shade:FeralStrike","Shade:WallOfFlesh","Shade:Bonestorm"],"picked":"SKIP","floor":7},{"not_picked":["Shade:Brains","Shade:FleshToFlesh"],"picked":"Shade:GreyBargain","floor":10},{"not_picked":["Shade:BoneShards","Shade:Doomsay"],"picked":"Shade:Premonition","floor":11},{"not_picked":["Shade:FingerOfDeath","Shade:CoffinDance","Shade:LyeBath"],"picked":"SKIP","floor":12},{"not_picked":["Shade:BoneShards","Shade:FreshBones"],"picked":"Shade:FleshLikeOak","floor":13},{"not_picked":["Shade:BoneShards","Shade:CoffinDance","Shade:CommandSoldier"],"picked":"SKIP","floor":14},{"not_picked":["Shade:OfferingToTheBeyond","Shade:DarkOfNight"],"picked":"Shade:Tombstone","floor":16},{"not_picked":["Shade:StitchTogether","Shade:CoffinDance+1"],"picked":"Shade:Brains","floor":18},{"not_picked":["Shade:CoffinDance","Shade:SanguineRitual"],"picked":"Shade:Excise","floor":19}],"player_experience":1145122,"relics_obtained":[{"floor":10,"key":"Odd Mushroom"}],"event_choices":[{"damage_healed":0,"gold_gain":0,"player_choice":"Take Wound","damage_taken":0,"relics_obtained":["Golden Idol"],"max_hp_gain":0,"max_hp_loss":0,"event_name":"Golden Idol","floor":3,"gold_loss":0,"cards_obtained":["Injury"]},{"damage_healed":0,"gold_gain":0,"player_choice":"Box","damage_taken":0,"relics_obtained":["Omamori"],"max_hp_gain":0,"max_hp_loss":0,"event_name":"Big Fish","floor":4,"gold_loss":0,"cards_obtained":["Regret"]},{"damage_healed":0,"gold_gain":0,"player_choice":"Fought Mushrooms","damage_taken":0,"max_hp_gain":0,"max_hp_loss":0,"event_name":"Mushrooms","floor":10,"gold_loss":0},{"damage_healed":0,"gold_gain":0,"player_choice":"Obtained Relic","damage_taken":0,"relics_obtained":["Dream Catcher"],"max_hp_gain":0,"max_hp_loss":0,"event_name":"Addict","floor":20,"gold_loss":85},{"damage_healed":0,"gold_gain":0,"player_choice":"Ignored","damage_taken":0,"max_hp_gain":0,"max_hp_loss":0,"event_name":"Cursed Tome","floor":21,"gold_loss":0}],"is_beta":false,"boss_relics":[{"not_picked":["Fusion Hammer","Velvet Choker","Coffee Dripper"]}],"items_purged_floors":[],"is_endless":false,"potions_floor_spawned":[7,14],"killed_by":"Cultist and Chosen","ascension_level":0}}