{"host":"newqdrzxfhh2im9e","time":1609200947,"event":{"mods":["AchievementEnabler","BaseMod","BetterRewards","Block Reminder","Colored Map","Jorbs\u0027s Wanderer Trilogy","Minty Spire (QoL Compilation)","Rare Cards Sparkle","Shop Mod","StSLib"],"gold_per_floor":[113,128,27,40,57,82,6,35,35,35,45,45,45,65,65,166,166,181,181,181],"floor_reached":19,"playtime":975,"items_purged":[],"score":215,"play_id":"19aacca9-62e9-42d8-9a37-1a1d2a640e25","local_time":"20201228161547","is_ascension_mode":true,"campfire_choices":[{"floor":10.0,"key":"REST"},{"data":"Creative AI","floor":15,"key":"SMITH"}],"circlet_count":0,"master_deck":["Strike_B","Strike_B","Strike_B","Strike_B","Defend_B","Defend_B","Defend_B","Defend_B","Zap","Dualcast","Heatsinks","Conserve Battery","Fusion","Capacitor","Chill","Heatsinks","Creative AI+1","Self Repair","Machine Learning","Tempest+1"],"relics":["Cracked Core","NeowsBlessing","Unceasing Top","CaptainsWheel","Emotion Chip","Black Star"],"acts_visited":["Exordium","TheCity"],"potions_floor_usage":[16],"damage_taken":[{"damage":0.0,"enemies":"2 Louse","floor":1.0,"turns":1.0},{"damage":0.0,"enemies":"Jaw Worm","floor":2.0,"turns":1.0},{"damage":0.0,"enemies":"Cultist","floor":4.0,"turns":1.0},{"damage":2.0,"enemies":"3 Louse","floor":5.0,"turns":2.0},{"damage":21.0,"enemies":"Lagavulin","floor":6.0,"turns":7.0},{"damage":44.0,"enemies":"3 Sentries","floor":8.0,"turns":10.0},{"damage":39.0,"enemies":"Exordium Thugs","floor":11.0,"turns":7.0},{"damage":0,"enemies":"Large Slime","floor":14,"turns":6},{"damage":22,"enemies":"Slime Boss","floor":16,"turns":9},{"damage":68,"enemies":"3 Byrds","floor":18,"turns":6},{"damage":19,"enemies":"Shell Parasite","floor":19,"turns":4}],"seed_played":"3884782582460679593","potions_obtained":[{"floor":4.0,"key":"Explosive Potion"},{"floor":5.0,"key":"Fire Potion"},{"floor":14,"key":"Ancient Potion"}],"is_trial":false,"path_per_floor":["M","M","$","M","M","E","$","E","T","R","M","?","?","M","R","B",null,"M","M"],"character_chosen":"DEFECT","items_purchased":["FairyPotion","Heatsinks"],"campfire_rested":1,"item_purchase_floors":[3,7],"current_hp_per_floor":[75,75,75,75,73,52,52,8,8,30,18,18,43,50,50,35,75,14,0,0],"gold":181,"neow_bonus":"THREE_ENEMY_KILL","is_daily":false,"chose_seed":false,"campfire_upgraded":1,"win_rate":0.0,"timestamp":1609200947,"path_taken":["M","M","$","M","M","E","$","E","T","R","M","?","?","M","R","BOSS","M","M"],"items_purchased_type":["Potion","Card"],"build_version":"2020-12-22","purchased_purges":0,"victory":false,"max_hp_per_floor":[75,75,75,75,75,75,75,75,75,75,75,75,75,75,75,75,75,75,75,75],"card_choices":[{"not_picked":["Steam","Fusion"],"picked":"Heatsinks","floor":1.0},{"not_picked":["Gash","Redo"],"picked":"Conserve Battery","floor":2.0},{"not_picked":["Ball Lightning","Beam Cell"],"picked":"Fusion","floor":4.0},{"not_picked":["Compile Driver","Sweeping Beam"],"picked":"Capacitor","floor":5.0},{"not_picked":["Compile Driver","Go for the Eyes"],"picked":"Chill","floor":6.0},{"not_picked":["Aggregate","Go for the Eyes"],"picked":"Creative AI","floor":8.0},{"not_picked":["Hello World","Steam"],"picked":"Self Repair","floor":11},{"not_picked":["Steam","Go for the Eyes","Fusion"],"picked":"SKIP","floor":14},{"not_picked":["Core Surge","Amplify"],"picked":"Machine Learning","floor":16},{"not_picked":["Compile Driver","Barrage+1"],"picked":"Tempest+1","floor":18}],"player_experience":655695,"relics_obtained":[{"floor":6.0,"key":"Unceasing Top"},{"floor":8.0,"key":"CaptainsWheel"},{"floor":9.0,"key":"Emotion Chip"}],"event_choices":[{"damage_healed":0,"gold_gain":0,"player_choice":"Ignored","damage_taken":0,"max_hp_gain":0,"max_hp_loss":0,"event_name":"Golden Idol","floor":12,"gold_loss":0},{"damage_healed":25,"gold_gain":0,"player_choice":"Banana","damage_taken":0,"max_hp_gain":0,"max_hp_loss":0,"event_name":"Big Fish","floor":13,"gold_loss":0}],"is_beta":false,"boss_relics":[{"not_picked":["SacredBark","Astrolabe"],"picked":"Black Star"}],"items_purged_floors":[],"is_endless":false,"potions_floor_spawned":[4,5,14],"killed_by":"Shell Parasite","ascension_level":4}}