{"host":"appz8zkad29u9482","time":1609281369,"event":{"mods":["2.2 Compatiblity","Act Like it!","Aspiration","BaseMod","Better Altar","Better Match","Better Note","Better Skull","Better Third Choice","BetterRewards","CapriCore","Chen","Conspire","Disable Question Mark Monsters","Energized Spire","Gensokyo","GifTheSpireLib","Gold Saver","Halation","Hermit","Hubris","Infinite Spire","Jedi Mod","Marisa????????","Minty Spire (QoL Compilation)","Permanent Neow","Reimu??????","Replay The Spire","Spicy Shops","StSLib","Strawberry Spire","Stuff the Spire","The Immortal","The Servant 0.9.4","Yakumo Yukari mod","yUi"],"gold_per_floor":[117,117,87,99,112,112,145,157,157,157,187,205,58,69,69,167,167,181,131,173,204,214,245,245,264,264,264,264,264,35,46,46,149,149,172,172,172,194,194,239,239,267,267,314,314,62,82,105,105,105,105,105,31,67,67,67,67],"floor_reached":55,"playtime":3429,"items_purged":["Clumsy","MokouMod:Strike"],"score":1200,"play_id":"335ac274-0bba-4991-9187-6f57e023df6f","local_time":"20201229123609","is_ascension_mode":true,"campfire_choices":[{"data":"MokouMod:IllusoryBattlefield","floor":10.0,"key":"SMITH"},{"data":"MokouMod:BlazingComet","floor":10.0,"key":"SMITH"},{"floor":15.0,"key":"RECALL"},{"data":"MokouMod:ResonatingAura","floor":24,"key":"SMITH"},{"data":"infinitespire:Collect","floor":24,"key":"SMITH"},{"floor":27,"key":"REST"},{"floor":32,"key":"REST"},{"data":"MokouMod:Rebirth","floor":41,"key":"SMITH"},{"data":"MokouMod:HouraiForge","floor":41,"key":"SMITH"},{"floor":45,"key":"REST"},{"floor":49,"key":"REST"},{"floor":52,"key":"REST"}],"circlet_count":0,"master_deck":["MokouMod:Strike","MokouMod:Strike","MokouMod:Strike","MokouMod:Strike","MokouMod:Defend","MokouMod:Defend","MokouMod:Defend","MokouMod:Defend","MokouMod:HeatSpark","MokouMod:BlazingComet+1","MokouMod:BlazingComet","MokouMod:IllusoryBattlefield+1","MokouMod:AdaptivePyromancy","MokouMod:SearingBlow+1","MokouMod:TemporalFireSeal","Pot Of Greed","Pot Of Greed","MokouMod:FlareStarter","MokouMod:ResonatingAura+1","MokouMod:Overheat","MokouMod:Strike","MokouMod:IllusoryBattlefield","infinitespire:Collect+1","Pot Of Greed","MokouMod:Firecracker+1","MokouMod:FlareStarter+1","MokouMod:WarmUp+1","MokouMod:BlazingComet+1","MokouMod:Geothermal","MokouMod:Refresh","MokouMod:ResonatingAura+1","MokouMod:Geothermal","MokouMod:Strike","MokouMod:Strike","MokouMod:Strike","MokouMod:Strike","MokouMod:Strike","MokouMod:Strike","MokouMod:Strike","MokouMod:Defend","MokouMod:Defend","MokouMod:Defend","MokouMod:Defend","MokouMod:Defend","MokouMod:Defend","MokouMod:Defend","MokouMod:Defend","MokouMod:HeatSpark","MokouMod:HeatSpark","MokouMod:BlazingComet+1","MokouMod:BlazingComet+1","MokouMod:BlazingComet","MokouMod:BlazingComet","MokouMod:IllusoryBattlefield+1","MokouMod:IllusoryBattlefield+1","MokouMod:AdaptivePyromancy","MokouMod:AdaptivePyromancy","MokouMod:SearingBlow+1","MokouMod:SearingBlow+2","MokouMod:TemporalFireSeal","MokouMod:TemporalFireSeal","Pot Of Greed","Pot Of Greed","Pot Of Greed","Pot Of Greed","MokouMod:FlareStarter","MokouMod:FlareStarter","MokouMod:ResonatingAura+1","MokouMod:ResonatingAura+1","MokouMod:Overheat","MokouMod:Overheat","MokouMod:Strike","MokouMod:Strike","MokouMod:IllusoryBattlefield","MokouMod:IllusoryBattlefield","infinitespire:Collect+1","infinitespire:Collect+1","Pot Of Greed","Pot Of Greed","MokouMod:EternalBurstReactor","MokouMod:EternalBurstReactor","MokouMod:Firecracker+1","MokouMod:Firecracker+1","MokouMod:FlareStarter+1","MokouMod:FlareStarter+1","MokouMod:WarmUp+1","MokouMod:WarmUp+1","MokouMod:BlazingComet+1","MokouMod:BlazingComet+1","MokouMod:Geothermal","MokouMod:Geothermal","MokouMod:Refresh","MokouMod:Refresh","MokouMod:ResonatingAura+1","MokouMod:ResonatingAura+1","MokouMod:Geothermal","MokouMod:Geothermal","Pot Of Greed","Pot Of Greed","Pot Of Greed","Pot Of Greed","Pot Of Greed","MokouMod:InfernalWave+1","MokouMod:FlamingFireTalons","MokouMod:Rebirth+1","Pot Of Greed","MokouMod:HouraiForge+1","MokouMod:Cataclysm+1","MokouMod:FusionFlare+1","MokouMod:Firecracker","MokouMod:ScorchedEarth","MokouMod:Sear+1","MokouMod:BlazingComet+1","MokouMod:EternalBurstReactor","MokouMod:ImperishableFlame+1"],"relics":["MokouMod:PhoenixFeather","strawberrySpire:Firefruit","halation:PromiseList","Replay:Arrowhead","Grinning Jar","Guide Book","aspiration:FutureDiary","energizedSpire:HugeHouse","HandDrill","halation:TwoAmDonut","strawberrySpire:Flakhammer","Omamori","hubris:MedicalManual","conspire:TopHat","infinitespire:EvilPickle","conspire:SlowCooker","ReplayTheSpireMod:Ring of Challenge","Ring of Misfortune","conspire:GiftBox","Onion Ring","infinitespire:Beetle Shell","jedi:fakemustache","StuffTheSpire:Mouthbags","strawberrySpire:Treaders"],"acts_visited":["Exordium","TheCity","TheBeyond","TheEnding"],"potions_floor_usage":[21,23,33,33,50,50,50],"damage_taken":[{"damage":8.0,"enemies":"Jaw Worm","floor":1.0,"turns":4.0},{"damage":11.0,"enemies":"2 Louse","floor":4.0,"turns":3.0},{"damage":4.0,"enemies":"Cultist","floor":5.0,"turns":3.0},{"damage":21.0,"enemies":"3 Sentries","floor":7.0,"turns":7.0},{"damage":0.0,"enemies":"2 Fungi Beasts","floor":8.0,"turns":2.0},{"damage":4.0,"enemies":"Gremlin Nob","floor":11.0,"turns":3.0},{"damage":0.0,"enemies":"Exordium Wildlife","floor":12.0,"turns":1.0},{"damage":0.0,"enemies":"Looter","floor":14.0,"turns":1.0},{"damage":37,"enemies":"Slime Boss","floor":16,"turns":7},{"damage":25,"enemies":"Spheric Guardian","floor":18,"turns":4},{"damage":16,"enemies":"conspire:MimicChest","floor":21,"turns":5},{"damage":0,"enemies":"3 Byrds","floor":22,"turns":2},{"damage":7,"enemies":"Book of Stabbing","floor":23,"turns":4},{"damage":5,"enemies":"Sentry and Sphere","floor":25,"turns":4},{"damage":15,"enemies":"Snake Plant","floor":31,"turns":2},{"damage":10,"enemies":"Pondfish","floor":33,"turns":6},{"damage":9,"enemies":"3 Darklings","floor":35,"turns":3},{"damage":16,"enemies":"3 Shapes","floor":38,"turns":3},{"damage":18,"enemies":"R_Hoarder","floor":40,"turns":4},{"damage":26,"enemies":"Maw","floor":42,"turns":5},{"damage":4,"enemies":"Giant Head","floor":44,"turns":4},{"damage":14,"enemies":"Jaw Worm Horde","floor":47,"turns":3},{"damage":21,"enemies":"Writhing Mass","floor":48,"turns":2},{"damage":33,"enemies":"Time Eater","floor":50,"turns":3},{"damage":49,"enemies":"Shield and Spear","floor":54,"turns":3},{"damage":88,"enemies":"The Heart","floor":55,"turns":5}],"seed_played":"7376607303001851797","potions_obtained":[{"floor":3.0,"key":"EssenceOfSteel"},{"floor":3.0,"key":"Ancient Potion"},{"floor":7.0,"key":"CultistPotion"},{"floor":8.0,"key":"Dexterity Potion"},{"floor":18,"key":"Adrenaline Potion"},{"floor":20,"key":"MagicPotion:ReiMu"},{"floor":31,"key":"Fire Potion"},{"floor":38,"key":"Strength Potion"},{"floor":40,"key":"Dexterity Potion"},{"floor":42,"key":"Explosive Potion"}],"is_trial":false,"path_per_floor":["M","?","?","M","M","R","E","M","T","R","E","M","$","M","R","B",null,"M","AVR","?","?","M","E","R","M","T","R","?","T","$","M","R","B",null,"M","?","?","M","?","E","R","M","T","E","R","$","M","M","R","B",null,"R","$","E","B"],"character_chosen":"MKU","items_purchased":["Guide Book","conspire:TopHat","jedi:fakemustache","MokouMod:Firecracker","MokouMod:ScorchedEarth","StuffTheSpire:Mouthbags"],"campfire_rested":5,"item_purchase_floors":[13,30,46,46,46,53],"current_hp_per_floor":[67,67,67,56,52,52,31,31,31,31,27,27,27,27,27,8,75,50,50,33,17,17,10,10,5,5,26,26,26,26,11,32,22,70,61,61,38,22,22,4,4,13,13,9,30,50,36,15,36,3,70,70,70,21,0,0,0],"gold":67,"neow_bonus":"THREE_CARDS","is_daily":false,"chose_seed":false,"campfire_upgraded":6,"win_rate":0.0,"timestamp":1609281369,"path_taken":["M","?","?","?","M","R","E","M","T","R","E","M","$","M","R","BOSS","M","AVR","?","?","?","E","R","M","T","R","?","?","?","?","R","BOSS","M","?","?","M","?","E","R","?","T","E","R","$","?","M","R","BOSS","R","$","E","BOSS"],"items_purchased_type":["Relic","Relic","Relic","Card","Card","Relic"],"build_version":"2020-12-22","purchased_purges":2,"victory":false,"max_hp_per_floor":[75,75,75,75,75,75,75,75,75,75,75,75,75,75,75,75,75,75,70,70,70,70,70,70,70,70,70,70,70,70,70,70,70,70,70,70,70,70,70,70,70,70,70,70,70,70,70,70,70,70,70,70,70,70,70,70,70],"card_choices":[{"not_picked":["MokouMod:IgnitionBlast","MokouMod:ResoluteFlare"],"picked":"MokouMod:BlazingComet","floor":0.0},{"not_picked":["MokouMod:FujiyamaVolcano","MokouMod:Ember"],"picked":"MokouMod:BlazingComet","floor":1.0},{"not_picked":["MokouMod:ImperishableFlame","MokouMod:SearingShot"],"picked":"MokouMod:IllusoryBattlefield","floor":4.0},{"not_picked":["MokouMod:Meltdown","MokouMod:Stoke"],"picked":"MokouMod:AdaptivePyromancy","floor":5.0},{"not_picked":["MokouMod:SearingShot","MokouMod:FlamingFireTalons"],"picked":"MokouMod:SearingBlow","floor":7.0},{"not_picked":["MokouMod:RoaringFlare","MokouMod:InfernalWave"],"picked":"MokouMod:TemporalFireSeal","floor":8.0},{"not_picked":["MokouMod:Combust","MokouMod:SearingShot","MokouMod:Overheat"],"picked":"SKIP","floor":11.0},{"not_picked":["MokouMod:Ember","MokouMod:ControlledCombustion"],"picked":"MokouMod:GuidingSmoke","floor":12.0},{"not_picked":["MokouMod:Ember","MokouMod:IgnitionBarrier"],"picked":"MokouMod:FlareStarter","floor":14.0},{"not_picked":["MokouMod:RadiantBlade","MokouMod:Ventilation"],"picked":"MokouMod:ResonatingAura","floor":16},{"not_picked":["MokouMod:FlickeringFlame+1","MokouMod:Combust"],"picked":"MokouMod:Overheat","floor":18},{"not_picked":["MokouMod:Overheat","MokouMod:DanceofFlames+1"],"picked":"MokouMod:EternalBurstReactor","floor":20},{"not_picked":["MokouMod:ScorchingColumn+1","MokouMod:ThermalPressure+1"],"picked":"MokouMod:Firecracker+1","floor":21},{"not_picked":["MokouMod:UncontrollableSolarReaction","MokouMod:Firecracker"],"picked":"MokouMod:FlareStarter+1","floor":22},{"not_picked":["MokouMod:Overheat","MokouMod:SearingShot","MokouMod:Combust"],"picked":"SKIP","floor":23},{"not_picked":["MokouMod:FlickeringFlame","MokouMod:UncontrollableSolarReaction+1"],"picked":"MokouMod:WarmUp+1","floor":25},{"not_picked":["MokouMod:SearingBlow","MokouMod:RoaringFlare"],"picked":"MokouMod:BlazingComet+1","floor":31},{"not_picked":["MokouMod:SpontaneousHumanCombustion","MokouMod:ExplosiveFlame"],"picked":"MokouMod:Geothermal","floor":33},{"not_picked":["MokouMod:BurningDraft","MokouMod:IgneousBlow"],"picked":"MokouMod:Refresh","floor":35},{"not_picked":["MokouMod:Singe","MokouMod:Overheat"],"picked":"MokouMod:InfernalWave+1","floor":38},{"not_picked":["MokouMod:ResonatingAura","MokouMod:BurningHiddenBullet"],"picked":"MokouMod:Rebirth","floor":40},{"not_picked":["MokouMod:IgneousBlow","MokouMod:TemporalFireSeal+1"],"picked":"MokouMod:HouraiForge","floor":40},{"not_picked":["MokouMod:ShiftIgnition+1","MokouMod:Scorch"],"picked":"MokouMod:Cataclysm+1","floor":42},{"not_picked":["MokouMod:ScorchedEarth+1","MokouMod:IgnitionBarrier+1"],"picked":"MokouMod:FusionFlare+1","floor":44},{"not_picked":["MokouMod:UncontrollableSolarReaction+1","MokouMod:RoaringFlare"],"picked":"MokouMod:Sear+1","floor":47},{"not_picked":["MokouMod:Combust+1","MokouMod:IgneousBlow+1"],"picked":"MokouMod:BlazingComet+1","floor":48},{"not_picked":["MokouMod:BlazingComet","MokouMod:UncontrollableSolarReaction"],"picked":"MokouMod:ImperishableFlame+1","floor":54}],"player_experience":377743,"relics_obtained":[{"floor":6.0,"key":"strawberrySpire:Firefruit"},{"floor":7.0,"key":"halation:PromiseList"},{"floor":9.0,"key":"Replay:Arrowhead"},{"floor":11.0,"key":"Grinning Jar"},{"floor":20,"key":"halation:TwoAmDonut"},{"floor":21,"key":"strawberrySpire:Flakhammer"},{"floor":23,"key":"Omamori"},{"floor":29,"key":"hubris:MedicalManual"},{"floor":36,"key":"ReplayTheSpireMod:Ring of Challenge"},{"floor":36,"key":"Ring of Misfortune"},{"floor":40,"key":"conspire:GiftBox"},{"floor":43,"key":"Onion Ring"},{"floor":44,"key":"infinitespire:Beetle Shell"},{"floor":54,"key":"strawberrySpire:Treaders"}],"event_choices":[{"damage_healed":0.0,"max_hp_gain":0.0,"max_hp_loss":0.0,"gold_gain":0.0,"event_name":"The Woman in Blue","player_choice":"Bought 2 Potions","floor":3.0,"gold_loss":0.0,"damage_taken":0.0},{"damage_healed":0,"gold_gain":0,"cards_transformed":["MokouMod:Strike"],"player_choice":"Transformed","damage_taken":0,"max_hp_gain":0,"max_hp_loss":0,"event_name":"Transmorgrifier","floor":39,"gold_loss":0,"cards_obtained":["MokouMod:FlamingFireTalons"]}],"is_beta":false,"boss_relics":[{"not_picked":["aspiration:RitualDagger","energizedSpire:EnergizedDie"],"picked":"aspiration:FutureDiary"},{"not_picked":["halation:Risk","strawberrySpire:JuiceKeg"],"picked":"conspire:SlowCooker"}],"items_purged_floors":[19,30],"is_endless":false,"potions_floor_spawned":[7,8,11,18,31,38,40,42,48],"killed_by":"The Heart","ascension_level":1}}