{"host":"1eo5f82aifdzd7pr","time":1609240465,"event":{"mods":["AchievementEnabler","BaseMod","Colored Map","Colored Powertips","DeckTracker","Minty Spire (QoL Compilation)","SuperFastMode","The Servant 0.9.4"],"gold_per_floor":[112,130,130,160,172,184,220,232,267,279,312,324,360,372,384,516,528,528,453,453,453,368,368,368,368,368,368,368,368,368,368,368,368,368,368,34,34,34,34,34,34,34,34,34,34,34,34,34,34,34],"floor_reached":51,"playtime":3439,"items_purged":["Strike_S"],"score":1019,"play_id":"15d0c79a-52a5-44de-bbd6-e45bb51b24b9","local_time":"20201229131425","is_ascension_mode":true,"campfire_choices":[{"data":"Exchange","floor":6.0,"key":"SMITH"},{"data":"ShatteredReality","floor":8.0,"key":"SMITH"},{"data":"KidneyShot","floor":10.0,"key":"SMITH"},{"data":"Potential","floor":12.0,"key":"SMITH"},{"floor":15.0,"key":"REST"},{"data":"BottledTime","floor":24.0,"key":"SMITH"},{"data":"RealityMarble","floor":28.0,"key":"SMITH"},{"floor":32.0,"key":"REST"},{"floor":41,"key":"REST"},{"data":"MurderousAura","floor":45,"key":"SMITH"},{"data":"Solidify","floor":47,"key":"SMITH"},{"floor":49,"key":"REST"}],"circlet_count":0,"master_deck":["Strike_S+1","Strike_S+1","Strike_S","Defend_S","Defend_S","Defend_S","Defend_S","KidneyShot+1","Exchange+1","ShiftingGears","ShatteredReality+1","Misdirection+1","BottledTime+1","Potential+1","TheWorld","RealityMarble+1","BottledTime","WasteNot+1","TheWorld","Rearm+1","Rewind+1","TimeWarp+1","MurderousAura+1","Solidify+1"],"relics":["Uniform","Art of War","MawBank","Golden Idol","Blood Vial","Ectoplasm","Mummified Hand","Omamori","Mango","Whetstone","Bottled Tornado","Calling Bell","Anchor","Matryoshka","Old Coin","Incense Burner","Ornamental Fan","Lantern","Blue Candle","The Courier"],"acts_visited":["Exordium","TheCity","TheBeyond"],"potions_floor_usage":[37,46],"damage_taken":[{"damage":0.0,"enemies":"Cultist","floor":1.0,"turns":4.0},{"damage":1.0,"enemies":"Small Slimes","floor":2.0,"turns":4.0},{"damage":0.0,"enemies":"2 Louse","floor":4.0,"turns":2.0},{"damage":3.0,"enemies":"Exordium Thugs","floor":7.0,"turns":5.0},{"damage":0.0,"enemies":"3 Louse","floor":11.0,"turns":1.0},{"damage":4.0,"enemies":"Blue Slaver","floor":13.0,"turns":3.0},{"damage":39.0,"enemies":"Slime Boss","floor":16.0,"turns":13.0},{"damage":1.0,"enemies":"3 Byrds","floor":18.0,"turns":3.0},{"damage":0.0,"enemies":"Shell Parasite","floor":21.0,"turns":3.0},{"damage":31.0,"enemies":"Book of Stabbing","floor":23.0,"turns":7.0},{"damage":19.0,"enemies":"Slavers","floor":25.0,"turns":6.0},{"damage":7.0,"enemies":"Snake Plant","floor":29.0,"turns":4.0},{"damage":2.0,"enemies":"3 Cultists","floor":30.0,"turns":4.0},{"damage":49.0,"enemies":"Champ","floor":33.0,"turns":11.0},{"damage":0,"enemies":"Orb Walker","floor":35,"turns":4},{"damage":10,"enemies":"3 Darklings","floor":37,"turns":5},{"damage":27,"enemies":"Transient","floor":38,"turns":5},{"damage":14,"enemies":"Giant Head","floor":40,"turns":7},{"damage":2,"enemies":"Jaw Worm Horde","floor":42,"turns":3},{"damage":6,"enemies":"Maw","floor":44,"turns":7},{"damage":4,"enemies":"Nemesis","floor":46,"turns":5},{"damage":20,"enemies":"Donu and Deca","floor":50,"turns":8}],"seed_played":"926001078177990496","potions_obtained":[{"floor":1.0,"key":"Regen Potion"},{"floor":7.0,"key":"FairyPotion"},{"floor":13.0,"key":"GamblersBrew"},{"floor":23.0,"key":"ColorlessPotion"},{"floor":25.0,"key":"FearPotion"},{"floor":27.0,"key":"DuplicationPotion"},{"floor":37,"key":"Weak Potion"},{"floor":44,"key":"Swift Potion"}],"is_trial":false,"path_per_floor":["M","M","?","M","?","R","M","R","T","R","M","R","M","?","R","B",null,"M","$","?","M","?","E","R","E","T","?","R","M","M","?","R","B",null,"M","$","M","M","$","E","R","M","T","M","R","E","R","?","R","B",null],"character_chosen":"THE_SERVANT","items_purchased":["Incense Burner","Block Potion"],"campfire_rested":4,"item_purchase_floors":[36,36],"current_hp_per_floor":[59,58,55,55,39,39,36,36,36,36,38,38,36,36,55,18,53,54,54,54,56,56,41,41,24,24,24,24,19,19,19,42,10,62,64,64,56,31,31,19,42,42,42,38,38,36,36,36,58,40],"gold":34,"neow_bonus":"RANDOM_COMMON_RELIC","is_daily":false,"chose_seed":false,"campfire_upgraded":8,"win_rate":0.0,"timestamp":1609240465,"path_taken":["M","M","?","M","?","R","M","R","T","R","M","R","M","?","R","BOSS","M","$","?","M","?","E","R","E","T","?","R","?","M","?","R","BOSS","M","$","M","?","?","E","R","M","T","M","R","E","R","?","R","BOSS"],"items_purchased_type":["Relic","Potion"],"build_version":"2020-12-22","purchased_purges":1,"victory":true,"max_hp_per_floor":[65,65,65,65,65,65,65,65,65,65,65,65,65,65,65,65,65,65,65,65,65,65,79,79,79,79,79,79,79,79,79,79,79,79,79,79,79,79,79,79,79,79,79,79,79,79,79,75,75,75],"card_choices":[{"not_picked":["WasteNot","RealityMarble"],"picked":"ShiftingGears","floor":1.0},{"not_picked":["BottledTime","Revamp"],"picked":"ShatteredReality","floor":2.0},{"not_picked":["Unruled","Spin"],"picked":"Misdirection","floor":4.0},{"not_picked":["ShatteredReality","DoubleEdge"],"picked":"BottledTime","floor":7.0},{"not_picked":["Spin","Alleviate"],"picked":"Potential","floor":11.0},{"not_picked":["SpecialFormula","Hightail","Revamp"],"picked":"SKIP","floor":13.0},{"not_picked":["Deny","TrueSight"],"picked":"TheWorld","floor":16.0},{"not_picked":["Replace","Desolation","Ricochet+1"],"picked":"SKIP","floor":18.0},{"not_picked":["GearUp","Comet","Gouge"],"picked":"SKIP","floor":21.0},{"not_picked":["FastForward","ShatteredReality","Sabotage"],"picked":"SKIP","floor":23.0},{"not_picked":["Reset","Ricochet"],"picked":"RealityMarble","floor":25.0},{"not_picked":["Read","Potential"],"picked":"BottledTime","floor":29.0},{"not_picked":["BottledTime","Unruled+1"],"picked":"WasteNot","floor":30.0},{"not_picked":["LightFlow","Deny"],"picked":"TheWorld","floor":33.0},{"not_picked":["BottledTime+1","InstantArmor"],"picked":"Rearm+1","floor":35},{"not_picked":["FastForward","Replace+1","Rearm"],"picked":"SKIP","floor":37},{"not_picked":["Rearm+1","Shuttle+1"],"picked":"Rewind+1","floor":38},{"not_picked":["Luminosity","Hightail+1","Contraction"],"picked":"SKIP","floor":40},{"not_picked":["DoubleEdge+1","Manipulate"],"picked":"TimeWarp+1","floor":42},{"not_picked":["MoonPhase","Unruled"],"picked":"MurderousAura","floor":44},{"not_picked":["Comet+1","Potential"],"picked":"Solidify","floor":46}],"player_experience":738631,"relics_obtained":[{"floor":9.0,"key":"Blood Vial"},{"floor":23.0,"key":"Mango"},{"floor":25.0,"key":"Whetstone"},{"floor":26.0,"key":"Bottled Tornado"},{"floor":34,"key":"Anchor"},{"floor":34,"key":"Matryoshka"},{"floor":34,"key":"Old Coin"},{"floor":40,"key":"Ornamental Fan"},{"floor":43,"key":"Lantern"},{"floor":43,"key":"Blue Candle"},{"floor":46,"key":"The Courier"}],"event_choices":[{"damage_healed":0.0,"max_hp_gain":0.0,"max_hp_loss":0.0,"gold_gain":0.0,"event_name":"Scrap Ooze","player_choice":"Success","floor":3.0,"gold_loss":0.0,"damage_taken":3.0,"relics_obtained":["MawBank"]},{"damage_healed":0.0,"max_hp_gain":0.0,"max_hp_loss":0.0,"gold_gain":0.0,"event_name":"Golden Idol","player_choice":"Take Damage","floor":5.0,"gold_loss":0.0,"damage_taken":16.0,"relics_obtained":["Golden Idol"]},{"damage_healed":0.0,"max_hp_gain":0.0,"max_hp_loss":0.0,"gold_gain":0.0,"event_name":"Upgrade Shrine","player_choice":"Upgraded","floor":14.0,"gold_loss":0.0,"damage_taken":0.0,"cards_upgraded":["Misdirection"]},{"damage_healed":0.0,"max_hp_gain":0.0,"max_hp_loss":0.0,"gold_gain":0.0,"event_name":"The Mausoleum","player_choice":"Opened","floor":20.0,"gold_loss":0.0,"damage_taken":0.0,"relics_obtained":["Mummified Hand"]},{"damage_healed":0.0,"max_hp_gain":0.0,"max_hp_loss":0.0,"gold_gain":0.0,"event_name":"Addict","player_choice":"Obtained Relic","floor":22.0,"gold_loss":85.0,"damage_taken":0.0,"relics_obtained":["Omamori"]},{"damage_healed":0.0,"max_hp_gain":0.0,"max_hp_loss":0.0,"gold_gain":0.0,"event_name":"Lab","player_choice":"Got Potions","floor":27.0,"gold_loss":0.0,"damage_taken":0.0},{"damage_healed":0.0,"max_hp_gain":0.0,"max_hp_loss":0.0,"gold_gain":0.0,"event_name":"Accursed Blacksmith","player_choice":"Forge","floor":31.0,"gold_loss":0.0,"damage_taken":0.0,"cards_upgraded":["WasteNot"]},{"damage_healed":0,"gold_gain":0,"player_choice":"Max HP","damage_taken":0,"max_hp_gain":0,"max_hp_loss":4,"event_name":"Winding Halls","floor":48,"gold_loss":0}],"is_beta":false,"boss_relics":[{"not_picked":["Astrolabe","SplendidAttire"],"picked":"Ectoplasm"},{"not_picked":["Pandora\u0027s Box","SlaversCollar"],"picked":"Calling Bell"}],"items_purged_floors":[19],"is_endless":false,"potions_floor_spawned":[1,7,13,23,25,37,38,44],"ascension_level":8}}