{"host":"Jedit","time":1609253052,"event":{"mods":["BaseMod","Minty Spire (QoL Compilation)","Relic Stats","StSLib"],"gold_per_floor":[110,127,145,163,176,176,196,222,299,299,299,299,0,25,25,102,102,120,136,136,136,147,147,181,197,266,280,293,293,293,312,312,388,388,402,53,53,53,68,68,82,357,357,374,393,393,411,411,411,411,411],"floor_reached":50,"playtime":2718,"items_purged":["Parasite","Infinite Blades"],"score":980,"play_id":"b7693463-945a-49ac-b775-584a17795875","local_time":"20201229144412","is_ascension_mode":true,"campfire_choices":[{"data":"Noxious Fumes","floor":6.0,"key":"SMITH"},{"floor":12.0,"key":"REST"},{"data":"Crippling Poison","floor":15.0,"key":"SMITH"},{"data":"Tactician","floor":23.0,"key":"SMITH"},{"floor":30.0,"key":"REST"},{"floor":32.0,"key":"REST"},{"floor":40,"key":"REST"},{"floor":49,"key":"RECALL"}],"circlet_count":0,"master_deck":["AscendersBane","Survivor","Neutralize","Dagger Spray","Sucker Punch","Noxious Fumes+1","Underhanded Strike","Crippling Poison+1","Acrobatics","Malaise","Concentrate+1","Caltrops+1","Reflex+1","Masterful Stab","Tactician+1","Dodge and Roll","Bouncing Flask","PiercingWail+1","Calculated Gamble+1","Deadly Poison","Noxious Fumes","Tools of the Trade","Dodge and Roll","Prepared","Underhanded Strike","Leg Sweep+1","Concentrate+1","Bouncing Flask","Regret","Deadly Poison","Tactician+1","Adrenaline"],"relics":["Runic Pyramid","Paper Crane","Question Card","Snake Skull","InkBottle","Astrolabe","Mango","Spirit Poop","Dream Catcher","Pandora\u0027s Box","TwistedFunnel","Potion Belt","Ornamental Fan"],"acts_visited":["Exordium","TheCity","TheBeyond"],"potions_floor_usage":[35,39,41,44,50],"damage_taken":[{"damage":0.0,"enemies":"Jaw Worm","floor":1.0,"turns":5.0},{"damage":12.0,"enemies":"Small Slimes","floor":2.0,"turns":4.0},{"damage":0.0,"enemies":"Cultist","floor":3.0,"turns":4.0},{"damage":7.0,"enemies":"Exordium Wildlife","floor":4.0,"turns":4.0},{"damage":0.0,"enemies":"Red Slaver","floor":5.0,"turns":4.0},{"damage":9.0,"enemies":"3 Louse","floor":7.0,"turns":2.0},{"damage":21.0,"enemies":"Gremlin Nob","floor":8.0,"turns":4.0},{"damage":14.0,"enemies":"3 Sentries","floor":14.0,"turns":5.0},{"damage":14.0,"enemies":"The Guardian","floor":16.0,"turns":9.0},{"damage":0.0,"enemies":"Shell Parasite","floor":18.0,"turns":4.0},{"damage":9.0,"enemies":"2 Thieves","floor":19.0,"turns":3.0},{"damage":3.0,"enemies":"Snake Plant","floor":22.0,"turns":4.0},{"damage":27.0,"enemies":"Book of Stabbing","floor":24.0,"turns":6.0},{"damage":18.0,"enemies":"Cultist and Chosen","floor":25.0,"turns":7.0},{"damage":3.0,"enemies":"Centurion and Healer","floor":27.0,"turns":8.0},{"damage":0.0,"enemies":"Chosen and Byrds","floor":28.0,"turns":7.0},{"damage":6.0,"enemies":"Snecko","floor":31.0,"turns":6.0},{"damage":4.0,"enemies":"Collector","floor":33.0,"turns":9.0},{"damage":6,"enemies":"3 Darklings","floor":35,"turns":4},{"damage":13,"enemies":"Orb Walker","floor":39,"turns":4},{"damage":3,"enemies":"Sphere and 2 Shapes","floor":41,"turns":3},{"damage":5,"enemies":"3 Darklings","floor":44,"turns":3},{"damage":10,"enemies":"Writhing Mass","floor":45,"turns":6},{"damage":11,"enemies":"Maw","floor":47,"turns":7},{"damage":52,"enemies":"Donu and Deca","floor":50,"turns":6}],"seed_played":"-2298327653313494562","potions_obtained":[{"floor":3.0,"key":"PowerPotion"},{"floor":8.0,"key":"GamblersBrew"},{"floor":16.0,"key":"CunningPotion"},{"floor":18.0,"key":"GamblersBrew"},{"floor":19.0,"key":"SteroidPotion"},{"floor":24.0,"key":"LiquidMemories"},{"floor":27.0,"key":"Block Potion"},{"floor":33.0,"key":"Block Potion"},{"floor":35,"key":"LiquidMemories"},{"floor":41,"key":"PowerPotion"},{"floor":44,"key":"Dexterity Potion"}],"is_trial":false,"path_per_floor":["M","M","M","M","M","R","M","E","T","?","?","R","$","E","R","B",null,"M","M","?","?","M","R","E","M","T","M","M","?","R","M","R","B",null,"M","$","?","T","M","R","M","?","T","M","M","?","M","?","R","B"],"character_chosen":"THE_SILENT","items_purchased":["Snake Skull","Block Potion","TwistedFunnel","Prepared","Underhanded Strike"],"campfire_rested":4,"item_purchase_floors":[13,13,36,36,36],"current_hp_per_floor":[59,47,47,40,40,40,31,10,10,26,26,45,45,31,31,17,52,52,43,57,57,54,54,27,9,9,6,6,6,29,23,46,42,68,62,62,62,62,49,72,69,69,69,64,54,54,43,43,43,0,0],"gold":411,"neow_bonus":"BOSS_RELIC","is_daily":false,"chose_seed":false,"campfire_upgraded":3,"win_rate":0.0,"timestamp":1609253052,"path_taken":["M","M","M","M","M","R","M","E","T","?","?","R","?","E","R","BOSS","M","M","?","?","M","R","E","M","T","M","?","?","R","M","R","BOSS","M","$","?","?","M","R","M","?","T","M","?","?","M","?","R","BOSS"],"items_purchased_type":["Relic","Potion","Relic","Card","Card"],"build_version":"2020-12-18","purchased_purges":2,"victory":false,"max_hp_per_floor":[66,66,66,66,66,66,66,66,66,66,66,66,63,63,63,63,63,63,63,77,77,77,77,77,77,77,77,77,77,77,77,77,77,77,77,77,77,77,77,77,77,77,77,77,77,73,73,73,73,73,73],"relic_stats":{"Dream Catcher":3,"counters":[25,128],"Ornamental Fan":[16],"Astrolabe":["Concentrate","Caltrops","Reflex"],"Pandora\u0027s Box":["Tools of the Trade","Leg Sweep","Choke","Eviscerate","Flying Knee","Backflip","Unload"],"Snake Skull":[170],"Question Card":20,"obtain_stats":[{"TwistedFunnel":36,"Potion Belt":38,"Astrolabe":17,"Spirit Poop":21,"Mango":20,"Snake Skull":13,"Paper Crane":8,"Question Card":9,"Dream Catcher":24,"Ornamental Fan":43,"Pandora\u0027s Box":34,"InkBottle":14,"Ring of the Snake":0,"Runic Pyramid":0},{"TwistedFunnel":19,"Potion Belt":19,"Astrolabe":9,"Spirit Poop":11,"Mango":11,"Snake Skull":7,"Paper Crane":7,"Question Card":7,"Dream Catcher":13,"Ornamental Fan":21,"Pandora\u0027s Box":18,"InkBottle":8,"Ring of the Snake":0,"Runic Pyramid":0},{"TwistedFunnel":99,"Potion Belt":99,"Astrolabe":41,"Spirit Poop":48,"Mango":48,"Snake Skull":27,"Paper Crane":27,"Question Card":27,"Dream Catcher":58,"Ornamental Fan":106,"Pandora\u0027s Box":95,"InkBottle":32,"Ring of the Snake":0,"Runic Pyramid":0}],"InkBottle":[38]},"card_choices":[{"not_picked":["PiercingWail","Cloak And Dagger"],"picked":"Dagger Spray","floor":1.0},{"not_picked":["Accuracy","Outmaneuver","Deflect"],"picked":"SKIP","floor":2.0},{"not_picked":["Deflect","Concentrate"],"picked":"Sucker Punch","floor":3.0},{"not_picked":["Blade Dance","Expertise"],"picked":"Infinite Blades","floor":4.0},{"not_picked":["Underhanded Strike","Bane"],"picked":"Noxious Fumes","floor":5.0},{"not_picked":["Acrobatics","Escape Plan"],"picked":"Underhanded Strike","floor":7.0},{"not_picked":["Slice","Distraction"],"picked":"Crippling Poison","floor":8.0},{"not_picked":["Unload","Well Laid Plans","Backstab"],"picked":"Acrobatics","floor":14.0},{"not_picked":["Unload","After Image","Envenom"],"picked":"Malaise","floor":16.0},{"not_picked":["Backflip","Blade Dance","Expertise"],"picked":"Masterful Stab","floor":18.0},{"not_picked":["Riddle With Holes","Slice","Outmaneuver"],"picked":"Poisoned Stab","floor":19.0},{"not_picked":["Bane","Deflect","Slice"],"picked":"Tactician","floor":22.0},{"not_picked":["Outmaneuver+1","Storm of Steel","Acrobatics+1"],"picked":"Dodge and Roll","floor":24.0},{"not_picked":["Underhanded Strike","Crippling Poison","Predator+1"],"picked":"Bouncing Flask","floor":25.0},{"not_picked":["Finisher","Backflip","Bane","Poisoned Stab"],"picked":"SKIP","floor":27.0},{"not_picked":["Masterful Stab","Outmaneuver","Endless Agony"],"picked":"PiercingWail+1","floor":28.0},{"not_picked":["Flechettes","Bane","Reflex"],"picked":"Calculated Gamble+1","floor":30.0},{"not_picked":["Caltrops","Dodge and Roll","Slice"],"picked":"Deadly Poison","floor":31.0},{"not_picked":["Setup","Bane","Quick Slash"],"picked":"Noxious Fumes","floor":32.0},{"not_picked":["Night Terror","Unload","Die Die Die"],"picked":"Tools of the Trade","floor":33.0},{"not_picked":["Distraction+1","PiercingWail+1","Quick Slash"],"picked":"Dodge and Roll","floor":35},{"not_picked":["Tactician","Underhanded Strike+1","Backflip"],"picked":"Leg Sweep+1","floor":39},{"not_picked":["Caltrops","Accuracy","Finisher"],"picked":"Concentrate+1","floor":40},{"not_picked":["Acrobatics","Dagger Throw","Well Laid Plans"],"picked":"Bouncing Flask","floor":41},{"not_picked":["Blade Dance","Heel Hook","Sucker Punch"],"picked":"Deadly Poison","floor":44},{"not_picked":["Outmaneuver","Flying Knee","Bane+1"],"picked":"Tactician+1","floor":45},{"not_picked":["Prepared","Bane","Deadly Poison"],"picked":"Adrenaline","floor":47}],"player_experience":3421664,"relics_obtained":[{"floor":8.0,"key":"Paper Crane"},{"floor":9.0,"key":"Question Card"},{"floor":14.0,"key":"InkBottle"},{"floor":24.0,"key":"Dream Catcher"},{"floor":38,"key":"Potion Belt"},{"floor":43,"key":"Ornamental Fan"}],"event_choices":[{"damage_healed":16.0,"max_hp_gain":0.0,"max_hp_loss":0.0,"gold_gain":0.0,"event_name":"Mushrooms","player_choice":"Healed and dodged fight","floor":10.0,"gold_loss":0.0,"damage_taken":0.0,"cards_obtained":["Parasite"]},{"damage_healed":0.0,"max_hp_gain":0.0,"max_hp_loss":0.0,"gold_gain":0.0,"event_name":"Liars Game","player_choice":"Ignored","floor":11.0,"gold_loss":0.0,"damage_taken":0.0},{"damage_healed":0.0,"max_hp_gain":0.0,"max_hp_loss":0.0,"gold_gain":0.0,"event_name":"The Mausoleum","player_choice":"Opened","floor":20.0,"gold_loss":0.0,"damage_taken":0.0,"relics_obtained":["Mango"],"cards_obtained":["Writhe"]},{"cards_removed":["Writhe"],"damage_healed":0.0,"max_hp_gain":0.0,"max_hp_loss":0.0,"gold_gain":0.0,"event_name":"Bonfire Elementals","player_choice":"Offered Curse","floor":21.0,"gold_loss":0.0,"damage_taken":0.0,"relics_obtained":["Spirit Poop"]},{"damage_healed":0.0,"max_hp_gain":0.0,"max_hp_loss":0.0,"gold_gain":0.0,"event_name":"Back to Basics","player_choice":"Simplicity","floor":29.0,"gold_loss":0.0,"damage_taken":0.0,"cards_upgraded":["Strike_G","Strike_G","Defend_G","Defend_G","Defend_G","Defend_G","Defend_G"]},{"damage_healed":0,"gold_gain":0,"player_choice":"Ignored","damage_taken":0,"max_hp_gain":0,"max_hp_loss":0,"event_name":"Mysterious Sphere","floor":37,"gold_loss":0},{"damage_healed":0,"gold_gain":275,"player_choice":"Desecrate","damage_taken":0,"max_hp_gain":0,"max_hp_loss":0,"event_name":"Golden Shrine","floor":42,"gold_loss":0,"cards_obtained":["Regret"]},{"damage_healed":0,"gold_gain":0,"player_choice":"Max HP","damage_taken":0,"max_hp_gain":0,"max_hp_loss":4,"event_name":"Winding Halls","floor":46,"gold_loss":0},{"cards_removed":["Poisoned Stab"],"damage_healed":0,"gold_gain":0,"player_choice":"Removed Attack","damage_taken":0,"max_hp_gain":0,"max_hp_loss":0,"event_name":"Falling","floor":48,"gold_loss":0}],"is_beta":true,"boss_relics":[{"not_picked":["Busted Crown","Coffee Dripper"],"picked":"Astrolabe"},{"not_picked":["Snecko Eye","Philosopher\u0027s Stone"],"picked":"Pandora\u0027s Box"}],"items_purged_floors":[13,36],"is_endless":false,"potions_floor_spawned":[3,8,14,16,18,19,24,27,33,35,41,44],"killed_by":"Donu and Deca","ascension_level":20}}