{"host":"newqdrzxfhh2im9e","time":1609202052,"event":{"mods":["AchievementEnabler","BaseMod","BetterRewards","Block Reminder","Colored Map","Jorbs\u0027s Wanderer Trilogy","Minty Spire (QoL Compilation)","Rare Cards Sparkle","Shop Mod","StSLib"],"gold_per_floor":[118,118,133,27,27,27,40,40,67,67,85,85,85,102,102,198,198,218,236,24,41,41,41,41,60,60,60,76,87,87,113,113,113,113],"floor_reached":33,"playtime":1089,"items_purged":[],"score":368,"play_id":"1e5d65e9-8c09-4256-be23-441173b9dc9a","local_time":"20201228163412","is_ascension_mode":true,"campfire_choices":[{"data":"Thunder Strike","floor":6,"key":"SMITH"},{"data":"Tempest","floor":8,"key":"SMITH"},{"data":"Heatsinks","floor":10,"key":"SMITH"},{"data":"Blizzard","floor":13,"key":"SMITH"},{"data":"White Noise","floor":15,"key":"SMITH"},{"floor":23,"key":"REST"},{"floor":27,"key":"REST"},{"floor":30,"key":"REST"},{"floor":32,"key":"REST"}],"circlet_count":0,"master_deck":["Strike_B+1","Strike_B+1","Strike_B+1","Strike_B+1","Defend_B+1","Defend_B+1","Defend_B+1","Zap","Dualcast","Defragment+1","Thunder Strike+1","Tempest+1","Heatsinks+1","Blizzard+1","White Noise","White Noise+1","Auto Shields","Echo Form","Reinforced Body","Dramatic Entrance","Core Surge","Buffer","Storm","Chaos"],"relics":["Cracked Core","Gremlin Horn","Ancient Tea Set","Dead Branch","Regal Pillow"],"acts_visited":["Exordium","TheCity"],"potions_floor_usage":[14,16,19,21,21,25],"damage_taken":[{"damage":9,"enemies":"Jaw Worm","floor":1,"turns":3},{"damage":1,"enemies":"Cultist","floor":3,"turns":3},{"damage":10,"enemies":"2 Louse","floor":7,"turns":2},{"damage":16,"enemies":"Blue Slaver","floor":11,"turns":3},{"damage":1,"enemies":"2 Fungi Beasts","floor":14,"turns":2},{"damage":0,"enemies":"Slime Boss","floor":16,"turns":7},{"damage":23,"enemies":"Spheric Guardian","floor":18,"turns":4},{"damage":35,"enemies":"Chosen","floor":19,"turns":5},{"damage":15,"enemies":"Shelled Parasite and Fungi","floor":21,"turns":6},{"damage":23,"enemies":"Centurion and Healer","floor":25,"turns":6},{"damage":0,"enemies":"Snecko","floor":28,"turns":3},{"damage":9,"enemies":"Sentry and Sphere","floor":29,"turns":4},{"damage":39,"enemies":"Book of Stabbing","floor":31,"turns":5},{"damage":61,"enemies":"Champ","floor":33,"turns":9}],"seed_played":"-6937166175502180919","potions_obtained":[{"floor":3,"key":"PotionOfCapacity"},{"floor":11,"key":"DistilledChaos"},{"floor":18,"key":"BlessingOfTheForge"},{"floor":19,"key":"Block Potion"},{"floor":21,"key":"LiquidMemories"}],"is_trial":false,"path_per_floor":["M","?","M","$","T","R","M","R","T","R","M","?","R","M","R","B",null,"M","M","$","M","?","R","?","M","T","R","M","M","R","E","R","B"],"character_chosen":"DEFECT","items_purchased":["Heatsinks","Blizzard","Dramatic Entrance","Core Surge","AttackPotion"],"campfire_rested":4,"item_purchase_floors":[4,4,20,20,20],"current_hp_per_floor":[73,73,72,72,72,72,62,62,62,62,46,46,46,45,45,45,82,59,24,24,9,9,33,33,10,10,34,34,25,49,10,49,0,0],"gold":113,"neow_bonus":"TEN_PERCENT_HP_BONUS","is_daily":false,"chose_seed":false,"campfire_upgraded":5,"win_rate":0.0,"timestamp":1609202052,"path_taken":["M","?","M","$","?","R","M","R","T","R","?","?","R","M","R","BOSS","M","M","$","M","?","R","?","M","T","R","M","M","R","E","R","BOSS"],"items_purchased_type":["Card","Card","Card","Card","Potion"],"build_version":"2020-12-22","purchased_purges":0,"victory":false,"max_hp_per_floor":[82,82,82,82,82,82,82,82,82,82,82,82,82,82,82,82,82,82,82,82,82,82,82,82,82,82,82,82,82,82,82,82,82,82],"card_choices":[{"not_picked":["Ball Lightning","Beam Cell"],"picked":"Defragment","floor":1},{"not_picked":["Consume","Capacitor"],"picked":"Tempest","floor":3},{"not_picked":["Steam Power","Redo"],"picked":"White Noise","floor":7},{"not_picked":["Streamline","Hologram"],"picked":"White Noise","floor":11},{"not_picked":["Cold Snap","Chaos"],"picked":"Auto Shields","floor":14},{"not_picked":["Meteor Strike","Buffer"],"picked":"Echo Form","floor":16},{"not_picked":["Leap","Barrage","Steam"],"picked":"SKIP","floor":18},{"not_picked":["Streamline","Coolheaded"],"picked":"Reinforced Body","floor":19},{"not_picked":["Blizzard+1","Leap"],"picked":"Buffer","floor":21},{"not_picked":["Steam","Compile Driver","Rebound"],"picked":"SKIP","floor":25},{"not_picked":["Turbo","Doom and Gloom"],"picked":"Storm","floor":28},{"not_picked":["Barrage+1","Redo"],"picked":"Chaos","floor":29},{"not_picked":["Ball Lightning","Barrage","Cold Snap"],"picked":"SKIP","floor":31}],"player_experience":656670,"relics_obtained":[{"floor":5,"key":"Gremlin Horn"},{"floor":9,"key":"Ancient Tea Set"},{"floor":26,"key":"Dead Branch"},{"floor":31,"key":"Regal Pillow"}],"event_choices":[{"damage_healed":0,"gold_gain":0,"cards_transformed":["Defend_B"],"player_choice":"Transformed","damage_taken":0,"max_hp_gain":0,"max_hp_loss":0,"event_name":"Transmorgrifier","floor":2,"gold_loss":0,"cards_obtained":["Thunder Strike"]},{"damage_healed":0,"gold_gain":0,"player_choice":"Grow","damage_taken":0,"max_hp_gain":0,"max_hp_loss":0,"event_name":"Living Wall","floor":12,"gold_loss":0,"cards_upgraded":["Defragment"]},{"damage_healed":0,"gold_gain":0,"player_choice":"Simplicity","damage_taken":0,"max_hp_gain":0,"max_hp_loss":0,"event_name":"Back to Basics","floor":22,"gold_loss":0,"cards_upgraded":["Strike_B","Strike_B","Strike_B","Strike_B","Defend_B","Defend_B","Defend_B"]},{"damage_healed":0,"gold_gain":0,"player_choice":"Ignored","damage_taken":0,"max_hp_gain":0,"max_hp_loss":0,"event_name":"Ghosts","floor":24,"gold_loss":0}],"is_beta":false,"boss_relics":[{"not_picked":["Sozu","FrozenCore","Philosopher\u0027s Stone"]}],"items_purged_floors":[],"is_endless":false,"potions_floor_spawned":[3,11,18,19,21],"killed_by":"Champ","ascension_level":4}}