{"host":"1sep654oresgee70","time":1609250828,"event":{"mods":["2.2 Compatiblity","Aspiration","BaseMod","Better Altar","Better Match","Better Note","Better Sensory Stone","Better Skull","Better Third Choice","Better Vampires","Better-Laid Plans","BetterRewards","Block Reminder","Conspire","Curses Come First","Displayed Cursed Tome","Gold Saver","Hubris","Infinite Spire","Minty Spire (QoL Compilation)","Potion Indicator Mod","Quick Restart","Red Circlet Mod","Replay The Spire","Shop Mod","Spicy Shops","StSLib","The Blue Laboratory","Thieving Mod","Transform Curses","Unceasing Turn Reminder","UnlockEverythingMod"],"gold_per_floor":[415,13,13,31,47,76,76,101,101,131,167,194,94,114,114,216,216,233,256,256,273,279,279],"floor_reached":22,"playtime":872,"items_purged":[],"score":237,"play_id":"2753c721-c799-4809-9b97-6bb6bf33aa5f","local_time":"20201229150708","is_ascension_mode":true,"campfire_choices":[{"floor":7,"key":"REST"},{"floor":15,"key":"REST"}],"circlet_count":0,"master_deck":["Strike_B","Strike_B","Strike_B+1","Strike_B","Defend_B","Defend_B","Defend_B","Defend_B","Zap","Dualcast","Cold Snap","Doubt","Static Discharge","Ball Lightning","Gash","Rainbow","Crystallizer","BootSequence","Self Repair","Ghostly","Tempest","Buffer","Turbo","Coolheaded","BootSequence+1"],"relics":["Cracked Core","Old Coin","aspiration:Nostalgia","Sizzling Blood","hubris:Potato","Gremlin Horn","Replay:Bandana","Potion Belt","Emotion Chip","Snecko Heart","conspire:RoyalGoblet"],"acts_visited":["Exordium","TheCity"],"potions_floor_usage":[8,11,16,16,21],"damage_taken":[{"damage":10,"enemies":"2 Louse","floor":1,"turns":2},{"damage":1,"enemies":"conspire:RoseBush","floor":4,"turns":2},{"damage":2,"enemies":"Jaw Worm","floor":5,"turns":3},{"damage":23,"enemies":"Gremlin Nob","floor":6,"turns":4},{"damage":17,"enemies":"3 Sentries","floor":8,"turns":5},{"damage":11,"enemies":"Replay:BlueRogue","floor":11,"turns":6},{"damage":1,"enemies":"conspire:2 RoseBushes","floor":12,"turns":4},{"damage":2,"enemies":"Exordium Wildlife","floor":14,"turns":4},{"damage":23,"enemies":"Fading Forest","floor":16,"turns":11},{"damage":18,"enemies":"3 Byrds","floor":18,"turns":3},{"damage":8,"enemies":"Chosen","floor":19,"turns":5},{"damage":37,"enemies":"Sentry and Sphere","floor":21,"turns":6},{"damage":30,"enemies":"Centurion and Healer","floor":22,"turns":8}],"seed_played":"128291885779116743","potions_obtained":[{"floor":1,"key":"blueLaboratory:EmptyBottle"},{"floor":6,"key":"EssenceOfSteel"},{"floor":12,"key":"blueLaboratory:CoolantVial"},{"floor":14,"key":"Swift Potion"},{"floor":18,"key":"blueLaboratory:TrueEctoplasm"}],"is_trial":false,"path_per_floor":["M","$","?","M","M","E","R","E","T","?","E","M","?","M","R","B",null,"M","M","AVR","M","M"],"character_chosen":"DEFECT","items_purchased":["aspiration:Nostalgia","hubris:Potato","Static Discharge"],"campfire_rested":2,"item_purchase_floors":[2,2,2],"current_hp_per_floor":[58,62,62,65,67,48,69,56,56,56,49,52,52,61,72,60,72,58,61,61,28,0,0],"gold":279,"neow_bonus":"ONE_RARE_RELIC","is_daily":false,"chose_seed":false,"campfire_upgraded":0,"win_rate":0.0,"timestamp":1609250828,"path_taken":["M","$","?","M","M","E","R","E","T","?","E","M","?","M","R","BOSS","M","M","AVR","M","M"],"items_purchased_type":["Relic","Relic","Card"],"build_version":"2020-12-22","purchased_purges":0,"victory":false,"max_hp_per_floor":[68,72,72,72,72,72,72,72,72,72,72,72,72,72,72,72,72,72,72,72,72,72,72],"card_choices":[{"not_picked":["Compile Driver","Redo"],"picked":"Cold Snap","floor":1},{"not_picked":["Conserve Battery","Streamline"],"picked":"Ball Lightning","floor":4},{"not_picked":["hubris:SpecializedCircuitry","Redo"],"picked":"Gash","floor":5},{"not_picked":["Reprogram","ReplayTheSpireMod:Fabricate Wheel"],"picked":"Rainbow","floor":6},{"not_picked":["Biased Cognition","Streamline"],"picked":"Crystallizer","floor":8},{"not_picked":["Lockon","Stack"],"picked":"BootSequence","floor":11},{"not_picked":["Conserve Battery","Ball Lightning"],"picked":"Self Repair","floor":12},{"not_picked":["ReplayTheSpireMod:Reroute Power","Ball Lightning"],"picked":"Tempest","floor":14},{"not_picked":["Seek","hubris:DoWhile"],"picked":"Buffer","floor":16},{"not_picked":["Sweeping Beam","Streamline"],"picked":"Turbo","floor":18},{"not_picked":["Compile Driver","Beam Cell"],"picked":"Coolheaded","floor":19},{"not_picked":["Gash","Leap+1"],"picked":"BootSequence+1","floor":21}],"player_experience":2403065,"relics_obtained":[{"floor":6,"key":"Gremlin Horn"},{"floor":8,"key":"Replay:Bandana"},{"floor":11,"key":"Emotion Chip"}],"event_choices":[{"damage_healed":0,"gold_gain":30,"player_choice":"Searched \u00273\u0027 times","damage_taken":0,"relics_obtained":["Potion Belt"],"max_hp_gain":0,"max_hp_loss":0,"event_name":"Dead Adventurer","floor":10,"gold_loss":0},{"damage_healed":0,"gold_gain":0,"player_choice":"Argue","damage_taken":0,"max_hp_gain":0,"max_hp_loss":0,"event_name":"conspire:LoneGhost","floor":13,"gold_loss":0}],"is_beta":false,"boss_relics":[{"not_picked":["conspire:SeveredTorchhead","hubris:BlackHole"],"picked":"Snecko Heart"}],"items_purged_floors":[],"is_endless":false,"potions_floor_spawned":[1,6,12,14,18],"killed_by":"Centurion and Healer","ascension_level":3}}