{"host":"sxnl403xm2xmiyj1","time":1609227142,"event":{"mods":["AchievementEnabler","BaseMod","Colored Map","Keyboard Shortcuts","Minty Spire (QoL Compilation)","Quick Restart","StSLib","SuperFastMode"],"gold_per_floor":[111,126,0,12,25,51,69,87,111,174,174,198,198,233,233,332,332,332,32,32,32,32,32,32,32,32,32,32,32,32,32,32,32,32],"floor_reached":33,"playtime":874,"items_purged":[],"score":471,"play_id":"7b3a5a8e-9a19-4400-86ce-57f7243e0eb4","local_time":"20201229163222","is_ascension_mode":true,"campfire_choices":[{"data":"Choke","floor":11.0,"key":"SMITH"},{"data":"Calculated Gamble","floor":13.0,"key":"SMITH"},{"data":"Cloak And Dagger","floor":15.0,"key":"SMITH"},{"floor":23.0,"key":"REST"},{"data":"Envenom","floor":25,"key":"SMITH"},{"data":"Choke","floor":28,"key":"SMITH"},{"data":"Acrobatics","floor":32,"key":"SMITH"}],"circlet_count":0,"master_deck":["Strike_G","Strike_G","Strike_G","Strike_G","Defend_G","Defend_G","Defend_G","Defend_G","Defend_G","Survivor","Neutralize","Storm of Steel","Choke+1","Acrobatics+1","Slice","Footwork","Deflect","PiercingWail","Dodge and Roll","Dagger Throw","Deflect","Calculated Gamble+1","Cloak And Dagger+1","Envenom+1","Poisoned Stab","Footwork","Escape Plan","Tactician+1","Choke+1","Concentrate","Escape Plan"],"relics":["Ring of the Snake","Orichalcum","Regal Pillow","Ninja Scroll","Toy Ornithopter","Omamori","Ectoplasm","ClockworkSouvenir","Molten Egg 2","MutagenicStrength","Akabeko","Pen Nib"],"acts_visited":["Exordium","TheCity"],"potions_floor_usage":[24,33],"damage_taken":[{"damage":1.0,"enemies":"Cultist","floor":1.0,"turns":4.0},{"damage":0.0,"enemies":"Jaw Worm","floor":2.0,"turns":4.0},{"damage":0.0,"enemies":"Small Slimes","floor":4.0,"turns":3.0},{"damage":0.0,"enemies":"Exordium Wildlife","floor":5.0,"turns":3.0},{"damage":11.0,"enemies":"Lagavulin","floor":6.0,"turns":6.0},{"damage":2.0,"enemies":"2 Fungi Beasts","floor":7.0,"turns":5.0},{"damage":2.0,"enemies":"Large Slime","floor":8.0,"turns":5.0},{"damage":0.0,"enemies":"Gremlin Nob","floor":10.0,"turns":1.0},{"damage":2.0,"enemies":"3 Sentries","floor":14.0,"turns":15.0},{"damage":26.0,"enemies":"The Guardian","floor":16.0,"turns":18.0},{"damage":10.0,"enemies":"Spheric Guardian","floor":18.0,"turns":4.0},{"damage":0.0,"enemies":"Chosen","floor":21.0,"turns":3.0},{"damage":14.0,"enemies":"Shelled Parasite and Fungi","floor":22.0,"turns":10.0},{"damage":2,"enemies":"Snake Plant","floor":24,"turns":7},{"damage":29,"enemies":"Gremlin Leader","floor":31,"turns":7},{"damage":13,"enemies":"Automaton","floor":33,"turns":12}],"seed_played":"-5419574467934075239","potions_obtained":[{"floor":1.0,"key":"AttackPotion"},{"floor":5.0,"key":"Poison Potion"},{"floor":6.0,"key":"FearPotion"},{"floor":7.0,"key":"Strength Potion"},{"floor":8.0,"key":"FearPotion"},{"floor":16.0,"key":"SpeedPotion"},{"floor":21.0,"key":"LiquidMemories"}],"is_trial":false,"path_per_floor":["M","M","$","M","M","E","M","M","T","?","R","T","R","E","R","B",null,"M","$","?","M","M","R","M","R","T","?","R","T","?","E","R","B"],"character_chosen":"THE_SILENT","items_purchased":["Slice","Footwork","Footwork","Escape Plan","ClockworkSouvenir"],"campfire_rested":1,"item_purchase_floors":[3,3,19,19,19],"current_hp_per_floor":[62,62,62,62,62,51,49,47,47,47,47,47,47,45,45,19,57,47,47,47,47,33,69,68,68,68,68,68,68,68,39,39,31,31],"gold":32,"neow_bonus":"ONE_RANDOM_RARE_CARD","is_daily":false,"chose_seed":false,"campfire_upgraded":6,"win_rate":0.0,"timestamp":1609227142,"path_taken":["M","M","$","M","M","E","M","M","T","?","R","?","R","E","R","BOSS","M","$","?","?","M","R","M","R","T","?","R","?","?","E","R","BOSS"],"items_purchased_type":["Card","Card","Card","Card","Relic"],"build_version":"2020-12-22","purchased_purges":0,"victory":false,"max_hp_per_floor":[70,70,70,70,70,70,70,70,70,70,70,70,70,70,70,70,70,70,70,70,70,70,70,70,70,70,70,70,70,70,70,70,70,70],"card_choices":[{"not_picked":["Outmaneuver","Distraction"],"picked":"Choke","floor":1.0},{"not_picked":["All Out Attack","Caltrops"],"picked":"Acrobatics","floor":2.0},{"not_picked":["Poisoned Stab","PiercingWail"],"picked":"Deflect","floor":4.0},{"not_picked":["Choke","Backflip"],"picked":"PiercingWail","floor":5.0},{"not_picked":["Riddle With Holes","Dagger Spray"],"picked":"Dodge and Roll","floor":6.0},{"not_picked":["PiercingWail","Prepared"],"picked":"Dagger Throw","floor":7.0},{"not_picked":["Flying Knee","Backflip"],"picked":"Deflect","floor":8.0},{"not_picked":["Dagger Spray","Unload"],"picked":"Calculated Gamble","floor":10.0},{"not_picked":["Footwork","Eviscerate"],"picked":"Cloak And Dagger","floor":14.0},{"not_picked":["Die Die Die","Venomology"],"picked":"Envenom","floor":16.0},{"not_picked":["Distraction","Deadly Poison+1"],"picked":"Poisoned Stab","floor":18.0},{"not_picked":["Well Laid Plans","Backflip+1"],"picked":"Tactician+1","floor":21.0},{"not_picked":["Dagger Spray+1","Concentrate"],"picked":"Choke","floor":22.0},{"not_picked":["Expertise","Catalyst"],"picked":"Concentrate","floor":24},{"not_picked":["Venomology","Crippling Poison+1"],"picked":"Escape Plan","floor":31}],"player_experience":134613,"relics_obtained":[{"floor":6.0,"key":"Orichalcum"},{"floor":9.0,"key":"Regal Pillow"},{"floor":12.0,"key":"Toy Ornithopter"},{"floor":14.0,"key":"Omamori"},{"floor":26,"key":"Molten Egg 2"},{"floor":29,"key":"Akabeko"},{"floor":31,"key":"Pen Nib"}],"event_choices":[{"damage_healed":0.0,"max_hp_gain":0.0,"max_hp_loss":0.0,"gold_gain":0.0,"event_name":"Dead Adventurer","player_choice":"Searched \u00272\u0027 times","floor":10.0,"gold_loss":0.0,"damage_taken":0.0,"relics_obtained":["Ninja Scroll"]},{"cards_removed":["Strike_G"],"damage_healed":0.0,"max_hp_gain":0.0,"max_hp_loss":0.0,"gold_gain":0.0,"event_name":"Purifier","player_choice":"Purged","floor":20.0,"gold_loss":0.0,"damage_taken":0.0},{"damage_healed":0,"gold_gain":0,"player_choice":"Inject Mutagens","damage_taken":0,"relics_obtained":["MutagenicStrength"],"max_hp_gain":0,"max_hp_loss":0,"event_name":"Drug Dealer","floor":27,"gold_loss":0},{"damage_healed":0,"gold_gain":0,"player_choice":"Ignored","damage_taken":0,"max_hp_gain":0,"max_hp_loss":0,"event_name":"Vampires","floor":30,"gold_loss":0}],"is_beta":false,"boss_relics":[{"not_picked":["Snecko Eye","Tiny House"],"picked":"Ectoplasm"}],"items_purged_floors":[],"is_endless":false,"potions_floor_spawned":[1,5,6,7,8,16,21],"killed_by":"Automaton","ascension_level":9}}