{"host":"l84l8xigz5v5foa2","time":1609237609,"event":{"mods":["2.2 Compatiblity","AchievementEnabler","BaseMod","Better Note","Better Vampires","Card Filter","Colored Map","DeckTracker","Downfall","Gremlin Skip","Highlight Path","Keyboard Shortcuts","Minty Spire (QoL Compilation)","Permanent Neow","Quick Restart","Relic Filter","Relic Stats","StSLib","SuperFastMode","Transform Curses","Unknown Chances"],"gold_per_floor":[199,214,230,330,96,96,120,5,25,25,36,46,46,46,58,133,133,133,145,158,258,258,268,268,27,58,76,21,36,36,48,66,140,140,140,153,170,181,181,279,306,319,339,369,383,158,29,29,49,49,49,80,80,80,80],"floor_reached":56,"playtime":3922,"items_purged":["champ:Defend","champ:Strike","champ:Defend","champ:Strike","champ:BerserkerStyle"],"score":2119,"play_id":"62ef7f86-7166-47ae-a963-6c06af349a18","local_time":"20201229192649","is_ascension_mode":true,"campfire_choices":[{"data":"champ:Taunt","floor":1.0,"key":"SMITH"},{"data":"champ:TornadoPunch","floor":6.0,"key":"SMITH"},{"data":"champ:IgnorePain","floor":10.0,"key":"SMITH"},{"data":"champ:EnGarde","floor":13.0,"key":"SMITH"},{"data":"champ:HoldFirm","floor":18.0,"key":"SMITH"},{"data":"champ:FocusedDefense","floor":30.0,"key":"SMITH"},{"floor":35.0,"key":"RECALL"},{"data":"champ:HoldFirm","floor":46.0,"key":"SMITH"},{"data":"champ:Lariat","floor":54,"key":"SMITH"}],"circlet_count":0,"master_deck":["AscendersBane","champ:Strike+1","champ:Defend+1","champ:Defend+1","champ:Taunt+1","champ:DefensiveStyle","champ:TornadoPunch+1","champ:IgnorePain+1","champ:RageSigil+1","champ:DefensiveStyle+1","champ:EnGarde+1","champ:HoldFirm+1","champ:GladiatorsShout+1","champ:ShieldThrow","champ:Backstep","champ:SkillfulDodge","champ:Circumvent","champ:DefensiveStyle","champ:FocusedDefense+1","champ:Circumvent","champ:TornadoPunch+1","champ:HoldFirm+1","champ:FocusedDefense+1","champ:DefensiveStyle","champ:ShieldThrow+1","champ:SkillfulDodge+1","champ:Lariat+1","expansioncontent:DefensiveStance","expansioncontent:ManipulateTime"],"relics":["champ:ChampionCrown","CloakClasp","champ:Barbells","Coffee Dripper","Membership Card","Dream Catcher","Sozu","Guardian:GemstoneGun","Art of War","Toy Ornithopter","downfall:HeartBlessingRed","downfall:HeartBlessingGreen","downfall:HeartBlessingBlue"],"acts_visited":["TheCity","TheBeyond","TheEnding"],"potions_floor_usage":[],"damage_taken":[{"damage":5.0,"enemies":"Jaw Worm","floor":2.0,"turns":3.0},{"damage":5.0,"enemies":"Small Slimes","floor":3.0,"turns":6.0},{"damage":36.0,"enemies":"Small Slimes","floor":4.0,"turns":11.0},{"damage":10.0,"enemies":"downfall:FleeingMerchant","floor":5.0,"turns":4.0},{"damage":10.0,"enemies":"downfall:FleeingMerchant","floor":8.0,"turns":4.0},{"damage":5.0,"enemies":"Cultist","floor":9.0,"turns":3.0},{"damage":5.0,"enemies":"Red Slaver","floor":11.0,"turns":4.0},{"damage":8.0,"enemies":"Exordium Wildlife","floor":12.0,"turns":4.0},{"damage":19.0,"enemies":"Large Slime","floor":15.0,"turns":7.0},{"damage":31.0,"enemies":"downfall:Ironclad","floor":16.0,"turns":10.0},{"damage":0.0,"enemies":"Chosen","floor":19.0,"turns":4.0},{"damage":12.0,"enemies":"Snake Plant","floor":20.0,"turns":5.0},{"damage":13.0,"enemies":"downfall:Augmenter","floor":21.0,"turns":6.0},{"damage":2.0,"enemies":"Snecko","floor":23.0,"turns":4.0},{"damage":6.0,"enemies":"downfall:FleeingMerchant","floor":25.0,"turns":4.0},{"damage":0.0,"enemies":"Gremlin Leader","floor":26.0,"turns":11.0},{"damage":2.0,"enemies":"3 Cultists","floor":27.0,"turns":5.0},{"damage":6.0,"enemies":"downfall:FleeingMerchant","floor":28.0,"turns":4.0},{"damage":8.0,"enemies":"Shelled Parasite and Fungi","floor":29.0,"turns":6.0},{"damage":7.0,"enemies":"Chosen and Byrds","floor":31.0,"turns":4.0},{"damage":0.0,"enemies":"Cultist and Chosen","floor":32.0,"turns":3.0},{"damage":0.0,"enemies":"downfall:Defect","floor":33.0,"turns":6.0},{"damage":0.0,"enemies":"Orb Walker","floor":36.0,"turns":4.0},{"damage":0.0,"enemies":"3 Darklings","floor":37.0,"turns":10.0},{"damage":0.0,"enemies":"Maw","floor":38.0,"turns":6.0},{"damage":0.0,"enemies":"downfall:FleeingMerchant","floor":40.0,"turns":4.0},{"damage":0.0,"enemies":"4 Shapes","floor":42.0,"turns":5.0},{"damage":1.0,"enemies":"3 Darklings","floor":43.0,"turns":5.0},{"damage":0.0,"enemies":"Reptomancer","floor":44.0,"turns":6.0},{"damage":0.0,"enemies":"Maw","floor":45.0,"turns":6.0},{"damage":0.0,"enemies":"4 Shapes","floor":49.0,"turns":5.0},{"damage":0,"enemies":"downfall:Silent","floor":50,"turns":9},{"damage":0,"enemies":"downfall:CharBossMerchant","floor":52,"turns":6},{"damage":4,"enemies":"downfall:NeowBoss","floor":55,"turns":21}],"seed_played":"-3638345863674349104","potions_obtained":[{"floor":3.0,"key":"ColorlessPotion"},{"floor":9.0,"key":"Dexterity Potion"},{"floor":11.0,"key":"Dexterity Potion"},{"floor":19.0,"key":"SteroidPotion"},{"floor":27.0,"key":"DistilledChaos"},{"floor":29.0,"key":"hexamod:EctoCoolerPotion"},{"floor":31.0,"key":"LiquidBronze"},{"floor":32.0,"key":"DistilledChaos"}],"is_trial":false,"path_per_floor":["R","M","M","?","$","R","T","$","M","R","M","M","R","?","M","B",null,"R","M","M","?","?","M","T","$","E","M","$","M","R","M","M","B",null,"R","M","M","M","?","$","T","M","M","E","M","R","$","?","M","B",null,"E","$","R","B",null],"character_chosen":"THE_CHAMP","items_purchased":["champ:Barbells","Membership Card","champ:SkillfulDodge","champ:FocusedDefense","champ:ShieldThrow","Guardian:GemstoneGun","champ:Lariat"],"campfire_rested":0,"item_purchase_floors":[5,25,25,28,40,40,47],"current_hp_per_floor":[73,73,73,52,52,52,52,52,52,52,52,52,52,52,48,25,67,67,67,58,58,58,58,58,58,58,56,56,48,48,41,41,41,71,71,71,71,71,71,71,71,71,70,70,70,80,80,70,70,70,86,86,86,86,82],"gold":80,"neow_bonus":"HUNDRED_GOLD","is_daily":false,"chose_seed":false,"campfire_upgraded":8,"win_rate":0.0,"timestamp":1609237609,"path_taken":["R","M","M","?","$","R","T","$","M","R","M","M","R","?","M","BOSS","R","M","M","?","?","M","T","$","E","M","?","M","R","M","M","BOSS","R","M","M","M","?","$","T","?","M","E","M","R","$","?","M","BOSS","E","$","R","BOSS"],"items_purchased_type":["Relic","Relic","Card","Card","Card","Relic","Card"],"build_version":"2020-12-22","purchased_purges":5,"victory":true,"max_hp_per_floor":[81,81,81,81,81,81,81,81,81,81,81,81,81,81,81,81,81,81,81,81,81,81,81,81,81,81,81,81,81,81,81,81,81,81,81,81,81,81,81,81,81,81,81,81,81,91,91,91,91,91,91,91,91,91,91],"relic_stats":{"Sozu":9,"Dream Catcher":0,"counters":[34,205],"CloakClasp":[295],"Art of War":[32],"obtain_stats":[{"champ:Barbells":5,"downfall:HeartBlessingRed":46,"Guardian:GemstoneGun":40,"champ:ChampionCrown":0,"downfall:HeartBlessingGreen":46,"CloakClasp":4,"Sozu":34,"Dream Catcher":26,"downfall:HeartBlessingBlue":46,"Coffee Dripper":17,"Art of War":41,"Membership Card":25,"Toy Ornithopter":44},{"champ:Barbells":4,"downfall:HeartBlessingRed":30,"Guardian:GemstoneGun":26,"champ:ChampionCrown":0,"downfall:HeartBlessingGreen":30,"CloakClasp":3,"Sozu":22,"Dream Catcher":16,"downfall:HeartBlessingBlue":30,"Coffee Dripper":10,"Art of War":26,"Membership Card":15,"Toy Ornithopter":29},{"champ:Barbells":24,"downfall:HeartBlessingRed":164,"Guardian:GemstoneGun":142,"champ:ChampionCrown":0,"downfall:HeartBlessingGreen":164,"CloakClasp":20,"Sozu":118,"Dream Catcher":90,"downfall:HeartBlessingBlue":164,"Coffee Dripper":56,"Art of War":142,"Membership Card":79,"Toy Ornithopter":158}],"Toy Ornithopter":0},"card_choices":[{"not_picked":["champ:ArenaPreparation","champ:FanOfKnives"],"picked":"champ:DefensiveStyle","floor":2.0},{"not_picked":["champ:DefensiveShout","champ:Haymaker","champ:RageSigil"],"picked":"SKIP","floor":3.0},{"not_picked":["champ:BringItOn","champ:CrookedStrike"],"picked":"champ:TornadoPunch","floor":4.0},{"not_picked":["champ:FlashCut","champ:IronFortress"],"picked":"champ:IgnorePain","floor":5.0},{"not_picked":["champ:AdrenalArmor","champ:IronFortress"],"picked":"champ:BerserkerStyle","floor":8.0},{"not_picked":["champ:FanOfKnives","champ:DeathBlow"],"picked":"champ:RageSigil","floor":9.0},{"not_picked":["champ:BerserkersShout","champ:PerfectedStrike"],"picked":"champ:DefensiveStyle","floor":11.0},{"not_picked":["champ:Control","champ:ArenaPreparation"],"picked":"champ:EnGarde","floor":12.0},{"not_picked":["champ:StanceDance","champ:ShieldSigil","champ:BerserkersShout"],"picked":"SKIP","floor":15.0},{"not_picked":["champ:VampiricStrike","champ:Improvising"],"picked":"champ:HoldFirm","floor":16.0},{"not_picked":["champ:BringItOn","champ:CalledShot","champ:Haymaker"],"picked":"SKIP","floor":19.0},{"not_picked":["champ:BringItOn","champ:Encircle","champ:Riposte"],"picked":"SKIP","floor":20.0},{"not_picked":["champ:CalledShot+1","champ:DefensiveShout"],"picked":"champ:ShieldThrow","floor":21.0},{"not_picked":["champ:GladiatorStyle","champ:CrookedStrike","champ:IronFortress"],"picked":"SKIP","floor":23.0},{"not_picked":["champ:PerfectedStrike","champ:FanOfKnives"],"picked":"champ:Backstep","floor":25.0},{"not_picked":["champ:ArenaPreparation","champ:FlashCut","champ:RageSigil"],"picked":"SKIP","floor":26.0},{"not_picked":["champ:EnGarde","champ:DefensiveShout+1"],"picked":"champ:Circumvent","floor":27.0},{"not_picked":["champ:EnGarde","champ:AdrenalArmor"],"picked":"champ:DefensiveStyle","floor":28.0},{"not_picked":["champ:DefensiveShout","champ:PreciseThrust"],"picked":"champ:Circumvent","floor":29.0},{"not_picked":["champ:GutPunch","champ:FalseCounter"],"picked":"champ:TornadoPunch+1","floor":31.0},{"not_picked":["champ:GutPunch","champ:PerfectedStrike","champ:ShieldSigil+1"],"picked":"SKIP","floor":32.0},{"not_picked":["champ:Improvising","champ:ShieldSlam"],"picked":"champ:HoldFirm","floor":33.0},{"not_picked":["champ:Riposte","champ:AdrenalArmor+1","champ:FlashCut+1"],"picked":"SKIP","floor":36.0},{"not_picked":["champ:Balance+1","champ:CalledShot","champ:IronFortress"],"picked":"SKIP","floor":37.0},{"not_picked":["champ:Circumvent","champ:CrookedStrike+1"],"picked":"champ:FocusedDefense+1","floor":38.0},{"not_picked":["champ:EndlessRage+1","champ:FalseCounter"],"picked":"champ:DefensiveStyle","floor":40.0},{"not_picked":["champ:ArenaPreparation","champ:FlashCut","champ:Backstep"],"picked":"SKIP","floor":42.0},{"not_picked":["champ:FlashCut","champ:GladiatorsShout","champ:RisingSlash"],"picked":"SKIP","floor":43.0},{"not_picked":["champ:Haymaker","champ:TornadoPunch"],"picked":"champ:SkillfulDodge+1","floor":44.0},{"not_picked":["champ:ShieldSigil","champ:AdrenalArmor","champ:Backstep"],"picked":"SKIP","floor":45.0},{"not_picked":["expansioncontent:ChargeUp","expansioncontent:DonusPower"],"picked":"expansioncontent:DefensiveStance","floor":48.0},{"not_picked":["expansioncontent:ChargeUp","expansioncontent:PolyBeam"],"picked":"expansioncontent:ManipulateTime","floor":48.0},{"not_picked":["champ:GutPunch+1","champ:StanceDance","champ:Haymaker+1"],"picked":"SKIP","floor":49.0},{"not_picked":["champ:BerserkersShout","champ:Circumvent","champ:RageSigil"],"picked":"SKIP","floor":52}],"player_experience":2786054,"relics_obtained":[{"floor":4.0,"key":"CloakClasp"},{"floor":26.0,"key":"Dream Catcher"},{"floor":41.0,"key":"Art of War"},{"floor":44.0,"key":"Toy Ornithopter"}],"event_choices":[{"damage_healed":0.0,"max_hp_gain":0.0,"max_hp_loss":0.0,"gold_gain":0.0,"event_name":"Lab","player_choice":"Got Potions","floor":39.0,"gold_loss":0.0,"damage_taken":0.0}],"is_beta":false,"boss_relics":[{"not_picked":["Ectoplasm","champ:PowerArmor"],"picked":"Coffee Dripper"},{"not_picked":["Astrolabe","Cursed Key"],"picked":"Sozu"}],"items_purged_floors":[5,8,25,40,47],"is_endless":false,"potions_floor_spawned":[3,9,11,12,19,27,29,31,32,38,42,44,45,49,52],"ascension_level":14}}