{"host":"j29osl8nelwi4hyu","time":1609227950,"event":{"mods":["BaseMod","Colored Powertips","Hubris","Infinite Spire","Minty Spire (QoL Compilation)","Replay The Spire","StSLib"],"gold_per_floor":[112,127,139,115,126,126,126,160,210,210,210,210,242,259,259,409,409,398,413,413,413,423,455,455,480,480,480,480,508,4,21,21,120,220,235,34,44,44,62,62,97,111,137,166,70,99,99,114,114,114,114],"floor_reached":50,"playtime":2827,"items_purged":["Gash"],"score":975,"play_id":"ae05ce38-cfc3-44a9-837e-e06729595e94","local_time":"20201228234550","is_ascension_mode":true,"campfire_choices":[{"data":"Madness","floor":6.0,"key":"SMITH"},{"floor":10.0,"key":"REST"},{"data":"Zap","floor":12.0,"key":"SMITH"},{"floor":15.0,"key":"REST"},{"floor":24.0,"key":"REST"},{"data":"Creative AI","floor":32.0,"key":"SMITH"},{"floor":40.0,"key":"REST"},{"floor":49.0,"key":"REST"}],"circlet_count":0,"master_deck":["Strike_B","Strike_B+1","Strike_B","Strike_B+1","Defend_B","Defend_B","Defend_B","Defend_B","Zap+1","Dualcast","Madness+1","Conserve Battery","Leap","Skim","Go for the Eyes","Barrage","Sweeping Beam","Coolheaded","Mirror Shield","ReplayTheSpireMod:Repulse+1","Hologram","Pot Of Greed+1","Pot Of Greed+1","infinitespire:DeathsTouch","Ball Lightning","Pot Of Greed+1","FTL+1","Creative AI+1","Electrodynamics","hubris:SpecializedCircuitry","Sickly","Buffer","Bandage Up","infinitespire:UltimateForm","Leap+1","Steam","Consume+1","Pot Of Greed+1","Redo","Pot Of Greed+1","Pot Of Greed+1","Pot Of Greed+1","Pot Of Greed+1","Defragment"],"relics":["Cracked Core","Ring of Panic","ReplayTheSpireMod:Ring of Addiction","White Beast Statue","hubris:EmptyBottle","Whetstone","hubris:MobiusCoin","hubris:Towel","Mummified Hand","Philosopher\u0027s Stone","Grinning Jar","SlaversCollar","infinitespire:Beetle Shell","Pen Nib","MutagenicStrength","hubris:DisguiseKit","hubris:GlazedTorus","Membership Card","ReplayTheSpireMod:SealedPack","Runic Capacitor","Centennial Puzzle","Juzu Bracelet","Prayer Wheel","Grinning Jar","Replay:Bottled Eggs","Lee\u0027s Waffle","Regal Pillow"],"acts_visited":["Exordium","TheCity","TheBeyond"],"potions_floor_usage":[50,50,50,50,50],"damage_taken":[{"damage":0.0,"enemies":"Cultist","floor":1.0,"turns":3.0},{"damage":7.0,"enemies":"Jaw Worm","floor":2.0,"turns":3.0},{"damage":0.0,"enemies":"2 Louse","floor":3.0,"turns":3.0},{"damage":6.0,"enemies":"Looter","floor":5.0,"turns":4.0},{"damage":30.0,"enemies":"Gremlin Nob","floor":8.0,"turns":4.0},{"damage":10.0,"enemies":"Lagavulin","floor":13.0,"turns":7.0},{"damage":4.0,"enemies":"Red Slaver","floor":14.0,"turns":4.0},{"damage":12.0,"enemies":"Hexaghost","floor":16.0,"turns":11.0},{"damage":15.0,"enemies":"2 Thieves","floor":18.0,"turns":4.0},{"damage":12.0,"enemies":"Chosen","floor":19.0,"turns":7.0},{"damage":12.0,"enemies":"Snecko","floor":22.0,"turns":3.0},{"damage":37.0,"enemies":"Gremlin Leader","floor":23.0,"turns":6.0},{"damage":22.0,"enemies":"Nightmare","floor":25.0,"turns":6.0},{"damage":0.0,"enemies":"Gremlin Leader","floor":29.0,"turns":5.0},{"damage":0.0,"enemies":"Snake Plant","floor":31.0,"turns":3.0},{"damage":19.0,"enemies":"Automaton","floor":33.0,"turns":9.0},{"damage":5.0,"enemies":"3 Shapes","floor":35.0,"turns":3.0},{"damage":2.0,"enemies":"Orb Walker","floor":37.0,"turns":2.0},{"damage":37.0,"enemies":"3 Darklings","floor":39.0,"turns":4.0},{"damage":0.0,"enemies":"Giant Head","floor":41.0,"turns":5.0},{"damage":0.0,"enemies":"Maw","floor":42.0,"turns":7.0},{"damage":53.0,"enemies":"Nemesis","floor":44.0,"turns":7.0},{"damage":22.0,"enemies":"Reptomancer","floor":46.0,"turns":7.0},{"damage":26.0,"enemies":"Jaw Worm Horde","floor":48.0,"turns":3.0},{"damage":77,"enemies":"Awakened One","floor":50,"turns":5}],"seed_played":"-5877058059057071285","potions_obtained":[{"floor":2.0,"key":"SpeedPotion"},{"floor":7.0,"key":"Elixir"},{"floor":7.0,"key":"Explosive Potion"},{"floor":8.0,"key":"Venom Potion"},{"floor":14.0,"key":"Doom Potion"},{"floor":16.0,"key":"Reflective Coating"},{"floor":19.0,"key":"FairyPotion"},{"floor":23.0,"key":"LiquidMemories"},{"floor":25.0,"key":"LiquidMemories"},{"floor":28.0,"key":"Flashbang"},{"floor":28.0,"key":"SpeedPotion"},{"floor":28.0,"key":"Regen Potion"},{"floor":31.0,"key":"LiquidMemories"},{"floor":33.0,"key":"Regen Potion"},{"floor":35.0,"key":"FearPotion"},{"floor":37.0,"key":"Strength Potion"},{"floor":39.0,"key":"DuplicationPotion"},{"floor":42.0,"key":"PowerPotion"},{"floor":46.0,"key":"Strength Potion"}],"is_trial":false,"path_per_floor":["M","M","M","$","M","R","?","E","T","R","?","R","E","M","R","B",null,"M","M","?","AVR","M","E","R","NM","T","?","?","E","$","M","R","B",null,"M","$","M","?","M","R","E","M","T","E","$","E","$","M","R","B"],"character_chosen":"DEFECT","items_purchased":["Go for the Eyes","hubris:GlazedTorus","Membership Card","Creative AI","Runic Capacitor","Centennial Puzzle","Steam","Lee\u0027s Waffle","Defragment"],"campfire_rested":5,"item_purchase_floors":[4,30,30,30,36,36,36,45,45],"current_hp_per_floor":[68,61,61,61,55,55,55,25,25,47,47,47,37,33,54,42,65,50,38,25,25,13,22,44,22,22,22,22,37,37,49,49,30,62,57,57,70,70,33,54,58,62,62,13,75,57,57,31,67,0,0],"gold":114,"neow_bonus":"RANDOM_COLORLESS","is_daily":false,"chose_seed":false,"campfire_upgraded":3,"win_rate":0.0,"timestamp":1609227950,"path_taken":["M","?","M","$","M","R","?","E","T","R","?","R","E","M","R","BOSS","M","M","?","AVR","M","E","R","NM","T","?","?","E","$","M","R","BOSS","M","$","M","?","M","R","E","M","T","E","$","E","?","M","R","BOSS"],"items_purchased_type":["Card","Relic","Relic","Card","Relic","Relic","Card","Relic","Card"],"build_version":"2020-12-22","purchased_purges":1,"victory":false,"max_hp_per_floor":[75,75,75,75,75,75,75,75,75,75,75,73,73,73,73,73,73,73,73,76,76,76,74,74,74,74,72,72,72,72,72,72,72,72,72,72,70,70,70,70,68,68,68,68,75,75,75,73,73,73,73],"card_choices":[{"not_picked":["Deep Breath","hubris:Insight"],"picked":"Madness","floor":0.0},{"not_picked":["Rebound","Coolheaded"],"picked":"Conserve Battery","floor":1.0},{"not_picked":["Stack","BasicCrystalCard"],"picked":"Leap","floor":2.0},{"not_picked":["Steam","Panic Button"],"picked":"Skim","floor":3.0},{"not_picked":["BasicCrystalCard","Skim"],"picked":"Barrage","floor":5.0},{"not_picked":["Storm","Barrage"],"picked":"Sweeping Beam","floor":8.0},{"not_picked":["Time Bomb","Beam Cell"],"picked":"Coolheaded","floor":13.0},{"not_picked":["Sweeping Beam","Static Discharge"],"picked":"Gash","floor":14.0},{"not_picked":["Amplify","Rainbow"],"picked":"Mirror Shield","floor":16.0},{"not_picked":["Static Discharge+1","Consume"],"picked":"ReplayTheSpireMod:Repulse+1","floor":18.0},{"not_picked":["Steam Power","Conserve Battery"],"picked":"Hologram","floor":19.0},{"not_picked":["Steam","Darkness"],"picked":"Ball Lightning","floor":22.0},{"not_picked":["Stack","Rip and Tear"],"picked":"Static Discharge","floor":23.0},{"not_picked":["All For One","Static Discharge","Fusion+1"],"picked":"SKIP","floor":25.0},{"not_picked":["Force Field+1","Leap"],"picked":"FTL+1","floor":29.0},{"not_picked":["Ball Lightning+1","Melter","Poisoned Stab"],"picked":"Electrodynamics","floor":31.0},{"not_picked":["Biased Cognition","Mirror Shield","Venomology"],"picked":"hubris:SpecializedCircuitry","floor":33.0},{"not_picked":["ReplayTheSpireMod:Omega Cannon","hubris:DoWhile","Reboot"],"picked":"Buffer","floor":34.0},{"not_picked":["ReplayTheSpireMod:Trickstab","PanicButton","hubris:Ssssneak"],"picked":"Bandage Up","floor":34.0},{"not_picked":["ReplayTheSpireMod:Chaos Vortex","infinitespire:FinalStrike","ReplayTheSpireMod:Haul"],"picked":"infinitespire:UltimateForm","floor":34.0},{"not_picked":["Crystallizer+1","Heatsinks+1","Bane"],"picked":"Leap+1","floor":35.0},{"not_picked":["Capacitor","Time Bomb+1","Tactician"],"picked":"Consume+1","floor":37.0},{"not_picked":["Heatsinks","Ball Lightning+1","hubris:SlightOfHand"],"picked":"ReplayTheSpireMod:Fabricate Wheel","floor":39.0},{"not_picked":["FIFO Queue","Genetic Algorithm","Toxin Wave"],"picked":"Redo","floor":41.0},{"not_picked":["Ball Lightning","Doom and Gloom+1","Coolheaded+1","Sucker Punch"],"picked":"SKIP","floor":42.0},{"not_picked":["ReplayTheSpireMod:GoodbyeWorld","Turbo+1","Rebound","Flying Knee"],"picked":"SKIP","floor":42.0},{"not_picked":["Leap+1","Redo+1","Undo","Replay:Bag of Tricks"],"picked":"SKIP","floor":44.0},{"not_picked":["Beam Cell+1","Electrodynamics","Compile Driver+1","Outmaneuver"],"picked":"SKIP","floor":46.0},{"not_picked":["Lockon","ReplayGash+1","Doom and Gloom","ReplayTheSpireMod:The Works"],"picked":"SKIP","floor":48.0},{"not_picked":["Barrage+1","Blizzard","Darkness","Prepared"],"picked":"SKIP","floor":48.0}],"player_experience":276946,"relics_obtained":[{"floor":7.0,"key":"Ring of Panic"},{"floor":7.0,"key":"ReplayTheSpireMod:Ring of Addiction"},{"floor":7.0,"key":"White Beast Statue"},{"floor":7.0,"key":"hubris:EmptyBottle"},{"floor":8.0,"key":"Whetstone"},{"floor":9.0,"key":"hubris:MobiusCoin"},{"floor":13.0,"key":"Mummified Hand"},{"floor":23.0,"key":"infinitespire:Beetle Shell"},{"floor":25.0,"key":"Pen Nib"},{"floor":29.0,"key":"hubris:DisguiseKit"},{"floor":41.0,"key":"Juzu Bracelet"},{"floor":43.0,"key":"Grinning Jar"},{"floor":44.0,"key":"Replay:Bottled Eggs"},{"floor":46.0,"key":"Regal Pillow"}],"event_choices":[{"damage_healed":0.0,"max_hp_gain":5.0,"max_hp_loss":0.0,"gold_gain":0.0,"event_name":"Forgotten Altar","player_choice":"Shed Blood","floor":20.0,"gold_loss":0.0,"damage_taken":18.0},{"damage_healed":0.0,"max_hp_gain":0.0,"max_hp_loss":0.0,"gold_gain":0.0,"event_name":"Drug Dealer","player_choice":"Inject Mutagens","floor":27.0,"gold_loss":0.0,"damage_taken":0.0,"relics_obtained":["MutagenicStrength"]},{"damage_healed":0.0,"max_hp_gain":0.0,"max_hp_loss":0.0,"gold_gain":0.0,"event_name":"Lab","player_choice":"Got Potions","floor":28.0,"gold_loss":0.0,"damage_taken":0.0},{"cards_removed":["Static Discharge"],"damage_healed":0.0,"max_hp_gain":0.0,"max_hp_loss":0.0,"gold_gain":0.0,"event_name":"Bonfire Elementals","player_choice":"Offered Uncommon","floor":38.0,"gold_loss":0.0,"damage_taken":0.0}],"is_beta":false,"boss_relics":[{"not_picked":["Pandora\u0027s Box","Empty Cage"],"picked":"Philosopher\u0027s Stone"},{"not_picked":["Replay:Drink Me","Velvet Choker"],"picked":"ReplayTheSpireMod:SealedPack"}],"items_purged_floors":[36],"is_endless":true,"potions_floor_spawned":[2,8,13,14,16,18,19,22,23,25,29,31,33,35,37,39,41,42,44,46,48],"killed_by":"Awakened One","ascension_level":6}}