{"host":"Zion","time":1609227793,"event":{"mods":["AchievementEnabler","BaseMod","Colored Map","DeckTracker","Minty Spire (QoL Compilation)","Quick Restart","Rare Cards Sparkle"],"gold_per_floor":[111,123,134,148,160,188,201,226,251,201,201,221,94,106,106,206,206,226,226,240,140,157,157,185,185,185,205,80,95,145,161,161,263,263,263,263],"floor_reached":35,"playtime":1696,"items_purged":["Strike_R","Defend_R","Bite"],"score":516,"play_id":"7890d575-31ea-46a9-9fe4-8e612b40725f","local_time":"20201229164313","is_ascension_mode":true,"campfire_choices":[{"data":"Blood for Blood","floor":11.0,"key":"SMITH"},{"data":"Shrug It Off","floor":15.0,"key":"SMITH"},{"data":"Brutality","floor":23.0,"key":"SMITH"},{"data":"Offering","floor":32.0,"key":"SMITH"}],"circlet_count":0,"master_deck":["Defend_R","Defend_R","Defend_R","Bash","Wild Strike","Shockwave","Offering+1","Blood for Blood+1","Pummel","Rupture+1","Shrug It Off+1","Immolate","Bite","Bite","Bite","Bite","Brutality+1","Warcry+1","Warcry+1","Heavy Blade","Shrug It Off+1"],"relics":["Burning Blood","NeowsBlessing","Potion Belt","Bronze Scales","Toy Ornithopter","Coffee Dripper","Toxic Egg 2","Shuriken","Cursed Key"],"acts_visited":["Exordium","TheCity","TheBeyond"],"potions_floor_usage":[33],"damage_taken":[{"damage":0.0,"enemies":"Jaw Worm","floor":1.0,"turns":1.0},{"damage":0.0,"enemies":"Small Slimes","floor":2.0,"turns":1.0},{"damage":0.0,"enemies":"Cultist","floor":3.0,"turns":1.0},{"damage":13.0,"enemies":"Large Slime","floor":4.0,"turns":6.0},{"damage":21.0,"enemies":"Gremlin Gang","floor":5.0,"turns":5.0},{"damage":21.0,"enemies":"Lagavulin","floor":6.0,"turns":5.0},{"damage":15.0,"enemies":"2 Fungi Beasts","floor":7.0,"turns":3.0},{"damage":26.0,"enemies":"3 Sentries","floor":8.0,"turns":6.0},{"damage":6.0,"enemies":"Red Slaver","floor":12.0,"turns":1.0},{"damage":7.0,"enemies":"Blue Slaver","floor":14.0,"turns":4.0},{"damage":27.0,"enemies":"Slime Boss","floor":16.0,"turns":10.0},{"damage":14.0,"enemies":"2 Thieves","floor":18.0,"turns":2.0},{"damage":6.0,"enemies":"3 Byrds","floor":20.0,"turns":2.0},{"damage":26.0,"enemies":"Sentry and Sphere","floor":22.0,"turns":4.0},{"damage":20.0,"enemies":"Slavers","floor":24.0,"turns":4.0},{"damage":40.0,"enemies":"Shelled Parasite and Fungi","floor":27.0,"turns":3.0},{"damage":12.0,"enemies":"3 Cultists","floor":29.0,"turns":3.0},{"damage":9.0,"enemies":"Snecko","floor":31.0,"turns":3.0},{"damage":43,"enemies":"Champ","floor":33,"turns":6},{"damage":0,"enemies":"3 Darklings","floor":35,"turns":1}],"seed_played":"2278516563666135832","potions_obtained":[{"floor":3.0,"key":"DistilledChaos"},{"floor":5.0,"key":"SteroidPotion"},{"floor":6.0,"key":"EntropicBrew"},{"floor":7.0,"key":"DuplicationPotion"},{"floor":12.0,"key":"PowerPotion"},{"floor":14.0,"key":"LiquidMemories"},{"floor":18.0,"key":"ColorlessPotion"},{"floor":24.0,"key":"DuplicationPotion"},{"floor":33,"key":"Dexterity Potion"}],"is_trial":false,"path_per_floor":["M","M","M","M","M","E","M","E","T","?","R","M","$","M","R","B",null,"M","?","M","$","M","R","E","?","T","M","$","M","?","M","R","B",null,"M"],"character_chosen":"IRONCLAD","items_purchased":["Shrug It Off"],"campfire_rested":0,"item_purchase_floors":[13],"current_hp_per_floor":[80,80,80,73,58,43,34,14,14,14,14,19,19,39,39,18,65,57,56,56,56,44,44,51,51,51,25,25,25,25,35,35,19,47,47,47],"gold":263,"neow_bonus":"THREE_ENEMY_KILL","is_daily":false,"chose_seed":false,"campfire_upgraded":4,"win_rate":0.0,"timestamp":1609227793,"path_taken":["M","M","M","M","M","E","M","E","T","?","R","M","$","M","R","BOSS","M","?","M","$","M","R","E","?","T","M","$","?","?","?","R","BOSS","M"],"items_purchased_type":["Card"],"build_version":"2020-12-18","purchased_purges":3,"victory":false,"max_hp_per_floor":[80,80,80,80,80,80,80,80,80,80,80,80,80,80,80,80,80,80,56,56,56,56,56,56,56,56,56,56,56,56,56,56,56,56,56,56],"card_choices":[{"not_picked":["Sword Boomerang","Burning Pact","Heavy Blade"],"picked":"SKIP","floor":1.0},{"not_picked":["Dropkick","Metallicize","True Grit"],"picked":"SKIP","floor":2.0},{"not_picked":["Ghostly Armor","Iron Wave"],"picked":"Wild Strike","floor":3.0},{"not_picked":["Heavy Blade","Rupture"],"picked":"Shockwave","floor":4.0},{"not_picked":["Pommel Strike","Thunderclap"],"picked":"Offering","floor":5.0},{"not_picked":["Evolve","Sentinel"],"picked":"Blood for Blood","floor":6.0},{"not_picked":["Havoc","Dropkick","True Grit"],"picked":"SKIP","floor":7.0},{"not_picked":["Body Slam","Anger"],"picked":"Pummel","floor":8.0},{"not_picked":["Armaments","Perfected Strike"],"picked":"Rupture","floor":12.0},{"not_picked":["Twin Strike","Uppercut","Warcry"],"picked":"SKIP","floor":14.0},{"not_picked":["Reaper","Impervious"],"picked":"Immolate","floor":16.0},{"not_picked":["Iron Wave","Twin Strike","Havoc"],"picked":"SKIP","floor":18.0},{"not_picked":["Sword Boomerang","Wild Strike","Iron Wave"],"picked":"SKIP","floor":20.0},{"not_picked":["Rupture+1","Shockwave"],"picked":"Brutality","floor":22.0},{"not_picked":["Clothesline+1","Cleave"],"picked":"Warcry+1","floor":24.0},{"not_picked":["Combust","Cleave+1"],"picked":"Warcry+1","floor":27.0},{"not_picked":["Thunderclap","Double Tap+1"],"picked":"Heavy Blade","floor":29.0},{"not_picked":["Searing Blow","Warcry+1"],"picked":"Shrug It Off+1","floor":31.0}],"player_experience":195045,"relics_obtained":[{"floor":6.0,"key":"Potion Belt"},{"floor":8.0,"key":"Bronze Scales"},{"floor":9.0,"key":"Toy Ornithopter"},{"floor":24.0,"key":"Toxic Egg 2"},{"floor":26.0,"key":"Shuriken"}],"event_choices":[{"cards_removed":["Strike_R"],"damage_healed":0.0,"max_hp_gain":0.0,"max_hp_loss":0.0,"gold_gain":0.0,"event_name":"The Cleric","player_choice":"Card Removal","floor":10.0,"gold_loss":50.0,"damage_taken":0.0},{"damage_healed":0.0,"max_hp_gain":0.0,"max_hp_loss":24.0,"gold_gain":0.0,"event_name":"Vampires","player_choice":"Became a vampire","floor":19.0,"gold_loss":0.0,"damage_taken":0.0,"cards_obtained":["Bite","Bite","Bite","Bite","Bite"]},{"damage_healed":0.0,"max_hp_gain":0.0,"max_hp_loss":0.0,"gold_gain":0.0,"event_name":"Accursed Blacksmith","player_choice":"Forge","floor":25.0,"gold_loss":0.0,"damage_taken":0.0,"cards_upgraded":["Rupture"]},{"damage_healed":0.0,"max_hp_gain":0.0,"max_hp_loss":0.0,"gold_gain":100.0,"event_name":"The Joust","player_choice":"Bet on Murderer","floor":30.0,"gold_loss":50.0,"damage_taken":0.0}],"is_beta":true,"boss_relics":[{"not_picked":["Tiny House","Pandora\u0027s Box"],"picked":"Coffee Dripper"},{"not_picked":["Fusion Hammer","Busted Crown"],"picked":"Cursed Key"}],"items_purged_floors":[13,21,28],"is_endless":false,"potions_floor_spawned":[3,5,6,7,12,14,18,24,33],"killed_by":"3 Darklings","ascension_level":5}}