{"host":"hfxahm4y1ssattqc","time":1609203266,"event":{"mods":["2.2 Compatiblity","Act Like it!","BaseMod","Beaked The Cultist","BetterRewards","Colored Map","Colored Powertips","Custom Start","Googly Eyes","Halation","Hallownest","Highlight Path","Hubris","Mimic Mod","Minty Spire (QoL Compilation)","Shop Mod","Spikes Relics","StSLib","The Bug Knight","The IronCluck","The Jungle","Unknown Chances","slay the spire mod where everything is the same but ironclad has a cowboy hat"],"gold_per_floor":[112,212,223,241,258,258,268,268,268,336,351,378,378,395,395,495,495,511,500,356,366,291,291,291,291],"floor_reached":24,"playtime":975,"items_purged":[],"score":200,"play_id":"12068cc1-943e-4ae4-89bf-ec8c8df24b84","local_time":"20201228165426","is_ascension_mode":false,"campfire_choices":[{"data":"Armaments","floor":6.0,"key":"SMITH"},{"floor":8.0,"key":"RECALL"},{"data":"Cleave","floor":13.0,"key":"SMITH"},{"floor":15.0,"key":"REST"},{"data":"Barricade","floor":23,"key":"SMITH"}],"circlet_count":0,"master_deck":["Strike_R","Strike_R","Strike_R","Strike_R","Strike_R","Defend_R","Defend_R","Defend_R","Bash","Thunderclap","Clash","Armaments+1","Cleave+1","Barricade+1","Clash"],"relics":["Burning Blood","NeowsBlessing","hubris:IronBody","SlaversCollar","Blood Vial"],"acts_visited":["Exordium","TheCity"],"potions_floor_usage":[18],"damage_taken":[{"damage":0.0,"enemies":"Small Slimes","floor":1.0,"turns":1.0},{"damage":0.0,"enemies":"Cultist","floor":3.0,"turns":1.0},{"damage":0.0,"enemies":"Jaw Worm","floor":4.0,"turns":1.0},{"damage":4.0,"enemies":"2 Fungi Beasts","floor":5.0,"turns":4.0},{"damage":13.0,"enemies":"Exordium Thugs","floor":7.0,"turns":5.0},{"damage":12.0,"enemies":"Blue Slaver","floor":11.0,"turns":4.0},{"damage":39.0,"enemies":"Lagavulin","floor":12.0,"turns":6.0},{"damage":0.0,"enemies":"Large Slime","floor":14.0,"turns":3.0},{"damage":40.0,"enemies":"Slime Boss","floor":16.0,"turns":10.0},{"damage":5,"enemies":"3 Byrds","floor":18,"turns":3},{"damage":17,"enemies":"2 Thieves","floor":19,"turns":4},{"damage":46,"enemies":"3 Cultists","floor":21,"turns":7},{"damage":35,"enemies":"Gremlin Leader","floor":24,"turns":3}],"seed_played":"6047561769800679519","potions_obtained":[{"floor":3.0,"key":"EssenceOfSteel"},{"floor":5.0,"key":"LiquidBronze"},{"floor":12.0,"key":"BloodPotion"},{"floor":21,"key":"Regen Potion"}],"is_trial":false,"path_per_floor":["M","?","M","M","M","R","M","R","T","?","M","E","R","M","R","B",null,"M","M","$","M","?","R","E"],"character_chosen":"IRONCLAD","items_purchased":["Blood Vial"],"campfire_rested":1,"item_purchase_floors":[20],"current_hp_per_floor":[80,80,80,80,80,80,73,73,73,73,67,34,34,56,80,46,80,80,69,69,31,31,31,0,0],"gold":291,"neow_bonus":"THREE_ENEMY_KILL","is_daily":false,"chose_seed":false,"campfire_upgraded":3,"win_rate":0.0,"timestamp":1609203266,"path_taken":["M","?","?","M","M","R","M","R","T","?","M","E","R","M","R","BOSS","M","M","$","M","?","R","E"],"items_purchased_type":["Relic"],"build_version":"2020-12-22","purchased_purges":0,"victory":false,"max_hp_per_floor":[80,80,80,80,80,80,80,80,80,80,80,80,80,80,80,80,80,80,80,80,80,80,80,80,80],"card_choices":[{"not_picked":["hubris:ReadiedAction","Warcry","Havoc"],"picked":"SKIP","floor":1.0},{"not_picked":["True Grit","Havoc"],"picked":"Thunderclap","floor":3.0},{"not_picked":["Perfected Strike","Fire Breathing"],"picked":"Clash","floor":4.0},{"not_picked":["Rupture","Warcry"],"picked":"Armaments","floor":5.0},{"not_picked":["Power Through","Impervious","Havoc"],"picked":"SKIP","floor":7.0},{"not_picked":["Sword Boomerang","Iron Wave"],"picked":"Cleave","floor":11.0},{"not_picked":["Hemokinesis","Cleave","Sword Boomerang"],"picked":"SKIP","floor":12.0},{"not_picked":["Uppercut","Hemokinesis","Power Through"],"picked":"SKIP","floor":14.0},{"not_picked":["Fiend Fire","Limit Break"],"picked":"Barricade","floor":16.0},{"not_picked":["Cleave","Rampage+1"],"picked":"Clash","floor":18},{"not_picked":["Wild Strike+1","Feel No Pain+1","Thunderclap"],"picked":"SKIP","floor":19},{"not_picked":["Blood for Blood","Shrug It Off+1","True Grit+1"],"picked":"SKIP","floor":21}],"player_experience":837896,"relics_obtained":[{"floor":12.0,"key":"hubris:IronBody"}],"event_choices":[{"damage_healed":0.0,"max_hp_gain":0.0,"max_hp_loss":0.0,"gold_gain":100.0,"event_name":"Golden Shrine","player_choice":"Pray","floor":2.0,"gold_loss":0.0,"damage_taken":0.0},{"damage_healed":0.0,"max_hp_gain":0.0,"max_hp_loss":0.0,"gold_gain":68.0,"event_name":"Golden Wing","player_choice":"Gained Gold","floor":10.0,"gold_loss":0.0,"damage_taken":0.0},{"cards_removed":["Defend_R"],"damage_healed":0,"gold_gain":0,"player_choice":"Gave Gold","damage_taken":0,"max_hp_gain":0,"max_hp_loss":0,"event_name":"Beggar","floor":22,"gold_loss":75}],"is_beta":false,"boss_relics":[{"not_picked":["hubris:VirtuousBlindfold","halation:ForbiddenBikini"],"picked":"SlaversCollar"}],"items_purged_floors":[],"is_endless":false,"potions_floor_spawned":[3,5,12,21],"killed_by":"Gremlin Leader","ascension_level":0}}