{"host":"uflv0e3ja7hvnij7","time":1609285603,"event":{"mods":["BaseMod","Better Altar","Better Match","Better Note","Better Sensory Stone","Better Skull","Better Third Choice","Conspire","Hubris","Infinite Spire","Minty Spire (QoL Compilation)","Permanent Neow","Replay The Spire","StSLib"],"gold_per_floor":[112,128,128,2,17,17,49,65,65,98,98,38,38,38,38,137,137,137],"floor_reached":17,"playtime":3109,"items_purged":["Defend_P"],"score":245,"play_id":"cae3d711-36b8-4d82-93dc-6f3397068241","local_time":"20201229184643","is_ascension_mode":true,"campfire_choices":[{"data":"EmptyBody","floor":6,"key":"SMITH"},{"floor":11,"key":"REST"},{"floor":15,"key":"REST"}],"circlet_count":0,"master_deck":["Strike_P","Strike_P+1","Defend_P","Defend_P","EmptyBody+1","Prostrate","Pray","Protect","FollowUp","WindmillStrike","CarveReality+1","hubris:Fate","Scrawl","ReplayTheSpireMod:Splinters","Amnesia"],"relics":["HolyWater","Gremlin Food","conspire:InfiniteJournal","conspire:DecoderRing","Replay:Grab Bag","Philosopher\u0027s Stone","ReplayTheSpireMod:Onyx Gauntlets","Kintsugi"],"acts_visited":["Exordium","TheCity"],"potions_floor_usage":[10],"damage_taken":[{"damage":2,"enemies":"infinitespire:Voidling","floor":1,"turns":6},{"damage":1,"enemies":"Small Slimes","floor":2,"turns":2},{"damage":0,"enemies":"Cultist","floor":5,"turns":4},{"damage":20,"enemies":"Gremlin Nob","floor":7,"turns":4},{"damage":8,"enemies":"conspire:2 RoseBushes","floor":8,"turns":4},{"damage":16,"enemies":"Lagavulin","floor":10,"turns":5},{"damage":0,"enemies":"Slime Boss","floor":16,"turns":3}],"seed_played":"1834136239948272039","potions_obtained":[{"floor":2,"key":"StancePotion"},{"floor":3,"key":"Ambrosia"},{"floor":3,"key":"Dexterity Potion"},{"floor":10,"key":"SneckoOil"}],"is_trial":false,"path_per_floor":["M","M","?","$","M","R","E","M","T","E","R","$","?","?","R","B",null],"character_chosen":"WATCHER","items_purchased":["Prostrate","CarveReality+1"],"campfire_rested":2,"item_purchase_floors":[4,12],"current_hp_per_floor":[70,69,69,69,69,69,49,41,41,25,46,46,27,27,48,48,72,72],"gold":137,"neow_bonus":"UPGRADE_CARD","is_daily":false,"chose_seed":false,"campfire_upgraded":1,"win_rate":0.0,"timestamp":1609285603,"path_taken":["M","?","?","$","?","R","E","M","T","E","R","$","?","?","R","BOSS"],"items_purchased_type":["Card","Card"],"build_version":"2020-12-22","purchased_purges":1,"victory":false,"max_hp_per_floor":[72,72,72,72,72,72,72,72,72,72,72,72,72,72,72,72,72,72],"card_choices":[{"not_picked":["Collect","Indignation","PathToVictory"],"picked":"SKIP","floor":1},{"not_picked":["WaveOfTheHand","Replay:AtTheReady"],"picked":"EmptyBody","floor":2},{"not_picked":["JustLucky","Replay:ManipulateFuture"],"picked":"Pray","floor":5},{"not_picked":["Wireheading","WheelKick"],"picked":"Protect","floor":7},{"not_picked":["Nirvana","LikeWater"],"picked":"FollowUp","floor":8},{"not_picked":["Protect","Worship"],"picked":"WindmillStrike","floor":10},{"not_picked":["hubris:InfiniteBlow","infinitespire:Punishment"],"picked":"hubris:Fate","floor":13},{"not_picked":["Blasphemy","Replay:LoomingThreat"],"picked":"Scrawl","floor":16}],"player_experience":437523,"relics_obtained":[{"floor":7,"key":"Gremlin Food"},{"floor":9,"key":"conspire:InfiniteJournal"},{"floor":10,"key":"conspire:DecoderRing"}],"event_choices":[{"damage_healed":0,"gold_gain":0,"player_choice":"Got Potions","damage_taken":0,"max_hp_gain":0,"max_hp_loss":0,"event_name":"Lab","floor":3,"gold_loss":0},{"damage_healed":0,"gold_gain":0,"player_choice":"Leave","damage_taken":0,"max_hp_gain":0,"max_hp_loss":0,"event_name":"conspire:Investor","floor":14,"gold_loss":0}],"is_beta":false,"boss_relics":[{"not_picked":["Painkiller Herb","Replay:Bronze Core"],"picked":"Replay:Grab Bag"},{"not_picked":["Fusion Hammer","conspire:SeveredTorchhead"],"picked":"Philosopher\u0027s Stone"},{"not_picked":["hubris:GrandSneckoEye","hubris:CrackedHourglass"],"picked":"ReplayTheSpireMod:Onyx Gauntlets"},{"not_picked":["ReplayTheSpireMod:SealedPack","Replay:Drink Me"],"picked":"Kintsugi"},{"not_picked":["Calling Bell","SacredBark"],"picked":"HolyWater"}],"items_purged_floors":[4],"is_endless":true,"potions_floor_spawned":[2,5,8,10],"ascension_level":3}}