{"host":"sc0o2qwpf9j16a4i","time":1609254635,"event":{"mods":["AchievementEnabler","BaseMod","BetterRewards","Block Reminder","Colored Map","Colored Powertips","Custom Start","Highlight Path","Minty Spire (QoL Compilation)","Relic Stats"],"gold_per_floor":[113,129,146,60,20,46,46,74,74,91,102,130,140,173,173,268,268,288,288,213,12,12,40,40,71,71,106,106,116,116,216,216,312,312,329,345,115,115,125,152,163,197,197,226,236,5,5,19,19,19],"floor_reached":51,"playtime":2300,"items_purged":["Perfected Strike","Strike_R"],"score":1516,"play_id":"cd4691a5-b969-44e2-8cc1-3f3496f282e7","local_time":"20201229171035","is_ascension_mode":true,"campfire_choices":[{"data":"True Grit","floor":7.0,"key":"SMITH"},{"data":"Feel No Pain","floor":15.0,"key":"SMITH"},{"data":"Perfected Strike","floor":24.0,"key":"PURGE"},{"data":"Strike_R","floor":30.0,"key":"PURGE"},{"data":"Strike_R","floor":32.0,"key":"PURGE"},{"data":"Strike_R","floor":49,"key":"PURGE"}],"circlet_count":0,"master_deck":["Apotheosis","Juggernaut","Dark Embrace","Corruption","Evolve","Fire Breathing","Wild Strike","Reckless Charge","Reaper","Feed","True Grit+1","Feel No Pain+1","Limit Break+1","Spot Weakness","Defend_R","Defend_R","Defend_R+1","Defend_R","Bash","Spot Weakness","Body Slam+1","Limit Break","Seeing Red","Sentinel","Carnage","Barricade","Body Slam","Shockwave","Dark Embrace","Shrug It Off","Barricade","Bludgeon","Corruption","Impervious","Flame Barrier","Shrug It Off+1","Heavy Blade","Spot Weakness","Entrench+1","Ghostly Armor+1"],"relics":["Burning Blood","Mummified Hand","Dead Branch","Charon\u0027s Ashes","Mark of Pain","Magic Flower","Snecko Eye","Medical Kit","Happy Flower","White Beast Statue","Nunchaku","War Paint","StrikeDummy","Gremlin Horn","SacredBark","Peace Pipe","The Courier","FossilizedHelix","InkBottle","Bottled Tornado","Bird Faced Urn","Bottled Lightning","Cursed Key","Gambling Chip","Incense Burner","Smiling Mask","Toxic Egg 2","Frozen Eye"],"acts_visited":["Exordium","TheCity","TheBeyond"],"potions_floor_usage":[],"damage_taken":[{"damage":0.0,"enemies":"2 Louse","floor":1.0,"turns":1.0},{"damage":0.0,"enemies":"Cultist","floor":2.0,"turns":2.0},{"damage":0.0,"enemies":"Small Slimes","floor":3.0,"turns":1.0},{"damage":3.0,"enemies":"3 Sentries","floor":6.0,"turns":4.0},{"damage":0.0,"enemies":"Lagavulin","floor":8.0,"turns":4.0},{"damage":0.0,"enemies":"Blue Slaver","floor":10.0,"turns":1.0},{"damage":0.0,"enemies":"Exordium Wildlife","floor":11.0,"turns":3.0},{"damage":0.0,"enemies":"3 Sentries","floor":12.0,"turns":3.0},{"damage":6.0,"enemies":"2 Fungi Beasts","floor":13.0,"turns":2.0},{"damage":0.0,"enemies":"Gremlin Nob","floor":14.0,"turns":2.0},{"damage":5.0,"enemies":"Hexaghost","floor":16.0,"turns":3.0},{"damage":18.0,"enemies":"Shell Parasite","floor":18.0,"turns":3.0},{"damage":15.0,"enemies":"Book of Stabbing","floor":23.0,"turns":3.0},{"damage":2.0,"enemies":"Slavers","floor":25.0,"turns":3.0},{"damage":10.0,"enemies":"Gremlin Leader","floor":27.0,"turns":3.0},{"damage":0.0,"enemies":"3 Byrds","floor":29.0,"turns":3.0},{"damage":0.0,"enemies":"Colosseum Slavers","floor":31.0,"turns":1.0},{"damage":0.0,"enemies":"Colosseum Nobs","floor":31.0,"turns":1.0},{"damage":0.0,"enemies":"Champ","floor":33.0,"turns":4.0},{"damage":0.0,"enemies":"3 Shapes","floor":35.0,"turns":4.0},{"damage":0.0,"enemies":"3 Darklings","floor":36.0,"turns":1.0},{"damage":0.0,"enemies":"Transient","floor":39.0,"turns":2.0},{"damage":0.0,"enemies":"Nemesis","floor":40.0,"turns":1.0},{"damage":0.0,"enemies":"Jaw Worm Horde","floor":41.0,"turns":2.0},{"damage":0.0,"enemies":"Giant Head","floor":42.0,"turns":4.0},{"damage":0,"enemies":"Reptomancer","floor":44,"turns":2},{"damage":0,"enemies":"Spire Growth","floor":45,"turns":3},{"damage":0,"enemies":"3 Darklings","floor":48,"turns":4},{"damage":5,"enemies":"Awakened One","floor":50,"turns":10}],"seed_played":"674892456027493401","potions_obtained":[{"floor":6.0,"key":"LiquidBronze"},{"floor":8.0,"key":"GamblersBrew"},{"floor":10.0,"key":"DuplicationPotion"},{"floor":12.0,"key":"Energy Potion"},{"floor":16.0,"key":"BloodPotion"},{"floor":23.0,"key":"BlessingOfTheForge"},{"floor":25.0,"key":"BlessingOfTheForge"},{"floor":27.0,"key":"EssenceOfSteel"},{"floor":29.0,"key":"Swift Potion"},{"floor":31.0,"key":"SpeedPotion"},{"floor":36.0,"key":"Swift Potion"},{"floor":41.0,"key":"SmokeBomb"},{"floor":45,"key":"PowerPotion"},{"floor":48,"key":"LiquidBronze"}],"is_trial":true,"path_per_floor":["M","M","M","?","$","E","R","E","T","M","M","E","M","E","R","B",null,"M","?","?","$","?","E","R","E","T","E","T","M","R","?","R","B",null,"M","M","$","?","M","E","M","E","T","E","M","$","?","M","R","B",null],"character_chosen":"IRONCLAD","items_purchased":["Spot Weakness","Dark Embrace","Shrug It Off","Gambling Chip","Frozen Eye","DistilledChaos"],"campfire_rested":0,"item_purchase_floors":[5,21,21,37,46,46],"current_hp_per_floor":[80,80,80,80,80,80,80,80,80,80,84,88,88,88,88,88,88,79,79,79,79,79,84,84,88,88,92,92,92,92,96,96,100,100,100,100,100,100,104,104,108,112,112,116,116,116,116,120,120,124],"gold":19,"neow_bonus":"","is_daily":false,"chose_seed":false,"campfire_upgraded":2,"win_rate":0.0,"timestamp":1609254635,"path_taken":["M","M","M","?","?","E","R","E","T","M","?","E","M","E","R","BOSS","M","?","?","?","?","E","R","E","T","E","?","?","R","?","R","BOSS","M","M","$","?","M","E","?","E","T","E","M","$","?","M","R","BOSS"],"items_purchased_type":["Card","Card","Card","Relic","Relic","Potion"],"build_version":"2020-12-22","purchased_purges":2,"victory":true,"max_hp_per_floor":[80,80,80,80,80,80,80,80,80,80,84,88,88,88,88,88,88,88,88,88,88,88,88,88,88,88,92,92,92,92,96,96,100,100,100,100,100,100,104,104,108,112,112,116,116,116,116,120,120,124],"relic_stats":{"Happy Flower":[25],"Gremlin Horn":[16,23],"counters":[29,80],"Dead Branch":[280],"Magic Flower":[15],"Charon\u0027s Ashes":[1175],"War Paint":["Defend_R","Limit Break"],"Medical Kit":[32],"Cursed Key":0,"Smiling Mask":30,"Burning Blood":44,"Peace Pipe":4,"Nunchaku":[14],"Mummified Hand":[197],"Bird Faced Urn":[5],"Gambling Chip":[19],"Snecko Eye":[199,181,184,179],"obtain_stats":[{"Gremlin Horn":14,"SacredBark":17,"Magic Flower":0,"Incense Burner":40,"Bottled Tornado":28,"Cursed Key":34,"Smiling Mask":42,"Burning Blood":0,"Frozen Eye":46,"Nunchaku":8,"Mummified Hand":0,"Gambling Chip":37,"Toxic Egg 2":44,"InkBottle":27,"Happy Flower":4,"Dead Branch":0,"Charon\u0027s Ashes":0,"The Courier":25,"War Paint":9,"Medical Kit":0,"White Beast Statue":6,"Peace Pipe":23,"Bird Faced Urn":31,"Snecko Eye":0,"Mark of Pain":0,"Bottled Lightning":31,"StrikeDummy":12,"FossilizedHelix":26},{"Gremlin Horn":10,"SacredBark":11,"Magic Flower":0,"Incense Burner":23,"Bottled Tornado":15,"Cursed Key":19,"Smiling Mask":25,"Burning Blood":0,"Frozen Eye":27,"Nunchaku":5,"Mummified Hand":0,"Gambling Chip":21,"Toxic Egg 2":26,"InkBottle":15,"Happy Flower":3,"Dead Branch":0,"Charon\u0027s Ashes":0,"The Courier":14,"War Paint":5,"Medical Kit":0,"White Beast Statue":4,"Peace Pipe":13,"Bird Faced Urn":18,"Snecko Eye":0,"Mark of Pain":0,"Bottled Lightning":18,"StrikeDummy":8,"FossilizedHelix":14},{"Gremlin Horn":23,"SacredBark":26,"Magic Flower":0,"Incense Burner":55,"Bottled Tornado":38,"Cursed Key":47,"Smiling Mask":61,"Burning Blood":0,"Frozen Eye":66,"Nunchaku":12,"Mummified Hand":0,"Gambling Chip":52,"Toxic Egg 2":63,"InkBottle":38,"Happy Flower":4,"Dead Branch":0,"Charon\u0027s Ashes":0,"The Courier":35,"War Paint":12,"Medical Kit":0,"White Beast Statue":8,"Peace Pipe":32,"Bird Faced Urn":43,"Snecko Eye":0,"Mark of Pain":0,"Bottled Lightning":43,"StrikeDummy":19,"FossilizedHelix":35}],"InkBottle":[33]},"card_choices":[{"not_picked":["Twin Strike","Armaments"],"picked":"Perfected Strike","floor":1.0},{"not_picked":["Havoc","Cleave","Anger"],"picked":"SKIP","floor":2.0},{"not_picked":["Dual Wield","Heavy Blade"],"picked":"Perfected Strike","floor":3.0},{"not_picked":["Flex","Shrug It Off"],"picked":"Body Slam","floor":6.0},{"not_picked":["Entrench","Rupture"],"picked":"Limit Break","floor":8.0},{"not_picked":["Cleave","Heavy Blade"],"picked":"Seeing Red","floor":10.0},{"not_picked":["Havoc","True Grit"],"picked":"Sentinel","floor":11.0},{"not_picked":["Dropkick","Flex","Reckless Charge"],"picked":"SKIP","floor":12.0},{"not_picked":["Clothesline","Headbutt"],"picked":"Carnage","floor":13.0},{"not_picked":["Rupture","Headbutt","Searing Blow"],"picked":"SKIP","floor":14.0},{"not_picked":["Offering","Feed"],"picked":"Barricade","floor":16.0},{"not_picked":["Armaments","Havoc"],"picked":"Body Slam","floor":18.0},{"not_picked":["Clash","Warcry"],"picked":"Barricade","floor":23.0},{"not_picked":["Warcry","Thunderclap"],"picked":"Bludgeon","floor":25.0},{"not_picked":["Iron Wave","Rampage+1","Flex+1"],"picked":"SKIP","floor":27.0},{"not_picked":["Anger","Headbutt","Clothesline"],"picked":"SKIP","floor":29.0},{"not_picked":["Evolve+1","Body Slam"],"picked":"Corruption","floor":31.0},{"not_picked":["Bludgeon","Fiend Fire"],"picked":"Impervious","floor":33.0},{"not_picked":["Clothesline","Rage+1"],"picked":"Flame Barrier","floor":35.0},{"not_picked":["Hemokinesis+1","Warcry+1"],"picked":"Shrug It Off+1","floor":36.0},{"not_picked":["Iron Wave+1","Flex+1","Clothesline"],"picked":"SKIP","floor":39.0},{"not_picked":["Uppercut","Pommel Strike","Heavy Blade"],"picked":"SKIP","floor":40.0},{"not_picked":["Uppercut","Pommel Strike"],"picked":"Heavy Blade","floor":40.0},{"not_picked":["Headbutt","Havoc+1"],"picked":"Spot Weakness","floor":41.0},{"not_picked":["Blood for Blood","Exhume"],"picked":"Entrench+1","floor":42.0},{"not_picked":["Sword Boomerang+1","Cleave","Body Slam+1"],"picked":"SKIP","floor":44},{"not_picked":["Cleave+1","Pommel Strike"],"picked":"Ghostly Armor+1","floor":45},{"not_picked":["Sword Boomerang+1","Searing Blow+1","Wild Strike"],"picked":"SKIP","floor":48}],"player_experience":393648,"relics_obtained":[{"floor":6.0,"key":"White Beast Statue"},{"floor":8.0,"key":"Nunchaku"},{"floor":9.0,"key":"War Paint"},{"floor":12.0,"key":"StrikeDummy"},{"floor":14.0,"key":"Gremlin Horn"},{"floor":23.0,"key":"Peace Pipe"},{"floor":25.0,"key":"The Courier"},{"floor":26.0,"key":"FossilizedHelix"},{"floor":27.0,"key":"InkBottle"},{"floor":28.0,"key":"Bottled Tornado"},{"floor":31.0,"key":"Bird Faced Urn"},{"floor":31.0,"key":"Bottled Lightning"},{"floor":40.0,"key":"Incense Burner"},{"floor":42.0,"key":"Smiling Mask"},{"floor":44,"key":"Toxic Egg 2"}],"event_choices":[{"damage_healed":0.0,"max_hp_gain":0.0,"max_hp_loss":0.0,"gold_gain":0.0,"event_name":"WeMeetAgain","player_choice":"Paid Gold","floor":4.0,"gold_loss":86.0,"damage_taken":0.0,"relics_obtained":["Happy Flower"]},{"damage_healed":0.0,"max_hp_gain":0.0,"max_hp_loss":0.0,"gold_gain":0.0,"event_name":"The Library","player_choice":"Read","floor":19.0,"gold_loss":0.0,"damage_taken":0.0,"cards_obtained":["Shockwave"]},{"cards_removed":["Perfected Strike"],"damage_healed":0.0,"max_hp_gain":0.0,"max_hp_loss":0.0,"gold_gain":0.0,"event_name":"Beggar","player_choice":"Gave Gold","floor":20.0,"gold_loss":75.0,"damage_taken":0.0},{"damage_healed":0.0,"max_hp_gain":0.0,"max_hp_loss":0.0,"gold_gain":0.0,"event_name":"Ghosts","player_choice":"Ignored","floor":22.0,"gold_loss":0.0,"damage_taken":0.0},{"damage_healed":0.0,"max_hp_gain":0.0,"max_hp_loss":0.0,"gold_gain":0.0,"event_name":"Colosseum","player_choice":"Fight","floor":31.0,"gold_loss":0.0,"damage_taken":0.0},{"damage_healed":0.0,"max_hp_gain":0.0,"max_hp_loss":0.0,"gold_gain":0.0,"event_name":"Colosseum","player_choice":"Fought Nobs","floor":31.0,"gold_loss":0.0,"damage_taken":0.0},{"damage_healed":0.0,"max_hp_gain":0.0,"max_hp_loss":0.0,"gold_gain":0.0,"event_name":"Upgrade Shrine","player_choice":"Upgraded","floor":38.0,"gold_loss":0.0,"damage_taken":0.0,"cards_upgraded":["Body Slam"]},{"cards_removed":["Strike_R"],"damage_healed":0,"gold_gain":0,"player_choice":"Purged","damage_taken":0,"max_hp_gain":0,"max_hp_loss":0,"event_name":"Purifier","floor":47,"gold_loss":0}],"is_beta":false,"boss_relics":[{"not_picked":["Pandora\u0027s Box","Runic Cube"],"picked":"SacredBark"},{"not_picked":["Runic Pyramid","Velvet Choker"],"picked":"Cursed Key"}],"items_purged_floors":[21,46],"is_endless":false,"potions_floor_spawned":[6,8,10,11,12,13,14,16,18,23,25,27,29,31,31,33,35,36,39,40,41,42,44,45,48],"ascension_level":5}}