{"host":"sav7uxregyirlf69","time":1609248751,"event":{"mods":["AchievementEnabler","BaseMod","Colored Map","DeckTracker","Keyboard Shortcuts","Minty Spire (QoL Compilation)","READ ME - Guardian Mod","StSLib","SuperFastMode"],"gold_per_floor":[118,118,118,43,43,87,87,111,111,155,179,198,198,198,198,198,198],"floor_reached":16,"playtime":182,"items_purged":[],"score":266,"play_id":"33b0c110-b4fd-4237-ad10-d3b10100ec2d","local_time":"20201229223231","is_ascension_mode":true,"campfire_choices":[{"data":"Crippling Poison","floor":7,"key":"SMITH"},{"data":"Deadly Poison","floor":13,"key":"SMITH"},{"data":"Neutralize","floor":15,"key":"SMITH"}],"circlet_count":0,"master_deck":["AscendersBane","Strike_G","Strike_G","Strike_G","Defend_G","Defend_G","Defend_G","Defend_G","Defend_G","Survivor","Neutralize+1","Predator","Crippling Poison+1","Leg Sweep","Acrobatics","Deadly Poison+1"],"relics":["Ring of the Snake","NeowsBlessing","Golden Idol","MealTicket","Sundial","Nunchaku"],"acts_visited":["Exordium"],"potions_floor_usage":[12,16],"damage_taken":[{"damage":0,"enemies":"2 Louse","floor":1,"turns":1},{"damage":0,"enemies":"Lagavulin","floor":6,"turns":1},{"damage":0,"enemies":"Small Slimes","floor":8,"turns":1},{"damage":48,"enemies":"Gremlin Nob","floor":10,"turns":5},{"damage":0,"enemies":"Cultist","floor":11,"turns":4},{"damage":0,"enemies":"Looter","floor":12,"turns":4},{"damage":12,"enemies":"Hexaghost","floor":16,"turns":9}],"seed_played":"5916185326784549226","potions_obtained":[{"floor":1,"key":"Swift Potion"},{"floor":10,"key":"PowerPotion"}],"is_trial":false,"path_per_floor":["M","?","?","?","?","E","R","M","T","E","M","M","R","?","R","B"],"character_chosen":"THE_SILENT","items_purchased":[],"campfire_rested":0,"item_purchase_floors":[],"current_hp_per_floor":[59,64,64,64,64,64,64,64,64,16,16,16,16,9,9,0,0],"gold":198,"neow_bonus":"THREE_ENEMY_KILL","is_daily":false,"chose_seed":false,"campfire_upgraded":3,"win_rate":0.0,"timestamp":1609248751,"path_taken":["M","?","?","?","?","E","R","M","T","E","M","M","R","?","R","BOSS"],"items_purchased_type":[],"build_version":"2020-12-22","purchased_purges":0,"victory":false,"max_hp_per_floor":[66,71,71,71,64,64,64,64,64,64,64,64,64,64,64,64,64],"card_choices":[{"not_picked":["Deadly Poison","Dodge and Roll"],"picked":"Predator","floor":1},{"not_picked":["Tools of the Trade","Slice"],"picked":"Crippling Poison","floor":6},{"not_picked":["Deadly Poison","All Out Attack"],"picked":"Leg Sweep","floor":8},{"not_picked":["Poisoned Stab","Masterful Stab"],"picked":"Acrobatics","floor":10},{"not_picked":["Acrobatics","Cloak And Dagger","Prepared"],"picked":"SKIP","floor":11},{"not_picked":["Acrobatics","Cloak And Dagger","Prepared"],"picked":"SKIP","floor":11},{"not_picked":["Blade Dance","Outmaneuver"],"picked":"Deadly Poison","floor":12}],"player_experience":1056062,"relics_obtained":[{"floor":6,"key":"MealTicket"},{"floor":9,"key":"Sundial"},{"floor":10,"key":"Nunchaku"}],"event_choices":[{"damage_healed":0,"gold_gain":0,"player_choice":"Donut","damage_taken":0,"max_hp_gain":5,"max_hp_loss":0,"event_name":"Big Fish","floor":2,"gold_loss":0},{"damage_healed":0,"gold_gain":0,"player_choice":"Ignored","damage_taken":0,"max_hp_gain":0,"max_hp_loss":0,"event_name":"Liars Game","floor":3,"gold_loss":0},{"cards_removed":["Strike_G"],"damage_healed":0,"gold_gain":0,"player_choice":"Card Removal","damage_taken":0,"max_hp_gain":0,"max_hp_loss":0,"event_name":"The Cleric","floor":4,"gold_loss":75},{"damage_healed":0,"gold_gain":0,"player_choice":"Lose Max HP","damage_taken":0,"relics_obtained":["Golden Idol"],"max_hp_gain":0,"max_hp_loss":7,"event_name":"Golden Idol","floor":5,"gold_loss":0},{"cards_removed":["Strike_G"],"damage_healed":0,"gold_gain":0,"player_choice":"Card Removal","damage_taken":7,"max_hp_gain":0,"max_hp_loss":0,"event_name":"Golden Wing","floor":14,"gold_loss":0}],"is_beta":false,"boss_relics":[],"items_purged_floors":[],"is_endless":false,"potions_floor_spawned":[1,10,11],"killed_by":"Hexaghost","ascension_level":20}}