{"host":"v0n6ky7dmveherv3","time":1609252765,"event":{"mods":["BaseMod","Better Third Choice","Downfall","Minty Spire (QoL Compilation)","StSLib"],"gold_per_floor":[113,139,158,168,183,183,202,234,234,234,234,260,276,243,243,343,343,343,343,343,343,49,49,49,49,49,49,49,49,49,49,49,49,49,49,49,49,49,49,49,0,0,0,0,0,0,0,0,0,0],"floor_reached":51,"playtime":2305,"items_purged":[],"score":951,"play_id":"535c2f3f-50b9-4945-b279-bfc71e19511c","local_time":"20201229073925","is_ascension_mode":true,"campfire_choices":[{"data":"Cloak And Dagger","floor":6,"key":"SMITH"},{"data":"Wraith Form v2","floor":11,"key":"SMITH"},{"floor":15,"key":"REST"},{"data":"Accuracy","floor":23,"key":"SMITH"},{"data":"Blade Dance","floor":29,"key":"SMITH"},{"data":"Accuracy","floor":32,"key":"SMITH"},{"data":"Burst","floor":40,"key":"SMITH"},{"data":"expansioncontent:StudyTheSpire","floor":44,"key":"SMITH"},{"data":"Catalyst","floor":49,"key":"SMITH"}],"circlet_count":0,"master_deck":["Strike_G+1","Strike_G+1","Strike_G+1","Strike_G+1","Defend_G+1","Defend_G+1","Defend_G+1","Defend_G+1","Defend_G+1","Survivor","Neutralize","Wraith Form v2+1","Dagger Spray+1","Deflect","Cloak And Dagger+1","Crippling Poison","Adrenaline","Noxious Fumes","Die Die Die+1","Accuracy+1","Catalyst","Cloak And Dagger+1","Blade Dance+1","Accuracy+1","Catalyst+1","Expertise+1","Noxious Fumes+1","Leg Sweep+1","Burst+1","Deadly Poison+1","expansioncontent:StudyTheSpire+1","Blade Dance+1","Burst","Blade Dance","Distraction+1"],"relics":["Ring of the Snake","Pen Nib","Strawberry","Du-Vu Doll","Boot","betterThird:SlimedRelic","Ectoplasm","PreservedInsect","Whetstone","Pantograph","Omamori","Calling Bell","Vajra","Eternal Feather","Pocketwatch","Red Mask","The Courier","Calipers","StoneCalendar","Incense Burner"],"acts_visited":["Exordium","TheCity","TheBeyond"],"potions_floor_usage":[5,16,25,27,42,47,50],"damage_taken":[{"damage":3,"enemies":"Cultist","floor":1,"turns":5},{"damage":4,"enemies":"Small Slimes","floor":3,"turns":4},{"damage":0,"enemies":"2 Louse","floor":4,"turns":2},{"damage":13,"enemies":"Gremlin Gang","floor":5,"turns":3},{"damage":7,"enemies":"Large Slime","floor":7,"turns":7},{"damage":28,"enemies":"Gremlin Nob","floor":8,"turns":6},{"damage":28,"enemies":"Lagavulin","floor":12,"turns":12},{"damage":0,"enemies":"Exordium Wildlife","floor":13,"turns":4},{"damage":19,"enemies":"Slime Boss","floor":16,"turns":11},{"damage":4,"enemies":"Spheric Guardian","floor":18,"turns":4},{"damage":1,"enemies":"Chosen","floor":19,"turns":6},{"damage":19,"enemies":"Snake Plant","floor":21,"turns":5},{"damage":4,"enemies":"Gremlin Leader","floor":25,"turns":6},{"damage":0,"enemies":"Slavers","floor":27,"turns":2},{"damage":1,"enemies":"Cultist and Chosen","floor":28,"turns":5},{"damage":1,"enemies":"Snecko","floor":31,"turns":4},{"damage":20,"enemies":"Automaton","floor":33,"turns":6},{"damage":13,"enemies":"Orb Walker","floor":35,"turns":3},{"damage":22,"enemies":"3 Shapes","floor":39,"turns":5},{"damage":40,"enemies":"Reptomancer","floor":42,"turns":5},{"damage":11,"enemies":"Jaw Worm Horde","floor":45,"turns":4},{"damage":2,"enemies":"Mind Bloom Boss Battle","floor":46,"turns":5},{"damage":33,"enemies":"Nemesis","floor":47,"turns":5},{"damage":3,"enemies":"Sphere and 2 Shapes","floor":48,"turns":4},{"damage":38,"enemies":"Donu and Deca","floor":50,"turns":9}],"seed_played":"4923201250214197766","potions_obtained":[{"floor":1,"key":"Strength Potion"},{"floor":5,"key":"Explosive Potion"},{"floor":8,"key":"sneckomod:MuddlingPotion"},{"floor":12,"key":"hexamod:EctoCoolerPotion"},{"floor":19,"key":"DuplicationPotion"},{"floor":21,"key":"BlessingOfTheForge"},{"floor":33,"key":"BlessingOfTheForge"},{"floor":42,"key":"Regen Potion"},{"floor":46,"key":"SteroidPotion"},{"floor":47,"key":"Poison Potion"}],"is_trial":false,"path_per_floor":["M","T","M","M","M","R","M","E","T","?","R","E","M","?","R","B",null,"M","M","?","M","$","R","?","E","T","E","M","R","$","M","R","B",null,"M","?","$","?","M","R","?","E","T","R","M","?","E","M","R","B",null],"character_chosen":"THE_SILENT","items_purchased":["Accuracy","PreservedInsect","Catalyst"],"campfire_rested":1,"item_purchase_floors":[22,22,22],"current_hp_per_floor":[67,67,63,63,50,50,43,22,22,47,47,19,19,8,31,12,77,73,72,72,53,53,53,53,49,49,49,48,48,48,47,47,52,77,64,64,64,64,42,60,60,20,20,38,27,50,31,28,49,36],"gold":0,"neow_bonus":"ONE_RANDOM_RARE_CARD","is_daily":false,"chose_seed":false,"campfire_upgraded":8,"win_rate":0.0,"timestamp":1609252765,"path_taken":["M","?","M","M","M","R","M","E","T","?","R","E","M","?","R","BOSS","M","M","?","?","$","R","?","E","T","E","M","R","?","?","R","BOSS","M","?","?","?","M","R","?","E","T","R","?","?","E","M","R","BOSS"],"items_purchased_type":["Card","Relic","Card"],"build_version":"2020-12-22","purchased_purges":0,"victory":true,"max_hp_per_floor":[70,70,70,70,70,70,70,77,77,77,77,77,77,77,77,77,77,77,77,77,77,77,77,77,77,77,77,77,77,77,77,77,77,77,77,77,77,77,77,77,77,77,77,77,77,77,77,77,77,77],"card_choices":[{"not_picked":["Tactician","Masterful Stab","Underhanded Strike"],"picked":"SKIP","floor":1},{"not_picked":["Predator","Bane"],"picked":"Dagger Spray","floor":3},{"not_picked":["Choke","Dagger Throw"],"picked":"Deflect","floor":4},{"not_picked":["Quick Slash","Eviscerate"],"picked":"Cloak And Dagger","floor":5},{"not_picked":["Poisoned Stab","Backflip"],"picked":"Crippling Poison","floor":7},{"not_picked":["Footwork","Slice"],"picked":"Adrenaline","floor":8},{"not_picked":["Reflex","Quick Slash"],"picked":"Noxious Fumes","floor":12},{"not_picked":["Dagger Spray","PiercingWail","Flying Knee"],"picked":"SKIP","floor":13},{"not_picked":["Doppelganger","Night Terror"],"picked":"Die Die Die","floor":16},{"not_picked":["Blur","Deadly Poison"],"picked":"Accuracy","floor":18},{"not_picked":["Blur","Dagger Spray+1"],"picked":"Catalyst","floor":19},{"not_picked":["Heel Hook","Noxious Fumes"],"picked":"Blade Dance","floor":21},{"not_picked":["Envenom","Riddle With Holes"],"picked":"Expertise+1","floor":25},{"not_picked":["A Thousand Cuts","Heel Hook+1"],"picked":"Noxious Fumes+1","floor":27},{"not_picked":["Predator","Dodge and Roll+1","Catalyst"],"picked":"SKIP","floor":28},{"not_picked":["Slice+1","Outmaneuver"],"picked":"Leg Sweep+1","floor":31},{"not_picked":["Envenom","After Image"],"picked":"Burst","floor":33},{"not_picked":["Terror","Eviscerate"],"picked":"Deadly Poison+1","floor":35},{"not_picked":["expansioncontent:HyperBeam","Forethought"],"picked":"expansioncontent:StudyTheSpire","floor":36},{"not_picked":["Deadly Poison+1","Sucker Punch+1"],"picked":"Blade Dance+1","floor":39},{"not_picked":["Dash+1","Infinite Blades"],"picked":"Burst","floor":42},{"not_picked":["Sucker Punch","Blur"],"picked":"Blade Dance","floor":45},{"not_picked":["Poisoned Stab+1","PiercingWail"],"picked":"Distraction+1","floor":47},{"not_picked":["Blade Dance","Bane+1","Heel Hook"],"picked":"SKIP","floor":48}],"player_experience":96356,"relics_obtained":[{"floor":2,"key":"Pen Nib"},{"floor":8,"key":"Strawberry"},{"floor":9,"key":"Du-Vu Doll"},{"floor":12,"key":"Boot"},{"floor":25,"key":"Whetstone"},{"floor":26,"key":"Pantograph"},{"floor":27,"key":"Omamori"},{"floor":34,"key":"Vajra"},{"floor":34,"key":"Eternal Feather"},{"floor":34,"key":"Pocketwatch"},{"floor":42,"key":"The Courier"},{"floor":43,"key":"Calipers"},{"floor":46,"key":"StoneCalendar"},{"floor":47,"key":"Incense Burner"}],"event_choices":[{"damage_healed":25,"gold_gain":0,"player_choice":"Banana","damage_taken":0,"max_hp_gain":0,"max_hp_loss":0,"event_name":"Big Fish","floor":10,"gold_loss":0},{"damage_healed":0,"gold_gain":0,"player_choice":"Slimed","damage_taken":11,"max_hp_gain":0,"max_hp_loss":0,"event_name":"betterThird:BetterGoop","floor":14,"gold_loss":33},{"damage_healed":0,"gold_gain":0,"player_choice":"Copied","damage_taken":0,"max_hp_gain":0,"max_hp_loss":0,"event_name":"Duplicator","floor":20,"gold_loss":0,"cards_obtained":["Cloak And Dagger"]},{"damage_healed":0,"gold_gain":0,"player_choice":"Simplicity","damage_taken":0,"max_hp_gain":0,"max_hp_loss":10,"event_name":"betterThird:BetterWriting","floor":24,"gold_loss":0},{"damage_healed":0,"gold_gain":0,"player_choice":"Random: Blue","damage_taken":0,"max_hp_gain":0,"max_hp_loss":0,"event_name":"betterThird:BetterPortal","floor":36,"gold_loss":0},{"damage_healed":0,"gold_gain":0,"player_choice":"Memory 1","damage_taken":0,"max_hp_gain":0,"max_hp_loss":0,"event_name":"SensoryStone","floor":36,"gold_loss":0},{"cards_removed":["Strike_G"],"damage_healed":0,"gold_gain":0,"player_choice":"Removed Attack","damage_taken":0,"max_hp_gain":0,"max_hp_loss":0,"event_name":"Falling","floor":38,"gold_loss":0},{"damage_healed":0,"gold_gain":0,"player_choice":"Paid","damage_taken":0,"relics_obtained":["Red Mask"],"max_hp_gain":0,"max_hp_loss":0,"event_name":"Tomb of Lord Red Mask","floor":41,"gold_loss":49},{"damage_healed":0,"gold_gain":0,"player_choice":"Fight","damage_taken":0,"max_hp_gain":0,"max_hp_loss":0,"event_name":"MindBloom","floor":46,"gold_loss":0}],"is_beta":false,"boss_relics":[{"not_picked":["Ring of the Serpent","Snecko Eye"],"picked":"Ectoplasm"},{"not_picked":["Velvet Choker","HoveringKite"],"picked":"Calling Bell"}],"items_purged_floors":[],"is_endless":false,"potions_floor_spawned":[1,5,8,12,13,19,21,33,42,46,47],"ascension_level":4}}