{"host":"jkgg7n5hn1slsm35","time":1609239624,"event":{"mods":["Aspiration","BaseMod","BetterRewards","Conspire","Googly Eyes","Gremlin Skip","Halation","Highlight Path","Hubris","Infinite Spire","Minty Spire (QoL Compilation)","Permanent Neow","StSLib","SuperFastMode","vexMod"],"gold_per_floor":[214,225,225,236,255,255,269,344,344,294,312,163,163,180,180,285,285,304,318,328,362,362,362,362,362,362,79,92,111,124,139,139,234,234,246,246,221,233,247,247,263,263,263,263,67,117,117,134,134,134,134],"floor_reached":50,"playtime":1546,"items_purged":["Bash","Strike_R"],"score":488,"play_id":"74b1eebf-c89f-4b4d-9e2b-cfad042f972d","local_time":"20201229120024","is_ascension_mode":false,"campfire_choices":[{"data":"Inflame","floor":6,"key":"SMITH"},{"data":"Flex","floor":13,"key":"SMITH"},{"data":"Heavy Blade","floor":15,"key":"SMITH"},{"floor":23,"key":"REST"},{"data":"Limit Break","floor":25,"key":"SMITH"},{"floor":32,"key":"REST"},{"data":"Body Slam","floor":40,"key":"SMITH"},{"data":"Body Slam","floor":42,"key":"SMITH"},{"data":"Clash","floor":44,"key":"SMITH"},{"data":"Finesse","floor":49,"key":"SMITH"}],"circlet_count":0,"master_deck":["Strike_R","Strike_R","Strike_R","Defend_R","Defend_R","Defend_R","Defend_R","Clash+1","Clash","Cleave","Inflame+1","Flex+1","Iron Wave","Heavy Blade+1","Limit Break+1","Twin Strike+1","Shrug It Off+1","Rage+1","Body Slam+1","Body Slam+1","Cleave","Shrug It Off+1","Parasite","Rage+1","Finesse+1","Pommel Strike+1"],"relics":["Burning Blood","infinitespire:ShieldingShard","halation:SmartPhone","Red Mask","infinitespire:Satchel","conspire:Flyswatter","infinitespire:Cupcake","halation:AfternoonTea","Mango","Question Card"],"acts_visited":["Exordium","TheCity","TheBeyond"],"potions_floor_usage":[16,21,21,29,33,50],"damage_taken":[{"damage":0,"enemies":"Small Slimes","floor":1,"turns":4},{"damage":0,"enemies":"Cultist","floor":2,"turns":4},{"damage":6,"enemies":"Jaw Worm","floor":4,"turns":2},{"damage":10,"enemies":"Looter","floor":5,"turns":3},{"damage":4,"enemies":"Blue Slaver","floor":7,"turns":3},{"damage":0,"enemies":"Large Slime","floor":11,"turns":2},{"damage":0,"enemies":"Lots of Slimes","floor":14,"turns":2},{"damage":40,"enemies":"Hexaghost","floor":16,"turns":9},{"damage":0,"enemies":"conspire:FuzzyDice","floor":18,"turns":4},{"damage":9,"enemies":"2 Thieves","floor":19,"turns":3},{"damage":30,"enemies":"conspire:HollyBat","floor":20,"turns":7},{"damage":1,"enemies":"Masked Bandits","floor":21,"turns":3},{"damage":4,"enemies":"Snake Plant","floor":28,"turns":2},{"damage":5,"enemies":"Chosen and Byrds","floor":29,"turns":6},{"damage":4,"enemies":"3 Cultists","floor":30,"turns":5},{"damage":0,"enemies":"Centurion and Healer","floor":31,"turns":5},{"damage":64,"enemies":"Collector","floor":33,"turns":9},{"damage":0,"enemies":"Orb Walker","floor":35,"turns":3},{"damage":0,"enemies":"3 Shapes","floor":38,"turns":6},{"damage":14,"enemies":"Spire Growth","floor":39,"turns":4},{"damage":14,"enemies":"Writhing Mass","floor":41,"turns":6},{"damage":0,"enemies":"Mind Bloom Boss Battle","floor":46,"turns":7},{"damage":0,"enemies":"Sphere and 2 Shapes","floor":48,"turns":4},{"damage":83,"enemies":"Awakened One","floor":50,"turns":10}],"seed_played":"2235285800916686973","potions_obtained":[{"floor":2,"key":"GamblersBrew"},{"floor":4,"key":"GamblersBrew"},{"floor":5,"key":"SpeedPotion"},{"floor":11,"key":"BlessingOfTheForge"},{"floor":19,"key":"ElixirPotion"},{"floor":28,"key":"ElixirPotion"},{"floor":29,"key":"Strength Potion"},{"floor":31,"key":"ElixirPotion"},{"floor":33,"key":"SkillPotion"}],"is_trial":false,"path_per_floor":["M","M","?","M","M","R","M","?","T","?","M","$","R","M","R","B",null,"M","M","M","?","?","R","?","R","T","$","M","M","M","M","R","B",null,"M","?","?","M","M","R","M","R","T","R","$","?","T","M","R","B"],"character_chosen":"IRONCLAD","items_purchased":["Flex","Iron Wave","Body Slam","conspire:Flyswatter","Finesse"],"campfire_rested":2,"item_purchase_floors":[12,12,27,27,45],"current_hp_per_floor":[80,80,80,80,76,76,78,67,67,67,73,73,73,79,79,45,80,72,61,29,34,34,58,58,58,58,50,52,45,39,42,66,8,80,80,80,80,80,72,72,61,61,61,61,53,73,73,79,79,0,0],"gold":134,"neow_bonus":"HUNDRED_GOLD","is_daily":false,"chose_seed":false,"campfire_upgraded":8,"win_rate":0.0,"timestamp":1609239624,"path_taken":["M","M","?","?","M","R","M","?","T","?","M","$","R","M","R","BOSS","M","M","M","?","?","R","?","R","T","$","?","M","M","?","R","BOSS","M","?","?","M","M","R","?","R","T","R","?","?","?","M","R","BOSS"],"items_purchased_type":["Card","Card","Card","Relic","Card"],"build_version":"2020-12-22","purchased_purges":2,"victory":false,"max_hp_per_floor":[80,80,80,80,80,80,80,80,80,80,80,80,80,80,80,80,80,80,80,80,80,80,80,80,80,80,80,80,80,80,80,80,80,80,80,80,80,80,80,80,80,80,80,80,80,94,94,94,94,94,94],"card_choices":[{"not_picked":["Cleave","Flame Barrier"],"picked":"Clash","floor":1},{"not_picked":["Sword Boomerang","hubris:ReadiedAction"],"picked":"Clash","floor":2},{"not_picked":["Wild Strike","Intimidate"],"picked":"Cleave","floor":4},{"not_picked":["Headbutt","Entrench"],"picked":"Inflame","floor":5},{"not_picked":["Dual Wield","Anger","True Grit"],"picked":"SKIP","floor":7},{"not_picked":["Infernal Blade","Feed","Second Wind"],"picked":"SKIP","floor":11},{"not_picked":["Reckless Charge","Wild Strike"],"picked":"Heavy Blade","floor":14},{"not_picked":["Fiend Fire","Immolate"],"picked":"Limit Break","floor":16},{"not_picked":["Havoc","Intimidate"],"picked":"Twin Strike+1","floor":18},{"not_picked":["hubris:ReadiedAction","Spot Weakness+1"],"picked":"Shrug It Off+1","floor":19},{"not_picked":["Flex","Hemokinesis"],"picked":"Rage+1","floor":20},{"not_picked":["Pommel Strike","conspire:ExplosiveBarrier","Dropkick+1"],"picked":"SKIP","floor":28},{"not_picked":["hubris:ReadiedAction","Twin Strike+1"],"picked":"Body Slam","floor":29},{"not_picked":["Thunderclap+1","Sword Boomerang"],"picked":"Cleave","floor":30},{"not_picked":["Fire Breathing","Body Slam"],"picked":"Shrug It Off+1","floor":31},{"not_picked":["hubris:CleavingFinish","hubris:ReadiedAction+1","Fire Breathing"],"picked":"SKIP","floor":35},{"not_picked":["Clothesline+1","Searing Blow+1","Sword Boomerang+1"],"picked":"SKIP","floor":38},{"not_picked":["Uppercut+1","hubris:ReadiedAction+1","Thunderclap+1"],"picked":"SKIP","floor":39},{"not_picked":["Seeing Red","Cleave+1"],"picked":"Rage+1","floor":41},{"not_picked":["Flex+1","Second Wind+1","Armaments"],"picked":"Pommel Strike+1","floor":48}],"player_experience":1799453,"relics_obtained":[{"floor":9,"key":"infinitespire:ShieldingShard"},{"floor":21,"key":"Red Mask"},{"floor":26,"key":"infinitespire:Satchel"},{"floor":43,"key":"halation:AfternoonTea"},{"floor":46,"key":"Mango"},{"floor":47,"key":"Question Card"}],"event_choices":[{"damage_healed":0,"gold_gain":75,"player_choice":"Gather Gold","damage_taken":11,"max_hp_gain":0,"max_hp_loss":0,"event_name":"World of Goop","floor":8,"gold_loss":0},{"cards_removed":["Strike_R"],"damage_healed":0,"gold_gain":0,"player_choice":"Card Removal","damage_taken":0,"max_hp_gain":0,"max_hp_loss":0,"event_name":"The Cleric","floor":10,"gold_loss":50},{"damage_healed":0,"gold_gain":0,"player_choice":"Fought Bandits","damage_taken":0,"max_hp_gain":0,"max_hp_loss":0,"event_name":"Masked Bandits","floor":21,"gold_loss":0},{"damage_healed":0,"gold_gain":0,"player_choice":"Ignored","damage_taken":0,"max_hp_gain":0,"max_hp_loss":0,"event_name":"Ghosts","floor":22,"gold_loss":0},{"damage_healed":0,"gold_gain":0,"player_choice":"Leave","damage_taken":0,"max_hp_gain":0,"max_hp_loss":0,"event_name":"FaceTrader","floor":24,"gold_loss":0},{"damage_healed":0,"gold_gain":0,"player_choice":"Fight","damage_taken":0,"max_hp_gain":0,"max_hp_loss":0,"event_name":"MindBloom","floor":46,"gold_loss":0}],"is_beta":false,"boss_relics":[{"not_picked":["hubris:BlackHole","Ectoplasm"],"picked":"halation:SmartPhone"},{"not_picked":["Runic Cube","conspire:SeveredTorchhead"],"picked":"infinitespire:Cupcake"}],"items_purged_floors":[12,45],"is_endless":false,"potions_floor_spawned":[2,4,5,11,14,19,28,29,31,33,35,41,48],"killed_by":"Awakened One","ascension_level":0}}