{"host":"zjxcc3u4aqpoowwq","time":1609239745,"event":{"mods":["2.2 Compatiblity","AchievementEnabler","BaseMod","Better Third Choice","CapriCore","Colored Map","Keyboard Shortcuts","Minty Spire (QoL Compilation)","StSLib","The Jungle","The Runesmith"],"gold_per_floor":[110,36,36,36,56,87,106,140,140,140,153,167,167,178,178,280,280,297,397,408,421,96,96,125,35,59,59,69,69,69,88,88,186,186,204,204,60,74,89,100,100,100,174,174,207,227,227,242,242,242],"floor_reached":51,"playtime":2858,"items_purged":[],"score":759,"play_id":"96ffc73f-d6f5-4241-a929-3eb88befa93d","local_time":"20201229200225","is_ascension_mode":false,"campfire_choices":[{"data":"Runesmith:LithiumIon","floor":10.0,"key":"SMITH"},{"data":"Runesmith:BackupBattery","floor":13.0,"key":"SMITH"},{"floor":15.0,"key":"REST"},{"data":"Runesmith:BackupBattery+1","floor":23.0,"key":"SMITH"},{"floor":32,"key":"REST"},{"floor":42,"key":"REST"},{"floor":49,"key":"REST"}],"circlet_count":0,"master_deck":["Runesmith:Strike_RS+1","Runesmith:Strike_RS+1","Runesmith:Strike_RS+1","Runesmith:Strike_RS+1","Runesmith:Defend_RS+1","Runesmith:Defend_RS+1","Runesmith:Defend_RS+1","Runesmith:Defend_RS+1","Runesmith:CraftFirestone+1","Runesmith:Fortify+1","Runesmith:LithiumIon+1","Runesmith:CraftPrismatica","Decay","Runesmith:LithiumIon","Runesmith:CraftProtectio","Runesmith:PoweredAnvil","Runesmith:ChiselStab","Runesmith:PoweredAnvil","Runesmith:BackupBattery+2","Runesmith:ReplicatingBarrier","Runesmith:MetallurgicalResearch","Runesmith:CraftIncendium+1","Runesmith:BackupBattery+1","Runesmith:ReplicatingBarrier","Runesmith:GenerateForcefield","Runesmith:DuctTape","Runesmith:Discharge","Runesmith:CraftMedicinae","Runesmith:Accelerate+1","Runesmith:GenerateForcefield","Runesmith:Reinforce","Runesmith:Discharge","Runesmith:Firestorm","Apotheosis+1","Runesmith:RunicBlueprint+1","Runesmith:DoubleUp+1","Runesmith:ChargedHammer+1"],"relics":["Runesmith:BrokenRuby","NeowsBlessing","CaptainsWheel","Letter Opener","Runesmith:Nanobots","Runesmith:UraniumAnvil","TungstenRod","theJungle:ParSnip","Lantern","Fusion Hammer","Runesmith:MiniCore","Toxic Egg 2","White Beast Statue","Blood Vial"],"acts_visited":["Exordium","Exordium","TheBeyond"],"potions_floor_usage":[33,50,50,50],"damage_taken":[{"damage":0.0,"enemies":"Cultist","floor":1.0,"turns":1.0},{"damage":0.0,"enemies":"Small Slimes","floor":5.0,"turns":2.0},{"damage":0.0,"enemies":"Gremlin Nob","floor":6.0,"turns":1.0},{"damage":0.0,"enemies":"Jaw Worm","floor":7.0,"turns":4.0},{"damage":34.0,"enemies":"3 Sentries","floor":8.0,"turns":9.0},{"damage":15.0,"enemies":"Exordium Wildlife","floor":11.0,"turns":4.0},{"damage":0.0,"enemies":"3 Louse","floor":12.0,"turns":2.0},{"damage":4.0,"enemies":"Blue Slaver","floor":14.0,"turns":6.0},{"damage":10.0,"enemies":"Slime Boss","floor":16.0,"turns":10.0},{"damage":17.0,"enemies":"theJungle:MUSHROOMGANG","floor":18.0,"turns":6.0},{"damage":12.0,"enemies":"theJungle:5_Spyders","floor":20.0,"turns":5.0},{"damage":20.0,"enemies":"theJungle:SlimyTreeVines","floor":21.0,"turns":6.0},{"damage":22.0,"enemies":"theJungle:MamaSnecko","floor":24.0,"turns":10.0},{"damage":22.0,"enemies":"theJungle:Lyon","floor":28.0,"turns":6.0},{"damage":4,"enemies":"theJungle:Snecko_Cultist_And_Trap","floor":31,"turns":6},{"damage":2,"enemies":"theJungle:FunGuy","floor":33,"turns":12},{"damage":18,"enemies":"3 Darklings","floor":35,"turns":5},{"damage":18,"enemies":"3 Shapes","floor":38,"turns":4},{"damage":14,"enemies":"3 Darklings","floor":39,"turns":5},{"damage":28,"enemies":"Spire Growth","floor":40,"turns":6},{"damage":0,"enemies":"Giant Head","floor":45,"turns":9},{"damage":1,"enemies":"4 Shapes","floor":46,"turns":3},{"damage":1,"enemies":"3 Darklings","floor":48,"turns":6},{"damage":34,"enemies":"Donu and Deca","floor":50,"turns":11}],"seed_played":"-3628468659973498693","potions_obtained":[{"floor":1.0,"key":"FearPotion"},{"floor":6.0,"key":"Regen Potion"},{"floor":8.0,"key":"Weak Potion"},{"floor":12.0,"key":"FairyPotion"},{"floor":16.0,"key":"Fruit Juice"},{"floor":20.0,"key":"PowerPotion"},{"floor":21.0,"key":"CultistPotion"},{"floor":31,"key":"GamblersBrew"},{"floor":38,"key":"Dexterity Potion"},{"floor":39,"key":"ColorlessPotion"},{"floor":46,"key":"Dexterity Potion"}],"is_trial":false,"path_per_floor":["M","$","$","?","M","E","M","E","T","R","M","M","R","M","R","B",null,"M","?","M","M","$","R","E","?","T","$","M","?","?","M","R","B",null,"M","?","$","M","M","M","?","R","T","?","E","M","T","M","R","B",null],"character_chosen":"RUNESMITH_CLASS","items_purchased":["Runesmith:CraftPrismatica","Runesmith:ReplicatingBarrier","Runesmith:GenerateForcefield","Runesmith:MiniCore"],"campfire_rested":4,"item_purchase_floors":[2,22,22,37],"current_hp_per_floor":[70,70,70,70,70,70,70,36,36,36,21,21,21,17,38,33,75,58,53,41,27,27,27,5,5,5,5,8,10,20,16,38,36,75,67,67,67,49,47,19,19,41,41,41,48,47,47,50,72,64],"gold":242,"neow_bonus":"THREE_ENEMY_KILL","is_daily":false,"chose_seed":false,"campfire_upgraded":3,"win_rate":0.0,"timestamp":1609239745,"path_taken":["M","?","$","?","M","E","M","E","T","R","M","?","R","M","R","BOSS","M","?","M","M","$","R","E","?","T","$","M","?","?","M","R","BOSS","M","?","$","M","M","?","?","R","T","?","E","?","?","M","R","BOSS"],"items_purchased_type":["Card","Card","Card","Relic"],"build_version":"2020-12-22","purchased_purges":0,"victory":true,"max_hp_per_floor":[70,70,70,70,70,70,70,70,70,70,70,70,70,70,70,75,75,75,75,75,75,75,75,75,75,75,75,75,75,75,75,75,75,75,75,75,75,75,75,75,75,75,75,75,75,75,75,75,75,75],"card_choices":[{"not_picked":["Runesmith:MakeshiftArmor","Runesmith:NanitesCloud"],"picked":"Runesmith:LithiumIon","floor":1.0},{"not_picked":["Runesmith:NanitesCloud","Runesmith:RunicBlueprint"],"picked":"Runesmith:LithiumIon","floor":5.0},{"not_picked":["Runesmith:HammerThrow","Runesmith:ShiftingStrike"],"picked":"Runesmith:CraftProtectio","floor":6.0},{"not_picked":["Runesmith:EarthShield","Runesmith:Overpower"],"picked":"Runesmith:PoweredAnvil","floor":7.0},{"not_picked":["Runesmith:HammerThrow","Runesmith:StaticCage"],"picked":"Runesmith:ChiselStab","floor":8.0},{"not_picked":["Runesmith:HeatedChisel","Runesmith:Terraform"],"picked":"Runesmith:PoweredAnvil","floor":11.0},{"not_picked":["Runesmith:EnergizedChisel","Runesmith:MakeshiftArmor"],"picked":"Runesmith:BackupBattery","floor":12.0},{"not_picked":["Runesmith:Malloc","Runesmith:StaticCage"],"picked":"Runesmith:ReplicatingBarrier","floor":14.0},{"not_picked":["Runesmith:Duplicate","Runesmith:Supernova"],"picked":"Runesmith:MetallurgicalResearch","floor":16.0},{"not_picked":["Runesmith:Augment","Runesmith:StaticCage"],"picked":"Runesmith:CraftIncendium+1","floor":18.0},{"not_picked":["Runesmith:CraftProtectio","Runesmith:EarthShield"],"picked":"Runesmith:BackupBattery+1","floor":20.0},{"not_picked":["Runesmith:StaticCage+1","Runesmith:EarthShield","Runesmith:Empowerment"],"picked":"SKIP","floor":21.0},{"not_picked":["Runesmith:Repurpose+1","Runesmith:FissionHammer"],"picked":"Runesmith:DuctTape","floor":24.0},{"not_picked":["Runesmith:MakeshiftArmor","Runesmith:UnstableHammer"],"picked":"Runesmith:Discharge","floor":28.0},{"not_picked":["Runesmith:CraftMagma","Runesmith:ReplicatingBarrier","Runesmith:HeatedChisel"],"picked":"SKIP","floor":31},{"not_picked":["Runesmith:ReplicatingBarrier","Runesmith:ArcReactor"],"picked":"Runesmith:CraftMedicinae","floor":33},{"not_picked":["Runesmith:Superposition","Runesmith:CraftSpiculum+1"],"picked":"Runesmith:Accelerate+1","floor":35},{"not_picked":["Runesmith:CraftMagma+1","Runesmith:Overpower+1"],"picked":"Runesmith:Reinforce","floor":38},{"not_picked":["Runesmith:Augment+1","Runesmith:Overpower"],"picked":"Runesmith:Discharge","floor":39},{"not_picked":["Runesmith:UnstableHammer+1","Runesmith:CraftMagma"],"picked":"Runesmith:Firestorm","floor":40},{"not_picked":["Impatience","Madness"],"picked":"Apotheosis","floor":41},{"not_picked":["Runesmith:Repurpose+1","Runesmith:ElementalConversion+1"],"picked":"Runesmith:RunicBlueprint+1","floor":45},{"not_picked":["Runesmith:CraftReservo+1","Runesmith:MakeshiftArmor+1"],"picked":"Runesmith:DoubleUp+1","floor":46},{"not_picked":["Runesmith:CraftMagma+1","Runesmith:CraftProtectio+1"],"picked":"Runesmith:ChargedHammer+1","floor":48}],"player_experience":809704,"relics_obtained":[{"floor":6.0,"key":"CaptainsWheel"},{"floor":8.0,"key":"Letter Opener"},{"floor":9.0,"key":"Runesmith:Nanobots"},{"floor":24.0,"key":"TungstenRod"},{"floor":26.0,"key":"Lantern"},{"floor":43,"key":"Toxic Egg 2"},{"floor":45,"key":"White Beast Statue"},{"floor":47,"key":"Blood Vial"}],"event_choices":[{"damage_healed":0.0,"max_hp_gain":0.0,"max_hp_loss":0.0,"gold_gain":0.0,"event_name":"Wheel of Change","player_choice":"Cursed","floor":4.0,"gold_loss":0.0,"damage_taken":0.0,"cards_obtained":["Decay"]},{"damage_healed":0,"gold_gain":0,"player_choice":"Copied","damage_taken":0,"max_hp_gain":0,"max_hp_loss":0,"event_name":"Duplicator","floor":36,"gold_loss":0,"cards_obtained":["Runesmith:GenerateForcefield"]},{"damage_healed":0,"gold_gain":0,"player_choice":"Memory 1","damage_taken":0,"max_hp_gain":0,"max_hp_loss":0,"event_name":"SensoryStone","floor":41,"gold_loss":0},{"damage_healed":0,"gold_gain":0,"player_choice":"Upgraded","damage_taken":0,"max_hp_gain":0,"max_hp_loss":0,"event_name":"Upgrade Shrine","floor":44,"gold_loss":0,"cards_upgraded":["Apotheosis"]}],"is_beta":false,"boss_relics":[{"not_picked":["Velvet Choker","SacredBark"],"picked":"Runesmith:UraniumAnvil"},{"not_picked":["Snecko Eye","Runesmith:PocketReactor"],"picked":"Fusion Hammer"}],"items_purged_floors":[],"is_endless":false,"potions_floor_spawned":[1,6,8,12,16,20,21,31,38,39,46,48],"ascension_level":0}}