{"host":"qj91dvco5uhu9oti","time":1609266814,"event":{"mods":["BaseMod","Colored Map","Keyboard Shortcuts","Minty Spire (QoL Compilation)","Permanent Neow","Relic Stats","StSLib","SuperFastMode","everything is the same but u backflip on backflip"],"gold_per_floor":[118,43,59,59,76,104,104,104,104,137,149,149,168,186,186,186,186],"floor_reached":16,"playtime":330,"items_purged":["Strike_R"],"score":224,"play_id":"3ab95ab1-aaf5-4a8a-9976-ac38ff9da2ad","local_time":"20201230033334","is_ascension_mode":true,"campfire_choices":[{"floor":7,"key":"REST"},{"data":"Flame Barrier","floor":12,"key":"SMITH"},{"data":"Double Tap","floor":15,"key":"SMITH"}],"circlet_count":0,"master_deck":["AscendersBane","Strike_R","Strike_R","Strike_R","Strike_R","Defend_R","Defend_R","Defend_R","Defend_R","Bash","Juggernaut+1","Iron Wave","Body Slam+1","True Grit+1","Burning Pact","Ghostly Armor","Flame Barrier+1","Second Wind","Double Tap+1"],"relics":["Burning Blood","Akabeko","Self Forming Clay","Lantern"],"acts_visited":["Exordium"],"potions_floor_usage":[6],"damage_taken":[{"damage":14,"enemies":"Jaw Worm","floor":1,"turns":5},{"damage":2,"enemies":"Cultist","floor":3,"turns":4},{"damage":7,"enemies":"Small Slimes","floor":5,"turns":4},{"damage":25,"enemies":"Gremlin Nob","floor":6,"turns":4},{"damage":32,"enemies":"3 Sentries","floor":10,"turns":6},{"damage":4,"enemies":"3 Louse","floor":11,"turns":4},{"damage":2,"enemies":"Looter","floor":13,"turns":2},{"damage":3,"enemies":"Lots of Slimes","floor":14,"turns":5},{"damage":26,"enemies":"The Guardian","floor":16,"turns":6}],"seed_played":"-7872732975270596131","potions_obtained":[{"floor":3,"key":"Strength Potion"},{"floor":10,"key":"LiquidBronze"},{"floor":14,"key":"EssenceOfSteel"}],"is_trial":false,"path_per_floor":["M","$","M","?","M","E","R","?","T","E","M","R","M","M","R","B"],"character_chosen":"IRONCLAD","items_purchased":[],"campfire_rested":1,"item_purchase_floors":[],"current_hp_per_floor":[60,60,64,41,40,21,43,43,43,17,19,19,23,26,26,0,0],"gold":186,"neow_bonus":"ONE_RANDOM_RARE_CARD","is_daily":false,"chose_seed":false,"campfire_upgraded":2,"win_rate":0.0,"timestamp":1609266814,"path_taken":["M","$","M","?","M","E","R","?","T","E","M","R","M","?","R","BOSS"],"items_purchased_type":[],"build_version":"2020-12-22","purchased_purges":1,"victory":false,"max_hp_per_floor":[75,75,75,75,75,75,75,75,75,75,75,75,75,75,75,75,75],"relic_stats":{"counters":[9,40],"Self Forming Clay":[30],"obtain_stats":[{"Lantern":10,"Self Forming Clay":9,"Burning Blood":0,"Akabeko":6},{"Lantern":5,"Self Forming Clay":4,"Burning Blood":0,"Akabeko":4},{"Lantern":23,"Self Forming Clay":17,"Burning Blood":0,"Akabeko":17}],"Burning Blood":48},"card_choices":[{"not_picked":["Wild Strike","Heavy Blade"],"picked":"Iron Wave","floor":1},{"not_picked":["Wild Strike","Headbutt"],"picked":"Body Slam","floor":3},{"not_picked":["Iron Wave","Armaments"],"picked":"True Grit","floor":5},{"not_picked":["Headbutt","Power Through"],"picked":"Burning Pact","floor":6},{"not_picked":["Dropkick","Exhume"],"picked":"Ghostly Armor","floor":10},{"not_picked":["Body Slam","Fire Breathing"],"picked":"Flame Barrier","floor":11},{"not_picked":["Iron Wave","Twin Strike"],"picked":"Second Wind","floor":13},{"not_picked":["Headbutt","Double Tap","Reckless Charge"],"picked":"SKIP","floor":14},{"not_picked":["Headbutt","Double Tap","Reckless Charge"],"picked":"SKIP","floor":14},{"not_picked":["Headbutt","Reckless Charge"],"picked":"Double Tap","floor":14}],"player_experience":323609,"relics_obtained":[{"floor":6,"key":"Akabeko"},{"floor":9,"key":"Self Forming Clay"},{"floor":10,"key":"Lantern"}],"event_choices":[{"damage_healed":0,"gold_gain":0,"player_choice":"Entered Light","damage_taken":23,"max_hp_gain":0,"max_hp_loss":0,"event_name":"Shining Light","floor":4,"gold_loss":0,"cards_upgraded":["Juggernaut","Body Slam"]},{"damage_healed":0,"gold_gain":0,"player_choice":"Upgraded","damage_taken":0,"max_hp_gain":0,"max_hp_loss":0,"event_name":"Upgrade Shrine","floor":8,"gold_loss":0,"cards_upgraded":["True Grit"]}],"is_beta":false,"boss_relics":[],"items_purged_floors":[2],"is_endless":false,"potions_floor_spawned":[3,10,14],"killed_by":"The Guardian","ascension_level":20}}