{"host":"kpyoctgc7jne3jiy","time":1609254982,"event":{"mods":["AchievementEnabler","BaseMod","Minty Spire (QoL Compilation)","Relic Stats","Slay-I"],"gold_per_floor":[118,128,29,43,43,81,96,96,119,169,210,210,160,180,180,308,371,384,407,407,79,39,73,91,91,138,177,191,210,210,231,231,350,350,365,138,161,174,244,244,284,45,72,72,34,68,84,84,84,84,84],"floor_reached":50,"playtime":2182,"items_purged":["Strike_R"],"score":710,"play_id":"31f96790-f99e-4298-847b-ecce277d3fb3","local_time":"20201229161622","is_ascension_mode":true,"campfire_choices":[{"data":"Armaments","floor":8.0,"key":"SMITH"},{"floor":12.0,"key":"REST"},{"data":"Bash","floor":15.0,"key":"SMITH"},{"floor":25.0,"key":"REST"},{"floor":30.0,"key":"REST"},{"data":"Apotheosis","floor":32.0,"key":"SMITH"},{"data":"Defend_R","floor":40.0,"key":"SMITH"},{"floor":44.0,"key":"RECALL"},{"floor":49.0,"key":"REST"}],"circlet_count":0,"master_deck":["Strike_R","Strike_R","Strike_R+1","Defend_R+1","Defend_R","Defend_R","Defend_R","Bash+1","Thunderclap","Pummel","Armaments+1","Iron Wave+1","Cleave","Uppercut","Exhume","Shrug It Off","Havoc","Apotheosis+1","Inflame","Intimidate+1","Flex","Metallicize+1","Heavy Blade+1","Double Tap","Disarm","Inflame","Havoc+1"],"relics":["Burning Blood","Golden Idol","Blood Vial","Anchor","PreservedInsect","Tiny House","MutagenicStrength","Pear","Tiny Chest","Akabeko","Busted Crown","Vajra","Toy Ornithopter","Bottled Lightning","Centennial Puzzle","Dream Catcher"],"acts_visited":["Exordium","TheCity","TheBeyond"],"potions_floor_usage":[50],"damage_taken":[{"damage":1.0,"enemies":"Cultist","floor":1.0,"turns":3.0},{"damage":1.0,"enemies":"2 Louse","floor":2.0,"turns":3.0},{"damage":9.0,"enemies":"Jaw Worm","floor":4.0,"turns":3.0},{"damage":30.0,"enemies":"Gremlin Nob","floor":6.0,"turns":5.0},{"damage":5.0,"enemies":"Large Slime","floor":7.0,"turns":6.0},{"damage":40.0,"enemies":"Lagavulin","floor":11.0,"turns":8.0},{"damage":4.0,"enemies":"Blue Slaver","floor":14.0,"turns":5.0},{"damage":36.0,"enemies":"Slime Boss","floor":16.0,"turns":9.0},{"damage":7.0,"enemies":"Chosen","floor":18.0,"turns":5.0},{"damage":37.0,"enemies":"Spheric Guardian","floor":19.0,"turns":6.0},{"damage":59.0,"enemies":"Gremlin Leader","floor":23.0,"turns":6.0},{"damage":31.0,"enemies":"Cultist and Chosen","floor":24.0,"turns":8.0},{"damage":24.0,"enemies":"Book of Stabbing","floor":27.0,"turns":5.0},{"damage":3.0,"enemies":"Snecko","floor":28.0,"turns":4.0},{"damage":12.0,"enemies":"Centurion and Healer","floor":29.0,"turns":7.0},{"damage":9.0,"enemies":"Snake Plant","floor":31.0,"turns":5.0},{"damage":45.0,"enemies":"Automaton","floor":33.0,"turns":9.0},{"damage":38.0,"enemies":"3 Darklings","floor":35.0,"turns":4.0},{"damage":13.0,"enemies":"3 Shapes","floor":37.0,"turns":4.0},{"damage":0.0,"enemies":"Sphere and 2 Shapes","floor":38.0,"turns":3.0},{"damage":32.0,"enemies":"Reptomancer","floor":41.0,"turns":5.0},{"damage":23.0,"enemies":"Nemesis","floor":46.0,"turns":7.0},{"damage":40.0,"enemies":"Writhing Mass","floor":47.0,"turns":5.0},{"damage":91,"enemies":"Awakened One","floor":50,"turns":10}],"seed_played":"5190145960731080234","potions_obtained":[{"floor":2.0,"key":"Energy Potion"},{"floor":4.0,"key":"ElixirPotion"},{"floor":7.0,"key":"BloodPotion"},{"floor":17.0,"key":"EntropicBrew"},{"floor":18.0,"key":"Energy Potion"},{"floor":23.0,"key":"Fire Potion"},{"floor":29.0,"key":"EssenceOfSteel"},{"floor":31.0,"key":"FearPotion"},{"floor":37.0,"key":"AttackPotion"},{"floor":41.0,"key":"BloodPotion"},{"floor":46.0,"key":"Dexterity Potion"}],"is_trial":false,"path_per_floor":["M","M","$","M","?","E","M","R","T","?","E","R","?","M","R","B",null,"M","M","?","$","?","E","M","R","T","E","M","M","R","M","R","B",null,"M","$","M","M","T","R","E","$","T","R","$","E","M","$","R","B"],"character_chosen":"IRONCLAD","items_purchased":["Armaments","Apotheosis","Inflame","Intimidate","Disarm","Vajra","Bottled Lightning","Inflame"],"campfire_rested":4,"item_purchase_floors":[3,21,21,21,36,36,42,45],"current_hp_per_floor":[88,88,88,85,63,39,59,59,59,59,27,53,53,57,57,29,93,92,62,62,62,62,21,36,66,66,50,55,51,81,80,80,43,103,71,71,66,74,74,74,75,75,75,75,75,60,33,33,63,0,0],"gold":84,"neow_bonus":"TEN_PERCENT_HP_BONUS","is_daily":false,"chose_seed":false,"campfire_upgraded":4,"win_rate":0.0,"timestamp":1609254982,"path_taken":["M","?","$","M","?","E","M","R","T","?","E","R","?","M","R","BOSS","M","M","?","$","?","E","M","R","T","E","?","M","R","M","R","BOSS","M","?","M","?","?","R","E","$","T","R","$","E","M","?","R","BOSS"],"items_purchased_type":["Card","Card","Card","Card","Card","Relic","Relic","Card"],"build_version":"2020-12-22","purchased_purges":1,"victory":false,"max_hp_per_floor":[88,88,88,88,88,88,88,88,88,88,88,88,88,88,88,88,93,93,93,93,93,93,103,103,103,103,103,103,103,103,103,103,103,103,103,103,103,103,103,103,103,103,103,103,103,103,103,103,103,103,103],"relic_stats":{"Blood Vial":35,"Centennial Puzzle":[9],"Dream Catcher":1,"Busted Crown":14,"counters":[24,135],"Golden Idol":153,"Tiny Chest":1,"PreservedInsect":191,"obtain_stats":[{"Tiny House":17,"Pear":23,"Golden Idol":5,"Vajra":36,"PreservedInsect":11,"Burning Blood":0,"Akabeko":27,"Blood Vial":6,"Anchor":9,"Centennial Puzzle":43,"Dream Catcher":46,"Busted Crown":34,"MutagenicStrength":20,"Tiny Chest":26,"Bottled Lightning":42,"Toy Ornithopter":41},{"Tiny House":8,"Pear":11,"Golden Idol":3,"Vajra":18,"PreservedInsect":6,"Burning Blood":0,"Akabeko":13,"Blood Vial":4,"Anchor":5,"Centennial Puzzle":21,"Dream Catcher":22,"Busted Crown":17,"MutagenicStrength":10,"Tiny Chest":12,"Bottled Lightning":21,"Toy Ornithopter":21},{"Tiny House":42,"Pear":59,"Golden Idol":9,"Vajra":101,"PreservedInsect":28,"Burning Blood":0,"Akabeko":72,"Blood Vial":14,"Anchor":20,"Centennial Puzzle":113,"Dream Catcher":120,"Busted Crown":97,"MutagenicStrength":53,"Tiny Chest":67,"Bottled Lightning":113,"Toy Ornithopter":113}],"Burning Blood":128,"Toy Ornithopter":15},"card_choices":[{"not_picked":["Burning Pact","Rupture"],"picked":"Thunderclap","floor":1.0},{"not_picked":["Pommel Strike","Dual Wield"],"picked":"Pummel","floor":2.0},{"not_picked":["Body Slam","True Grit"],"picked":"Iron Wave","floor":4.0},{"not_picked":["Body Slam","Power Through"],"picked":"Cleave","floor":6.0},{"not_picked":["Anger","Rupture"],"picked":"Uppercut","floor":7.0},{"not_picked":["Combust","Juggernaut","Iron Wave"],"picked":"SKIP","floor":11.0},{"not_picked":["Sword Boomerang","Blood for Blood","Cleave"],"picked":"SKIP","floor":14.0},{"not_picked":["Berserk","Feed"],"picked":"Exhume","floor":16.0},{"not_picked":["Blood for Blood","Dark Embrace"],"picked":"Shrug It Off","floor":17.0},{"not_picked":["Bloodletting","Sever Soul","Thunderclap"],"picked":"SKIP","floor":18.0},{"not_picked":["Twin Strike+1","Thunderclap+1"],"picked":"Havoc","floor":19.0},{"not_picked":["Second Wind","Cleave+1","Brutality"],"picked":"SKIP","floor":23.0},{"not_picked":["Pommel Strike","Combust"],"picked":"Flex","floor":24.0},{"not_picked":["Feed","True Grit"],"picked":"Metallicize+1","floor":27.0},{"not_picked":["Wild Strike","Anger","Dark Embrace"],"picked":"SKIP","floor":28.0},{"not_picked":["Reckless Charge","Searing Blow+1","Intimidate"],"picked":"SKIP","floor":29.0},{"not_picked":["Cleave+1","Hemokinesis+1"],"picked":"Heavy Blade+1","floor":31.0},{"not_picked":["Brutality","Bludgeon"],"picked":"Double Tap","floor":33.0},{"not_picked":["Body Slam"],"picked":"SKIP","floor":35.0},{"not_picked":["Shockwave+1"],"picked":"SKIP","floor":37.0},{"not_picked":["Cleave"],"picked":"SKIP","floor":38.0},{"not_picked":["Feel No Pain+1"],"picked":"SKIP","floor":41.0},{"not_picked":["Cleave"],"picked":"SKIP","floor":46.0},{"not_picked":["Seeing Red"],"picked":"SKIP","floor":47.0},{"not_picked":[],"picked":"Havoc+1","floor":49.0}],"player_experience":256629,"relics_obtained":[{"floor":6.0,"key":"Blood Vial"},{"floor":9.0,"key":"Anchor"},{"floor":11.0,"key":"PreservedInsect"},{"floor":23.0,"key":"Pear"},{"floor":26.0,"key":"Tiny Chest"},{"floor":27.0,"key":"Akabeko"},{"floor":41.0,"key":"Toy Ornithopter"},{"floor":43.0,"key":"Centennial Puzzle"},{"floor":46.0,"key":"Dream Catcher"}],"event_choices":[{"damage_healed":0.0,"max_hp_gain":0.0,"max_hp_loss":0.0,"gold_gain":0.0,"event_name":"Golden Idol","player_choice":"Take Damage","floor":5.0,"gold_loss":0.0,"damage_taken":22.0,"relics_obtained":["Golden Idol"]},{"damage_healed":0.0,"max_hp_gain":0.0,"max_hp_loss":0.0,"gold_gain":50.0,"event_name":"Golden Wing","player_choice":"Gained Gold","floor":10.0,"gold_loss":0.0,"damage_taken":0.0},{"cards_removed":["Strike_R"],"damage_healed":0.0,"max_hp_gain":0.0,"max_hp_loss":0.0,"gold_gain":0.0,"event_name":"The Cleric","player_choice":"Card Removal","floor":13.0,"gold_loss":50.0,"damage_taken":0.0},{"damage_healed":0.0,"max_hp_gain":0.0,"max_hp_loss":0.0,"gold_gain":0.0,"event_name":"Drug Dealer","player_choice":"Inject Mutagens","floor":20.0,"gold_loss":0.0,"damage_taken":0.0,"relics_obtained":["MutagenicStrength"]},{"damage_healed":0.0,"max_hp_gain":0.0,"max_hp_loss":0.0,"gold_gain":0.0,"event_name":"Designer","player_choice":"Upgraded Two","floor":22.0,"gold_loss":40.0,"damage_taken":0.0,"cards_upgraded":["Intimidate","Iron Wave"]}],"is_beta":false,"boss_relics":[{"not_picked":["Ectoplasm","Fusion Hammer"],"picked":"Tiny House"},{"not_picked":["Astrolabe","Black Blood"],"picked":"Busted Crown"}],"items_purged_floors":[3],"is_endless":false,"potions_floor_spawned":[2,4,7,18,23,29,31,37,41,46],"killed_by":"Awakened One","ascension_level":4}}