{"host":"x1qj4d8ympd5jdqh","time":1609230654,"event":{"mods":["AchievementEnabler","AlwaysNeverKeys","BaseMod","Colored Map","Custom Start","DeckTracker","Highlight Path","Minty Spire (QoL Compilation)","StSLib","SuperFastMode"],"gold_per_floor":[214,224,224,274,286,68,87,169,169,169,169,169,187,207,207,207,207],"floor_reached":16,"playtime":304,"items_purged":["Strike_G"],"score":184,"play_id":"0696c125-a0ad-42d0-8726-fcd368ea052e","local_time":"20201229173054","is_ascension_mode":true,"campfire_choices":[{"data":"Dagger Spray","floor":10.0,"key":"SMITH"},{"floor":15,"key":"REST"}],"circlet_count":0,"master_deck":["AscendersBane","Strike_G","Strike_G","Strike_G","Defend_G","Defend_G","Defend_G","Defend_G","Defend_G","Survivor","Neutralize","Crippling Poison","Quick Slash","Flying Knee","Masterful Stab","Dagger Spray+1","Poisoned Stab","Dagger Spray"],"relics":["Ring of the Snake","Frozen Egg 2"],"acts_visited":["Exordium"],"potions_floor_usage":[14,16],"damage_taken":[{"damage":4.0,"enemies":"2 Louse","floor":1.0,"turns":3.0},{"damage":6.0,"enemies":"Small Slimes","floor":2.0,"turns":5.0},{"damage":4.0,"enemies":"Cultist","floor":5.0,"turns":4.0},{"damage":21.0,"enemies":"Exordium Thugs","floor":7.0,"turns":4.0},{"damage":14.0,"enemies":"Large Slime","floor":13.0,"turns":5.0},{"damage":0,"enemies":"3 Louse","floor":14,"turns":1},{"damage":0,"enemies":"Slime Boss","floor":16,"turns":5}],"seed_played":"-7158199720694964979","potions_obtained":[{"floor":1.0,"key":"Weak Potion"},{"floor":2.0,"key":"PowerPotion"}],"is_trial":false,"path_per_floor":["M","M","?","?","M","$","M","T","T","R","?","?","M","M","R","B"],"character_chosen":"THE_SILENT","items_purchased":["Masterful Stab","SteroidPotion"],"campfire_rested":1,"item_purchase_floors":[6,6],"current_hp_per_floor":[55,49,49,49,45,45,24,24,24,24,17,17,3,3,22,22,22],"gold":207,"neow_bonus":"HUNDRED_GOLD","is_daily":false,"chose_seed":false,"campfire_upgraded":1,"win_rate":0.0,"timestamp":1609230654,"path_taken":["M","M","?","?","?","$","M","?","T","R","?","?","M","M","R","BOSS"],"items_purchased_type":["Card","Potion"],"build_version":"2020-12-22","purchased_purges":1,"victory":false,"max_hp_per_floor":[66,66,66,66,66,66,66,66,66,66,66,66,66,66,66,66,66],"card_choices":[{"not_picked":["Backflip","Acrobatics"],"picked":"Crippling Poison","floor":1.0},{"not_picked":["Slice","PiercingWail"],"picked":"Quick Slash","floor":2.0},{"not_picked":["Escape Plan","Deflect"],"picked":"Flying Knee","floor":5.0},{"not_picked":["Prepared","Terror"],"picked":"Dagger Spray","floor":7.0},{"not_picked":["Deadly Poison","Choke"],"picked":"Poisoned Stab","floor":13.0},{"not_picked":["Riddle With Holes","Masterful Stab"],"picked":"Dagger Spray","floor":14}],"player_experience":1286099,"relics_obtained":[{"floor":8.0,"key":"Frozen Egg 2"}],"event_choices":[{"damage_healed":0.0,"max_hp_gain":0.0,"max_hp_loss":0.0,"gold_gain":0.0,"event_name":"Shining Light","player_choice":"Ignored","floor":3.0,"gold_loss":0.0,"damage_taken":0.0},{"damage_healed":0.0,"max_hp_gain":0.0,"max_hp_loss":0.0,"gold_gain":50.0,"event_name":"Golden Shrine","player_choice":"Pray","floor":4.0,"gold_loss":0.0,"damage_taken":0.0},{"cards_removed":["Strike_G"],"damage_healed":0.0,"max_hp_gain":0.0,"max_hp_loss":0.0,"gold_gain":0.0,"event_name":"Golden Wing","player_choice":"Card Removal","floor":11.0,"gold_loss":0.0,"damage_taken":7.0},{"damage_healed":0.0,"max_hp_gain":0.0,"max_hp_loss":0.0,"gold_gain":0.0,"event_name":"Dead Adventurer","player_choice":"Searched \u00270\u0027 times","floor":12.0,"gold_loss":0.0,"damage_taken":0.0}],"is_beta":false,"boss_relics":[],"items_purged_floors":[6],"is_endless":false,"potions_floor_spawned":[1,2,7],"killed_by":"Slime Boss","ascension_level":20}}