{"host":"UwU","time":1609275625,"event":{"mods":["AchievementEnabler","Act Like it!","BaseMod","Better Altar","Better Match","Better Note","Better Sensory Stone","Better Skull","Better Third Choice","BetterRewards","CCEM","Clawfect","Colored Map","Conspire","Downfall","GifTheSpireLib","Googly Eyes","Halation","Hermit","Highlight Path","Hubris","Hunter ??","Infinite Spire","Jedi Mod","Mimic Mod","Minty Spire (QoL Compilation)","Permanent Neow","Replay The Spire","Shop Mod","StSLib","Stuff the Spire","Unceasing Turn Reminder","everything is the same but u backflip on backflip","slay the spire mod where everything is the same but ironclad has a cowboy hat"],"gold_per_floor":[119,132,132,143,158,158,158,128,128,145,145,94,109,129,129,129,129],"floor_reached":16,"playtime":1008,"items_purged":[],"score":94,"play_id":"ec1c3ff3-e9a6-4d0f-9963-78a8ca3f66a6","local_time":"20201229160025","is_ascension_mode":false,"campfire_choices":[{"data":"Leg Sweep","floor":7,"key":"SMITH"},{"data":"StuffTheSpire:ReptileScales","floor":11,"key":"SMITH"},{"floor":15,"key":"REST"}],"circlet_count":0,"master_deck":["Strike_G","Strike_G","Strike_G","Strike_G","Defend_G","Defend_G","Defend_G","Defend_G","Defend_G","Survivor","Neutralize+1","StuffTheSpire:DoubleShiv+1","StuffTheSpire:ReptileScales+1","Leg Sweep+1","StuffTheSpire:ClusterCrunch","Slice","Slice","Blade Dance","Footwork","Flying Knee"],"relics":["Ring of the Snake","hubris:BundleOfHerbs"],"acts_visited":["Exordium"],"potions_floor_usage":[13,16,16],"damage_taken":[{"damage":2,"enemies":"Small Slimes","floor":1,"turns":4},{"damage":0,"enemies":"Cultist","floor":2,"turns":4},{"damage":0,"enemies":"2 Louse","floor":4,"turns":3},{"damage":5,"enemies":"Exordium Wildlife","floor":5,"turns":6},{"damage":0,"enemies":"Looter","floor":8,"turns":4},{"damage":2,"enemies":"3 Louse","floor":10,"turns":4},{"damage":6,"enemies":"Exordium Wildlife","floor":13,"turns":6},{"damage":0,"enemies":"Large Slime","floor":14,"turns":9},{"damage":74,"enemies":"Slime Boss","floor":16,"turns":14}],"seed_played":"1062547979472751916","potions_obtained":[{"floor":2,"key":"DuplicationPotion"},{"floor":5,"key":"Energy Potion"},{"floor":14,"key":"jedi:tentaclejuice"}],"is_trial":false,"path_per_floor":["M","M","?","M","M","?","R","M","T","M","R","$","M","M","R_BF","B"],"character_chosen":"THE_SILENT","items_purchased":["Blade Dance"],"campfire_rested":1,"item_purchase_floors":[12],"current_hp_per_floor":[68,68,68,68,63,63,63,63,63,61,61,61,55,55,70,0,0],"gold":129,"neow_bonus":"UPGRADE_CARD","is_daily":false,"chose_seed":false,"campfire_upgraded":2,"win_rate":0.0,"timestamp":1609275625,"path_taken":["M","M","?","?","M","?","R","M","T","?","R","$","M","M","R_BF","BOSS"],"items_purchased_type":["Card"],"build_version":"2020-11-17","purchased_purges":0,"victory":false,"max_hp_per_floor":[70,70,70,70,70,70,70,70,70,70,70,70,70,70,70,70,70],"card_choices":[{"not_picked":["StuffTheSpire:BumpUp","StuffTheSpire:ClusterCrunch"],"picked":"StuffTheSpire:DoubleShiv","floor":1},{"not_picked":["Fluid Movement","Acrobatics"],"picked":"StuffTheSpire:ReptileScales","floor":2},{"not_picked":["Acrobatics","ReplayTheSpireMod:Tripwire"],"picked":"Leg Sweep","floor":4},{"not_picked":["ReplayTheSpireMod:Scrap Shanks","Sucker Punch"],"picked":"StuffTheSpire:ClusterCrunch","floor":5},{"not_picked":["Backflip","Deadly Poison"],"picked":"Slice","floor":8},{"not_picked":["Noxious Fumes","StuffTheSpire:ClusterCrunch"],"picked":"Slice","floor":10},{"not_picked":["Prepared","Phantasmal Killer"],"picked":"Footwork","floor":13},{"not_picked":["Outmaneuver","Endless Agony"],"picked":"Flying Knee","floor":14}],"player_experience":25330,"relics_obtained":[{"floor":9,"key":"hubris:BundleOfHerbs"}],"event_choices":[{"damage_healed":0,"gold_gain":0,"player_choice":"Forge","damage_taken":0,"max_hp_gain":0,"max_hp_loss":0,"event_name":"Accursed Blacksmith","floor":3,"gold_loss":0,"cards_upgraded":["StuffTheSpire:DoubleShiv"]},{"cards_removed":["Strike_G"],"damage_healed":0,"gold_gain":0,"player_choice":"Purged","damage_taken":0,"max_hp_gain":0,"max_hp_loss":0,"event_name":"Purifier","floor":6,"gold_loss":0}],"is_beta":true,"boss_relics":[],"items_purged_floors":[],"is_endless":false,"potions_floor_spawned":[2,5,14],"killed_by":"Slime Boss","ascension_level":0}}