{"host":"k6qwgpygxbgz06bg","time":1609276648,"event":{"mods":["BaseMod","Beaked The Cultist","Better Third Choice","BetterRewards","Clockwork Mod","Colored Map","Downfall","Friendly Minions","Infinite Spire","Marisa????????","Minty Spire (QoL Compilation)","Replay The Spire","StSLib","The Administrix","The Bug Knight","The Cursed","The Gatherer","The Mystic","The Senshi","The Witch"],"gold_per_floor":[114,114,133,96,96,96,124,142,189,200,200,219,235,235,235,331,331,341,353,268,268,280,315,315,343,343,357,357,357,368,383,383,481,481,492,505,518,533,533,559,559,298,379,379,379,409,420,420,420,527,527,545,325,332,337,22,39,92,92,92,92,92,102,102,107,107,208,208,202,195,197,122,131,126,126,123,191,162,174,178,244,251,263,345,402,421,97,115,115,98,84,84,61,61,61,59,68,54,28,28,112,112,112,112],"floor_reached":103,"playtime":6720,"items_purged":["theSenshi:EncouragingSpeech","theSenshi:SailorPlanetAttack","theSenshi:JupitersPower","theSenshi:RoseThrow","theSenshi:PlutosSolemnity"],"score":2153,"play_id":"18bef0be-16fc-4e35-a6ac-892141275e8c","local_time":"20201229221728","is_ascension_mode":false,"campfire_choices":[{"data":"theSenshi:MoonCosmicPowerMakeUp","floor":6.0,"key":"SMITH"},{"data":"theSenshi:MoonCrisisMakeUp","floor":11.0,"key":"SMITH"},{"data":"theSenshi:MoonsReflection","floor":15.0,"key":"SMITH"},{"data":"theSenshi:SilverMoonCrystalPowerKiss","floor":24.0,"key":"SMITH"},{"data":"theSenshi:SailorStarHealerAssists","floor":28.0,"key":"SMITH"},{"data":"theSenshi:MoonPrincessHalation","floor":32.0,"key":"SMITH"},{"data":"theSenshi:MoonGorgeousMeditation","floor":41.0,"key":"SMITH"},{"data":"theSenshi:MoonCrisisMakeUp","floor":44.0,"key":"SMITH"},{"floor":49.0,"key":"DIG"},{"data":"theSenshi:KlutzyLuck","floor":59,"key":"SMITH"},{"floor":62,"key":"DIG"},{"floor":64,"key":"DIG"},{"data":"theSenshi:MoonCrisisMakeUp","floor":66,"key":"SMITH"},{"data":"ReplayTheSpireMod:Book of Names","floor":75,"key":"SMITH"},{"floor":83,"key":"DIG"},{"data":"infinitespire:Oblivion","floor":92,"key":"SMITH"},{"data":"theSenshi:SilverMoonCrystalPowerKiss","floor":100,"key":"SMITH"}],"circlet_count":0,"master_deck":["theSenshi:MoonPrismPowerMakeUp","theSenshi:MoonsReflection+1","theSenshi:SailorVenusAssists","theSenshi:MoonCosmicPowerMakeUp+1","theSenshi:MoonSpiralHeartAttack","theSenshi:MoonCrisisMakeUp+1","theSenshi:FatedKiss","theSenshi:SailorStarHealerAssists+1","theSenshi:TuxedoMaskAssists","theSenshi:MoonPrincessHalation+1","theSenshi:SailorV","theSenshi:EncouragingSpeech","theSenshi:MoonHealingEscalation","theSenshi:MoonPrincessHalation+1","theSenshi:SilverMoonCrystalPowerKiss+1","infinitespire:Execution","theSenshi:MoonHealingEscalation","theSenshi:InTheNickOfTime","theSenshi:TuxedoSmokingBomber+1","theSenshi:StudyParty","theSenshi:MoonHealingEscalation","theSenshi:MoonPunch+1","theSenshi:MoonGorgeousMeditation+1","theSenshi:MoonCrisisMakeUp+1","theSenshi:MoonCrystalPowerMakeUp","infinitespire:Oblivion+1","theSenshi:SailorStarHealerAssists","theSenshi:MoonHealingEscalation+1","Madness","Madness+1","theSenshi:SailorStarHealerAssists","theSenshi:SailorStarHealerAssists","theSenshi:MoonlightKnight","theSenshi:SchoolBag+1","theSenshi:LunaSensingAllies","theSenshi:LunaSensingAllies+1","theSenshi:MoonCrystalPowerMakeUp","theSenshi:OdangoHead","Panache","theSenshi:KlutzyLuck+1","theSenshi:SailorPlanetPower","theSenshi:MoonCrisisMakeUp+1","ReplayTheSpireMod:Chaos Vortex","theSenshi:StudyParty","theSenshi:MoonsReflection+1","theSenshi:SailorChibiMoonAssists+1","ReplayTheSpireMod:Book of Names+1","theSenshi:HesSoDreamy+1","theSenshi:MoonlightKnight","theSenshi:SchoolBag","theSenshi:SilverMoonCrystalPowerKiss+1","UnluckySeven","sneckomod:SnekBite","theSenshi:SailorCosmosAssists","Replay:Sssssssssshield","ReplayTheSpireMod:Black Plague+1","theSenshi:LateForSchool+1","theSenshi:MoonCrystalPowerMakeUp","theSenshi:SchoolBag+1","theSenshi:YouCanTalk","Mayhem","ReplayUltimateDefense","theSenshi:CrisisMakeUp+1","theSenshi:UranusStrength+1","infinitespire:SealOfDarkness+","theSenshi:MoonTiaraMagic+1","theSenshi:MoonCosmicPowerMakeUp","theSenshi:MoonCosmicPowerMakeUp","theSenshi:SailorCosmosAssists"],"relics":["theSenshi:TransformationBroochRelic","NeowsBlessing","theSenshi:CosmicHeartCompactRelic","Replay:WaspNest","Replay:Grab Bag","Philosopher\u0027s Stone","Coffee Dripper","SacredBark","Pandora\u0027s Box","Divine Protection","Matryoshka","Eternal Feather","Toy Ornithopter","Sundial","Nloth\u0027s Gift","Painkiller Herb","Blue Doll","ReplayTheSpireMod:TigerMarble","Gremlin Horn","Replay:Bottled Snecko","Shovel","CeramicFish","Honey Jar","infinitespire:Lucky Rock","MealTicket","Happy Flower","Gambling Chip","Gremlin Food","SlaversCollar","theSenshi:CrescentMoonWandRelic","MawBank","MutagenicStrength","ReplayTheSpireMod:Lightbulb","Replay:Kaleidoscope","ReplayTheSpireMod:SealedPack","theSenshi:TransformationPenRelic","Bag of Marbles","Blue Candle","Peace Pipe","Black Star"],"acts_visited":["Exordium","TheCity","TheBeyond","TheCity","TheBeyond","Exordium"],"potions_floor_usage":[71,84,91,101],"damage_taken":[{"damage":0.0,"enemies":"2 Louse","floor":1.0,"turns":1.0},{"damage":0.0,"enemies":"Small Slimes","floor":3.0,"turns":2.0},{"damage":0.0,"enemies":"Gremlin Nob","floor":7.0,"turns":1.0},{"damage":6.0,"enemies":"Cultist","floor":8.0,"turns":4.0},{"damage":2.0,"enemies":"Exordium Thugs","floor":10.0,"turns":5.0},{"damage":4.0,"enemies":"Blue Slaver","floor":12.0,"turns":4.0},{"damage":0.0,"enemies":"Looter","floor":13.0,"turns":4.0},{"damage":24.0,"enemies":"Slime Boss","floor":16.0,"turns":13.0},{"damage":8.0,"enemies":"Shell Parasite","floor":18.0,"turns":4.0},{"damage":31.0,"enemies":"2 Thieves","floor":19.0,"turns":3.0},{"damage":11.0,"enemies":"Shelled Parasite and Fungi","floor":22.0,"turns":5.0},{"damage":26.0,"enemies":"Nightmare","floor":23.0,"turns":9.0},{"damage":24.0,"enemies":"Gremlin Leader","floor":25.0,"turns":5.0},{"damage":0.0,"enemies":"Snecko","floor":27.0,"turns":4.0},{"damage":14.0,"enemies":"Snake Plant","floor":30.0,"turns":4.0},{"damage":34.0,"enemies":"3 Cultists","floor":31.0,"turns":6.0},{"damage":25.0,"enemies":"Automaton","floor":33.0,"turns":8.0},{"damage":0.0,"enemies":"Orb Walker","floor":35.0,"turns":3.0},{"damage":13.0,"enemies":"3 Shapes","floor":36.0,"turns":4.0},{"damage":38.0,"enemies":"Spire Growth","floor":37.0,"turns":5.0},{"damage":42.0,"enemies":"3 Darklings","floor":38.0,"turns":3.0},{"damage":1.0,"enemies":"HollowMod:StalkingDevout","floor":40.0,"turns":6.0},{"damage":0.0,"enemies":"beaked:SuperParasite","floor":46.0,"turns":5.0},{"damage":20.0,"enemies":"4 Shapes","floor":47.0,"turns":5.0},{"damage":19.0,"enemies":"Time Eater","floor":50.0,"turns":6.0},{"damage":0,"enemies":"2 Louse","floor":52,"turns":1},{"damage":0,"enemies":"Small Slimes","floor":54,"turns":3},{"damage":11,"enemies":"Cultist","floor":55,"turns":4},{"damage":39,"enemies":"Lagavulin","floor":57,"turns":5},{"damage":22,"enemies":"Blue Slaver","floor":63,"turns":3},{"damage":25,"enemies":"Looter","floor":65,"turns":3},{"damage":38,"enemies":"Hexaghost","floor":67,"turns":4},{"damage":0,"enemies":"Chosen","floor":69,"turns":4},{"damage":0,"enemies":"Snake Plant","floor":70,"turns":4},{"damage":40,"enemies":"3 Cultists","floor":71,"turns":4},{"damage":0,"enemies":"Centurion and Healer","floor":74,"turns":4},{"damage":1,"enemies":"Chosen and Byrds","floor":76,"turns":4},{"damage":0,"enemies":"Nightmare","floor":78,"turns":8},{"damage":0,"enemies":"Snecko","floor":80,"turns":4},{"damage":0,"enemies":"3 Cultists","floor":82,"turns":4},{"damage":11,"enemies":"Champ","floor":84,"turns":6},{"damage":0,"enemies":"Orb Walker","floor":86,"turns":3},{"damage":0,"enemies":"3 Shapes","floor":90,"turns":5},{"damage":0,"enemies":"Nightmare","floor":91,"turns":5},{"damage":0,"enemies":"Maw","floor":93,"turns":5},{"damage":0,"enemies":"Spire Growth","floor":96,"turns":3},{"damage":17,"enemies":"Transient","floor":98,"turns":5},{"damage":60,"enemies":"Time Eater","floor":101,"turns":8},{"damage":78,"enemies":"Cultist","floor":103,"turns":5}],"seed_played":"-2538029634472695830","potions_obtained":[{"floor":1.0,"key":"Cursed Concoction"},{"floor":7.0,"key":"Ancient Potion"},{"floor":8.0,"key":"Adrenaline Potion"},{"floor":13.0,"key":"BlessingOfTheForge"},{"floor":18.0,"key":"Weak Potion"},{"floor":25.0,"key":"Guardian:BlockOnCardUsePotion"},{"floor":30.0,"key":"sneckomod:MuddlingPotion"},{"floor":31.0,"key":"ColorlessPotion"},{"floor":33.0,"key":"Elixir"},{"floor":36.0,"key":"Block Potion"},{"floor":37.0,"key":"CultistPotion"},{"floor":47.0,"key":"Swift Potion"},{"floor":50.0,"key":"SpeedPotion"},{"floor":52,"key":"Explosive Potion"},{"floor":54,"key":"SkillPotion"},{"floor":57,"key":"AttackPotion"},{"floor":65,"key":"Explosive Potion"},{"floor":67,"key":"DistilledChaos"},{"floor":69,"key":"LifebloodPotion"},{"floor":74,"key":"SmokeBomb"},{"floor":80,"key":"Adrenaline Potion"},{"floor":84,"key":"EssenceOfSteel"},{"floor":91,"key":"Energy Potion"}],"is_trial":false,"path_per_floor":["M","?","M","$","?","R","E","M","T","M","R","M","M","T","R","B",null,"M","M","?","AVR","M","NM","R","E","T","M","R","?","M","M","R","B",null,"?","?","?","?","?","E","T","T","T","T","AVR","E","?","?","T","B",null,"?","T","?","?","T","E","?","T","T","?","T","?","T","?","T","B",null,"?","?","?","?","AVR","?","T","?","T","NM","?","?","T","?","T","B",null,"?","T","?","?","?","NM","T","?","T","T","?","AVR","?","T","T","B",null,"?"],"character_chosen":"THE_SENSHI","items_purchased":["theSenshi:MoonCosmicPowerMakeUp","theSenshi:MoonCrystalPowerMakeUp","ReplayTheSpireMod:TigerMarble","theSenshi:MoonlightKnight","theSenshi:SchoolBag+1","theSenshi:LunaSensingAllies","infinitespire:Lucky Rock","Panache","theSenshi:MoonCrystalPowerMakeUp","theSenshi:TransformationPenRelic","theSenshi:SchoolBag+1","theSenshi:YouCanTalk","theSenshi:MoonCosmicPowerMakeUp"],"campfire_rested":0,"item_purchase_floors":[4,42,42,53,53,53,56,56,87,87,87,87,99],"current_hp_per_floor":[75,75,75,75,75,75,75,69,69,67,67,63,63,63,63,39,75,70,44,44,44,43,27,27,8,8,23,35,35,36,17,29,29,75,75,72,37,10,10,29,44,44,44,59,59,75,75,66,75,66,75,75,75,75,74,74,61,61,75,75,60,75,65,75,60,75,37,75,75,75,51,51,51,69,75,75,75,75,75,75,75,75,75,69,75,75,75,65,65,75,75,75,75,75,75,75,75,63,75,75,35,75,0,0],"gold":112,"neow_bonus":"THREE_ENEMY_KILL","is_daily":false,"chose_seed":false,"campfire_upgraded":13,"win_rate":0.0,"timestamp":1609276648,"path_taken":["M","?","M","$","?","R","E","M","T","M","R","?","M","?","R","BOSS","M","M","?","AVR","M","NM","R","E","T","M","R","?","?","M","R","BOSS","?","?","?","?","?","E","T","T","T","T","AVR","E","?","?","T","BOSS","?","T","?","?","T","E","?","T","T","?","T","?","T","?","T","BOSS","?","?","?","?","AVR","?","T","?","T","NM","?","?","?","?","T","BOSS","?","T","?","?","?","NM","T","?","T","?","?","AVR","?","T","T","BOSS","?"],"items_purchased_type":["Card","Card","Relic","Card","Card","Card","Relic","Card","Card","Relic","Card","Card","Card"],"build_version":"2020-12-22","purchased_purges":5,"victory":false,"max_hp_per_floor":[75,75,75,75,75,75,75,75,75,75,75,75,75,75,75,75,75,75,75,75,75,75,75,75,75,75,75,75,75,75,75,75,75,75,75,75,75,75,75,75,75,75,75,75,75,75,75,75,75,75,75,75,75,75,75,75,75,75,75,75,75,75,75,75,75,75,75,75,75,75,75,75,75,75,75,75,75,75,75,75,75,75,75,75,75,75,75,75,75,75,75,75,75,75,75,75,75,75,75,75,75,75,75,75],"card_choices":[{"not_picked":["theSenshi:VenusGlamour","theSenshi:SailorMarsAssists"],"picked":"theSenshi:MoonsReflection","floor":1.0},{"not_picked":["theSenshi:MoonKick","theSenshi:SailorPlanetAttack"],"picked":"theSenshi:SailorVenusAssists","floor":3.0},{"not_picked":["theSenshi:LunaWiseMentor","theSenshi:MoonKick"],"picked":"theSenshi:JupitersPower","floor":7.0},{"not_picked":["theSenshi:MoonTiaraMagic","theSenshi:SailorVenusAssists"],"picked":"theSenshi:MoonSpiralHeartAttack","floor":8.0},{"not_picked":["theSenshi:SailorChibiMoonAssists","theSenshi:SailorPlanetAttack"],"picked":"theSenshi:MoonCrisisMakeUp","floor":10.0},{"not_picked":["theSenshi:SailorMarsAssists","theSenshi:MoonsReflection"],"picked":"theSenshi:FatedKiss","floor":12.0},{"not_picked":["theSenshi:VenusGlamour","theSenshi:NeptunesGrace"],"picked":"theSenshi:SailorPlanetAttack","floor":13.0},{"not_picked":["theSenshi:FatedKiss","theSenshi:SailorCosmosAssists"],"picked":"theSenshi:SailorStarHealerAssists","floor":16.0},{"not_picked":["theSenshi:SailorChibiMoonAssists","theSenshi:LunasBite+1"],"picked":"theSenshi:MoonHealingEscalation","floor":18.0},{"not_picked":["theSenshi:SailorChibiMoonAssists","theSenshi:EncouragingSpeech+1"],"picked":"theSenshi:MoonPrincessHalation+1","floor":19.0},{"not_picked":["theSenshi:SchoolBag+1","theSenshi:TuxedoSmokingBomber"],"picked":"theSenshi:SilverMoonCrystalPowerKiss","floor":22.0},{"not_picked":["infinitespire:UltimateForm","Replay:Fractal Strike"],"picked":"infinitespire:Execution","floor":23.0},{"not_picked":["theSenshi:SchoolBag","theSenshi:InTheNameOfTheMoon"],"picked":"theSenshi:MoonHealingEscalation","floor":23.0},{"not_picked":["theSenshi:SailorPlanetAttack","theSenshi:MoonSpiralHeartAttack+1","theSenshi:TuxedoMaskAssists"],"picked":"SKIP","floor":25.0},{"not_picked":["theSenshi:Sidestep","theSenshi:SchoolBag"],"picked":"theSenshi:InTheNickOfTime","floor":27.0},{"not_picked":["theSenshi:GatheringStrength","theSenshi:SailorMarsAssists","theSenshi:SailorChibiMoonAssists"],"picked":"SKIP","floor":30.0},{"not_picked":["theSenshi:SailorV","theSenshi:MoonSpiralHeartAttack"],"picked":"theSenshi:TuxedoSmokingBomber+1","floor":31.0},{"not_picked":["theSenshi:FatedKiss","theSenshi:ChibiMoonsLove"],"picked":"theSenshi:StudyParty","floor":33.0},{"not_picked":["theSenshi:MoonKick+1","theSenshi:MoonTiaraMagic"],"picked":"theSenshi:MoonHealingEscalation","floor":35.0},{"not_picked":["theSenshi:DramaticEntrance+1","theSenshi:SailorMarsAssists+1"],"picked":"theSenshi:TallSilhouette+1","floor":36.0},{"not_picked":["theSenshi:LateForSchool+1","theSenshi:SailorUranusAssists+1"],"picked":"theSenshi:MoonPunch+1","floor":37.0},{"not_picked":["theSenshi:SailorMercuryAssists+1","theSenshi:SailorV+1"],"picked":"theSenshi:MoonGorgeousMeditation","floor":38.0},{"not_picked":["theSenshi:TallSilhouette+1","theSenshi:JupitersPower"],"picked":"theSenshi:MoonCrisisMakeUp","floor":40.0},{"not_picked":["theSenshi:SailorMercuryAssists+1","theSenshi:MoonKick+1"],"picked":"theSenshi:SailorStarHealerAssists","floor":46.0},{"not_picked":["theSenshi:EncouragingSpeech","theSenshi:MoonsReflection"],"picked":"theSenshi:MoonHealingEscalation+1","floor":47.0},{"not_picked":["theSenshi:JupitersPower","theSenshi:FatedKiss"],"picked":"theSenshi:SailorStarHealerAssists","floor":50.0},{"not_picked":["theSenshi:SupersonicWaves","theSenshi:LunasBite","theSenshi:SailorChibiMoonAssists"],"picked":"theSenshi:SailorStarHealerAssists","floor":52},{"not_picked":["theSenshi:SteeledNerves","theSenshi:SailorMercuryAssists","theSenshi:SailorUranusAssists"],"picked":"theSenshi:MoonCrystalPowerMakeUp","floor":54},{"not_picked":["theSenshi:DramaticEntrance","theSenshi:LunasBite","theSenshi:InTheNickOfTime"],"picked":"theSenshi:OdangoHead","floor":55},{"not_picked":["theSenshi:EncouragingSpeech","theSenshi:VenusGlamour","theSenshi:LateForSchool"],"picked":"theSenshi:KlutzyLuck","floor":57},{"not_picked":["theSenshi:SailorVenusAssists","theSenshi:SailorChibiMoonAssists","theSenshi:SailorMarsAssists"],"picked":"theSenshi:SailorPlanetPower","floor":63},{"not_picked":["theSenshi:SailorPlutoAssists","theSenshi:SailorVenusAssists","theSenshi:MoonTwilightFlash"],"picked":"theSenshi:MoonCrisisMakeUp","floor":65},{"not_picked":["ReplayTheSpireMod:??????????????????????","infinitespire:Starlight"],"picked":"ReplayTheSpireMod:Chaos Vortex","floor":67},{"not_picked":["theSenshi:InTheNameOfTheMoon","theSenshi:SilverMoonCrystalPowerKiss","theSenshi:IWillPunishYou"],"picked":"theSenshi:StudyParty","floor":67},{"not_picked":["theSenshi:MoonPrincessHalation","theSenshi:TuxedoMaskAssists","theSenshi:LateForSchool+1"],"picked":"theSenshi:MoonsReflection+1","floor":69},{"not_picked":["theSenshi:VenusGlamour","theSenshi:MoonPunch","theSenshi:SailorStarFighterAssists","theSenshi:SailorMarsAssists"],"picked":"SKIP","floor":70},{"not_picked":["theSenshi:MoonPunch","theSenshi:Sidestep","theSenshi:SailorVenusAssists+1"],"picked":"theSenshi:SailorChibiMoonAssists+1","floor":71},{"not_picked":["theSenshi:SailorUranusAssists","theSenshi:SchoolBag","theSenshi:LunaWiseMentor"],"picked":"theSenshi:HesSoDreamy+1","floor":74},{"not_picked":["theSenshi:OdangoHead+1","theSenshi:MoonsReflection+1","theSenshi:SailorV"],"picked":"theSenshi:MoonlightKnight","floor":76},{"not_picked":["theSenshi:MoonsReflection+1","theSenshi:SaturnsMystery","theSenshi:MoonKick","theSenshi:IWillPunishYou"],"picked":"SKIP","floor":78},{"not_picked":["theSenshi:MoonTiaraMagic","theSenshi:Sidestep","theSenshi:SailorStarFighterAssists","theSenshi:SailorVenusAssists+1"],"picked":"SKIP","floor":80},{"not_picked":["theSenshi:RainbowMoonHeartAche","theSenshi:SailorVenusAssists","theSenshi:LunasBite"],"picked":"theSenshi:SchoolBag","floor":82},{"not_picked":["theSenshi:SailorPlutoAssists","theSenshi:SailorStarHealerAssists","theSenshi:GlimpseOfThePast"],"picked":"theSenshi:SilverMoonCrystalPowerKiss","floor":84},{"not_picked":["hexamod:Sear","m_Survivalism","Dualcast"],"picked":"sneckomod:SnekBite","floor":85},{"not_picked":["theSenshi:FatedKiss","theSenshi:SailorStarHealerAssists","theSenshi:ChibiMoonsLove"],"picked":"theSenshi:SailorCosmosAssists","floor":85},{"not_picked":["Replay:SS_hec_4","expansioncontent:TimeRipple","expansioncontent:ManipulateTime"],"picked":"Replay:Sssssssssshield","floor":85},{"not_picked":["Replay:Fractal Strike","infinitespire:Execution","infinitespire:SevenWalls"],"picked":"ReplayTheSpireMod:Black Plague","floor":85},{"not_picked":["theSenshi:MoonsReflection","theSenshi:MoonPrincessHalation+1","theSenshi:MoonPunch+1"],"picked":"theSenshi:LateForSchool+1","floor":86},{"not_picked":["Bandage Up","expansioncontent:Chronoboost","Replay:SS_fish_1"],"picked":"Mayhem","floor":88},{"not_picked":["Specialist","expansioncontent:CaCaw","Flash of Steel"],"picked":"ReplayUltimateDefense","floor":88},{"not_picked":["theSenshi:RainbowMoonHeartAche+1","theSenshi:LunasBite+1","theSenshi:LateForSchool+1"],"picked":"theSenshi:CrisisMakeUp+1","floor":90},{"not_picked":["theSenshi:SchoolBag+1","theSenshi:KlutzyLuck+1","theSenshi:JupitersPower"],"picked":"theSenshi:UranusStrength+1","floor":91},{"not_picked":["theSenshi:SailorPlanetAttack","theSenshi:SailorVenusAssists+1","theSenshi:MercurysCunning+1","theSenshi:TallSilhouette"],"picked":"SKIP","floor":93},{"not_picked":["theSenshi:NeptunesGrace+1","theSenshi:SailorV+1","theSenshi:MoonKick","theSenshi:MoonsReflection"],"picked":"SKIP","floor":96},{"not_picked":["theSenshi:SchoolBag+1","theSenshi:SailorVenusAssists+1","theSenshi:TallSilhouette"],"picked":"theSenshi:MoonTiaraMagic+1","floor":98},{"not_picked":["theSenshi:LunaSensingAllies","theSenshi:SilverMoonCrystalPowerKiss","theSenshi:SailorPlutoAssists"],"picked":"theSenshi:SailorCosmosAssists","floor":101}],"player_experience":230360,"relics_obtained":[{"floor":7.0,"key":"theSenshi:CosmicHeartCompactRelic"},{"floor":14.0,"key":"Replay:WaspNest"},{"floor":23.0,"key":"Matryoshka"},{"floor":25.0,"key":"Eternal Feather"},{"floor":26.0,"key":"Toy Ornithopter"},{"floor":26.0,"key":"Sundial"},{"floor":40.0,"key":"Blue Doll"},{"floor":43.0,"key":"Gremlin Horn"},{"floor":43.0,"key":"Replay:Bottled Snecko"},{"floor":46.0,"key":"Shovel"},{"floor":49.0,"key":"CeramicFish"},{"floor":57,"key":"MealTicket"},{"floor":60,"key":"Happy Flower"},{"floor":62,"key":"Gambling Chip"},{"floor":64,"key":"Gremlin Food"},{"floor":77,"key":"theSenshi:CrescentMoonWandRelic"},{"floor":78,"key":"MawBank"},{"floor":81,"key":"ReplayTheSpireMod:Lightbulb"},{"floor":83,"key":"Replay:Kaleidoscope"},{"floor":91,"key":"Bag of Marbles"},{"floor":94,"key":"Blue Candle"}],"event_choices":[{"cards_removed":["theSenshi:SailorKick"],"damage_healed":0.0,"max_hp_gain":0.0,"max_hp_loss":0.0,"gold_gain":0.0,"event_name":"Living Wall","player_choice":"Forget","floor":2.0,"gold_loss":0.0,"damage_taken":0.0},{"damage_healed":0.0,"max_hp_gain":0.0,"max_hp_loss":0.0,"gold_gain":0.0,"event_name":"The Woman in Blue","player_choice":"Bought 0 Potions","floor":5.0,"gold_loss":0.0,"damage_taken":0.0},{"damage_healed":0.0,"max_hp_gain":0.0,"max_hp_loss":0.0,"gold_gain":0.0,"event_name":"Addict","player_choice":"Obtained Relic","floor":20.0,"gold_loss":85.0,"damage_taken":0.0,"relics_obtained":["Divine Protection"]},{"damage_healed":0.0,"max_hp_gain":0.0,"max_hp_loss":0.0,"gold_gain":0.0,"event_name":"N\u0027loth","player_choice":"Traded Relic","floor":29.0,"relics_lost":["Onion Ring"],"gold_loss":0.0,"damage_taken":0.0,"relics_obtained":["Nloth\u0027s Gift"]},{"cards_removed":["theSenshi:TallSilhouette"],"damage_healed":0.0,"max_hp_gain":0.0,"max_hp_loss":0.0,"gold_gain":0.0,"event_name":"Falling","player_choice":"Removed Skill","floor":39.0,"gold_loss":0.0,"damage_taken":0.0},{"damage_healed":0.0,"max_hp_gain":0.0,"max_hp_loss":0.0,"gold_gain":0.0,"event_name":"Winding Halls","player_choice":"Embrace Madness","floor":48.0,"gold_loss":0.0,"damage_taken":9.0,"cards_obtained":["Madness","Madness"]},{"damage_healed":0,"gold_gain":53,"player_choice":"Gained Gold","damage_taken":0,"max_hp_gain":0,"max_hp_loss":0,"event_name":"Golden Wing","floor":58,"gold_loss":0},{"damage_healed":75,"gold_gain":0,"player_choice":"Upgrade","damage_taken":15,"max_hp_gain":0,"max_hp_loss":75,"event_name":"betterThird:BetterShining","floor":61,"gold_loss":0,"cards_upgraded":["Madness","theSenshi:LunaSensingAllies"]},{"cards_removed":["theSenshi:MoonsReflection"],"damage_healed":0,"gold_gain":0,"player_choice":"Gave Gold","damage_taken":0,"max_hp_gain":0,"max_hp_loss":0,"event_name":"Beggar","floor":72,"gold_loss":75},{"damage_healed":0,"gold_gain":0,"player_choice":"Inject Mutagens","damage_taken":0,"relics_obtained":["MutagenicStrength"],"max_hp_gain":0,"max_hp_loss":0,"event_name":"Drug Dealer","floor":79,"gold_loss":0},{"damage_healed":0,"gold_gain":0,"player_choice":"Memory 3","damage_taken":10,"max_hp_gain":0,"max_hp_loss":0,"event_name":"SensoryStone","floor":88,"gold_loss":0},{"damage_healed":0,"gold_gain":0,"player_choice":"Upgraded","damage_taken":0,"max_hp_gain":0,"max_hp_loss":0,"event_name":"Upgrade Shrine","floor":89,"gold_loss":0,"cards_upgraded":["ReplayTheSpireMod:Black Plague"]}],"is_beta":false,"boss_relics":[{"not_picked":["Replay:Wanted Poster","SlaversCollar"],"picked":"Replay:Grab Bag"},{"not_picked":["infinitespire:Cupcake","Replay:Bronze Core"],"picked":"Philosopher\u0027s Stone"},{"not_picked":["ReplayTheSpireMod:DimensionalGlitch","Ectoplasm"],"picked":"Coffee Dripper"},{"not_picked":["Replay:Drink Me","Kintsugi"],"picked":"SacredBark"},{"not_picked":["Black Star","Ring of Chaos"],"picked":"Pandora\u0027s Box"},{"not_picked":["Fusion Hammer","Astrolabe"],"picked":"Painkiller Herb"},{"not_picked":["ReplayTheSpireMod:SealedPack","Velvet Choker"],"picked":"Honey Jar"},{"not_picked":["infinitespire:Cupcake","Tiny House"],"picked":"SlaversCollar"},{"not_picked":["Cursed Key","Astrolabe"],"picked":"ReplayTheSpireMod:SealedPack"},{"not_picked":["Busted Crown","Snecko Eye"],"picked":"Black Star"}],"items_purged_floors":[21,42,45,53,97],"is_endless":true,"potions_floor_spawned":[1,7,8,13,18,25,30,31,33,36,37,47,50,52,54,57,65,67,69,70,74,78,80,84,91,98],"killed_by":"Cultist","ascension_level":0}}