{"host":"kos1s9q8ffr8fqos","time":1609205074,"event":{"mods":["BaseMod","Bestiary","Better Altar","Better Match","Better Note","Better Sensory Stone","Better Skull","Better Third Choice","Better Vampires","Colored Map","Colored Powertips","Curses Come First","Downfall","Hermit","Infinite Spire","Minty Spire (QoL Compilation)","Quick Restart","Random Character Button","Relic Stats","Replay The Spire","StSLib","The Blue Laboratory","The Disciple"],"gold_per_floor":[110,125,145,145,157,157,183,21,45,45,59,59,75,115,115,115,115],"floor_reached":16,"playtime":749,"items_purged":[],"score":134,"play_id":"5e7391cb-a618-4e36-86ca-d6a5d17bc459","local_time":"20201228192434","is_ascension_mode":true,"campfire_choices":[{"data":"hermit:Vantage","floor":6,"key":"SMITH"},{"floor":10,"key":"REST"},{"data":"hermit:FlashPowder","floor":15,"key":"SMITH"}],"circlet_count":0,"master_deck":["hermit:Strike_Hermit","hermit:Strike_Hermit","hermit:Strike_Hermit","hermit:Strike_Hermit","hermit:Defend_Hermit","hermit:Defend_Hermit","hermit:Defend_Hermit","hermit:Defend_Hermit+1","hermit:Snapshot","hermit:Covet","hermit:Vantage+1","hermit:Snipe","hermit:Enervate","hermit:Headshot","hermit:Reprieve","hermit:TakeAim","hermit:Cheat","hermit:FlashPowder+1","hermit:Glare","hermit:Scavenge"],"relics":["hermit:Momento","Boot","Dream Catcher","Bag of Preparation","betterThird:SlimedRelic","Vajra"],"acts_visited":["Exordium"],"potions_floor_usage":[13,14,14,14],"damage_taken":[{"damage":5,"enemies":"Small Slimes","floor":1,"turns":3},{"damage":0,"enemies":"2 Louse","floor":2,"turns":3},{"damage":11,"enemies":"Jaw Worm","floor":3,"turns":4},{"damage":6,"enemies":"Looter","floor":5,"turns":3},{"damage":31,"enemies":"3 Sentries","floor":7,"turns":9},{"damage":6,"enemies":"Blue Slaver","floor":11,"turns":5},{"damage":0,"enemies":"Exordium Wildlife","floor":13,"turns":3},{"damage":10,"enemies":"Lagavulin","floor":14,"turns":7},{"damage":38,"enemies":"Slime Boss","floor":16,"turns":3}],"seed_played":"1532513574710600946","potions_obtained":[{"floor":7,"key":"SkillPotion"},{"floor":11,"key":"Strength Potion"},{"floor":13,"key":"blueLaboratory:PyrophylliteBrew"}],"is_trial":false,"path_per_floor":["M","M","M","?","M","R","E","$","T","R","M","?","M","E","R","B"],"character_chosen":"HERMIT","items_purchased":["hermit:TakeAim","hermit:Cheat","ColorlessPotion"],"campfire_rested":1,"item_purchase_floors":[8,8,8],"current_hp_per_floor":[70,70,59,59,53,53,22,22,22,44,42,31,39,33,33,0,0],"gold":115,"neow_bonus":"RANDOM_EVENT","is_daily":false,"chose_seed":false,"campfire_upgraded":2,"win_rate":0.0,"timestamp":1609205074,"path_taken":["M","M","M","?","M","R","E","$","T","R","M","?","M","E","R","BOSS"],"items_purchased_type":["Card","Card","Potion"],"build_version":"2020-12-22","purchased_purges":0,"victory":false,"max_hp_per_floor":[75,75,75,75,75,75,75,75,75,75,75,75,75,75,75,75,75],"relic_stats":{"Dream Catcher":1,"counters":[9,40],"Bag of Preparation":[8],"Boot":[4],"obtain_stats":[{"Dream Catcher":7,"betterThird:SlimedRelic":12,"Vajra":14,"Bag of Preparation":9,"Boot":4,"hermit:Momento":0},{"Dream Catcher":5,"betterThird:SlimedRelic":6,"Vajra":8,"Bag of Preparation":5,"Boot":3,"hermit:Momento":0},{"Dream Catcher":22,"betterThird:SlimedRelic":27,"Vajra":37,"Bag of Preparation":22,"Boot":10,"hermit:Momento":0}]},"card_choices":[{"not_picked":["hermit:Feint","hermit:HighCaliber"],"picked":"hermit:Vantage","floor":1},{"not_picked":["hermit:CalledShot","hermit:BodyArmor"],"picked":"hermit:Snipe","floor":2},{"not_picked":["hermit:Determination","hermit:HighCaliber"],"picked":"hermit:Enervate","floor":3},{"not_picked":["hermit:FullyLoaded","hermit:LoneWolf"],"picked":"hermit:Headshot","floor":5},{"not_picked":["hermit:Snipe","hermit:Maintenance"],"picked":"hermit:Reprieve","floor":7},{"not_picked":["hermit:Horror","hermit:TrackingShot"],"picked":"hermit:FlashPowder","floor":10},{"not_picked":["hermit:HoleUp","hermit:CalledShot"],"picked":"hermit:Glare","floor":11},{"not_picked":["hermit:Manifest","hermit:NoHoldsBarred"],"picked":"hermit:Scavenge","floor":13},{"not_picked":["hermit:Headshot","hermit:WideOpen","hermit:EyeOfTheStorm"],"picked":"SKIP","floor":14}],"player_experience":1265838,"relics_obtained":[{"floor":4,"key":"Boot"},{"floor":7,"key":"Dream Catcher"},{"floor":9,"key":"Bag of Preparation"},{"floor":14,"key":"Vajra"}],"event_choices":[{"damage_healed":0,"gold_gain":0,"player_choice":"Slimed","damage_taken":11,"max_hp_gain":1,"max_hp_loss":0,"event_name":"betterThird:BetterGoop","floor":12,"gold_loss":0}],"is_beta":false,"boss_relics":[],"items_purged_floors":[],"is_endless":false,"potions_floor_spawned":[7,11,13],"killed_by":"Slime Boss","ascension_level":4}}