{"host":"6za4ayowsop7ft3x","time":1609253928,"event":{"mods":["AchievementEnabler","BaseMod","Bestiary","Colored Map","Colored Powertips","Curses Come First","Downfall","Highlight Path","Minty Spire (QoL Compilation)","Quick Restart","StSLib"],"gold_per_floor":[99,99,99,99,117,146,198,228,246,246,246,261,261,273,293,293,293],"floor_reached":16,"playtime":652,"items_purged":[],"score":116,"play_id":"c4b3ff3b-3dc3-4fa9-9906-095461ad157d","local_time":"20201229225848","is_ascension_mode":true,"campfire_choices":[{"data":"Defend_G","floor":1,"key":"SMITH"},{"floor":11,"key":"REST"},{"floor":13,"key":"REST"}],"circlet_count":0,"master_deck":["Strike_G","Strike_G","Strike_G","Strike_G","Strike_G","Defend_G","Defend_G","Defend_G","Defend_G","Defend_G+1","Survivor","Neutralize","Poisoned Stab","Slice","Die Die Die","Flying Knee","Backflip","Catalyst","Dagger Throw","Prepared"],"relics":["Ring of the Snake","downfall:HeartsMalice","Centennial Puzzle","Smiling Mask","PreservedInsect","Oddly Smooth Stone"],"acts_visited":["Exordium"],"potions_floor_usage":[6],"damage_taken":[{"damage":0,"enemies":"Cultist","floor":2,"turns":1},{"damage":0,"enemies":"Jaw Worm","floor":3,"turns":1},{"damage":0,"enemies":"2 Louse","floor":4,"turns":1},{"damage":0,"enemies":"2 Fungi Beasts","floor":5,"turns":3},{"damage":23,"enemies":"Gremlin Nob","floor":6,"turns":5},{"damage":27,"enemies":"3 Sentries","floor":8,"turns":9},{"damage":0,"enemies":"3 Louse","floor":9,"turns":1},{"damage":6,"enemies":"Gremlin Gang","floor":12,"turns":3},{"damage":0,"enemies":"Large Slime","floor":14,"turns":6},{"damage":5,"enemies":"Exordium Wildlife","floor":15,"turns":4},{"damage":54,"enemies":"Hexaghost","floor":16,"turns":9}],"seed_played":"-875675164519307677","potions_obtained":[{"floor":5,"key":"Dexterity Potion"},{"floor":9,"key":"FearPotion"},{"floor":14,"key":"Weak Potion"},{"floor":15,"key":"Energy Potion"}],"is_trial":false,"path_per_floor":["R","M","M","M","M","E","T","E","M","T","R","M","R","M","M","B"],"character_chosen":"THE_SILENT","items_purchased":[],"campfire_rested":2,"item_purchase_floors":[],"current_hp_per_floor":[70,70,70,70,70,47,47,20,20,20,41,35,56,56,51,0,0],"gold":293,"neow_bonus":"THREE_ENEMY_KILL","is_daily":false,"chose_seed":false,"campfire_upgraded":1,"win_rate":0.0,"timestamp":1609253928,"path_taken":["R","M","M","M","M","E","T","E","M","?","R","M","R","M","M","BOSS"],"items_purchased_type":[],"build_version":"2020-12-22","purchased_purges":0,"victory":false,"max_hp_per_floor":[70,70,70,70,70,70,70,70,70,70,70,70,70,70,70,70,70],"card_choices":[{"not_picked":["Acrobatics","Underhanded Strike"],"picked":"Poisoned Stab","floor":2},{"not_picked":["Acrobatics","Bane"],"picked":"Slice","floor":3},{"not_picked":["All Out Attack","Outmaneuver"],"picked":"Die Die Die","floor":4},{"not_picked":["Finisher","Escape Plan","Quick Slash"],"picked":"SKIP","floor":5},{"not_picked":["Accuracy","All Out Attack"],"picked":"Flying Knee","floor":6},{"not_picked":["Deadly Poison","Underhanded Strike"],"picked":"Backflip","floor":8},{"not_picked":["Finisher","Blade Dance","Cloak And Dagger"],"picked":"SKIP","floor":9},{"not_picked":["Acrobatics","Underhanded Strike"],"picked":"Catalyst","floor":12},{"not_picked":["Masterful Stab","Cloak And Dagger"],"picked":"Dagger Throw","floor":14},{"not_picked":["Bane","All Out Attack"],"picked":"Prepared","floor":15}],"player_experience":25454,"relics_obtained":[{"floor":6,"key":"Centennial Puzzle"},{"floor":7,"key":"Smiling Mask"},{"floor":8,"key":"PreservedInsect"},{"floor":10,"key":"Oddly Smooth Stone"}],"event_choices":[],"is_beta":false,"boss_relics":[],"items_purged_floors":[],"is_endless":false,"potions_floor_spawned":[5,9,14,15],"killed_by":"Hexaghost","ascension_level":1}}