{"host":"hd496gdorkfoob6n","time":1609228383,"event":{"mods":["2.2 Compatiblity","AchievementEnabler","BaseMod","Colored Map","Downfall","Hermit","Minty Spire (QoL Compilation)","StSLib"],"gold_per_floor":[99,110,120,134,149,149,203,203,203,229,154,16,16,42,53,158,158,83,94,105,105,11,45,45,45,62,62,237,248,248,262,278,376,376,301,316,329,329,346,346,372,403,136,136,136,236,254,264,282,282,282,282,282,282],"floor_reached":52,"playtime":6147,"items_purged":["hexamod:Strike","Parasite"],"score":880,"play_id":"0f3ebcf3-9fc1-4a18-9852-af45351cdef8","local_time":"20201229025303","is_ascension_mode":true,"campfire_choices":[{"floor":1.0,"key":"RECALL"},{"data":"hexamod:NightmareGuise","floor":11.0,"key":"SMITH"},{"floor":13.0,"key":"REST"},{"data":"hexamod:SearingWound","floor":18.0,"key":"SMITH"},{"data":"hexamod:ExtraCrispy","floor":25.0,"key":"SMITH"},{"floor":27.0,"key":"REST"},{"data":"hexamod:HeatShield","floor":35,"key":"SMITH"},{"data":"hexamod:BurningTouch","floor":40,"key":"SMITH"},{"data":"hexamod:HexaLevel","floor":44,"key":"SMITH"}],"circlet_count":0,"master_deck":["hexamod:Strike+1","hexamod:Strike+1","hexamod:Defend+1","hexamod:Defend+1","hexamod:Defend+1","hexamod:Defend+1","hexamod:Sear","hexamod:Float","hexamod:NightmareStrike","hexamod:SpectersWail","hexamod:NightmareGuise+1","hexamod:BurningTouch+1","hexamod:VolcanoVisage","hexamod:Haunt","hexamod:RecurringNightmare","hexamod:Hexaguard","hexamod:ThermalTransfer","hexamod:HeatCrush","hexamod:GhostShield","hexamod:SearingWound+1","hexamod:RainOfEmbers+1","hexamod:FastForward","hexamod:HexaLevel+1","hexamod:ExtraCrispy+1","hexamod:HeatShield+1","hexamod:ThermalTransfer+1","hexamod:WildfireWeapon","hexamod:GhostflameBarrier+1","hexamod:AdvancingGuard+1","hexamod:DynamicBlow+1","Master of Strategy","hexamod:Again+1","Parasite"],"relics":["hexamod:SpiritBrand","Pen Nib","downfall:ShatteredFragment","Dream Catcher","Happy Flower","Anchor","downfall:HeartBlessingRed","Orichalcum","SlaversCollar","downfall:HeartBlessingGreen","Tiny Chest","Coffee Dripper","downfall:HeartBlessingBlue","Ancient Tea Set","Pantograph","White Beast Statue"],"acts_visited":["Exordium","TheCity","TheBeyond","TheEnding"],"potions_floor_usage":[33,37,49,50,52],"damage_taken":[{"damage":0.0,"enemies":"2 Louse","floor":2.0,"turns":2.0},{"damage":3.0,"enemies":"Jaw Worm","floor":3.0,"turns":4.0},{"damage":0.0,"enemies":"Small Slimes","floor":4.0,"turns":3.0},{"damage":0.0,"enemies":"2 Fungi Beasts","floor":5.0,"turns":3.0},{"damage":0.0,"enemies":"Gremlin Nob","floor":10.0,"turns":3.0},{"damage":0.0,"enemies":"downfall:FleeingMerchant","floor":12.0,"turns":4.0},{"damage":0.0,"enemies":"3 Sentries","floor":14.0,"turns":5.0},{"damage":0.0,"enemies":"Large Slime","floor":15.0,"turns":3.0},{"damage":0.0,"enemies":"downfall:Ironclad","floor":16.0,"turns":5.0},{"damage":0.0,"enemies":"Chosen","floor":19.0,"turns":3.0},{"damage":0.0,"enemies":"Shell Parasite","floor":20.0,"turns":3.0},{"damage":0.0,"enemies":"downfall:FleeingMerchant","floor":22.0,"turns":4.0},{"damage":11.0,"enemies":"Gremlin Leader","floor":23.0,"turns":5.0},{"damage":22.0,"enemies":"Shelled Parasite and Fungi","floor":26.0,"turns":4.0},{"damage":9.0,"enemies":"downfall:FleeingMerchant","floor":28.0,"turns":3.0},{"damage":1,"enemies":"Centurion and Healer","floor":29,"turns":5},{"damage":6,"enemies":"Snake Plant","floor":31,"turns":3},{"damage":0,"enemies":"3 Cultists","floor":32,"turns":5},{"damage":20,"enemies":"downfall:Watcher","floor":33,"turns":7},{"damage":0,"enemies":"Orb Walker","floor":36,"turns":3},{"damage":0,"enemies":"3 Shapes","floor":37,"turns":2},{"damage":12,"enemies":"Writhing Mass","floor":39,"turns":4},{"damage":0,"enemies":"Giant Head","floor":42,"turns":6},{"damage":0,"enemies":"3 Darklings","floor":47,"turns":4},{"damage":26,"enemies":"Spire Growth","floor":48,"turns":4},{"damage":13,"enemies":"Writhing Mass","floor":49,"turns":7},{"damage":29,"enemies":"downfall:Silent","floor":50,"turns":7},{"damage":101,"enemies":"downfall:CharBossMerchant","floor":52,"turns":7}],"seed_played":"7714244838359260720","potions_obtained":[{"floor":3.0,"key":"PowerPotion"},{"floor":4.0,"key":"Fire Potion"},{"floor":5.0,"key":"DistilledChaos"},{"floor":20.0,"key":"ColorlessPotion"},{"floor":26.0,"key":"EntropicBrew"},{"floor":31,"key":"Energy Potion"},{"floor":36,"key":"Dexterity Potion"},{"floor":37,"key":"Guardian:BlockOnCardUsePotion"},{"floor":49,"key":"FearPotion"}],"is_trial":false,"path_per_floor":["R","M","M","M","M","?","T","?","T","E","R","$","R","E","M","B",null,"R","M","M","?","$","E","T","R","M","R","$","M","?","M","M","B",null,"R","M","M","?","M","R","T","E","$","R","T","?","M","M","M","B",null,"E"],"character_chosen":"THE_SPIRIT","items_purchased":["hexamod:RecurringNightmare","hexamod:Hexaguard","hexamod:ExtraCrispy","hexamod:HeatShield","Master of Strategy"],"campfire_rested":2,"item_purchase_floors":[12,12,22,28,43],"current_hp_per_floor":[70,70,67,67,67,46,46,46,46,46,46,46,67,67,67,67,70,70,70,70,70,70,59,59,59,37,58,49,48,48,42,42,22,70,80,80,80,80,68,68,68,68,68,68,68,68,68,42,29,25,77,0,0,0],"gold":282,"neow_bonus":"RANDOM_COMMON_RELIC","is_daily":false,"chose_seed":false,"campfire_upgraded":6,"win_rate":0.0,"timestamp":1609228383,"path_taken":["R","M","M","M","M","?","T","?","?","E","R","$","R","E","M","BOSS","R","M","M","?","?","E","T","R","M","R","$","M","?","M","M","BOSS","R","M","M","?","?","R","T","E","$","R","?","?","?","M","M","BOSS","E"],"items_purchased_type":["Card","Card","Card","Card","Card"],"build_version":"2020-12-13","purchased_purges":2,"victory":false,"max_hp_per_floor":[70,70,70,70,70,70,70,70,70,70,70,70,70,70,70,70,70,70,70,70,70,70,70,70,70,70,70,70,70,70,70,70,70,70,80,80,80,80,80,80,80,80,77,77,77,77,77,77,77,77,77,77,77,77],"card_choices":[{"not_picked":["hexamod:AdvancingGuard","hexamod:Haunt"],"picked":"hexamod:NightmareStrike","floor":2.0},{"not_picked":["hexamod:Firestarter","hexamod:GhostflameBarrier"],"picked":"hexamod:SpectersWail","floor":3.0},{"not_picked":["hexamod:NightmareStrike","hexamod:GhostShield"],"picked":"hexamod:NightmareGuise","floor":4.0},{"not_picked":["hexamod:SpectersWail","hexamod:Rewind"],"picked":"hexamod:BurningTouch","floor":5.0},{"not_picked":["hexamod:SecondSeal","hexamod:CatchUp"],"picked":"hexamod:VolcanoVisage","floor":10.0},{"not_picked":["hexamod:ShieldOfDarkness","hexamod:ChargedBarrage"],"picked":"hexamod:Haunt","floor":12.0},{"not_picked":["hexamod:GhostOfSpirePresent","hexamod:BurningTouch"],"picked":"hexamod:ThermalTransfer","floor":13.0},{"not_picked":["hexamod:RainOfEmbers","hexamod:FourthSeal"],"picked":"hexamod:HeatCrush","floor":14.0},{"not_picked":["hexamod:StepThrough","hexamod:HauntingEcho"],"picked":"hexamod:GhostShield","floor":15.0},{"not_picked":["hexamod:TimeWarp","hexamod:SixthSeal"],"picked":"hexamod:SearingWound","floor":16.0},{"not_picked":["hexamod:GhostShield+1","hexamod:CatchUp"],"picked":"hexamod:RainOfEmbers+1","floor":19.0},{"not_picked":["hexamod:BurningTouch","hexamod:DynamicBlow"],"picked":"hexamod:FastForward","floor":20.0},{"not_picked":["hexamod:RainOfEmbers+1","hexamod:CatchUp"],"picked":"hexamod:HexaLevel","floor":22.0},{"not_picked":["hexamod:BacktrackSmack","hexamod:RainOfEmbers","hexamod:NightmareGuise+1"],"picked":"SKIP","floor":23.0},{"not_picked":["hexamod:BurningTouch","hexamod:NightmareStrike","hexamod:GhostShield"],"picked":"SKIP","floor":26.0},{"not_picked":["hexamod:ShieldOfDarkness","hexamod:PhantomFireball","hexamod:Incineration"],"picked":"SKIP","floor":29},{"not_picked":["hexamod:ShieldOfDarkness","hexamod:GhostOfSpireFuture"],"picked":"hexamod:ThermalTransfer+1","floor":31},{"not_picked":["hexamod:BurningTouch","hexamod:BacktrackSmack","hexamod:CrushingStance"],"picked":"SKIP","floor":32},{"not_picked":["hexamod:TimeOfNeed","hexamod:HexaLevel"],"picked":"hexamod:WildfireWeapon","floor":33},{"not_picked":["hexamod:BacktrackSmack+1","hexamod:NecessarySacrifice+1"],"picked":"hexamod:GhostflameBarrier+1","floor":36},{"not_picked":["hexamod:Hexaguard","hexamod:SwordOfDarkness+1","hexamod:StepThrough"],"picked":"SKIP","floor":37},{"not_picked":["hexamod:NightmareGuise","hexamod:HauntingEcho+1"],"picked":"hexamod:AdvancingGuard+1","floor":39},{"not_picked":["hexamod:RainOfEmbers+1","hexamod:Hexaguard+1"],"picked":"hexamod:DynamicBlow+1","floor":42},{"not_picked":["hexamod:ShieldOfDarkness","hexamod:Hexaguard"],"picked":"hexamod:Again+1","floor":47},{"not_picked":["hexamod:FourthSeal","hexamod:FastForward","hexamod:CatchUp"],"picked":"SKIP","floor":48},{"not_picked":["hexamod:InspiringFlames+1","hexamod:RainOfEmbers+1","hexamod:NightmareStrike"],"picked":"SKIP","floor":49}],"player_experience":102363,"relics_obtained":[{"floor":7.0,"key":"Dream Catcher"},{"floor":9.0,"key":"Happy Flower"},{"floor":10.0,"key":"Anchor"},{"floor":14.0,"key":"Orichalcum"},{"floor":23.0,"key":"Tiny Chest"},{"floor":41,"key":"Ancient Tea Set"},{"floor":42,"key":"Pantograph"},{"floor":45,"key":"White Beast Statue"}],"event_choices":[{"damage_healed":0,"gold_gain":0,"player_choice":"Simplicity","damage_taken":0,"max_hp_gain":0,"max_hp_loss":0,"event_name":"Back to Basics","floor":30,"gold_loss":0,"cards_upgraded":["hexamod:Strike","hexamod:Strike","hexamod:Defend","hexamod:Defend","hexamod:Defend","hexamod:Defend"]}],"is_beta":false,"boss_relics":[{"not_picked":["SacredBark","Astrolabe"],"picked":"SlaversCollar"},{"not_picked":["hexamod:IceCube","Runic Pyramid"],"picked":"Coffee Dripper"}],"items_purged_floors":[28,43],"is_endless":false,"potions_floor_spawned":[3,4,5,14,15,20,26,31,36,37,42,47,48,49],"killed_by":"downfall:CharBossMerchant","ascension_level":1}}