{"host":"m4gez01cdgxblqzl","time":1609215057,"event":{"mods":["2.2 Compatiblity","AchievementEnabler","Act Like it!","Aspiration","BaseMod","Better Altar","Better Match","Better Note","Better Sensory Stone","Better Skull","Better Third Choice","BetterRewards","CCEM","Challenge The Spire","Clawfect","Colored Powertips","Conspire","Downfall","GifTheSpireLib","Glutton Mod","Halation","Hermit","Hubris","Infinite Spire","Jedi Mod","Minty Spire (QoL Compilation)","Permanent Neow","READ ME - Guardian Mod","RatMod","Replay The Spire","Shade Mod","Shop Mod","Spicy Shops","Spikes Relics","StSLib","Stuff the Spire","The Blue Laboratory","The Construct","The Jungle","The Problem Sleuth","The Runesmith","The Spell Scribe","Trackpad","Unceasing Turn Reminder","Unknown Chances","everything is the same but u backflip on backflip","vexMod"],"gold_per_floor":[113,388,403,421,474,508,534,534,559,581,613,633,611,635,635,651,651],"floor_reached":16,"playtime":1524,"items_purged":[],"score":106,"play_id":"69083272-1904-453a-b9d3-e4d42fb54acb","local_time":"20201228221057","is_ascension_mode":false,"campfire_choices":[{"floor":8,"key":"REST"},{"floor":15,"key":"REST"}],"circlet_count":0,"master_deck":["Strike_G","Strike_G","Strike_G","Strike_G","Strike_G","Defend_G","Defend_G","Defend_G","Defend_G","Defend_G","Survivor","Neutralize","StuffTheSpire:Injection","Regret","ReplayTheSpireMod:Speed Training","Prepared","ReplayTheSpireMod:Splinters","Bane","InfectiousVector","Backflip","jedi:pocketpoison","rat:WitheringShackles","Bullet Time","StuffTheSpire:BrimstoneBlast"],"relics":["Ring of the Snake","aspiration:Nostalgia","Cracked Core","CCEMRelics:PaperClip","Replay:Bandana","Omamori"],"acts_visited":["Exordium"],"potions_floor_usage":[6,16,16,16],"damage_taken":[{"damage":1,"enemies":"Jaw Worm","floor":1,"turns":4},{"damage":0,"enemies":"infinitespire:Voidling","floor":3,"turns":4},{"damage":15,"enemies":"conspire:RoseBush","floor":4,"turns":2},{"damage":43,"enemies":"3 Sentries","floor":6,"turns":11},{"damage":1,"enemies":"3 Louse","floor":7,"turns":5},{"damage":15,"enemies":"Lots of Slimes","floor":10,"turns":4},{"damage":4,"enemies":"2 Fungi Beasts","floor":11,"turns":4},{"damage":0,"enemies":"Looter","floor":12,"turns":4},{"damage":0,"enemies":"Blue Slaver","floor":14,"turns":4},{"damage":44,"enemies":"Fading Forest","floor":16,"turns":9}],"seed_played":"3843753824903505924","potions_obtained":[{"floor":3,"key":"blueLaboratory:ArtificerPotion"},{"floor":4,"key":"Weak Potion"},{"floor":5,"key":"construct:ShiftPotion"},{"floor":10,"key":"EssenceOfSteel"},{"floor":11,"key":"blueLaboratory:SavagePotion"}],"is_trial":false,"path_per_floor":["M","?","M","M","?","E","M","R","T","M","M","M","?","M","R","B"],"character_chosen":"THE_SILENT","items_purchased":[],"campfire_rested":2,"item_purchase_floors":[],"current_hp_per_floor":[69,69,69,54,54,11,10,31,31,16,12,12,12,12,33,0,0],"gold":651,"neow_bonus":"NOSTALGIA","is_daily":false,"chose_seed":false,"campfire_upgraded":0,"win_rate":0.0,"timestamp":1609215057,"path_taken":["M","?","M","?","?","E","M","R","T","M","M","?","?","M","R","BOSS"],"items_purchased_type":[],"build_version":"2020-12-22","purchased_purges":0,"victory":false,"max_hp_per_floor":[70,70,70,70,70,70,70,70,70,70,70,70,70,70,70,70,70],"card_choices":[{"not_picked":["ReplayTheSpireMod:Tripwire","rat:ColdBlood"],"picked":"StuffTheSpire:Injection","floor":1},{"not_picked":["rat:EchoingStrikes","StuffTheSpire:ClusterCrunch"],"picked":"ReplayTheSpireMod:Speed Training","floor":3},{"not_picked":["rat:Shadowstep","Well Laid Plans"],"picked":"Prepared","floor":4},{"not_picked":["Outmaneuver","Dagger Spray"],"picked":"Bane","floor":5},{"not_picked":["rat:BloodPact","rat:DextrousStrike"],"picked":"InfectiousVector","floor":6},{"not_picked":["Outmaneuver","Dodge and Roll"],"picked":"Backflip","floor":7},{"not_picked":["PiercingWail","rat:Shadowstep"],"picked":"jedi:pocketpoison","floor":10},{"not_picked":["rat:Shadowstep","Escape Plan"],"picked":"rat:WitheringShackles","floor":11},{"not_picked":["Bane","Dash"],"picked":"Bullet Time","floor":12},{"not_picked":["ReplayTheSpireMod:Tripwire","rat:WitheringShackles"],"picked":"StuffTheSpire:BrimstoneBlast","floor":14}],"player_experience":19222,"relics_obtained":[{"floor":5,"key":"CCEMRelics:PaperClip"},{"floor":6,"key":"Replay:Bandana"},{"floor":9,"key":"Omamori"}],"event_choices":[{"damage_healed":0,"gold_gain":275,"player_choice":"Desecrate","damage_taken":0,"max_hp_gain":0,"max_hp_loss":0,"event_name":"Golden Shrine","floor":2,"gold_loss":0,"cards_obtained":["Regret"]},{"damage_healed":0,"gold_gain":0,"player_choice":"Left","damage_taken":0,"max_hp_gain":0,"max_hp_loss":0,"event_name":"betterThird:BetterGoop","floor":13,"gold_loss":22}],"is_beta":false,"boss_relics":[],"items_purged_floors":[],"is_endless":false,"potions_floor_spawned":[3,4,10,11],"killed_by":"Fading Forest","ascension_level":0}}