{"host":"kev6uqotw4tlyx8l","time":1609207566,"event":{"mods":["Act Like it!","Aspiration","BaseMod","Colored Powertips","Dota2Spire","Downfall","Hallownest","Infinite Spire","Marisa????????","Minty Spire (QoL Compilation)","Quick Restart","Remilia??????","Replay The Spire","StSLib","The Cursed","The Marked","The Mystic","The Servant 0.9.4"],"gold_per_floor":[114,114,114,33,47,47,47,47,47,47,67,83,116,132,132,230,230,243,243,260,277,277,277,297,297,297,312,324,239,239,264,264,264,264],"floor_reached":33,"playtime":1218,"items_purged":[],"score":267,"play_id":"cffec6fa-af1a-467b-af75-d77e216f5a83","local_time":"20201229090606","is_ascension_mode":false,"campfire_choices":[{"data":"Distraction","floor":6,"key":"SMITH"},{"data":"Sucker Punch","floor":8,"key":"SMITH"},{"data":"Neutralize","floor":10,"key":"SMITH"},{"data":"ReplayTheSpireMod:Scrap Shanks","floor":23,"key":"SMITH"},{"data":"Underhanded Strike","floor":25,"key":"SMITH"},{"floor":30,"key":"REST"},{"floor":32,"key":"REST"}],"circlet_count":0,"master_deck":["Strike_G","Strike_G","Strike_G","Strike_G","Defend_G","Defend_G","Defend_G","Defend_G","Defend_G","Survivor","Neutralize+1","Distraction+1","Sucker Punch+1","Heel Hook+1","ReplayTheSpireMod:Speed Training","Acrobatics","Blade Dance","Unload","Underhanded Strike+1","ReplayTheSpireMod:Speed Training","ReplayTheSpireMod:Scrap Shanks+1","Prepared","Backstab","Sucker Punch","Reflex"],"relics":["mysticmod:SpellBook","NeowsBlessing","infinitespire:Cubic Diamond","Replay:Mystery Machine","Dota2Spire:BladeMail","Paper Crane","infinitespire:ShieldingShard","SlaversCollar","Counterbalance","Frozen Egg 2","Nunchaku","Replay:Baseball"],"acts_visited":["Exordium","TheCity"],"potions_floor_usage":[13,16,20,24,28],"damage_taken":[{"damage":0,"enemies":"Cultist","floor":1,"turns":1},{"damage":0,"enemies":"2 Louse","floor":5,"turns":1},{"damage":0,"enemies":"Jaw Worm","floor":11,"turns":1},{"damage":12,"enemies":"Lots of Slimes","floor":12,"turns":4},{"damage":6,"enemies":"3 Sentries","floor":13,"turns":11},{"damage":3,"enemies":"3 Louse","floor":14,"turns":3},{"damage":12,"enemies":"Hexaghost","floor":16,"turns":8},{"damage":8,"enemies":"Shell Parasite","floor":18,"turns":6},{"damage":2,"enemies":"3 Byrds","floor":20,"turns":4},{"damage":10,"enemies":"Snecko","floor":21,"turns":7},{"damage":0,"enemies":"Centurion and Healer","floor":24,"turns":5},{"damage":11,"enemies":"Shelled Parasite and Fungi","floor":27,"turns":4},{"damage":13,"enemies":"Cultist and Chosen","floor":28,"turns":6},{"damage":43,"enemies":"Slavers","floor":31,"turns":4},{"damage":25,"enemies":"Champ","floor":33,"turns":10}],"seed_played":"2471171642138729073","potions_obtained":[{"floor":1,"key":"SkillPotion"},{"floor":14,"key":"SkillPotion"},{"floor":18,"key":"Poison Potion"},{"floor":21,"key":"AttackPotion"},{"floor":27,"key":"Energy Potion"}],"is_trial":false,"path_per_floor":["M","?","?","?","M","R","T","R","T","R","M","M","E","M","R","B",null,"M","?","M","M","?","R","M","R","T","M","M","?","R","E","R","B"],"character_chosen":"THE_SILENT","items_purchased":[],"campfire_rested":2,"item_purchase_floors":[],"current_hp_per_floor":[70,70,70,70,70,70,70,70,70,70,70,58,52,49,70,58,70,62,62,60,50,50,50,50,50,50,39,26,26,47,4,25,0,0],"gold":264,"neow_bonus":"THREE_ENEMY_KILL","is_daily":false,"chose_seed":false,"campfire_upgraded":5,"win_rate":0.0,"timestamp":1609207566,"path_taken":["M","?","?","?","?","R","?","R","T","R","?","M","E","M","R","BOSS","M","?","M","?","?","R","M","R","T","M","M","?","R","E","R","BOSS"],"items_purchased_type":[],"build_version":"2020-12-22","purchased_purges":0,"victory":false,"max_hp_per_floor":[70,70,70,70,70,70,70,70,70,70,70,70,70,70,70,70,70,70,70,70,70,70,70,70,70,70,70,70,70,70,70,70,70,70],"card_choices":[{"not_picked":["ReplayTheSpireMod:Exploit Weakness","PiercingWail"],"picked":"Distraction","floor":1},{"not_picked":["Heel Hook","Outmaneuver"],"picked":"Sucker Punch","floor":5},{"not_picked":["Dodge and Roll","Bane"],"picked":"Heel Hook","floor":11},{"not_picked":["Outmaneuver","Bane"],"picked":"ReplayTheSpireMod:Speed Training","floor":12},{"not_picked":["Toxin Wave","Wraith Form v2"],"picked":"Acrobatics","floor":13},{"not_picked":["Bane","Sucker Punch"],"picked":"Blade Dance","floor":14},{"not_picked":["Replay:Bag of Tricks","Phantasmal Killer"],"picked":"Unload","floor":16},{"not_picked":["Deadly Poison","Dagger Spray"],"picked":"Underhanded Strike","floor":18},{"not_picked":["Deadly Poison","PiercingWail+1"],"picked":"ReplayTheSpireMod:Speed Training","floor":20},{"not_picked":["Deflect","Terror"],"picked":"ReplayTheSpireMod:Scrap Shanks","floor":21},{"not_picked":["Leg Sweep","Poisoned Stab+1"],"picked":"Prepared","floor":24},{"not_picked":["Deflect","Dagger Spray"],"picked":"Backstab","floor":27},{"not_picked":["Acrobatics","Blade Dance+1"],"picked":"Sucker Punch","floor":28},{"not_picked":["Backflip","Hidden Blade"],"picked":"Reflex","floor":31}],"player_experience":42165,"relics_obtained":[{"floor":7,"key":"Dota2Spire:BladeMail"},{"floor":9,"key":"Paper Crane"},{"floor":13,"key":"infinitespire:ShieldingShard"},{"floor":26,"key":"Frozen Egg 2"},{"floor":31,"key":"Replay:Baseball"}],"event_choices":[{"damage_healed":0,"gold_gain":0,"player_choice":"Leave","damage_taken":0,"max_hp_gain":0,"max_hp_loss":0,"event_name":"The Cleric","floor":2,"gold_loss":0},{"damage_healed":0,"gold_gain":0,"player_choice":"Paid Gold","damage_taken":0,"relics_obtained":["Replay:Mystery Machine"],"max_hp_gain":0,"max_hp_loss":0,"event_name":"WeMeetAgain","floor":4,"gold_loss":81},{"cards_removed":["Strike_G"],"damage_healed":0,"gold_gain":0,"player_choice":"Offered Basic","damage_taken":0,"max_hp_gain":0,"max_hp_loss":0,"event_name":"Bonfire Elementals","floor":19,"gold_loss":0},{"damage_healed":0,"gold_gain":0,"player_choice":"Obtained Relic","damage_taken":0,"relics_obtained":["Nunchaku"],"max_hp_gain":0,"max_hp_loss":0,"event_name":"Addict","floor":29,"gold_loss":85}],"is_beta":false,"boss_relics":[{"not_picked":["aspiration:FutureDiary","aspiration:SecretTechniqueScroll"],"picked":"SlaversCollar"}],"items_purged_floors":[],"is_endless":false,"potions_floor_spawned":[1,14,18,21,27],"killed_by":"Champ","ascension_level":0}}