{"host":"mi0eibewekhugwl1","time":1609233302,"event":{"mods":["AchievementEnabler","BaseMod","Colored Map","Colored Powertips","DeckTracker","Keyboard Shortcuts","Minty Spire (QoL Compilation)","Quick Restart","Rare Cards Sparkle","Relic Stats","StSLib","SuperFastMode","everything is the same but u backflip on backflip"],"gold_per_floor":[212,212,137,148,40,40,40,40],"floor_reached":7,"playtime":110,"items_purged":["Strike_B"],"score":78,"play_id":"e2177a75-8c90-4aa8-9328-dc08747c17b2","local_time":"20201229181502","is_ascension_mode":true,"campfire_choices":[{"data":"Zap","floor":6,"key":"SMITH"}],"circlet_count":0,"master_deck":["AscendersBane","Strike_B","Strike_B","Strike_B","Defend_B","Defend_B","Defend_B","Defend_B","Zap+1","Dualcast","Sweeping Beam","White Noise","All For One","Auto Shields","Madness"],"relics":["Cracked Core"],"acts_visited":["Exordium"],"potions_floor_usage":[],"damage_taken":[{"damage":4,"enemies":"2 Louse","floor":1,"turns":2},{"damage":0,"enemies":"Cultist","floor":4,"turns":3},{"damage":72,"enemies":"Gremlin Nob","floor":7,"turns":5}],"seed_played":"-6261773523062654814","potions_obtained":[],"is_trial":false,"path_per_floor":["M","?","$","M","$","R","E"],"character_chosen":"DEFECT","items_purchased":["Madness"],"campfire_rested":0,"item_purchase_floors":[5],"current_hp_per_floor":[60,60,60,60,60,60,0,0],"gold":40,"neow_bonus":"HUNDRED_GOLD","is_daily":false,"chose_seed":false,"campfire_upgraded":1,"win_rate":0.0,"timestamp":1609233302,"path_taken":["M","?","$","M","?","R","E"],"items_purchased_type":["Card"],"build_version":"2020-12-22","purchased_purges":1,"victory":false,"max_hp_per_floor":[71,71,71,71,71,71,71,71],"relic_stats":{"counters":[3,10],"obtain_stats":[{"Cracked Core":0},{"Cracked Core":0},{"Cracked Core":0}]},"card_choices":[{"not_picked":["Turbo","Streamline"],"picked":"Sweeping Beam","floor":1},{"not_picked":["Rebound","Barrage"],"picked":"Auto Shields","floor":4}],"player_experience":1718043,"relics_obtained":[],"event_choices":[{"damage_healed":0,"gold_gain":0,"player_choice":"2 cards matched","damage_taken":0,"max_hp_gain":0,"max_hp_loss":0,"event_name":"Match and Keep!","floor":2,"gold_loss":0,"cards_obtained":["White Noise","All For One"]},{"damage_healed":0,"gold_gain":0,"player_choice":"2 cards matched","damage_taken":0,"max_hp_gain":0,"max_hp_loss":0,"event_name":"Match and Keep!","floor":2,"gold_loss":0,"cards_obtained":["White Noise","All For One"]}],"is_beta":false,"boss_relics":[],"items_purged_floors":[3],"is_endless":false,"potions_floor_spawned":[],"killed_by":"Gremlin Nob","ascension_level":20}}