{"host":"15dd7v8o90xso62x","time":1609224177,"event":{"mods":["BaseMod","Minty Spire (QoL Compilation)","Quick Restart","StSLib","SuperFastMode"],"gold_per_floor":[116,126,137,150,166,195,195,120,120,120,100,114,143,160,160,238,238,258,10,24,42,42,42],"floor_reached":22,"playtime":834,"items_purged":["Flex"],"score":400,"play_id":"6bcdc24b-0aef-4904-af89-ac0b78b9fa77","local_time":"20201229154257","is_ascension_mode":true,"campfire_choices":[{"data":"Dark Embrace","floor":7.0,"key":"SMITH"},{"data":"Evolve","floor":10.0,"key":"SMITH"},{"data":"Berserk","floor":15.0,"key":"SMITH"}],"circlet_count":0,"master_deck":["AscendersBane","Bash","Immolate","Berserk+1","Evolve+1","Dropkick","Headbutt","Dark Embrace+1","Power Through","Shrug It Off","Corruption","Combust","Clothesline","Infernal Blade","Exhume","Seeing Red","Power Through","Body Slam","Burning Pact"],"relics":["Burning Blood","Tiny Chest","Akabeko","Regal Pillow","Pandora\u0027s Box","TheAbacus"],"acts_visited":["Exordium","TheCity"],"potions_floor_usage":[22],"damage_taken":[{"damage":7.0,"enemies":"Jaw Worm","floor":1.0,"turns":2.0},{"damage":0.0,"enemies":"2 Louse","floor":2.0,"turns":2.0},{"damage":6.0,"enemies":"Cultist","floor":3.0,"turns":3.0},{"damage":15.0,"enemies":"Exordium Wildlife","floor":4.0,"turns":3.0},{"damage":16.0,"enemies":"Blue Slaver","floor":5.0,"turns":4.0},{"damage":32.0,"enemies":"Gremlin Nob","floor":6.0,"turns":4.0},{"damage":0.0,"enemies":"Red Slaver","floor":12.0,"turns":3.0},{"damage":7.0,"enemies":"Lagavulin","floor":13.0,"turns":5.0},{"damage":3.0,"enemies":"Looter","floor":14.0,"turns":2.0},{"damage":27.0,"enemies":"Slime Boss","floor":16.0,"turns":8.0},{"damage":5.0,"enemies":"Chosen","floor":18.0,"turns":3.0},{"damage":22.0,"enemies":"3 Byrds","floor":20.0,"turns":4.0},{"damage":36,"enemies":"Cultist and Chosen","floor":21,"turns":5},{"damage":1,"enemies":"Snecko","floor":22,"turns":2}],"seed_played":"7050084783114302332","potions_obtained":[{"floor":2.0,"key":"PowerPotion"},{"floor":3.0,"key":"Fire Potion"},{"floor":4.0,"key":"Strength Potion"},{"floor":5.0,"key":"Ancient Potion"},{"floor":11.0,"key":"Ancient Potion"},{"floor":13.0,"key":"SneckoOil"},{"floor":20.0,"key":"Dexterity Potion"},{"floor":21,"key":"LiquidBronze"}],"is_trial":false,"path_per_floor":["M","M","M","M","M","E","R","?","T","R","?","M","E","M","R","B",null,"M","$","M","M","M"],"character_chosen":"IRONCLAD","items_purchased":["TheAbacus"],"campfire_rested":0,"item_purchase_floors":[19],"current_hp_per_floor":[67,68,68,59,49,23,23,23,23,23,23,29,28,31,31,10,54,55,55,39,9,8,8],"gold":42,"neow_bonus":"TRANSFORM_TWO_CARDS","is_daily":false,"chose_seed":false,"campfire_upgraded":3,"win_rate":0.0,"timestamp":1609224177,"path_taken":["M","M","M","M","M","E","R","?","T","R","?","M","E","M","R","BOSS","M","$","?","M","M"],"items_purchased_type":["Relic"],"build_version":"2020-12-22","purchased_purges":1,"victory":false,"max_hp_per_floor":[68,68,68,68,68,68,68,68,68,68,68,68,68,68,68,68,68,68,68,68,68,68,68],"card_choices":[{"not_picked":["Warcry","Shrug It Off"],"picked":"Evolve","floor":1.0},{"not_picked":["Armaments","Dropkick","Pummel"],"picked":"SKIP","floor":2.0},{"not_picked":["Armaments","Pummel"],"picked":"Dropkick","floor":2.0},{"not_picked":["Sword Boomerang","Perfected Strike"],"picked":"Headbutt","floor":3.0},{"not_picked":["Armaments","Metallicize"],"picked":"Dark Embrace","floor":4.0},{"not_picked":["Havoc","Dual Wield","Berserk"],"picked":"SKIP","floor":5.0},{"not_picked":["Warcry","Dropkick"],"picked":"Power Through","floor":6.0},{"not_picked":["Metallicize","Wild Strike","Rupture"],"picked":"SKIP","floor":12.0},{"not_picked":["Twin Strike","Combust"],"picked":"Shrug It Off","floor":13.0},{"not_picked":["Wild Strike","Thunderclap","Pommel Strike"],"picked":"SKIP","floor":14.0},{"not_picked":["Demon Form","Offering"],"picked":"Corruption","floor":16.0},{"not_picked":["Thunderclap","Pummel"],"picked":"Power Through","floor":18.0},{"not_picked":["Twin Strike+1","Heavy Blade"],"picked":"Body Slam","floor":20.0},{"not_picked":["Sever Soul","Havoc"],"picked":"Burning Pact","floor":21}],"player_experience":961847,"relics_obtained":[{"floor":6.0,"key":"Tiny Chest"},{"floor":9.0,"key":"Akabeko"},{"floor":13.0,"key":"Regal Pillow"}],"event_choices":[{"cards_removed":["Strike_R"],"damage_healed":0.0,"max_hp_gain":0.0,"max_hp_loss":0.0,"gold_gain":0.0,"event_name":"The Cleric","player_choice":"Card Removal","floor":8.0,"gold_loss":75.0,"damage_taken":0.0},{"damage_healed":0.0,"max_hp_gain":0.0,"max_hp_loss":0.0,"gold_gain":0.0,"event_name":"The Woman in Blue","player_choice":"Bought 1 Potion","floor":11.0,"gold_loss":0.0,"damage_taken":0.0}],"is_beta":false,"boss_relics":[{"not_picked":["Coffee Dripper","Fusion Hammer"],"picked":"Pandora\u0027s Box"}],"items_purged_floors":[19],"is_endless":false,"potions_floor_spawned":[2,3,4,5,13,20,21],"killed_by":"Snecko","ascension_level":20}}