{"host":"u0f5uy314yz7olfc","time":1609253775,"event":{"mods":["AchievementEnabler","Aspiration","BaseMod","Better Altar","Better Match","Better Note","Better Sensory Stone","Better Skull","Better Third Choice","BetterRewards","Block Reminder","Colored Map","Colored Powertips","DeckTracker","Dota2Spire","Emptier Cage","Gold Saver","Highlight Path","Hubris","Infinite Spire","Marked Mod","Mimic Mod","Minty Spire (QoL Compilation)","Permanent Neow","Quick Restart","Rare Cards Sparkle","Relic Sorter","Replay The Spire","Shop Mod","StSLib","The Bladedancer","The Blue Laboratory","Watcher Patcher"],"gold_per_floor":[111,124,124,7,7,7,27,41,64,64,81,92,92,112,112,214,214,228,228,228,339,352,385,385,404,404,417,417,430,181,195,195,297,297,308,4,24,13,32,57,57,188,221,221,232,232,232,249,249,249],"floor_reached":51,"playtime":4206,"items_purged":["PanicButton","Writhe","Conclude"],"score":800,"play_id":"51d91433-4e1d-40e5-b3b9-56d0414ac905","local_time":"20201229215615","daily_mods":["Allstar","Heirloom"],"is_ascension_mode":false,"campfire_choices":[{"data":"blademaster:Vortex","floor":6.0,"key":"SMITH"},{"floor":10.0,"key":"REST"},{"floor":15.0,"key":"REST"},{"floor":24.0,"key":"REST"},{"floor":28.0,"key":"REST"},{"floor":32.0,"key":"REST"},{"floor":41,"key":"REST"},{"floor":47,"key":"REST"},{"floor":49,"key":"DIG"}],"circlet_count":0,"master_deck":["blademaster:Strike","blademaster:Strike","blademaster:Strike","blademaster:Strike","blademaster:Defend","blademaster:Defend","blademaster:Defend","blademaster:Defend","blademaster:RagingBlow","blademaster:HighVoltage","ReplayUltimateDefense","Flash of Steel","Crow Ritual","blademaster:Vortex+1","blademaster:CullingStrike","blademaster:LightningCrash","blademaster:AncestralHealing","blademaster:AspectOfWind","blademaster:AwakeningStrike","blademaster:DeadlyDance","blademaster:Stability","blademaster:Vortex","blademaster:Flurry","blademaster:Blindside","blademaster:Zephyr","blademaster:CloudOfSteel","Madness","hubris:Fate","blademaster:BladeMastery+1","blademaster:Cut","blademaster:AwakeningDefend+1","blademaster:SharpBlades+1","blademaster:Overcharge","blademaster:BloodyBlow","blademaster:DaggerAndCloak","blademaster:Momentum","blademaster:CombatPrep","blademaster:Cut","blademaster:Overcharge","blademaster:Overcharge","blademaster:DaggerAndCloak","blademaster:Frontflip","blademaster:AwakeningStrike","Master of Strategy","blademaster:AspectOfLightning","blademaster:RollingTyphoon","blademaster:ParryingStrike","Turbo","Gash+1","blademaster:Vortex","blademaster:AspectOfWind+1","blademaster:Sharpen+1","blademaster:DaggerAndCloak+1","Sweeping Beam+1","blademaster:Meditate+1","blademaster:ThreePointStrike","Gash","Recycle","Redo+1"],"relics":["blademaster:DancersAmulet","replay:Trail_Library","Replay:Towering Pillar of Hats","hubris:Icosahedron","Toy Ornithopter","Membership Card","infinitespire:Broken Mirror","Dota2Spire:MagicBottle","MerchantsRug","hubris:EmptyBottle","hubris:SlimyHat","aspiration:DefectSkillbook","Bag of Preparation","hubris:GlazedTorus","Toolbox","Pocketwatch","Bronze Scales","Nunchaku","Dota2Spire:MantaStyle"],"acts_visited":["Exordium","TheCity","TheBeyond"],"potions_floor_usage":[38,38,38,38,39,39,50,50,50,50],"damage_taken":[{"damage":10.0,"enemies":"Jaw Worm","floor":1.0,"turns":5.0},{"damage":0.0,"enemies":"Small Slimes","floor":2.0,"turns":4.0},{"damage":11.0,"enemies":"Cultist","floor":7.0,"turns":3.0},{"damage":21.0,"enemies":"Large Slime","floor":8.0,"turns":5.0},{"damage":0.0,"enemies":"3 Louse","floor":11.0,"turns":1.0},{"damage":0.0,"enemies":"Gremlin Gang","floor":12.0,"turns":3.0},{"damage":0.0,"enemies":"Lots of Slimes","floor":14.0,"turns":1.0},{"damage":39.0,"enemies":"Hexaghost","floor":16.0,"turns":7.0},{"damage":10.0,"enemies":"2 Thieves","floor":18.0,"turns":3.0},{"damage":6.0,"enemies":"Chosen","floor":21.0,"turns":5.0},{"damage":44.0,"enemies":"Centurion and Healer","floor":22.0,"turns":8.0},{"damage":51.0,"enemies":"Gremlin Leader","floor":23.0,"turns":6.0},{"damage":34.0,"enemies":"Snecko","floor":25.0,"turns":5.0},{"damage":27.0,"enemies":"Sentry and Sphere","floor":27.0,"turns":7.0},{"damage":11.0,"enemies":"Centurion and Healer","floor":29.0,"turns":5.0},{"damage":12.0,"enemies":"Snecko","floor":31.0,"turns":4.0},{"damage":59.0,"enemies":"Automaton","floor":33.0,"turns":8.0},{"damage":31.0,"enemies":"3 Darklings","floor":35.0,"turns":5.0},{"damage":0.0,"enemies":"Orb Walker","floor":37.0,"turns":2.0},{"damage":63,"enemies":"4 Shapes","floor":38,"turns":4},{"damage":0,"enemies":"Writhing Mass","floor":39,"turns":4},{"damage":46,"enemies":"Nemesis","floor":40,"turns":4},{"damage":74,"enemies":"Nightmare","floor":42,"turns":6},{"damage":0,"enemies":"Spire Growth","floor":43,"turns":4},{"damage":30,"enemies":"Spire Growth","floor":45,"turns":3},{"damage":4,"enemies":"Transient","floor":48,"turns":5},{"damage":82,"enemies":"Donu and Deca","floor":50,"turns":6}],"seed_played":"-825051869390642742","potions_obtained":[{"floor":2.0,"key":"blueLaboratory:EnragingPotion"},{"floor":7.0,"key":"CultistPotion"},{"floor":16.0,"key":"blueLaboratory:BottledHope"},{"floor":18.0,"key":"BlessingOfTheForge"},{"floor":21.0,"key":"SpeedPotion"},{"floor":25.0,"key":"blueLaboratory:BottleOfVodka"},{"floor":27.0,"key":"SteroidPotion"},{"floor":33.0,"key":"Languid Potion"},{"floor":37.0,"key":"BlessingOfTheForge"},{"floor":38,"key":"blueLaboratory:HummingbirdPotion"},{"floor":39,"key":"blueLaboratory:SavagePotion"}],"is_trial":true,"path_per_floor":["M","M","?","$","?","R","M","M","T","R","M","M","?","M","R","B",null,"M","?","AVR","M","M","E","R","M","T","M","R","M","$","M","R","B",null,"M","$","M","M","M","E","R","NM","MIM","?","M","AVR","R","M","R_BF","B",null],"character_chosen":"THE_BLADEMASTER","items_purchased":["blademaster:LightningCrash","blademaster:AncestralHealing","Dota2Spire:MagicBottle","blademaster:Cut","blademaster:Overcharge","blademaster:DaggerAndCloak","blademaster:Frontflip","blademaster:AwakeningStrike","MerchantsRug","hubris:EmptyBottle","hubris:SlimyHat","Master of Strategy","blueLaboratory:BubblePotion","Bag of Preparation","hubris:GlazedTorus","Toolbox","Turbo","Gash+1","blademaster:Vortex"],"campfire_rested":7,"item_purchase_floors":[4,4,30,30,30,30,30,30,30,30,30,30,30,36,36,36,36,36,36],"current_hp_per_floor":[65,65,65,65,65,65,54,33,33,55,55,55,55,55,75,36,75,65,65,65,59,31,37,59,25,25,3,25,19,19,42,64,28,75,44,44,44,1,11,29,51,28,28,28,10,10,32,75,75,14],"gold":249,"neow_bonus":"","is_daily":false,"chose_seed":false,"campfire_upgraded":1,"win_rate":0.0,"timestamp":1609253775,"path_taken":["M","M","?","$","?","R","M","?","T","R","M","M","?","M","R","BOSS","M","?","AVR","M","M","E","R","M","T","M","R","M","$","M","R","BOSS","M","$","M","M","M","E","R","NM","MIM","?","M","AVR","R","M","R_BF","BOSS"],"items_purchased_type":["Card","Card","Relic","Card","Card","Card","Card","Card","Relic","Relic","Relic","Card","Potion","Relic","Relic","Relic","Card","Card","Card"],"build_version":"2020-12-22","purchased_purges":3,"victory":true,"max_hp_per_floor":[75,75,75,75,75,75,75,75,75,75,75,75,75,75,75,75,75,75,75,75,75,75,75,75,75,75,75,75,75,75,75,75,75,75,75,75,75,75,75,75,75,75,75,75,75,75,75,75,75,75],"card_choices":[{"not_picked":["blademaster:Gust","blademaster:ChargingUp"],"picked":"blademaster:Vortex","floor":1.0},{"not_picked":["blademaster:RagingBlow","blademaster:Thrust"],"picked":"blademaster:CullingStrike","floor":2.0},{"not_picked":["blademaster:AwakeningStrike","blademaster:AwakeningDefend"],"picked":"blademaster:AspectOfWind","floor":7.0},{"not_picked":["blademaster:Rupture","blademaster:ChargingUp"],"picked":"blademaster:AwakeningStrike","floor":8.0},{"not_picked":["blademaster:DragonStrike","blademaster:DaggerAndCloak"],"picked":"blademaster:Stability","floor":11.0},{"not_picked":["blademaster:DragonStrike","blademaster:BloodyBlow"],"picked":"blademaster:Vortex","floor":12.0},{"not_picked":["blademaster:Stormstrike","blademaster:AwakeningDefend"],"picked":"blademaster:Flurry","floor":14.0},{"not_picked":["blademaster:UnrelentingWind","blademaster:BladeDance"],"picked":"blademaster:Blindside","floor":16.0},{"not_picked":["m_Survivalism","Neutralize"],"picked":"blademaster:Zephyr","floor":17.0},{"not_picked":["blademaster:HighVoltage","blademaster:BladeDance"],"picked":"blademaster:CloudOfSteel","floor":17.0},{"not_picked":["Replay:BasicMightCard","Replay:Sssssssssstrike"],"picked":"Madness","floor":17.0},{"not_picked":["infinitespire:Punishment","infinitespire:FinalStrike"],"picked":"hubris:Fate","floor":17.0},{"not_picked":["blademaster:Bloodbath+1","blademaster:Thrust+1"],"picked":"blademaster:BladeMastery+1","floor":18.0},{"not_picked":["blademaster:ChargingUp+1","blademaster:DragonStrike"],"picked":"blademaster:AwakeningDefend+1","floor":21.0},{"not_picked":["blademaster:BloodyBlow+1","blademaster:Sharpen"],"picked":"blademaster:SharpBlades+1","floor":22.0},{"not_picked":["blademaster:OneTrickPony+1","blademaster:Frenzy"],"picked":"blademaster:Overcharge","floor":23.0},{"not_picked":["blademaster:AwakeningDefend","blademaster:EyeOfTheTornado"],"picked":"blademaster:BloodyBlow","floor":25.0},{"not_picked":["blademaster:AirSlash","blademaster:Reversal"],"picked":"blademaster:DaggerAndCloak","floor":27.0},{"not_picked":["blademaster:AwakeningDefend+1","blademaster:AwakeningStrike"],"picked":"blademaster:CombatPrep","floor":29.0},{"not_picked":["blademaster:SlyStabs","blademaster:Safeguard"],"picked":"blademaster:AspectOfLightning","floor":31.0},{"not_picked":["blademaster:FlockOfBlades","blademaster:UnrelentingWind"],"picked":"blademaster:RollingTyphoon","floor":33.0},{"not_picked":["Compile Driver","Steam+1","JustLucky"],"picked":"blademaster:ParryingStrike","floor":35.0},{"not_picked":["Conserve Battery","Genetic Algorithm+1","Barrage"],"picked":"blademaster:AspectOfWind+1","floor":37.0},{"not_picked":["Hologram+1","blademaster:Quickstep+1","blademaster:Slice"],"picked":"blademaster:Sharpen+1","floor":38},{"not_picked":["Streamline","Panic Button+1","Time Bomb"],"picked":"blademaster:DaggerAndCloak+1","floor":39},{"not_picked":["blademaster:CullingStrike+1","blademaster:Quickstep+1","Cold Snap"],"picked":"Sweeping Beam+1","floor":40},{"not_picked":["blademaster:DeadlyDance+1","blademaster:AwakeningDefend+1","blademaster:Quickstep+1"],"picked":"blademaster:Meditate+1","floor":42},{"not_picked":["Hologram","Streamline","blademaster:CombatPrep"],"picked":"blademaster:ThreePointStrike","floor":43},{"not_picked":["Streamline","blademaster:AspectOfWind","blademaster:Gust+1"],"picked":"Recycle","floor":45},{"not_picked":["blademaster:SlyStabs+1","Streamline+1","blademaster:EyeOfTheTornado"],"picked":"Redo+1","floor":48}],"player_experience":368387,"relics_obtained":[{"floor":5.0,"key":"ReplayTheSpireMod:TigerMarble"},{"floor":9.0,"key":"Toy Ornithopter"},{"floor":23.0,"key":"infinitespire:Satchel"},{"floor":23.0,"key":"blademaster:RandomBladePerk"},{"floor":26.0,"key":"infinitespire:Broken Mirror"},{"floor":40,"key":"Pocketwatch"},{"floor":40,"key":"blademaster:RandomStancePerk"},{"floor":42,"key":"Bronze Scales"},{"floor":42,"key":"blademaster:BonusComboPerk"},{"floor":49,"key":"Dota2Spire:MantaStyle"}],"event_choices":[{"damage_healed":0.0,"max_hp_gain":0.0,"max_hp_loss":0.0,"gold_gain":0.0,"event_name":"Wheel of Change","player_choice":"Relic","floor":5.0,"gold_loss":0.0,"damage_taken":0.0},{"cards_removed":["hubris:Fate"],"damage_healed":0.0,"max_hp_gain":0.0,"max_hp_loss":0.0,"gold_gain":0.0,"event_name":"betterNote:BetterNote","player_choice":"Take \u0026 Give","floor":19.0,"gold_loss":0.0,"damage_taken":0.0,"cards_obtained":["blademaster:Cut"]}],"is_beta":false,"boss_relics":[{"not_picked":["Astrolabe","Ectoplasm"],"picked":"ReplayTheSpireMod:SealedPack"},{"not_picked":["hubris:BlackHole","Velvet Choker"],"picked":"aspiration:DefectSkillbook"}],"items_purged_floors":[20,30,46],"is_endless":false,"potions_floor_spawned":[2,7,16,18,21,25,27,33,37,38,39],"ascension_level":0}}