{"host":"ds1yr10zonoc6w4a","time":1609231571,"event":{"mods":["2.2 Compatiblity","AchievementEnabler","Act Like it!","BaseMod","Downfall","Elementarium","Gensokyo","Infinite Spire","Jorbs\u0027s Wanderer Trilogy","Koishi","Menagerie","Minty Spire (QoL Compilation)","Pale of the Ancients","StSLib","The Animator","Wandering Minibosses","vexMod","??????REMEMod"],"gold_per_floor":[122,141,151,126,126,156,156,181,207,238,438,454,464,464,464,559,559,569,598,624,624,624,659,659,679,679,679,679],"floor_reached":27,"playtime":2970,"items_purged":[],"score":501,"play_id":"d9cbed40-587b-4f4d-9204-2ad4d21e8fbb","local_time":"20201229014611","is_ascension_mode":true,"campfire_choices":[{"data":"animator:Bozes","floor":15,"key":"SMITH"}],"circlet_count":0,"master_deck":["AscendersBane","animator:Strike_MadokaMagica","animator:Defend_MadokaMagica","animator:Strike","animator:Strike","animator:Defend","animator:Defend","animator:Defend","animator:IrohaTamaki","animator:YuiTsuruno","animator:Patchouli","animator:NagisaMomoe+1","animator:NagisaMomoe","animator:Bozes+1","animator:KyokoSakura","animator:IrohaTamaki","animator:NagisaMomoe","animator:Jibril","animator:DolaSchwi","animator:Arpeggio","animator:EmiyaShirou","animator:Assassin","Flash of Steel","Finesse","animator:Sloth","animator:ShinjiMatou","animator:SuzuneAmano+1","animator:KyokoSakura","animator:SuzuneAmano","animator:NagisaMomoe","animator:ChaikaTrabant","animator:HomuraAkemi","animator:SwordMaiden","animator:IrohaTamaki","animator:Entoma+1","animator:Demiurge","animator:Yoichi","animator:ChlammyZell","animator:Demiurge+1","animator:Caster","animator:Guy","animator:Mitsuba","Elementarium:FireblessedBlade","animator:Father","animator:Chung","Elementarium:FireblessedBlade","Elementarium:WindblessedBlade","Elementarium:EarthblessedBlade","Elementarium:IceblessedBlade","Elementarium:VoidblessedBlade","animator:Geryuganshoop","animator:Kazuma","animator:Megumin+1"],"relics":["animator:LivingPicture","animator:TheMissingPiece","REME_ComplimentaryCards","animator:PurgingStone","NeowsBlessing","REME_IWantAll","Happy Flower","Bronze Scales","vexMod:RedPlottingStone","Blood Vial","Mark of Pain","Elementarium:GoldenMirage","infinitespire:Joker Card","animator:WornHelmet","PreservedInsect"],"acts_visited":["Exordium","Elementarium:Elementarium"],"potions_floor_usage":[6,8,16,19,20,27,27],"damage_taken":[{"damage":0,"enemies":"Jaw Worm","floor":1,"turns":1},{"damage":0,"enemies":"2 Louse","floor":2,"turns":1},{"damage":0,"enemies":"Small Slimes","floor":3,"turns":1},{"damage":0,"enemies":"3 Sentries","floor":6,"turns":6},{"damage":28,"enemies":"Gremlin Nob","floor":8,"turns":4},{"damage":26,"enemies":"3 Sentries","floor":10,"turns":6},{"damage":15,"enemies":"2 Fungi Beasts","floor":12,"turns":5},{"damage":8,"enemies":"Exordium Thugs","floor":13,"turns":4},{"damage":28,"enemies":"Slime Boss","floor":16,"turns":6},{"damage":5,"enemies":"Elementarium:Cyclone","floor":18,"turns":3},{"damage":9,"enemies":"Elementarium:GOLDEN_STATUES","floor":19,"turns":5},{"damage":28,"enemies":"Menagerie:AVATARS","floor":20,"turns":5},{"damage":45,"enemies":"Elementarium:FIRE_NOBILITY","floor":23,"turns":7},{"damage":2,"enemies":"Elementarium:2_ELEMENTALS","floor":25,"turns":2},{"damage":6,"enemies":"Elementarium:FIRE_SANCTUM_HERALD","floor":27,"turns":4},{"damage":16,"enemies":"Elementarium:FIRE_SANCTUM_FIRELORD","floor":27,"turns":2}],"seed_played":"-9007114000595309818","potions_obtained":[{"floor":2,"key":"AttackPotion"},{"floor":6,"key":"champ:CounterPotion"},{"floor":12,"key":"champ:CounterPotion"},{"floor":16,"key":"DistilledChaos"},{"floor":19,"key":"Energy Potion"},{"floor":20,"key":"SpeedPotion"},{"floor":23,"key":"AttackPotion"}],"is_trial":false,"path_per_floor":["M","M","M","?","?","E","?","E","T","E","?","M","M","?","R","B",null,"M","?","?","?","?","E","?","M","T","?"],"character_chosen":"THE_ANIMATOR","items_purchased":[],"campfire_rested":0,"item_purchase_floors":[],"current_hp_per_floor":[59,59,59,59,59,62,55,30,30,7,85,73,70,52,52,29,78,78,74,51,51,51,11,11,14,14,0,0],"gold":679,"neow_bonus":"THREE_ENEMY_KILL","is_daily":false,"chose_seed":false,"campfire_upgraded":1,"win_rate":0.0,"timestamp":1609231571,"path_taken":["M","M","M","?","?","E","?","E","T","E","?","?","M","?","R","BOSS","M","?","?","?","?","E","?","?","T","?"],"items_purchased_type":[],"build_version":"2020-12-22","purchased_purges":0,"victory":false,"max_hp_per_floor":[66,66,66,66,66,69,69,72,72,75,85,88,91,91,91,94,94,97,100,103,103,103,106,64,67,67,67,67],"card_choices":[{"not_picked":["animator:Millim","animator:Rider"],"picked":"animator:NagisaMomoe","floor":1},{"not_picked":["animator:LizardPriest","animator:Tet"],"picked":"animator:NagisaMomoe","floor":2},{"not_picked":["animator:Pride","animator:Konayuki"],"picked":"animator:Bozes","floor":3},{"not_picked":["animator:KyokoSakura","animator:IrohaTamaki","animator:NagisaMomoe"],"picked":"Singing Bowl","floor":6},{"not_picked":["animator:Jibril","animator:Sonic","animator:DolaSchwi"],"picked":"Singing Bowl","floor":8},{"not_picked":["animator:Arpeggio","animator:EmiyaShirou","animator:Assassin"],"picked":"Singing Bowl","floor":10},{"not_picked":["animator:Sloth","animator:ShinjiMatou","animator:SuzuneAmano"],"picked":"Singing Bowl","floor":12},{"not_picked":["animator:KyokoSakura","animator:SuzuneAmano","animator:NagisaMomoe"],"picked":"Singing Bowl","floor":13},{"not_picked":["animator:ChaikaTrabant","animator:HomuraAkemi","animator:SwordMaiden"],"picked":"Singing Bowl","floor":16},{"not_picked":["animator:IrohaTamaki","animator:Entoma","animator:Demiurge"],"picked":"Singing Bowl","floor":18},{"not_picked":["animator:Yoichi","animator:ChlammyZell","animator:Demiurge+1"],"picked":"Singing Bowl","floor":19},{"not_picked":["animator:Caster","animator:Guy","animator:Mitsuba"],"picked":"Singing Bowl","floor":20},{"not_picked":["animator:Father","animator:Chung","animator:Entoma"],"picked":"Singing Bowl","floor":23},{"not_picked":["animator:Geryuganshoop","animator:Kazuma","animator:Megumin"],"picked":"Singing Bowl","floor":25}],"player_experience":598894,"relics_obtained":[{"floor":6,"key":"REME_IWantAll"},{"floor":9,"key":"Bronze Scales"},{"floor":10,"key":"vexMod:RedPlottingStone"},{"floor":19,"key":"Elementarium:GoldenMirage"},{"floor":20,"key":"infinitespire:Joker Card"},{"floor":23,"key":"PreservedInsect"}],"event_choices":[{"damage_healed":0,"gold_gain":0,"player_choice":"Success","damage_taken":7,"relics_obtained":["Happy Flower"],"max_hp_gain":0,"max_hp_loss":0,"event_name":"Scrap Ooze","floor":7,"gold_loss":0},{"cards_removed":["animator:Sonic"],"damage_healed":58,"gold_gain":0,"player_choice":"Offered Uncommon","damage_taken":0,"max_hp_gain":0,"max_hp_loss":0,"event_name":"Bonfire Elementals","floor":11,"gold_loss":0},{"damage_healed":0,"gold_gain":0,"player_choice":"Entered Light","damage_taken":18,"max_hp_gain":0,"max_hp_loss":0,"event_name":"Shining Light","floor":14,"gold_loss":0,"cards_upgraded":["animator:SuzuneAmano","animator:NagisaMomoe"]},{"damage_healed":0,"gold_gain":0,"player_choice":"Fight","damage_taken":0,"max_hp_gain":0,"max_hp_loss":0,"event_name":"Elementarium:GoldenStatues","floor":19,"gold_loss":0},{"damage_healed":0,"gold_gain":0,"player_choice":"Follow","damage_taken":0,"max_hp_gain":0,"max_hp_loss":0,"event_name":"Elementarium:BeastsOfTheMenagerie","floor":20,"gold_loss":0},{"damage_healed":0,"gold_gain":0,"player_choice":"Open","damage_taken":0,"relics_obtained":["animator:WornHelmet"],"max_hp_gain":0,"max_hp_loss":0,"event_name":"Elementarium:TarCoveredCasket","floor":21,"gold_loss":0,"cards_obtained":["Elementarium:StickyTar"]},{"damage_healed":0,"gold_gain":0,"player_choice":"Take","damage_taken":0,"max_hp_gain":0,"max_hp_loss":0,"event_name":"Elementarium:BladeSeller","floor":22,"gold_loss":0,"cards_obtained":["Elementarium:FireblessedBlade"]},{"damage_healed":0,"gold_gain":0,"player_choice":"Touch","damage_taken":0,"max_hp_gain":0,"max_hp_loss":42,"event_name":"Elementarium:ElementalBlades","floor":24,"gold_loss":0,"cards_obtained":["Elementarium:FireblessedBlade","Elementarium:WindblessedBlade","Elementarium:EarthblessedBlade","Elementarium:IceblessedBlade","Elementarium:VoidblessedBlade"]},{"damage_healed":0,"gold_gain":0,"player_choice":"Fight","damage_taken":0,"max_hp_gain":0,"max_hp_loss":0,"event_name":"Elementarium:FireSanctum","floor":27,"gold_loss":0},{"damage_healed":0,"gold_gain":0,"player_choice":"Confrontation","damage_taken":0,"max_hp_gain":0,"max_hp_loss":0,"event_name":"Elementarium:FireSanctum","floor":27,"gold_loss":0}],"is_beta":false,"boss_relics":[{"not_picked":["REME_DuelDisc","vexMod:DeviousBotling"],"picked":"Mark of Pain"}],"items_purged_floors":[],"is_endless":false,"potions_floor_spawned":[2,6,12,16,19,20,23,27],"killed_by":"Elementarium:FIRE_SANCTUM_FIRELORD","ascension_level":12}}