{"host":"l017gercouzhorma","time":1609210537,"event":{"mods":["AchievementEnabler","Aspiration","BaseMod","Challenge The Spire","Conspire","Downfall","Halation","Hermit","Hubris","Infinite Spire","Jorbs\u0027s Wanderer Trilogy","Mad Scientist","Marisa????????","Mimic Mod","Minty Spire (QoL Compilation)","Random Character Button","Rare Cards Sparkle","Relic Stats","Replay The Spire","Shade Mod","StSLib","The Cursed","The Disciple","The Hierophant","The Jungle","The Runesmith","The Servant 0.9.4"],"gold_per_floor":[119,139,62,77,93,118,118,128,128,128,141,153,153,168,168,266,266,285,301,45,55,66,86,99,116,116,144,1,1,1,1],"floor_reached":30,"playtime":2798,"items_purged":["Shade:Strike_Shade"],"score":260,"play_id":"17522bbd-ddf9-495c-84dc-3e7c21a8f432","local_time":"20201228195537","is_ascension_mode":false,"campfire_choices":[{"data":"Shade:TouchOfTheGrave","floor":7,"key":"SMITH"},{"data":"Shade:SpontaneousRitual","floor":10,"key":"SMITH"},{"floor":15,"key":"REST"},{"data":"Shade:CallOfTheGrave","floor":29,"key":"SMITH"}],"circlet_count":0,"master_deck":["Shade:Strike_Shade","Shade:Strike_Shade","Shade:Strike_Shade","Shade:Defend_Shade","Shade:Defend_Shade","Shade:Defend_Shade","Shade:Defend_Shade","Shade:AnimateDead","Shade:CarefulCut","Shade:Asphyxiate","Shade:ClawBack","Shade:StitchTogether","Shade:TouchOfTheGrave+1","Shade:SpontaneousRitual+1","Shade:FleshLikeOak+1","Shade:DangerousRitual","Shade:FuneraryArmor","Shade:OneIsEnough","Shade:Bite_Shade","Shade:PotionOfRestlessness+1","Shade:Premonition","Shade:SelfBurial","Shade:Carnophage","Shade:CallOfTheGrave+1"],"relics":["Shade:YorickSkull","Replay:Rubber Ducky","Happy Flower","aspiration:SecretTechniqueScroll","infinitespire:FocusingShard","Replay:Bottled Steam","Juzu Bracelet"],"acts_visited":["Exordium","TheCity"],"potions_floor_usage":[12,14,19,22,24,24,24],"damage_taken":[{"damage":2,"enemies":"Cultist","floor":1,"turns":3},{"damage":0,"enemies":"Jaw Worm","floor":2,"turns":3},{"damage":4,"enemies":"Small Slimes","floor":4,"turns":3},{"damage":15,"enemies":"3 Louse","floor":5,"turns":3},{"damage":40,"enemies":"3 Sentries","floor":6,"turns":9},{"damage":8,"enemies":"Large Slime","floor":8,"turns":5},{"damage":4,"enemies":"Blue Slaver","floor":11,"turns":3},{"damage":0,"enemies":"Looter","floor":12,"turns":4},{"damage":0,"enemies":"Large Slime","floor":14,"turns":4},{"damage":2,"enemies":"Hexaghost","floor":16,"turns":8},{"damage":23,"enemies":"Spheric Guardian","floor":18,"turns":6},{"damage":0,"enemies":"Chosen","floor":19,"turns":3},{"damage":1,"enemies":"Snake Plant","floor":21,"turns":4},{"damage":0,"enemies":"Centurion and Healer","floor":22,"turns":5},{"damage":0,"enemies":"conspire:HollyBat","floor":23,"turns":7},{"damage":0,"enemies":"Sentry and Sphere","floor":24,"turns":3},{"damage":1,"enemies":"Chosen and Byrds","floor":25,"turns":5},{"damage":41,"enemies":"Slavers","floor":27,"turns":6},{"damage":43,"enemies":"Centurion and Healer","floor":30,"turns":3}],"seed_played":"1427459564891815648","potions_obtained":[{"floor":2,"key":"Swift Potion"},{"floor":6,"key":"Adrenaline Potion"},{"floor":12,"key":"Block Potion"},{"floor":16,"key":"FearPotion"},{"floor":19,"key":"SteroidPotion"},{"floor":21,"key":"BlessingOfTheForge"},{"floor":23,"key":"EssenceOfSteel"},{"floor":25,"key":"Doom Potion"}],"is_trial":false,"path_per_floor":["M","M","$","M","M","E","R","M","T","R","M","M","?","M","R","B",null,"M","M","$","M","M","M","M","M","T","E","$","R","M"],"character_chosen":"SHADE","items_purchased":["Shade:StitchTogether","infinitespire:FocusingShard","Shade:CallOfTheGrave"],"campfire_rested":1,"item_purchase_floors":[3,20,28],"current_hp_per_floor":[69,69,69,71,56,23,23,15,15,15,11,11,11,11,32,37,71,48,50,50,51,55,66,66,71,71,41,41,41,0,0],"gold":1,"neow_bonus":"TEN_PERCENT_HP_BONUS","is_daily":false,"chose_seed":false,"campfire_upgraded":3,"win_rate":0.0,"timestamp":1609210537,"path_taken":["M","M","$","M","M","E","R","M","T","R","M","M","?","M","R","BOSS","M","M","$","M","M","M","M","M","T","E","$","R","M"],"items_purchased_type":["Card","Relic","Card"],"build_version":"2020-12-22","purchased_purges":1,"victory":false,"max_hp_per_floor":[71,71,71,71,71,71,71,71,71,71,71,71,71,71,71,71,71,71,71,71,71,71,71,71,71,71,71,71,71,71,71],"relic_stats":{"Happy Flower":[20],"counters":[19,87],"Juzu Bracelet":0,"obtain_stats":[{"Happy Flower":9,"Shade:YorickSkull":0,"infinitespire:FocusingShard":20,"Juzu Bracelet":27,"aspiration:SecretTechniqueScroll":17,"Replay:Rubber Ducky":6,"Replay:Bottled Steam":26},{"Happy Flower":6,"Shade:YorickSkull":0,"infinitespire:FocusingShard":12,"Juzu Bracelet":18,"aspiration:SecretTechniqueScroll":10,"Replay:Rubber Ducky":5,"Replay:Bottled Steam":17},{"Happy Flower":26,"Shade:YorickSkull":0,"infinitespire:FocusingShard":54,"Juzu Bracelet":84,"aspiration:SecretTechniqueScroll":45,"Replay:Rubber Ducky":21,"Replay:Bottled Steam":78}]},"card_choices":[{"not_picked":["Shade:FuneraryArmor","Shade:Brains"],"picked":"Shade:Asphyxiate","floor":1},{"not_picked":["Shade:WallOfFlesh","Shade:GreyBargain"],"picked":"Shade:ClawBack","floor":2},{"not_picked":["Shade:Doomsay","Shade:FeralStrike"],"picked":"Shade:TouchOfTheGrave","floor":4},{"not_picked":["Shade:SkeletonHug","Shade:FreshBones","Shade:CoffinDance"],"picked":"SKIP","floor":5},{"not_picked":["Shade:FreshBones","Shade:LastGasp"],"picked":"Shade:SpontaneousRitual","floor":6},{"not_picked":["Shade:PressTheAttack","Shade:FingerOfDeath"],"picked":"Shade:FleshLikeOak","floor":8},{"not_picked":["Shade:SkeletonHug","Shade:Doomsay","Shade:FreshBones"],"picked":"SKIP","floor":11},{"not_picked":["Shade:WallOfFlesh","Shade:ClawBack"],"picked":"Shade:DangerousRitual","floor":12},{"not_picked":["Shade:CommandSoldier","Shade:Bonestorm"],"picked":"Shade:FuneraryArmor","floor":14},{"not_picked":["Shade:MadHubris","Shade:LastGasp"],"picked":"Shade:OneIsEnough","floor":16},{"not_picked":["Shade:AblativeArmor+1","Shade:CommandSoldier"],"picked":"Shade:Bite_Shade","floor":18},{"not_picked":["Shade:SoulToxin","Shade:FreshBones","Shade:CoffinDance"],"picked":"SKIP","floor":19},{"not_picked":["Shade:Premonition","Shade:CommandSoldier+1"],"picked":"Shade:PotionOfRestlessness+1","floor":21},{"not_picked":["Shade:Brains+1","Shade:CommandSoldier"],"picked":"Shade:Premonition","floor":22},{"not_picked":["Shade:GoDigging","Shade:FreshBones+1"],"picked":"Shade:SelfBurial","floor":23},{"not_picked":["Shade:CoffinDance","Shade:TouchOfTheGrave+1"],"picked":"Shade:Carnophage","floor":24},{"not_picked":["Shade:BoneShards","Shade:CommandSoldier","Shade:LyeBath+1"],"picked":"SKIP","floor":25},{"not_picked":["Shade:GraveStillness","Shade:Trample","Shade:WallOfFlesh+1"],"picked":"SKIP","floor":27}],"player_experience":802927,"relics_obtained":[{"floor":6,"key":"Replay:Rubber Ducky"},{"floor":9,"key":"Happy Flower"},{"floor":26,"key":"Replay:Bottled Steam"},{"floor":27,"key":"Juzu Bracelet"}],"event_choices":[{"damage_healed":0,"gold_gain":0,"player_choice":"Upgraded","damage_taken":0,"max_hp_gain":0,"max_hp_loss":0,"event_name":"Upgrade Shrine","floor":13,"gold_loss":0,"cards_upgraded":["Shade:FleshLikeOak"]}],"is_beta":false,"boss_relics":[{"not_picked":["Coffee Dripper","Painkiller Herb"],"picked":"aspiration:SecretTechniqueScroll"}],"items_purged_floors":[28],"is_endless":false,"potions_floor_spawned":[2,6,12,16,19,21,23,25],"killed_by":"Centurion and Healer","ascension_level":0}}