{"host":"2461dio7vetlq1z3","time":1609226987,"event":{"mods":["2.2 Compatiblity","AchievementEnabler","Aspiration","BaseMod","Better Third Choice","Friendly Minions","Hermit","Marisa????????","Minty Spire (QoL Compilation)","Relic Stats","Spicy Shops","StSLib","Waifu the Spire"],"gold_per_floor":[111,124,49,60,60,91,91,119,119,153,153,45,58,75,75,153,153,164,164,175,185,185,218,218,247,247,247,247,259,290,308,308,387,387,400,411,423,438,452,477,477,502,502,502,554,26,26,26,26,26,26],"floor_reached":50,"playtime":2614,"items_purged":["Strike_P","Defend_P"],"score":1171,"play_id":"7f1e4eff-b90a-4acc-b2ba-a1995b133f57","local_time":"20201229082947","is_ascension_mode":true,"campfire_choices":[{"data":"EmptyFist","floor":7,"key":"SMITH"},{"data":"Eruption","floor":11,"key":"SMITH"},{"floor":15,"key":"REST"},{"data":"CrushJoints","floor":24,"key":"SMITH"},{"data":"TalkToTheHand","floor":28,"key":"SMITH"},{"data":"Scrawl","floor":32,"key":"SMITH"},{"data":"Vault","floor":41,"key":"SMITH"},{"floor":44,"key":"RECALL"},{"data":"Wallop","floor":49,"key":"SMITH"}],"circlet_count":0,"master_deck":["AscendersBane","Strike_P","Strike_P","Defend_P","Defend_P","Defend_P","Eruption+1","Vigilance","FlyingSleeves","EmptyFist+1","EmptyFist","SashWhip","BowlingBash","Tantrum","Protect","CrushJoints+1","FlurryOfBlows","Scrawl+1","TalkToTheHand+1","InnerPeace","Wallop","Wallop","WreathOfFlame","Writhe","Wallop+1","WreathOfFlame","Meditate","Vault+1","Perseverance+1","CarveReality+1","EmptyBody","EmptyMind","WheelKick+1","FlurryOfBlows","CutThroughFate+1","Wallop","Trip"],"relics":["aspiration:RitualDagger","Bronze Scales","Question Card","Mummified Hand","Centennial Puzzle","Cursed Key","MutagenicStrength","Thread and Needle","Bag of Preparation","Toy Ornithopter","Sozu","Blue Candle","Turnip","CatCart","aspiration:HatOfInfinitePower"],"acts_visited":["Exordium","TheCity","TheBeyond"],"potions_floor_usage":[6,10,16,16,23,33,45],"damage_taken":[{"damage":20,"enemies":"2 Louse","floor":1,"turns":2},{"damage":13,"enemies":"Small Slimes","floor":2,"turns":4},{"damage":6,"enemies":"Cultist","floor":4,"turns":2},{"damage":68,"enemies":"Gremlin Nob","floor":6,"turns":4},{"damage":42,"enemies":"Lagavulin","floor":8,"turns":5},{"damage":17,"enemies":"Gremlin Nob","floor":10,"turns":3},{"damage":14,"enemies":"Blue Slaver","floor":13,"turns":4},{"damage":6,"enemies":"Looter","floor":14,"turns":2},{"damage":51,"enemies":"The Guardian","floor":16,"turns":9},{"damage":6,"enemies":"Spheric Guardian","floor":18,"turns":2},{"damage":23,"enemies":"2 Thieves","floor":20,"turns":2},{"damage":6,"enemies":"3 Cultists","floor":21,"turns":2},{"damage":14,"enemies":"Gremlin Leader","floor":23,"turns":4},{"damage":16,"enemies":"Slavers","floor":25,"turns":4},{"damage":19,"enemies":"Snake Plant","floor":29,"turns":2},{"damage":12,"enemies":"Gremlin Leader","floor":30,"turns":4},{"damage":13,"enemies":"Centurion and Healer","floor":31,"turns":3},{"damage":34,"enemies":"Champ","floor":33,"turns":7},{"damage":15,"enemies":"3 Shapes","floor":35,"turns":5},{"damage":18,"enemies":"3 Darklings","floor":36,"turns":3},{"damage":15,"enemies":"Maw","floor":37,"turns":5},{"damage":12,"enemies":"Jaw Worm Horde","floor":38,"turns":3},{"damage":27,"enemies":"Spire Growth","floor":39,"turns":5},{"damage":61,"enemies":"Reptomancer","floor":40,"turns":7},{"damage":13,"enemies":"Mind Bloom Boss Battle","floor":42,"turns":4},{"damage":16,"enemies":"Orin","floor":45,"turns":5},{"damage":122,"enemies":"Donu and Deca","floor":50,"turns":6}],"seed_played":"-8964928280173961537","potions_obtained":[{"floor":1,"key":"AttackPotion"},{"floor":6,"key":"Ancient Potion"},{"floor":8,"key":"StancePotion"},{"floor":13,"key":"Weak Potion"},{"floor":14,"key":"PowerPotion"},{"floor":18,"key":"Regen Potion"},{"floor":20,"key":"Energy Potion"},{"floor":25,"key":"Fruit Juice"},{"floor":33,"key":"SteroidPotion"}],"is_trial":false,"path_per_floor":["M","M","?","M","?","E","R","E","T","E","R","$","M","M","R","B",null,"M","?","M","M","?","E","R","E","T","?","R","M","E","M","R","B",null,"M","M","M","M","M","E","R","?","T","R","?","$","?","?","R","B"],"character_chosen":"WATCHER","items_purchased":["Protect","aspiration:HatOfInfinitePower","Wallop"],"campfire_rested":1,"item_purchase_floors":[12,46,46],"current_hp_per_floor":[41,28,28,22,22,67,67,37,37,31,31,31,21,19,39,9,53,50,50,37,48,48,53,53,51,51,51,51,40,51,57,57,73,73,67,66,72,73,63,42,42,54,54,54,73,73,69,59,59,0,0],"gold":26,"neow_bonus":"BOSS_RELIC","is_daily":false,"chose_seed":false,"campfire_upgraded":7,"win_rate":0.0,"timestamp":1609226987,"path_taken":["M","M","?","M","?","E","R","E","T","E","R","$","M","M","R","BOSS","M","?","M","M","?","E","R","E","T","?","R","M","E","M","R","BOSS","M","M","M","M","M","E","R","?","T","R","?","$","?","?","R","BOSS"],"items_purchased_type":["Card","Relic","Card"],"build_version":"2020-12-22","purchased_purges":2,"victory":false,"max_hp_per_floor":[68,68,68,68,68,68,68,68,68,68,68,68,68,68,68,68,68,68,68,68,68,68,68,68,68,68,68,68,68,68,68,68,73,73,73,73,73,73,73,73,73,73,73,73,73,73,69,69,69,69,69],"relic_stats":{"Sozu":3,"Centennial Puzzle":[63],"counters":[27,108],"Mummified Hand":[1],"Bronze Scales":[186],"Blue Candle":[3],"Turnip":[0],"Bag of Preparation":[26],"Question Card":24,"Cursed Key":1,"obtain_stats":[{"Blue Candle":40,"Thread and Needle":23,"Bag of Preparation":25,"Question Card":8,"Cursed Key":17,"Sozu":34,"Centennial Puzzle":10,"Mummified Hand":9,"Bronze Scales":6,"MutagenicStrength":19,"Turnip":42,"aspiration:RitualDagger":0,"PureWater":0,"CatCart":45,"aspiration:HatOfInfinitePower":46,"Toy Ornithopter":30},{"Blue Candle":24,"Thread and Needle":13,"Bag of Preparation":14,"Question Card":5,"Cursed Key":9,"Sozu":18,"Centennial Puzzle":6,"Mummified Hand":5,"Bronze Scales":4,"MutagenicStrength":10,"Turnip":25,"aspiration:RitualDagger":0,"PureWater":0,"CatCart":26,"aspiration:HatOfInfinitePower":26,"Toy Ornithopter":16},{"Blue Candle":93,"Thread and Needle":45,"Bag of Preparation":49,"Question Card":17,"Cursed Key":35,"Sozu":65,"Centennial Puzzle":20,"Mummified Hand":17,"Bronze Scales":12,"MutagenicStrength":37,"Turnip":97,"aspiration:RitualDagger":0,"PureWater":0,"CatCart":102,"aspiration:HatOfInfinitePower":102,"Toy Ornithopter":55}],"Toy Ornithopter":10},"card_choices":[{"not_picked":["Evaluate","Crescendo"],"picked":"FlyingSleeves","floor":1},{"not_picked":["ClearTheMind","CarveReality"],"picked":"EmptyFist","floor":2},{"not_picked":["Weave","EmptyBody"],"picked":"EmptyFist","floor":4},{"not_picked":["Devotion","ThirdEye"],"picked":"SashWhip","floor":6},{"not_picked":["JustLucky","WaveOfTheHand"],"picked":"BowlingBash","floor":8},{"not_picked":["Crescendo","Evaluate","Sanctity"],"picked":"Tantrum","floor":10},{"not_picked":["WheelKick","WaveOfTheHand","BowlingBash"],"picked":"CrushJoints","floor":13},{"not_picked":["EmptyBody","Ragnarok","SignatureMove"],"picked":"FlurryOfBlows","floor":14},{"not_picked":["Devotion","Omniscience","MasterReality"],"picked":"Scrawl","floor":16},{"not_picked":["Crescendo","ThirdEye","CarveReality"],"picked":"TalkToTheHand","floor":18},{"not_picked":["ClearTheMind","BowlingBash","Consecrate"],"picked":"InnerPeace","floor":20},{"not_picked":["Halt","SandsOfTime+1","PathToVictory"],"picked":"Wallop","floor":21},{"not_picked":["CutThroughFate","Sanctity","FollowUp"],"picked":"Wallop","floor":23},{"not_picked":["Swivel","Wireheading","DeceiveReality"],"picked":"WreathOfFlame","floor":25},{"not_picked":["BattleHymn","EmptyBody","FollowUp","JustLucky"],"picked":"SKIP","floor":29},{"not_picked":["Alpha","SignatureMove","Halt"],"picked":"WreathOfFlame","floor":30},{"not_picked":["InnerPeace","Adaptation","ClearTheMind"],"picked":"Meditate","floor":31},{"not_picked":["ConjureBlade","Scrawl","Brilliance"],"picked":"Vault","floor":33},{"not_picked":["ThirdEye","CrushJoints","SashWhip"],"picked":"Perseverance+1","floor":35},{"not_picked":["WaveOfTheHand","ClearTheMind","Halt+1"],"picked":"CarveReality+1","floor":36},{"not_picked":["SashWhip","Protect","ClearTheMind","ReachHeaven+1"],"picked":"SKIP","floor":37},{"not_picked":["Weave","SignatureMove","CarveReality"],"picked":"EmptyBody","floor":38},{"not_picked":["MasterReality","EmptyFist","CrushJoints"],"picked":"EmptyMind","floor":39},{"not_picked":["LikeWater","Crescendo","Protect+1"],"picked":"WheelKick+1","floor":40},{"not_picked":["WindmillStrike","Consecrate","Vengeance"],"picked":"FlurryOfBlows","floor":42},{"not_picked":["Evaluate","JustLucky","FlyingSleeves"],"picked":"CutThroughFate+1","floor":45},{"not_picked":["Mind Blast","Blind","Dramatic Entrance"],"picked":"Trip","floor":48}],"player_experience":1083995,"relics_obtained":[{"floor":6,"key":"Bronze Scales"},{"floor":8,"key":"Question Card"},{"floor":9,"key":"Mummified Hand"},{"floor":10,"key":"Centennial Puzzle"},{"floor":23,"key":"Thread and Needle"},{"floor":25,"key":"Bag of Preparation"},{"floor":30,"key":"Toy Ornithopter"},{"floor":40,"key":"Blue Candle"},{"floor":42,"key":"Turnip"},{"floor":45,"key":"CatCart"}],"event_choices":[{"cards_removed":["Strike_P"],"damage_healed":0,"gold_gain":0,"player_choice":"Card Removal","damage_taken":0,"max_hp_gain":0,"max_hp_loss":0,"event_name":"The Cleric","floor":3,"gold_loss":75},{"damage_healed":0,"gold_gain":0,"player_choice":"0 cards matched","damage_taken":0,"max_hp_gain":0,"max_hp_loss":0,"event_name":"Match and Keep!","floor":5,"gold_loss":0,"cards_obtained":[]},{"damage_healed":0,"gold_gain":0,"player_choice":"Inject Mutagens","damage_taken":0,"relics_obtained":["MutagenicStrength"],"max_hp_gain":0,"max_hp_loss":0,"event_name":"Drug Dealer","floor":19,"gold_loss":0},{"damage_healed":0,"gold_gain":0,"player_choice":"Ignored","damage_taken":0,"max_hp_gain":0,"max_hp_loss":0,"event_name":"Ghosts","floor":22,"gold_loss":0},{"damage_healed":0,"gold_gain":0,"player_choice":"Copied","damage_taken":0,"max_hp_gain":0,"max_hp_loss":0,"event_name":"Duplicator","floor":27,"gold_loss":0,"cards_obtained":["Wallop"]},{"damage_healed":0,"gold_gain":0,"player_choice":"Fight","damage_taken":0,"max_hp_gain":0,"max_hp_loss":0,"event_name":"MindBloom","floor":42,"gold_loss":0},{"damage_healed":0,"gold_gain":0,"player_choice":"Fight","damage_taken":0,"max_hp_gain":0,"max_hp_loss":0,"event_name":"OrinTheCat","floor":45,"gold_loss":0},{"damage_healed":0,"gold_gain":0,"player_choice":"Max HP","damage_taken":0,"max_hp_gain":0,"max_hp_loss":4,"event_name":"Winding Halls","floor":47,"gold_loss":0},{"damage_healed":0,"gold_gain":0,"player_choice":"Memory 3","damage_taken":10,"max_hp_gain":0,"max_hp_loss":0,"event_name":"SensoryStone","floor":48,"gold_loss":0}],"is_beta":false,"boss_relics":[{"not_picked":["Coffee Dripper","Runic Pyramid"],"picked":"Cursed Key"},{"not_picked":["aspiration:RunicSpoon","Busted Crown"],"picked":"Sozu"}],"items_purged_floors":[12,46],"is_endless":false,"potions_floor_spawned":[1,6,8,13,14,18,20,25,33,36,37,39],"killed_by":"Donu and Deca","ascension_level":19}}