{"host":"d64axfghkv1zq619","time":1609214721,"event":{"mods":["BaseMod","Better Third Choice","Custom Start","Defuse TimeMaze Blight","Downfall","Friendly Minions","Infinite Spire","Minty Spire (QoL Compilation)","Shade Mod","Spicy Shops","StSLib","The Elementalist","The Marked"],"gold_per_floor":[99,118,134,134,65,65,65,215,65,85,102,133,133,159,178,279,279,279,294,309,309,328,362,362,287,287,387,387,452,468,498,524,638,650,662,690,720,732,318,431,443,455,484,496,543,590,652,333,345,447,447,447,464,541,591,641,661,730,741,809,809,888,888,965,992,1007,1107,1107,1107,1121,1134,1184,1184,1204,1238,1264,1264,1274,1274,1342,1372,1388,1398,1494,1494,1494,1494,1494,1494],"floor_reached":87,"playtime":8004,"items_purged":["Slimebound:Icky","Guardian:Strike_Guardian","Guardian:Strike_Guardian"],"score":1969,"play_id":"9c04cd59-c524-486c-82ed-9fc9f196cbfa","local_time":"20201228210521","is_ascension_mode":false,"campfire_choices":[{"floor":1.0,"key":"RECALL"},{"data":"Guardian:PolyBeam","floor":9.0,"key":"SMITH"},{"data":"Guardian:CurlUp","floor":13.0,"key":"SMITH"},{"data":"Guardian:ExploitGems","floor":18.0,"key":"SMITH"},{"data":"Guardian:DonusPower","floor":25.0,"key":"SMITH"},{"data":"Guardian:Suspension","floor":28.0,"key":"SMITH"},{"data":"Guardian:AncientConstruct","floor":35.0,"key":"SMITH"},{"data":"Guardian:ChargeUp","floor":42.0,"key":"SMITH"},{"data":"Guardian:Recover","floor":44.0,"key":"SMITH"},{"data":"Guardian:FastForward","floor":52,"key":"SMITH"},{"data":"Guardian:TemporalShield","floor":61,"key":"SMITH"},{"data":"Guardian:GuardianWhirl","floor":63,"key":"SMITH"},{"data":"infinitespire:NeuralNetwork","floor":69,"key":"SMITH"},{"data":"Guardian:PiercingHide","floor":77,"key":"SMITH"},{"data":"Guardian:TwinSlam","floor":79,"key":"SMITH"},{"data":"Guardian:ExploitGems","floor":86,"key":"SMITH"}],"circlet_count":0,"master_deck":["Guardian:Strike_Guardian+1","Guardian:Defend_Guardian","Guardian:Defend_Guardian","Guardian:Defend_Guardian","Guardian:Defend_Guardian","Guardian:CurlUp+1","Guardian:TwinSlam+1","Guardian:PolyBeam+1","Guardian:BronzeOrb","Guardian:ExploitGems+1","Guardian:Suspension+1","Guardian:DonusPower+1","infinitespire:Gouge+1","Guardian:ChargeUp+1","Guardian:PiercingHide+1","Guardian:AncientConstruct+1","Guardian:TemporalStrike+1","Guardian:TemporalShield+1","Guardian:Recover+1","infinitespire:Fortify","Guardian:FastForward+1","Guardian:TemporalShield+1","Guardian:GuardianWhirl+1","Guardian:Incinerate","Guardian:PiercingHide+1","Guardian:Clone+1","infinitespire:NeuralNetwork+1","Guardian:WalkerClaw+1","Guardian:ExploitGems+1"],"relics":["Guardian:ModeShifterPlus","Boot","downfall:HeartBlessingBlue","downfall:HeartBlessingRed","Ice Cream","Ornamental Fan","Black Star","Singing Bowl","Sundial","Potion Belt","downfall:HeartBlessingGreen","infinitespire:Lychee Nut","downfall:CloakOfManyFaces","CultistMask","FaceOfCleric","NlothsMask","GremlinMask","SsserpentHead","Prayer Wheel","MawBank","SlaversCollar","infinitespire:Joker Card","Whetstone","Happy Flower","Dream Catcher","InkBottle","Mummified Hand","Membership Card","OrangePellets","infinitespire:WardingShard","Pear","Odd Mushroom","Busted Crown","Strange Spoon","Philosopher\u0027s Stone"],"acts_visited":["Exordium","TheCity","TheBeyond","Exordium","TheCity","TheBeyond"],"potions_floor_usage":[],"damage_taken":[{"damage":1.0,"enemies":"2 Louse","floor":2.0,"turns":2.0},{"damage":8.0,"enemies":"Jaw Worm","floor":3.0,"turns":4.0},{"damage":0.0,"enemies":"downfall:FleeingMerchant","floor":5.0,"turns":4.0},{"damage":0.0,"enemies":"Small Slimes","floor":10.0,"turns":2.0},{"damage":2.0,"enemies":"Gremlin Gang","floor":11.0,"turns":3.0},{"damage":25.0,"enemies":"3 Sentries","floor":12.0,"turns":6.0},{"damage":12.0,"enemies":"Gremlin Nob","floor":14.0,"turns":3.0},{"damage":0.0,"enemies":"Blue Slaver","floor":15.0,"turns":3.0},{"damage":0.0,"enemies":"downfall:Watcher","floor":16.0,"turns":5.0},{"damage":0.0,"enemies":"Chosen","floor":19.0,"turns":3.0},{"damage":0.0,"enemies":"Centurion and Healer","floor":20.0,"turns":4.0},{"damage":1.0,"enemies":"Snake Plant","floor":22.0,"turns":3.0},{"damage":40.0,"enemies":"Nightmare","floor":23.0,"turns":9.0},{"damage":0.0,"enemies":"downfall:FaceTrader","floor":27.0,"turns":4.0},{"damage":6.0,"enemies":"Snecko","floor":29.0,"turns":4.0},{"damage":1.0,"enemies":"Sentry and Sphere","floor":30.0,"turns":3.0},{"damage":0.0,"enemies":"Book of Stabbing","floor":31.0,"turns":4.0},{"damage":0.0,"enemies":"Centurion and Healer","floor":32.0,"turns":5.0},{"damage":0.0,"enemies":"downfall:Defect","floor":33.0,"turns":7.0},{"damage":0.0,"enemies":"3 Shapes","floor":36.0,"turns":3.0},{"damage":2.0,"enemies":"3 Darklings","floor":37.0,"turns":5.0},{"damage":19.0,"enemies":"4 Shapes","floor":43.0,"turns":5.0},{"damage":0.0,"enemies":"Reptomancer","floor":45.0,"turns":1.0},{"damage":0.0,"enemies":"downfall:FleeingMerchant","floor":46.0,"turns":4.0},{"damage":0,"enemies":"downfall:FleeingMerchant","floor":48,"turns":3},{"damage":0,"enemies":"Maw","floor":49,"turns":6},{"damage":22,"enemies":"downfall:Silent","floor":50,"turns":9},{"damage":0,"enemies":"2 Louse","floor":53,"turns":1},{"damage":0,"enemies":"Lagavulin","floor":54,"turns":3},{"damage":0,"enemies":"Jaw Worm","floor":57,"turns":1},{"damage":0,"enemies":"Cultist","floor":59,"turns":2},{"damage":0,"enemies":"2 Fungi Beasts","floor":60,"turns":2},{"damage":0,"enemies":"The Mushroom Lair","floor":62,"turns":2},{"damage":0,"enemies":"Gremlin Nob","floor":64,"turns":3},{"damage":0,"enemies":"Nightmare","floor":65,"turns":6},{"damage":0,"enemies":"Large Slime","floor":66,"turns":3},{"damage":3,"enemies":"The Guardian","floor":67,"turns":5},{"damage":0,"enemies":"Chosen","floor":70,"turns":2},{"damage":0,"enemies":"Spheric Guardian","floor":71,"turns":2},{"damage":16,"enemies":"Snake Plant","floor":74,"turns":2},{"damage":0,"enemies":"Slavers","floor":75,"turns":1},{"damage":0,"enemies":"Gremlin Leader","floor":76,"turns":3},{"damage":0,"enemies":"Cultist and Chosen","floor":78,"turns":3},{"damage":0,"enemies":"Snecko","floor":80,"turns":3},{"damage":42,"enemies":"Nightmare","floor":81,"turns":6},{"damage":0,"enemies":"Centurion and Healer","floor":82,"turns":3},{"damage":0,"enemies":"Snake Plant","floor":83,"turns":2},{"damage":0,"enemies":"Automaton","floor":84,"turns":4},{"damage":184,"enemies":"3 Darklings","floor":87,"turns":5}],"seed_played":"6322129828513895409","potions_obtained":[{"floor":14.0,"key":"DistilledChaos"},{"floor":15.0,"key":"Fire Potion"},{"floor":16.0,"key":"Swift Potion"},{"floor":20.0,"key":"DuplicationPotion"},{"floor":21.0,"key":"CultistPotion"},{"floor":27.0,"key":"Regen Potion"},{"floor":29.0,"key":"sneckomod:MuddlingPotion"},{"floor":32.0,"key":"Guardian:AcceleratePotion"},{"floor":36.0,"key":"Regen Potion"},{"floor":37.0,"key":"PowerPotion"},{"floor":45.0,"key":"Fire Potion"},{"floor":57,"key":"Explosive Potion"},{"floor":65,"key":"SpeedPotion"},{"floor":67,"key":"CultistPotion"},{"floor":81,"key":"Energy Potion"}],"is_trial":false,"path_per_floor":["R","M","M","?","$","?","T","?","R","M","M","E","R","E","M","B",null,"R","M","M","?","M","NM","T","R","AVR","?","R","M","M","E","M","B",null,"R","M","M","AVR","?","?","T","R","M","R","E","$","T","$","M","B",null,"R","M","E","?","?","M","T","M","M","R","?","R","E","NM","M","B",null,"R","M","M","?","AVR","M","E","E","R","M","R","M","NM","M","M","B",null,"R","M"],"character_chosen":"GUARDIAN","items_purchased":["Guardian:PolyBeam","Guardian:Gem_Crimson","Mummified Hand","Membership Card","OrangePellets","infinitespire:WardingShard"],"campfire_rested":0,"item_purchase_floors":[5,48,48,48,48,48],"current_hp_per_floor":[80,79,71,71,71,76,76,76,86,86,84,59,59,47,47,47,95,95,95,95,95,94,54,54,54,54,62,62,63,68,77,83,84,84,84,85,85,85,85,85,85,85,70,70,71,80,80,88,97,81,100,100,103,104,104,104,107,117,120,123,123,126,126,129,132,135,136,136,136,141,144,144,144,135,138,146,146,156,156,165,128,138,146,153,181,181,0,0,0],"gold":1494,"neow_bonus":"RANDOM_COMMON_RELIC","is_daily":false,"chose_seed":false,"campfire_upgraded":15,"win_rate":0.0,"timestamp":1609214721,"path_taken":["R","M","M","?","$","?","T","?","R","M","M","E","R","E","M","BOSS","R","M","M","?","M","NM","T","R","AVR","?","R","?","M","E","M","BOSS","R","M","M","AVR","?","?","T","R","M","R","E","?","?","?","M","BOSS","R","M","?","?","?","M","T","M","?","R","?","R","?","NM","M","BOSS","R","M","M","?","AVR","M","E","E","R","M","R","?","NM","M","M","BOSS","R","M"],"items_purchased_type":["Card","Card","Relic","Relic","Relic","Relic"],"build_version":"2020-12-22","purchased_purges":3,"victory":false,"max_hp_per_floor":[80,80,80,80,80,85,85,85,95,95,95,95,95,95,95,95,95,95,95,95,95,95,95,95,95,71,73,73,74,75,78,83,84,84,84,85,86,86,86,86,86,86,89,89,90,93,93,96,99,100,100,100,103,104,104,104,107,117,120,123,123,126,126,129,132,135,136,136,136,141,144,144,144,149,152,155,155,160,160,165,170,175,180,181,181,181,181,181,181],"card_choices":[{"not_picked":["Guardian:TemporalStrike","Guardian:Recover"],"picked":"Guardian:Gem_Purple","floor":2.0},{"not_picked":["Guardian:VentSteam","Guardian:WalkerClaw","Guardian:BaubleBeam"],"picked":"SKIP","floor":3.0},{"not_picked":["Guardian:Gem_Cyan","Guardian:PrimingBeam","Guardian:ShieldCharger"],"picked":"SKIP","floor":5.0},{"not_picked":["Guardian:Gem_Crimson","Guardian:RollAttack"],"picked":"Guardian:Gem_Blue","floor":10.0},{"not_picked":["Guardian:Incinerate","Guardian:ArmoredProtocol"],"picked":"Guardian:Gem_White","floor":11.0},{"not_picked":["Guardian:PolyBeam","Guardian:PrismaticBarrier"],"picked":"Guardian:BronzeOrb","floor":12.0},{"not_picked":["Guardian:Gem_Purple","Guardian:Gem_Cyan"],"picked":"Guardian:Gem_Orange","floor":14.0},{"not_picked":["Guardian:Gem_Lightblue","Guardian:Reroute","Guardian:ShieldCharger"],"picked":"SKIP","floor":15.0},{"not_picked":["Guardian:StasisField","Guardian:ConstructionForm"],"picked":"Guardian:ExploitGems","floor":16.0},{"not_picked":["Guardian:Reroute","Guardian:VentSteam+1","Guardian:Gem_Crimson"],"picked":"SKIP","floor":19.0},{"not_picked":["Guardian:BronzeOrb","Guardian:RollAttack"],"picked":"Guardian:Suspension","floor":20.0},{"not_picked":["Guardian:Gem_Lightblue","Guardian:PolyBeam","Guardian:RollAttack"],"picked":"SKIP","floor":22.0},{"not_picked":["Guardian:TimeCapacitor+1","Guardian:PrismaticBeam"],"picked":"Guardian:DonusPower","floor":23.0},{"not_picked":["Guardian:WalkerClaw","Guardian:Gem_Fragmented","Guardian:DecasProtection"],"picked":"Singing Bowl","floor":27.0},{"not_picked":["Guardian:ChargeCore","Guardian:Gem_Green"],"picked":"Guardian:ChargeUp","floor":29.0},{"not_picked":["Guardian:Incinerate","Guardian:ChargeCore+1"],"picked":"Guardian:PiercingHide+1","floor":30.0},{"not_picked":["Guardian:Gem_Green","Guardian:Reroute","Guardian:SentryBeam"],"picked":"Singing Bowl","floor":31.0},{"not_picked":["Guardian:Incinerate","Guardian:PrimingBeam","Guardian:RollAttack"],"picked":"Singing Bowl","floor":32.0},{"not_picked":["Guardian:PolyBeam","Guardian:SphericShield","Guardian:Gem_Green"],"picked":"Singing Bowl","floor":32.0},{"not_picked":["Guardian:BaubleBeam","Guardian:StasisStrike"],"picked":"Guardian:AncientConstruct","floor":33.0},{"not_picked":["Guardian:ChargeCore","Guardian:Gem_Lightblue"],"picked":"Guardian:TemporalStrike+1","floor":36.0},{"not_picked":["Guardian:SentryBeam+1","Guardian:Repulse+1"],"picked":"Guardian:Gem_Cyan","floor":36.0},{"not_picked":["Guardian:Gem_Lightblue","Guardian:ShieldCharger"],"picked":"Guardian:TemporalShield+1","floor":37.0},{"not_picked":["Guardian:DecasProtection","Guardian:ShieldCharger"],"picked":"Guardian:Recover","floor":37.0},{"not_picked":["infinitespire:SevenWalls","infinitespire:Oblivion"],"picked":"infinitespire:Fortify","floor":39.0},{"not_picked":["Guardian:VentSteam","Guardian:CrystalBeam+1"],"picked":"Guardian:Gem_Crimson","floor":43.0},{"not_picked":["Guardian:Reroute","Guardian:RefractedBeam","Guardian:Planning+1"],"picked":"Singing Bowl","floor":43.0},{"not_picked":["Guardian:VentSteam+1","Guardian:ExploitGems"],"picked":"Guardian:Gem_Purple","floor":45.0},{"not_picked":["Guardian:Suspension+1","Guardian:ChargeCore+1","Guardian:Gem_Fragmented"],"picked":"Singing Bowl","floor":46.0},{"not_picked":["Guardian:CrystalBeam","Guardian:Suspension+1","Guardian:TimeCapacitor"],"picked":"Singing Bowl","floor":48},{"not_picked":["Guardian:PolyBeam","Guardian:FloatingOrbs"],"picked":"Guardian:Gem_Red","floor":49},{"not_picked":["Guardian:Planning+1","Guardian:ShieldSpikes","Guardian:Suspension+1"],"picked":"Singing Bowl","floor":49},{"not_picked":["Guardian:SphericShield","Guardian:HyperBeam_Guardian"],"picked":"Guardian:FastForward","floor":50},{"not_picked":["Guardian:ChargeUp","Guardian:DecasProtection","Guardian:SentryBeam"],"picked":"Singing Bowl","floor":53},{"not_picked":["Guardian:Repulse","Guardian:Gem_Cyan"],"picked":"Guardian:TemporalShield","floor":53},{"not_picked":["Guardian:Gem_Red","Guardian:SphericShield"],"picked":"Guardian:GuardianWhirl","floor":54},{"not_picked":["Guardian:Harden","Guardian:Gem_Green"],"picked":"Guardian:Incinerate","floor":57},{"not_picked":["Guardian:RollAttack","Guardian:BronzeOrb","Guardian:ArmoredProtocol"],"picked":"Singing Bowl","floor":57},{"not_picked":["Guardian:TimeBomb","Guardian:CrystalBeam","Guardian:RollAttack"],"picked":"Singing Bowl","floor":59},{"not_picked":["Guardian:TemporalStrike","Guardian:Reroute"],"picked":"Guardian:Gem_White","floor":59},{"not_picked":["Guardian:Gem_Lightblue","Guardian:Incinerate","Guardian:ArmoredProtocol"],"picked":"Singing Bowl","floor":60},{"not_picked":["Guardian:Gem_Cyan","Guardian:RevengeProtocol"],"picked":"Guardian:PiercingHide","floor":60},{"not_picked":["Guardian:Harden","Guardian:RollAttack","Guardian:Gem_Purple"],"picked":"Singing Bowl","floor":62},{"not_picked":["Guardian:Planning","Guardian:PrimingBeam","Guardian:RollAttack"],"picked":"Singing Bowl","floor":64},{"not_picked":["Guardian:FastForward","Guardian:DecasProtection","Guardian:SentryBeam"],"picked":"Singing Bowl","floor":65},{"not_picked":["Guardian:Recover","Guardian:PrismaticBeam"],"picked":"Guardian:Clone","floor":66},{"not_picked":["Guardian:PiercingHide","Guardian:Gem_Cyan","Guardian:Planning"],"picked":"Singing Bowl","floor":66},{"not_picked":["Guardian:RevengeProtocol","Guardian:HyperBeam_Guardian"],"picked":"Guardian:Gem_Orange","floor":67},{"not_picked":["infinitespire:TheBestDefense","infinitespire:Oblivion"],"picked":"infinitespire:NeuralNetwork","floor":67},{"not_picked":["Guardian:Suspension"],"picked":"Singing Bowl","floor":70},{"not_picked":["Guardian:RefractedBeam+1"],"picked":"Singing Bowl","floor":70},{"not_picked":[],"picked":"Guardian:WalkerClaw+1","floor":71},{"not_picked":["Guardian:VentSteam"],"picked":"Singing Bowl","floor":71},{"not_picked":["Guardian:TimeBomb"],"picked":"Singing Bowl","floor":74},{"not_picked":["Guardian:Gem_Green"],"picked":"Singing Bowl","floor":74},{"not_picked":["Guardian:ChargeCore"],"picked":"Singing Bowl","floor":75},{"not_picked":["Guardian:Gem_Lightblue"],"picked":"Singing Bowl","floor":76},{"not_picked":["Guardian:WalkerClaw+1"],"picked":"Singing Bowl","floor":78},{"not_picked":["Guardian:VentSteam+1"],"picked":"Singing Bowl","floor":78},{"not_picked":["Guardian:RevengeProtocol"],"picked":"Singing Bowl","floor":80},{"not_picked":["Guardian:ShieldCharger+1"],"picked":"Singing Bowl","floor":80},{"not_picked":["infinitespire:UltimateForm","infinitespire:Execution","infinitespire:Oblivion"],"picked":"Singing Bowl","floor":81},{"not_picked":["Guardian:PrimingBeam+1"],"picked":"Singing Bowl","floor":81},{"not_picked":["Guardian:Incinerate"],"picked":"Singing Bowl","floor":82},{"not_picked":["Guardian:TimeCapacitor"],"picked":"Singing Bowl","floor":82},{"not_picked":["Guardian:Recover"],"picked":"Singing Bowl","floor":83},{"not_picked":["Guardian:Recover"],"picked":"Singing Bowl","floor":83},{"not_picked":[],"picked":"Guardian:ExploitGems","floor":84}],"player_experience":537239,"relics_obtained":[{"floor":12.0,"key":"Ice Cream"},{"floor":14.0,"key":"Ornamental Fan"},{"floor":23.0,"key":"Singing Bowl"},{"floor":23.0,"key":"Sundial"},{"floor":24.0,"key":"Potion Belt"},{"floor":27.0,"key":"downfall:CloakOfManyFaces"},{"floor":31.0,"key":"Prayer Wheel"},{"floor":31.0,"key":"MawBank"},{"floor":41.0,"key":"Whetstone"},{"floor":45.0,"key":"Happy Flower"},{"floor":45.0,"key":"Dream Catcher"},{"floor":47,"key":"InkBottle"},{"floor":58,"key":"Pear"},{"floor":62,"key":"Odd Mushroom"}],"event_choices":[{"damage_healed":0.0,"max_hp_gain":5.0,"max_hp_loss":0.0,"gold_gain":0.0,"event_name":"Big Fish","player_choice":"Donut","floor":6.0,"gold_loss":0.0,"damage_taken":0.0},{"damage_healed":0,"gold_gain":0,"player_choice":"Ignored","damage_taken":0,"max_hp_gain":0,"max_hp_loss":0,"event_name":"NoteForYourself","floor":56,"gold_loss":0},{"damage_healed":0,"gold_gain":0,"player_choice":"Fought Mushrooms","damage_taken":0,"max_hp_gain":0,"max_hp_loss":0,"event_name":"Mushrooms","floor":62,"gold_loss":0},{"damage_healed":0,"gold_gain":0,"player_choice":"Upgraded","damage_taken":0,"max_hp_gain":0,"max_hp_loss":0,"event_name":"Upgrade Shrine","floor":72,"gold_loss":0,"cards_upgraded":["Guardian:Clone"]}],"is_beta":false,"boss_relics":[{"not_picked":["Fusion Hammer","Velvet Choker"],"picked":"Black Star"},{"not_picked":["Snecko Eye","Astrolabe"],"picked":"SlaversCollar"},{"not_picked":["Cursed Key","Philosopher\u0027s Stone"],"picked":"Guardian:ModeShifterPlus"},{"not_picked":["Fusion Hammer","SacredBark"],"picked":"Busted Crown"},{"not_picked":["Guardian:StasisSlotReductionRelic","Snecko Eye"],"picked":"Philosopher\u0027s Stone"}],"items_purged_floors":[26,38,48],"is_endless":true,"potions_floor_spawned":[14,15,16,20,27,29,32,36,37,45,57,59,65,67,74,80,81,84],"killed_by":"3 Darklings","ascension_level":0}}