{"host":"kev6uqotw4tlyx8l","time":1609218991,"event":{"mods":["Act Like it!","Aspiration","BaseMod","Colored Powertips","Dota2Spire","Downfall","Hallownest","Infinite Spire","Marisa????????","Minty Spire (QoL Compilation)","Quick Restart","Remilia??????","Replay The Spire","StSLib","The Cursed","The Marked","The Mystic","The Servant 0.9.4"],"gold_per_floor":[118,118,170,221,119,119,131,7,31,31,31,46,46,63,63,164,214,214,214,232,246,246,246,277,22,74,74,74,100,100,125,125,243,243,262,140,152,152,77,77,109,109,109,209,209,209,227,227,227,227,227],"floor_reached":50,"playtime":2071,"items_purged":["Hallownest:curseDreamersLament"],"score":499,"play_id":"24da89fb-d17f-4f03-b0b1-82cf13e3b446","local_time":"20201229121631","is_ascension_mode":false,"campfire_choices":[{"data":"PowerUp","floor":6,"key":"SMITH"},{"data":"DeepEcoloBomb","floor":10,"key":"SMITH"},{"floor":15,"key":"DIG"},{"floor":23,"key":"REST"},{"floor":27,"key":"REST"},{"floor":32,"key":"REST"},{"floor":40,"key":"REST"},{"data":"PowerUp","floor":45,"key":"SMITH"},{"floor":49,"key":"REST"}],"circlet_count":0,"master_deck":["Strike_MRS","Strike_MRS+1","Strike_MRS","Defend_MRS","Defend_MRS","Defend_MRS","Defend_MRS","MasterSpark","UpSweep+1","Parasite","Shame","PowerUp+1","MilkyWay","PowerUp+1","DeepEcoloBomb+1","MysteriousBeam","StarBarrage","UnstableBomb","MagicAbsorber+1","MillisecondPulsars","SporeBomb","UnstableBomb","MysteriousBeam","Acceleration","BlazingStar","NonDirectionalLaser","UnstableBomb","JA","DeepEcoloBomb+1","DC","OrrerysSun+1","Finesse","UltimateShortwave","OortCloud"],"relics":["MiniHakkero","SlaversCollar","Hallownest:TeacherSealRelic","infinitespire:Satchel","Centennial Puzzle","Hallownest:DreamNailRelic","Tiny Chest","Tiny House","WingedGreaves","ReplayTheSpireMod:Ring of Challenge","Garlic","Dota2Spire:Dagon","Bronze Scales","Pondfish Scales","aspiration:RunicSpoon","Dota2Spire:BlackKingBar","Smiling Mask","ClockworkSouvenir","BreadOfAWashokuLover"],"acts_visited":["Hallownest:Greenpath","TheCity","TheBeyond"],"potions_floor_usage":[12,16,16,16,16,16,18,18,20,24,29,33,41,50],"damage_taken":[{"damage":5,"enemies":"Hallownest:2_Baldur","floor":1,"turns":3},{"damage":0,"enemies":"Hallownest:monsterHuskGuard","floor":7,"turns":2},{"damage":5,"enemies":"Hallownest:2_Tiktiks_and_1_Crawlid","floor":12,"turns":2},{"damage":8,"enemies":"Hallownest:Guard_and_Warrior","floor":14,"turns":3},{"damage":30,"enemies":"Hallownest:BossBrokenVessel","floor":16,"turns":7},{"damage":0,"enemies":"3 Byrds","floor":18,"turns":1},{"damage":30,"enemies":"2 Thieves","floor":20,"turns":3},{"damage":31,"enemies":"Snake Plant","floor":21,"turns":4},{"damage":9,"enemies":"Book of Stabbing","floor":24,"turns":3},{"damage":4,"enemies":"Centurion and Healer","floor":29,"turns":4},{"damage":7,"enemies":"Cultist and Chosen","floor":31,"turns":6},{"damage":58,"enemies":"Champ","floor":33,"turns":9},{"damage":34,"enemies":"3 Shapes","floor":35,"turns":5},{"damage":3,"enemies":"Orb Walker","floor":37,"turns":2},{"damage":4,"enemies":"R_Hoarder","floor":41,"turns":5},{"damage":20,"enemies":"Jaw Worm Horde","floor":47,"turns":3},{"damage":71,"enemies":"Time Eater","floor":50,"turns":8}],"seed_played":"6368152649443397077","potions_obtained":[{"floor":4,"key":"Dota2Spire:HealingSalve"},{"floor":4,"key":"ColorlessPotion"},{"floor":7,"key":"SmokeBomb"},{"floor":17,"key":"LiquidBronze"},{"floor":21,"key":"CultistPotion"},{"floor":24,"key":"Elixir"},{"floor":31,"key":"SkillPotion"},{"floor":37,"key":"Explosive Potion"},{"floor":41,"key":"Weak Potion"}],"is_trial":false,"path_per_floor":["M","?","?","?","$","R","M","$","T","R","?","M","?","M","R","B",null,"M","AVR","M","M","?","R","E","$","T","R","?","M","T","M","R","B",null,"M","$","M","?","$","R","E","R","T","?","R","AVR","M","T","R","B"],"character_chosen":"MARISA","items_purchased":["PowerUp","DeepEcoloBomb","StarBarrage","UnstableBomb","Dota2Spire:Dagon","DC"],"campfire_rested":5,"item_purchase_floors":[5,5,8,8,25,36],"current_hp_per_floor":[70,70,70,70,70,70,70,70,70,70,70,68,68,60,60,30,80,80,80,50,19,19,43,34,34,34,58,58,54,54,47,71,13,80,46,46,43,43,43,67,63,63,63,63,63,63,43,43,67,0,0],"gold":227,"neow_bonus":"CURSED_BOSS_RELIC","is_daily":false,"chose_seed":false,"campfire_upgraded":3,"win_rate":0.0,"timestamp":1609218991,"path_taken":["M","?","?","?","$","R","?","$","T","R","?","?","?","M","R","BOSS","M","AVR","M","M","?","R","E","$","T","R","?","?","?","M","R","BOSS","M","$","M","?","$","R","E","R","T","?","R","AVR","?","?","R","BOSS"],"items_purchased_type":["Card","Card","Card","Card","Relic","Card"],"build_version":"2020-12-22","purchased_purges":1,"victory":false,"max_hp_per_floor":[75,75,75,75,75,75,75,75,75,75,75,75,75,75,75,75,80,80,80,80,80,80,80,80,80,80,80,80,80,80,80,80,80,80,80,80,80,80,80,80,80,80,80,80,80,80,80,80,80,80,80],"card_choices":[{"not_picked":["NonDirectionalLaser","GalacticHalo"],"picked":"PowerUp","floor":1},{"not_picked":["AlicesGift","ManaConvection"],"picked":"MilkyWay","floor":4},{"not_picked":["ShootingEcho","DarkMatter"],"picked":"MysteriousBeam","floor":7},{"not_picked":["LuminesStrike","NonDirectionalLaser"],"picked":"MagicAbsorber","floor":12},{"not_picked":["SprinkleStarSeal","Orbital","Occultation"],"picked":"SKIP","floor":14},{"not_picked":["BigCrunch","JA"],"picked":"MillisecondPulsars","floor":16},{"not_picked":["LuminesStrike","BlazeAway"],"picked":"SporeBomb","floor":17},{"not_picked":["PulseMagic+1","ChargingUp+1"],"picked":"UnstableBomb","floor":20},{"not_picked":["RefractionSpark","MeteoricShower"],"picked":"MysteriousBeam","floor":21},{"not_picked":["DragonMeteor+1","StarBarrage"],"picked":"Acceleration","floor":24},{"not_picked":["Orbital+1","SporeBomb+1"],"picked":"NonDirectionalLaser","floor":29},{"not_picked":["Acceleration","GrandCross"],"picked":"UnstableBomb","floor":31},{"not_picked":["StarDustReverie","MillisecondPulsars"],"picked":"JA","floor":33},{"not_picked":["GrandCross","AsteroidBelt"],"picked":"DeepEcoloBomb+1","floor":35},{"not_picked":["DoubleSpark+1","GalacticHalo"],"picked":"OrrerysSun+1","floor":37},{"not_picked":["The Bomb","expansioncontent:LastStand"],"picked":"Finesse","floor":38},{"not_picked":["DC","GrandCross+1"],"picked":"UltimateShortwave","floor":41},{"not_picked":["SprinkleStarSeal+1","UnstableBomb"],"picked":"OortCloud","floor":47}],"player_experience":44150,"relics_obtained":[{"floor":4,"key":"infinitespire:Satchel"},{"floor":9,"key":"Centennial Puzzle"},{"floor":15,"key":"Tiny Chest"},{"floor":22,"key":"ReplayTheSpireMod:Ring of Challenge"},{"floor":24,"key":"Garlic"},{"floor":26,"key":"Bronze Scales"},{"floor":30,"key":"Pondfish Scales"},{"floor":41,"key":"Dota2Spire:BlackKingBar"},{"floor":43,"key":"Smiling Mask"},{"floor":48,"key":"BreadOfAWashokuLover"}],"event_choices":[{"damage_healed":0,"gold_gain":0,"cards_transformed":["Strike_MRS"],"player_choice":"Transformed","damage_taken":0,"max_hp_gain":0,"max_hp_loss":0,"event_name":"Transmorgrifier","floor":28,"gold_loss":0,"cards_obtained":["BlazingStar"]},{"damage_healed":0,"gold_gain":0,"player_choice":"Memory 1","damage_taken":0,"max_hp_gain":0,"max_hp_loss":0,"event_name":"SensoryStone","floor":38,"gold_loss":0},{"damage_healed":0,"gold_gain":100,"player_choice":"Pray","damage_taken":0,"max_hp_gain":0,"max_hp_loss":0,"event_name":"Golden Shrine","floor":44,"gold_loss":0}],"is_beta":false,"boss_relics":[{"not_picked":["Replay:Grab Bag","Empty Cage"],"picked":"Tiny House"},{"not_picked":["Velvet Choker","Runic Dome"],"picked":"aspiration:RunicSpoon"}],"items_purged_floors":[19],"is_endless":false,"potions_floor_spawned":[7,21,24,31,37,41],"killed_by":"Time Eater","ascension_level":0}}