{"host":"d5olfqytz4hp22h4","time":1609244105,"event":{"mods":["BaseMod","Downfall","Minty Spire (QoL Compilation)","StSLib"],"gold_per_floor":[99,115,136,136,159,8,54,81,124,49,71,112,112,140,167,280,280,280,299,299,139,139,157,157,175,206,232,266,191,216,256,273,369,369,369,383,398,70,89,116,188,113,169,193,221,262,285,343,356,356],"floor_reached":51,"playtime":6066,"items_purged":["Regret","hexamod:Strike","hexamod:Strike"],"score":890,"play_id":"8996120a-94eb-467a-83b3-c97d1e5474c0","local_time":"20201229061505","is_ascension_mode":false,"campfire_choices":[{"data":"hexamod:Float","floor":1.0,"key":"SMITH"},{"data":"hexamod:CrushingStance","floor":10.0,"key":"SMITH"},{"data":"hexamod:GhostOfSpirePast","floor":18.0,"key":"SMITH"},{"data":"hexamod:CatchUp","floor":29.0,"key":"SMITH"},{"floor":35.0,"key":"RECALL"},{"data":"Chrysalis","floor":42.0,"key":"SMITH"}],"circlet_count":0,"master_deck":["hexamod:Strike+1","hexamod:Defend","hexamod:Defend+1","hexamod:Defend+1","hexamod:Defend+1","hexamod:Sear","hexamod:Float+1","hexamod:ThermalTransfer","hexamod:CrushingStance+1","hexamod:GhostOfSpirePast+1","hexamod:SpectersWail+1","hexamod:WildfireWeapon","hexamod:Hexaguard+1","hexamod:GhostShield","hexamod:SpectersWail+1","hexamod:SecondSeal","hexamod:SpectersWail","hexamod:GhostflameBarrier","hexamod:CatchUp+1","hexamod:RainOfEmbers+1","hexamod:Hexaguard","hexamod:EmpoweringStance","hexamod:Hexaguard+1","Chrysalis+1","hexamod:SpectersWail+1","hexamod:TimeOfNeed","hexamod:GhostLash+1","hexamod:SpectersWail+1"],"relics":["hexamod:SpiritBrand","Bag of Preparation","downfall:HeartBlessingGreen","Nunchaku","Sozu","downfall:RedIOU","Ornamental Fan","hexamod:TheBrokenSeal","Tiny Chest","downfall:HeartBlessingBlue","hexamod:MatchstickCase","Black Star","Blood Vial","Kunai","Darkstone Periapt","downfall:HeartBlessingRed","Thread and Needle","Pen Nib","Torii","Pocketwatch"],"acts_visited":["Exordium","TheCity","TheBeyond"],"potions_floor_usage":[],"damage_taken":[{"damage":0.0,"enemies":"Jaw Worm","floor":2.0,"turns":3.0},{"damage":0.0,"enemies":"Small Slimes","floor":3.0,"turns":3.0},{"damage":8.0,"enemies":"2 Louse","floor":5.0,"turns":3.0},{"damage":2.0,"enemies":"downfall:FleeingMerchant","floor":6.0,"turns":4.0},{"damage":17.0,"enemies":"Lagavulin","floor":9.0,"turns":6.0},{"damage":2.0,"enemies":"Gremlin Gang","floor":11.0,"turns":4.0},{"damage":12.0,"enemies":"3 Sentries","floor":12.0,"turns":7.0},{"damage":12.0,"enemies":"Exordium Wildlife","floor":14.0,"turns":4.0},{"damage":0.0,"enemies":"2 Fungi Beasts","floor":15.0,"turns":2.0},{"damage":17.0,"enemies":"downfall:Ironclad","floor":16.0,"turns":6.0},{"damage":15.0,"enemies":"Shell Parasite","floor":19.0,"turns":4.0},{"damage":0.0,"enemies":"downfall:FleeingMerchant","floor":21.0,"turns":4.0},{"damage":0.0,"enemies":"3 Byrds","floor":23.0,"turns":4.0},{"damage":18.0,"enemies":"Sentry and Sphere","floor":25.0,"turns":6.0},{"damage":3.0,"enemies":"Centurion and Healer","floor":26.0,"turns":11.0},{"damage":31.0,"enemies":"Shelled Parasite and Fungi","floor":27.0,"turns":7.0},{"damage":13.0,"enemies":"Slavers","floor":28.0,"turns":3.0},{"damage":0.0,"enemies":"Snake Plant","floor":30.0,"turns":3.0},{"damage":0.0,"enemies":"Gremlin Leader","floor":31.0,"turns":3.0},{"damage":0.0,"enemies":"Cultist and Chosen","floor":32.0,"turns":3.0},{"damage":1.0,"enemies":"downfall:Silent","floor":33.0,"turns":7.0},{"damage":0.0,"enemies":"3 Shapes","floor":36.0,"turns":3.0},{"damage":4.0,"enemies":"3 Darklings","floor":37.0,"turns":4.0},{"damage":0.0,"enemies":"downfall:FleeingMerchant","floor":38.0,"turns":4.0},{"damage":3.0,"enemies":"Jaw Worm Horde","floor":39.0,"turns":3.0},{"damage":0.0,"enemies":"Reptomancer","floor":40.0,"turns":6.0},{"damage":0,"enemies":"2 Orb Walkers","floor":43,"turns":4},{"damage":0,"enemies":"Spire Growth","floor":44,"turns":4},{"damage":0,"enemies":"Sphere and 2 Shapes","floor":45,"turns":4},{"damage":1,"enemies":"Nemesis","floor":46,"turns":9},{"damage":0,"enemies":"Writhing Mass","floor":47,"turns":6},{"damage":18,"enemies":"Mind Bloom Boss Battle","floor":48,"turns":4},{"damage":0,"enemies":"4 Shapes","floor":49,"turns":2},{"damage":0,"enemies":"downfall:Watcher","floor":50,"turns":4}],"seed_played":"-7829205759572904836","potions_obtained":[{"floor":3.0,"key":"SteroidPotion"},{"floor":5.0,"key":"Fire Potion"},{"floor":11.0,"key":"DistilledChaos"},{"floor":12.0,"key":"EssenceOfSteel"}],"is_trial":false,"path_per_floor":["R","M","M","?","M","$","T","T","E","R","M","E","?","M","M","B",null,"R","M","?","$","?","M","T","M","M","M","E","R","M","E","M","B",null,"R","M","M","$","M","E","T","R","?","M","M","E","M","?","M","B",null],"character_chosen":"THE_SPIRIT","items_purchased":["hexamod:GhostOfSpirePast","hexamod:SpectersWail","Chrysalis"],"campfire_rested":0,"item_purchase_floors":[6,21,38],"current_hp_per_floor":[77,77,77,77,69,67,67,67,50,50,48,36,36,24,24,7,77,77,62,62,69,61,68,68,57,54,87,74,84,84,84,84,83,97,97,97,93,93,90,90,90,90,92,94,96,96,97,79,81,83],"gold":356,"neow_bonus":"TEN_PERCENT_HP_BONUS","is_daily":false,"chose_seed":false,"campfire_upgraded":5,"win_rate":0.0,"timestamp":1609244105,"path_taken":["R","M","M","?","M","$","T","?","E","R","M","E","?","M","M","BOSS","R","M","?","$","?","M","T","M","?","M","E","R","M","E","M","BOSS","R","M","M","$","M","E","T","R","?","M","M","E","M","?","M","BOSS"],"items_purchased_type":["Card","Card","Card"],"build_version":"2020-12-22","purchased_purges":3,"victory":true,"max_hp_per_floor":[77,77,77,77,77,77,77,77,77,77,77,77,77,77,77,77,77,77,77,77,77,77,77,77,77,77,87,87,97,97,97,97,97,97,97,97,97,97,97,97,97,97,97,97,97,97,97,97,97,97],"card_choices":[{"not_picked":["hexamod:Firestarter","hexamod:Incineration"],"picked":"hexamod:SecondSeal","floor":2.0},{"not_picked":["hexamod:Rewind","hexamod:HeatCrush"],"picked":"hexamod:ThermalTransfer","floor":3.0},{"not_picked":["hexamod:ShieldOfDarkness","hexamod:GhostLash","hexamod:Rewind"],"picked":"SKIP","floor":5.0},{"not_picked":["hexamod:PhantomFireball","hexamod:RetreatToShadows"],"picked":"hexamod:CrushingStance","floor":6.0},{"not_picked":["hexamod:GhostOfSpireFuture","hexamod:Incineration","hexamod:StepThrough"],"picked":"SKIP","floor":9.0},{"not_picked":["hexamod:DynamicBlow","hexamod:BacktrackSmack"],"picked":"hexamod:SpectersWail","floor":11.0},{"not_picked":["hexamod:BacktrackSmack","hexamod:GhostLash"],"picked":"hexamod:WildfireWeapon","floor":12.0},{"not_picked":["hexamod:Haunt","hexamod:HeatMetal","hexamod:BacktrackSmack"],"picked":"SKIP","floor":14.0},{"not_picked":["hexamod:SpectralAdrenaline","hexamod:ShieldOfDarkness","hexamod:HeatCrush"],"picked":"SKIP","floor":15.0},{"not_picked":["hexamod:UnleashSpirits","hexamod:TimeWarp"],"picked":"hexamod:FifthSeal","floor":16.0},{"not_picked":["hexamod:SixthSeal","hexamod:FourthSeal"],"picked":"hexamod:FirstSeal","floor":19.0},{"not_picked":["hexamod:PhantomCloak","hexamod:RetreatToShadows","hexamod:Hexaguard+1"],"picked":"SKIP","floor":19.0},{"not_picked":["hexamod:PhantomCloak","hexamod:RetreatToShadows"],"picked":"hexamod:Hexaguard+1","floor":19.0},{"not_picked":["hexamod:ThirdSeal","hexamod:FourthSeal"],"picked":"hexamod:SixthSeal","floor":21.0},{"not_picked":["hexamod:WildfireWeapon","hexamod:GhostLash+1"],"picked":"hexamod:GhostShield","floor":21.0},{"not_picked":["hexamod:FourthSeal","hexamod:SixthSeal"],"picked":"hexamod:SecondSeal","floor":23.0},{"not_picked":["hexamod:BacktrackSmack","hexamod:NightmareGuise"],"picked":"hexamod:SpectersWail","floor":23.0},{"not_picked":["hexamod:FirstSeal","hexamod:SixthSeal"],"picked":"hexamod:ThirdSeal","floor":25.0},{"not_picked":["hexamod:FastForward","hexamod:ThermalTransfer+1"],"picked":"hexamod:GhostflameBarrier","floor":25.0},{"not_picked":["hexamod:FirstSeal","hexamod:ThirdSeal"],"picked":"hexamod:FourthSeal","floor":26.0},{"not_picked":["hexamod:SoulSteal+1","hexamod:InspiringFlames"],"picked":"hexamod:CatchUp","floor":26.0},{"not_picked":["hexamod:ShieldOfDarkness","hexamod:NightmareStrike","hexamod:FastForward"],"picked":"SKIP","floor":26.0},{"not_picked":["hexamod:SecondSeal","hexamod:BurningTouch","hexamod:Hexaguard"],"picked":"SKIP","floor":27.0},{"not_picked":["hexamod:Haunt","hexamod:SpectersWail","hexamod:ShieldOfDarkness"],"picked":"SKIP","floor":27.0},{"not_picked":["hexamod:SwordOfDarkness","hexamod:Firestarter+1"],"picked":"hexamod:RainOfEmbers+1","floor":28.0},{"not_picked":["hexamod:ThermalTransfer","hexamod:CrushingStance"],"picked":"hexamod:Hexaguard","floor":30.0},{"not_picked":["hexamod:NightmareStrike","hexamod:FirstSeal","hexamod:SwordOfDarkness"],"picked":"SKIP","floor":31.0},{"not_picked":["hexamod:NecessarySacrifice","hexamod:AdvancingGuard+1","hexamod:HauntingEcho+1"],"picked":"SKIP","floor":32.0},{"not_picked":["hexamod:WildfireWeapon","hexamod:TurnItUp"],"picked":"hexamod:EmpoweringStance","floor":33.0},{"not_picked":["hexamod:HauntingEcho","hexamod:ShieldOfDarkness","hexamod:RetreatToShadows"],"picked":"SKIP","floor":36.0},{"not_picked":["hexamod:BurningTouch+1","hexamod:FirstSeal"],"picked":"hexamod:Hexaguard+1","floor":37.0},{"not_picked":["hexamod:Firestarter","hexamod:InspiringFlames+1","hexamod:GhostShield"],"picked":"SKIP","floor":38.0},{"not_picked":["hexamod:Firestarter+1","hexamod:AdvancingGuard","hexamod:RetreatToShadows+1"],"picked":"SKIP","floor":39.0},{"not_picked":["hexamod:Firestarter+1","hexamod:SoulSteal"],"picked":"hexamod:SpectersWail+1","floor":40.0},{"not_picked":["hexamod:RecurringNightmare","hexamod:FastForward","hexamod:TurnItUp"],"picked":"SKIP","floor":44},{"not_picked":["hexamod:EmpoweredFlame+1","hexamod:Firestarter","hexamod:SwordOfDarkness"],"picked":"SKIP","floor":45},{"not_picked":["hexamod:InspiringFlames+1","hexamod:NightmareGuise+1"],"picked":"hexamod:TimeOfNeed","floor":46},{"not_picked":["hexamod:PhantomFireball","hexamod:Firestarter"],"picked":"hexamod:GhostLash+1","floor":47},{"not_picked":["hexamod:FastForward+1","hexamod:SwordOfDarkness+1"],"picked":"hexamod:SpectersWail+1","floor":49}],"player_experience":242327,"relics_obtained":[{"floor":7.0,"key":"Bag of Preparation"},{"floor":9.0,"key":"MealTicket"},{"floor":12.0,"key":"Nunchaku"},{"floor":24.0,"key":"Ornamental Fan"},{"floor":28.0,"key":"Tiny Chest"},{"floor":31.0,"key":"hexamod:MatchstickCase"},{"floor":40.0,"key":"Blood Vial"},{"floor":40.0,"key":"Kunai"},{"floor":41.0,"key":"Darkstone Periapt"},{"floor":43,"key":"Thread and Needle"},{"floor":46,"key":"Pen Nib"},{"floor":46,"key":"Torii"},{"floor":48,"key":"Pocketwatch"}],"event_choices":[{"damage_healed":0,"gold_gain":0,"player_choice":"Fight","damage_taken":0,"max_hp_gain":0,"max_hp_loss":0,"event_name":"Mysterious Sphere","floor":43,"gold_loss":0}],"is_beta":false,"boss_relics":[{"not_picked":["Runic Dome","Fusion Hammer"],"picked":"Sozu"},{"not_picked":["SacredBark","Philosopher\u0027s Stone"],"picked":"Black Star"}],"items_purged_floors":[6,21,38],"is_endless":false,"potions_floor_spawned":[3,5,11,12,14,23,26,27,28,31,36,39,44,46,49],"ascension_level":0}}