{"host":"6i7jlcm7o9r8pzco","time":1609270333,"event":{"mods":["AchievementEnabler","BaseMod","Card Forge","Colored Powertips","Minty Spire (QoL Compilation)","StSLib"],"gold_per_floor":[112,42,56,74,74,110,136,311,337,376,402,132,147,147,147,277,277,295,295,149,149,149,184,33,53,76,76,76,76,76,112,112,240,240,258,318,116,116,68,108,128,50,50,75,75,119,452,471,471,471],"floor_reached":51,"playtime":3139,"items_purged":[],"score":895,"play_id":"a61f43ce-efb3-41c1-b27f-f0b6879b3903","local_time":"20201229143213","is_ascension_mode":false,"campfire_choices":[{"floor":15,"key":"REST"},{"floor":27,"key":"REST"},{"floor":32,"key":"REST"},{"floor":45,"key":"REST"},{"data":"Searing Blow+11","floor":49,"key":"SMITH"}],"circlet_count":0,"master_deck":["Defend_R+1","Bash+1","Anger+1","Pommel Strike+1","Ghostly Armor+1","Blood for Blood+1","Clothesline+1","Rampage+1","Sword Boomerang+1","Barricade+1","Pommel Strike+1","Pommel Strike+1","Twin Strike+1","Ghostly Armor+1","Shrug It Off+1","Shrug It Off+1","Searing Blow+12","Shrug It Off+1","Bite+1","Bite+1","Anger+1","Shrug It Off+1","Searing Blow+11","Shrug It Off+1","Iron Wave+1","Iron Wave+1","Entrench+1","Demon Form+1","Dramatic Entrance+1","Bludgeon+1"],"relics":["Burning Blood","Hammer of Thor","Seething Fire","Anvil of the Gods","Juzu Bracelet","Lantern","Bronze Scales","White Beast Statue","Odd Mushroom","Orichalcum","Ancient Tea Set","Busted Crown","Membership Card","Lizard Tail","Ginger","Nunchaku","Nilry\u0027s Codex","Dream Catcher","Black Star","Calipers","Mummified Hand","Toolbox","Bottled Flame","Pen Nib","Bag of Marbles","Question Card","Strawberry","Red Skull"],"acts_visited":["Exordium","TheCity","TheBeyond"],"potions_floor_usage":[],"damage_taken":[{"damage":0,"enemies":"Jaw Worm","floor":1,"turns":3},{"damage":0,"enemies":"Small Slimes","floor":3,"turns":2},{"damage":0,"enemies":"2 Louse","floor":4,"turns":2},{"damage":12,"enemies":"Gremlin Nob","floor":6,"turns":4},{"damage":10,"enemies":"Lagavulin","floor":10,"turns":4},{"damage":6,"enemies":"The Mushroom Lair","floor":11,"turns":4},{"damage":3,"enemies":"Large Slime","floor":13,"turns":3},{"damage":17,"enemies":"The Guardian","floor":16,"turns":8},{"damage":0,"enemies":"3 Byrds","floor":18,"turns":3},{"damage":30,"enemies":"Gremlin Leader","floor":23,"turns":8},{"damage":0,"enemies":"Spheric Guardian","floor":25,"turns":3},{"damage":3,"enemies":"Slavers","floor":31,"turns":5},{"damage":14,"enemies":"Champ","floor":33,"turns":13},{"damage":35,"enemies":"3 Shapes","floor":35,"turns":3},{"damage":27,"enemies":"2 Orb Walkers","floor":36,"turns":5},{"damage":0,"enemies":"Reptomancer","floor":40,"turns":5},{"damage":0,"enemies":"Orb Walker","floor":41,"turns":1},{"damage":0,"enemies":"Spire Growth","floor":44,"turns":1},{"damage":0,"enemies":"Nemesis","floor":46,"turns":3},{"damage":0,"enemies":"Sphere and 2 Shapes","floor":48,"turns":1},{"damage":42,"enemies":"Awakened One","floor":50,"turns":9}],"seed_played":"3470100710265315436","potions_obtained":[{"floor":1,"key":"Strength Potion"},{"floor":4,"key":"LiquidMemories"},{"floor":6,"key":"BlessingOfTheForge"},{"floor":11,"key":"Fire Potion"},{"floor":16,"key":"BloodPotion"},{"floor":31,"key":"EssenceOfSteel"}],"is_trial":false,"path_per_floor":["M","$","M","M","?","E","T","?","T","E","?","$","M","?","R","B",null,"M","?","$","?","?","E","$","M","T","R","$","?","?","E","R","B",null,"M","?","$","?","$","E","M","$","T","M","R","E","?","M","R","B",null],"character_chosen":"IRONCLAD","items_purchased":["Perfected Strike","Pommel Strike","Dropkick","Orichalcum","Rampage","Membership Card","Ginger","Mummified Hand","Toolbox","Dramatic Entrance","Bag of Marbles"],"campfire_rested":4,"item_purchase_floors":[2,2,12,12,12,20,24,37,37,39,42],"current_hp_per_floor":[80,80,80,80,80,74,74,74,74,70,70,70,73,66,80,69,80,80,80,80,80,80,56,56,64,64,80,80,64,64,80,80,80,80,54,42,42,62,62,74,80,80,80,80,80,87,87,87,87,54],"gold":471,"neow_bonus":"","is_daily":false,"chose_seed":false,"campfire_upgraded":1,"win_rate":0.0,"timestamp":1609270333,"path_taken":["M","$","M","M","?","E","?","?","T","E","?","$","M","?","R","BOSS","M","?","$","?","?","E","$","M","T","R","?","?","?","E","R","BOSS","M","?","$","?","$","E","M","$","T","M","R","E","?","M","R","BOSS"],"items_purchased_type":["Card","Card","Card","Relic","Card","Relic","Relic","Relic","Relic","Card","Relic"],"build_version":"2020-12-22","purchased_purges":0,"victory":true,"max_hp_per_floor":[80,80,80,80,80,80,80,80,80,80,80,80,80,80,80,80,80,80,80,80,80,80,80,80,80,80,80,80,80,80,80,80,80,80,80,80,80,80,80,80,80,80,80,80,80,87,87,87,87,87],"card_choices":[{"not_picked":["Rupture","Intimidate"],"picked":"Anger","floor":1},{"not_picked":["True Grit","Clothesline"],"picked":"Ghostly Armor","floor":3},{"not_picked":["Sword Boomerang","Pommel Strike"],"picked":"Twin Strike","floor":4},{"not_picked":["Shockwave","Offering"],"picked":"Bloodletting","floor":6},{"not_picked":["Bloodletting","Second Wind"],"picked":"Blood for Blood","floor":10},{"not_picked":["Intimidate","Flex"],"picked":"Clothesline","floor":11},{"not_picked":["Warcry","Reckless Charge"],"picked":"Sword Boomerang","floor":13},{"not_picked":["Brutality","Fiend Fire"],"picked":"Barricade","floor":16},{"not_picked":[],"picked":"Ghostly Armor+1","floor":18},{"not_picked":[],"picked":"True Grit","floor":23},{"not_picked":["Shockwave"],"picked":"SKIP","floor":25},{"not_picked":[],"picked":"Anger","floor":31},{"not_picked":[],"picked":"Perfected Strike","floor":32},{"not_picked":[],"picked":"Perfected Strike+1","floor":35},{"not_picked":["Armaments"],"picked":"SKIP","floor":40},{"not_picked":["Twin Strike+1"],"picked":"SKIP","floor":41},{"not_picked":["Iron Wave","Ghostly Armor"],"picked":"SKIP","floor":44},{"not_picked":["Clash"],"picked":"Bludgeon","floor":46},{"not_picked":["Metallicize","Hemokinesis+1"],"picked":"SKIP","floor":48}],"player_experience":0,"relics_obtained":[{"floor":6,"key":"Juzu Bracelet"},{"floor":7,"key":"Lantern"},{"floor":9,"key":"Bronze Scales"},{"floor":10,"key":"White Beast Statue"},{"floor":11,"key":"Odd Mushroom"},{"floor":23,"key":"Lizard Tail"},{"floor":26,"key":"Nunchaku"},{"floor":29,"key":"Nilry\u0027s Codex"},{"floor":31,"key":"Dream Catcher"},{"floor":36,"key":"Calipers"},{"floor":40,"key":"Bottled Flame"},{"floor":40,"key":"Pen Nib"},{"floor":43,"key":"Question Card"},{"floor":46,"key":"Strawberry"},{"floor":46,"key":"Red Skull"}],"event_choices":[{"damage_healed":0,"gold_gain":0,"player_choice":"Take Wound","damage_taken":0,"relics_obtained":["Golden Idol"],"max_hp_gain":0,"max_hp_loss":0,"event_name":"Golden Idol","floor":5,"gold_loss":0,"cards_obtained":["Injury"]},{"damage_healed":0,"gold_gain":175,"player_choice":"AGREE","damage_taken":0,"max_hp_gain":0,"max_hp_loss":0,"event_name":"Liars Game","floor":8,"gold_loss":0,"cards_obtained":["Doubt"]},{"damage_healed":0,"gold_gain":0,"player_choice":"Fought Mushrooms","damage_taken":0,"max_hp_gain":0,"max_hp_loss":0,"event_name":"Mushrooms","floor":11,"gold_loss":0},{"damage_healed":0,"gold_gain":0,"player_choice":"Success","damage_taken":7,"relics_obtained":["Ancient Tea Set"],"max_hp_gain":0,"max_hp_loss":0,"event_name":"Scrap Ooze","floor":14,"gold_loss":0},{"damage_healed":0,"gold_gain":0,"player_choice":"Stole Relic","damage_taken":0,"relics_obtained":["Blood Vial"],"max_hp_gain":0,"max_hp_loss":0,"event_name":"Addict","floor":19,"gold_loss":0,"cards_obtained":["Shame"]},{"damage_healed":0,"gold_gain":0,"player_choice":"Read","damage_taken":0,"max_hp_gain":0,"max_hp_loss":0,"event_name":"The Library","floor":21,"gold_loss":0,"cards_obtained":["Shrug It Off"]},{"damage_healed":0,"gold_gain":0,"player_choice":"Simplicity","damage_taken":0,"max_hp_gain":0,"max_hp_loss":0,"event_name":"Back to Basics","floor":22,"gold_loss":0,"cards_upgraded":[]},{"damage_healed":0,"gold_gain":0,"player_choice":"Obtained Book","damage_taken":16,"max_hp_gain":0,"max_hp_loss":0,"event_name":"Cursed Tome","floor":29,"gold_loss":0},{"damage_healed":0,"gold_gain":0,"player_choice":"Became a vampire (Vial)","damage_taken":0,"max_hp_gain":0,"max_hp_loss":0,"event_name":"Vampires","floor":30,"relics_lost":["Blood Vial"],"gold_loss":0,"cards_obtained":["Bite","Bite","Bite","Bite","Bite"]},{"damage_healed":0,"gold_gain":0,"player_choice":"Fight","damage_taken":0,"max_hp_gain":0,"max_hp_loss":0,"event_name":"Mysterious Sphere","floor":36,"gold_loss":0},{"damage_healed":20,"gold_gain":0,"player_choice":"Writhe","damage_taken":0,"max_hp_gain":0,"max_hp_loss":0,"event_name":"Winding Halls","floor":38,"gold_loss":0,"cards_obtained":["Writhe"]},{"damage_healed":0,"gold_gain":333,"player_choice":"Gave Idol","damage_taken":0,"max_hp_gain":0,"max_hp_loss":0,"event_name":"The Moai Head","floor":47,"relics_lost":["Golden Idol"],"gold_loss":0}],"is_beta":false,"boss_relics":[{"not_picked":["Empty Cage","Runic Dome"],"picked":"Busted Crown"},{"not_picked":["SacredBark","SlaversCollar"],"picked":"Black Star"}],"items_purged_floors":[],"is_endless":false,"potions_floor_spawned":[1,4,6,11,13,16,18,23,25,31,33,35,36,40,41,44,46,48],"ascension_level":0}}