{"host":"xjyie0ctswsml60g","time":1609200516,"event":{"mods":["AchievementEnabler","BaseMod","Colored Map","Minty Spire (QoL Compilation)","Quick Restart","SuperFastMode"],"gold_per_floor":[118,137,212,230,249,249,260,260,260,287,287,303,478,490,490,590,590,606,606,606],"floor_reached":19,"playtime":973,"items_purged":[],"score":171,"play_id":"10e22756-55d8-4844-b58a-627379084801","local_time":"20201229020836","is_ascension_mode":false,"campfire_choices":[{"floor":6.0,"key":"RECALL"},{"data":"Study","floor":8.0,"key":"SMITH"},{"floor":11,"key":"REST"},{"data":"WindmillStrike","floor":15,"key":"SMITH"}],"circlet_count":0,"master_deck":["Strike_P","Strike_P","Strike_P","Strike_P","Defend_P","Defend_P","Defend_P","Defend_P","Eruption+1","Vigilance","FlyingSleeves","WindmillStrike+1","Swivel","Study+1","ClearTheMind","SandsOfTime","CutThroughFate","Doubt","Conclude","Devotion"],"relics":["PureWater","InkBottle","SacredBark"],"acts_visited":["Exordium","TheCity"],"potions_floor_usage":[10,14,16],"damage_taken":[{"damage":0.0,"enemies":"2 Louse","floor":1.0,"turns":3.0},{"damage":3.0,"enemies":"Jaw Worm","floor":2.0,"turns":2.0},{"damage":0.0,"enemies":"Cultist","floor":4.0,"turns":2.0},{"damage":2.0,"enemies":"3 Louse","floor":5.0,"turns":3.0},{"damage":0.0,"enemies":"Large Slime","floor":7.0,"turns":4.0},{"damage":52,"enemies":"Gremlin Nob","floor":10,"turns":5},{"damage":7,"enemies":"2 Fungi Beasts","floor":12,"turns":3},{"damage":3,"enemies":"Exordium Wildlife","floor":14,"turns":3},{"damage":10,"enemies":"Hexaghost","floor":16,"turns":9},{"damage":55,"enemies":"2 Thieves","floor":18,"turns":3},{"damage":13,"enemies":"Masked Bandits","floor":19,"turns":3}],"seed_played":"-6504322347747135481","potions_obtained":[{"floor":5.0,"key":"SpeedPotion"},{"floor":12,"key":"SkillPotion"},{"floor":14,"key":"BlessingOfTheForge"}],"is_trial":false,"path_per_floor":["M","M","?","M","M","R","M","R","T","E","R","M","?","M","R","B",null,"M","?"],"character_chosen":"WATCHER","items_purchased":[],"campfire_rested":1,"item_purchase_floors":[],"current_hp_per_floor":[72,69,58,58,56,56,56,56,56,4,25,18,18,15,15,5,72,17,4,4],"gold":606,"neow_bonus":"UPGRADE_CARD","is_daily":false,"chose_seed":false,"campfire_upgraded":2,"win_rate":0.0,"timestamp":1609200516,"path_taken":["M","M","?","M","M","R","M","R","T","E","R","M","?","?","R","BOSS","M","?"],"items_purchased_type":[],"build_version":"2020-12-22","purchased_purges":0,"victory":false,"max_hp_per_floor":[72,72,72,72,72,72,72,72,72,72,72,72,72,72,72,72,72,72,72,72],"card_choices":[{"not_picked":["CutThroughFate","Protect"],"picked":"FlyingSleeves","floor":1.0},{"not_picked":["Crescendo","BowlingBash"],"picked":"WindmillStrike","floor":2.0},{"not_picked":["Crescendo","CrushJoints"],"picked":"Swivel","floor":4.0},{"not_picked":["ClearTheMind","Prostrate"],"picked":"Study","floor":5.0},{"not_picked":["Study","Evaluate"],"picked":"ClearTheMind","floor":7.0},{"not_picked":["Fasting2","Wallop"],"picked":"SandsOfTime","floor":10},{"not_picked":["CrushJoints","Indignation"],"picked":"CutThroughFate","floor":12},{"not_picked":["SashWhip","WheelKick"],"picked":"Conclude","floor":14},{"not_picked":["ConjureBlade","Judgement"],"picked":"Devotion","floor":16},{"not_picked":["InnerPeace","SandsOfTime+1","CrushJoints"],"picked":"SKIP","floor":18}],"player_experience":455978,"relics_obtained":[{"floor":10,"key":"InkBottle"}],"event_choices":[{"damage_healed":0.0,"max_hp_gain":0.0,"max_hp_loss":0.0,"gold_gain":75.0,"event_name":"World of Goop","player_choice":"Gather Gold","floor":3.0,"gold_loss":0.0,"damage_taken":11.0},{"damage_healed":0,"gold_gain":175,"player_choice":"AGREE","damage_taken":0,"max_hp_gain":0,"max_hp_loss":0,"event_name":"Liars Game","floor":13,"gold_loss":0,"cards_obtained":["Doubt"]},{"damage_healed":0,"gold_gain":0,"player_choice":"Fought Bandits","damage_taken":0,"max_hp_gain":0,"max_hp_loss":0,"event_name":"Masked Bandits","floor":19,"gold_loss":0}],"is_beta":false,"boss_relics":[{"not_picked":["Ectoplasm","Fusion Hammer"],"picked":"SacredBark"}],"items_purged_floors":[],"is_endless":false,"potions_floor_spawned":[5,12,14],"killed_by":"Masked Bandits","ascension_level":0}}