{"host":"no7tmdlkog7hsozz","time":1609271388,"event":{"mods":["Arknights The Spire","BaseMod","Better Sensory Stone","Challenge The Spire","Colored Map","Conspire","Downfall","Duelist Mod","GungeonMod","Halation","Hermit","Hubris","Hunter ??","Infinite Spire","Minty Spire (QoL Compilation)","Replay The Spire","Robot Space Explorer","Shade Mod","Shop Mod","StSLib","The Forsaken","The Servant 0.9.4","thorton","vexMod"],"gold_per_floor":[111,128,128,145,158,189,189,206,230,230,249,249,249,269,269,374,374],"floor_reached":16,"playtime":922,"items_purged":[],"score":154,"play_id":"f4b06057-5bab-4fc3-a3cf-e2a83c680a6f","local_time":"20201229144948","is_ascension_mode":false,"campfire_choices":[{"data":"Shade:Bite_Shade","floor":7,"key":"SMITH"},{"floor":10,"key":"REST"},{"data":"Shade:AnimateDead","floor":13,"key":"SMITH"},{"data":"Shade:SanguineRitual","floor":15,"key":"SMITH"}],"circlet_count":0,"master_deck":["Shade:Strike_Shade","Shade:Strike_Shade","Shade:Strike_Shade","Shade:Strike_Shade","Shade:Defend_Shade","Shade:Defend_Shade","Shade:Defend_Shade","Shade:Defend_Shade","Shade:AnimateDead+1","Shade:CarefulCut","Shade:CommandSoldier","Shade:Trample","expansioncontent:Corrupt","Shade:ClawBack","Shade:CommandSoldier","Shade:Bite_Shade+1","Shade:SanguineRitual+1","Shade:CloudOfShrapnel","Shade:PoundOfFlesh"],"relics":["Shade:YorickSkull","ats:Originium","Counterbalance","Simple Rune","DemoMod:GlassGuonStoneRelic"],"acts_visited":["Exordium"],"potions_floor_usage":[8,16,16],"damage_taken":[{"damage":2,"enemies":"Jaw Worm","floor":1,"turns":3},{"damage":0,"enemies":"Small Slimes","floor":2,"turns":3},{"damage":0,"enemies":"Cultist","floor":4,"turns":3},{"damage":8,"enemies":"Gremlin Gang","floor":5,"turns":5},{"damage":18,"enemies":"Lagavulin","floor":6,"turns":5},{"damage":3,"enemies":"Exordium Wildlife","floor":8,"turns":4},{"damage":4,"enemies":"Exordium Thugs","floor":11,"turns":4},{"damage":8,"enemies":"2 Fungi Beasts","floor":14,"turns":3},{"damage":41,"enemies":"The Guardian","floor":16,"turns":10}],"seed_played":"6366683250458147005","potions_obtained":[{"floor":5,"key":"Guardian:BlockOnCardUsePotion"},{"floor":11,"key":"Fire Potion"},{"floor":12,"key":"LifebloodPotion"},{"floor":12,"key":"SkillPotion"},{"floor":16,"key":"champ:CounterPotion"}],"is_trial":false,"path_per_floor":["M","M","?","M","M","E","R","M","T","R","M","?","R","M","R","B"],"character_chosen":"SHADE","items_purchased":[],"campfire_rested":1,"item_purchase_floors":[],"current_hp_per_floor":[69,69,69,69,61,43,43,43,43,64,63,63,63,58,58,26,26],"gold":374,"neow_bonus":"TEN_PERCENT_HP_BONUS","is_daily":false,"chose_seed":false,"campfire_upgraded":3,"win_rate":0.0,"timestamp":1609271388,"path_taken":["M","M","?","M","?","E","R","M","T","R","?","?","R","M","R","BOSS"],"items_purchased_type":[],"build_version":"2020-12-22","purchased_purges":0,"victory":false,"max_hp_per_floor":[71,71,71,71,71,71,71,71,71,71,71,71,71,71,71,71,71],"card_choices":[{"not_picked":["Shade:FleshOffering","Shade:WallOfFlesh"],"picked":"Shade:CommandSoldier","floor":1},{"not_picked":["Shade:GreyBargain","Shade:ExtraLimbs"],"picked":"Shade:Trample","floor":2},{"not_picked":["Midas Touch","Replay:BasicMightCard"],"picked":"expansioncontent:Corrupt","floor":3},{"not_picked":["Shade:BoneShards","Shade:FeralStrike"],"picked":"Shade:ClawBack","floor":4},{"not_picked":["Shade:WallOfFlesh","Shade:Doomsay"],"picked":"Shade:CommandSoldier","floor":5},{"not_picked":["Shade:LyeBath","Shade:GoDigging"],"picked":"Shade:Bite_Shade","floor":6},{"not_picked":["Shade:FreshBones","Shade:ExtraLimbs"],"picked":"Shade:SanguineRitual","floor":8},{"not_picked":["Shade:Brains","Shade:BoneShards"],"picked":"Shade:CloudOfShrapnel","floor":11},{"not_picked":["Shade:ScuttlingHand","Shade:FuneraryArmor"],"picked":"Shade:PoundOfFlesh","floor":14}],"player_experience":574487,"relics_obtained":[{"floor":6,"key":"ats:Originium"},{"floor":6,"key":"Counterbalance"},{"floor":9,"key":"Simple Rune"}],"event_choices":[{"damage_healed":0,"gold_gain":1,"player_choice":"1","damage_taken":0,"max_hp_gain":0,"max_hp_loss":0,"event_name":"betterStone:BetterStone","floor":3,"gold_loss":0},{"damage_healed":0,"gold_gain":0,"player_choice":"Got Potions","damage_taken":0,"max_hp_gain":0,"max_hp_loss":0,"event_name":"Lab","floor":12,"gold_loss":0}],"is_beta":false,"boss_relics":[],"items_purged_floors":[],"is_endless":false,"potions_floor_spawned":[5,11,16],"killed_by":"The Guardian","ascension_level":0}}