{"host":"e1gibo0yuvs2h8od","time":1609209020,"event":{"mods":["2.2 Compatiblity","Abigail Mod","Act Like it!","BaseMod","Block Reminder","DeckTracker","Friendly Minions","KinomotoSakuraMod(????)","Marisa????????","Minty Spire (QoL Compilation)","Pale of the Ancients","Prisma Mod","Quick Restart","Reimu??????","Remove Card Discount Mod","StSLib","The Disciple","The Jungle","The Senshi","The Servant 0.9.4","TheFirefly","Wandering Minibosses"],"gold_per_floor":[109,64,18,18,18,18,18,54,54,54,54,54,18,39,39,39,39],"floor_reached":16,"playtime":1313,"items_purged":["Defend_S","Defend_S","Strike_S","Strike_S","Defend_S"],"score":94,"play_id":"4f7a9ed1-6940-4f7a-8359-3d7232675cb7","local_time":"20201229023020","is_ascension_mode":false,"campfire_choices":[{"floor":6,"key":"RECALL"},{"floor":10,"key":"REST"},{"data":"Alleviate","floor":12,"key":"SMITH"},{"floor":15,"key":"REST"}],"circlet_count":0,"master_deck":["Strike_S","Strike_S","Defend_S","KidneyShot","Exchange","TimeWarp","DualDimension","Alleviate+1","TimeWarp","RealityMarble","TimeWarp"],"relics":["Uniform","Golden Idol","Bottled Lightning","Centennial Puzzle"],"acts_visited":["Exordium"],"potions_floor_usage":[],"damage_taken":[{"damage":0,"enemies":"Cultist","floor":1,"turns":4},{"damage":49,"enemies":"Gremlin Nob","floor":8,"turns":7},{"damage":11,"enemies":"Jaw Worm","floor":14,"turns":4},{"damage":36,"enemies":"The Guardian","floor":16,"turns":17}],"seed_played":"-941987503662024947","potions_obtained":[],"is_trial":false,"path_per_floor":["M","$","$","?","?","R","T","E","T","R","?","R","$","M","R","B"],"character_chosen":"THE_SERVANT","items_purchased":["DualDimension","Alleviate","RealityMarble"],"campfire_rested":2,"item_purchase_floors":[2,3,13],"current_hp_per_floor":[71,71,71,54,54,54,54,5,5,26,26,26,26,15,36,0,0],"gold":39,"neow_bonus":"TEN_PERCENT_HP_BONUS","is_daily":false,"chose_seed":false,"campfire_upgraded":1,"win_rate":0.0,"timestamp":1609209020,"path_taken":["M","?","$","?","?","R","?","E","T","R","?","R","$","M","R","BOSS"],"items_purchased_type":["Card","Card","Card"],"build_version":"2020-12-22","purchased_purges":5,"victory":false,"max_hp_per_floor":[71,71,71,71,71,71,71,71,71,71,71,71,71,71,71,71,71],"card_choices":[{"not_picked":["Starlight","MoonPhase"],"picked":"TimeWarp","floor":1},{"not_picked":["Snipe","Desolation"],"picked":"TimeWarp","floor":8},{"not_picked":["Ricochet","Starlight"],"picked":"TimeWarp","floor":14}],"player_experience":931489,"relics_obtained":[{"floor":8,"key":"Bottled Lightning"},{"floor":9,"key":"Centennial Puzzle"}],"event_choices":[{"damage_healed":0,"gold_gain":0,"player_choice":"Take Damage","damage_taken":17,"relics_obtained":["Golden Idol"],"max_hp_gain":0,"max_hp_loss":0,"event_name":"Golden Idol","floor":4,"gold_loss":0},{"damage_healed":0,"gold_gain":0,"player_choice":"Leave","damage_taken":0,"max_hp_gain":0,"max_hp_loss":0,"event_name":"The Cleric","floor":11,"gold_loss":0}],"is_beta":false,"boss_relics":[],"items_purged_floors":[2,2,2,2,13],"is_endless":false,"potions_floor_spawned":[],"killed_by":"The Guardian","ascension_level":0}}