{"host":"wi1dz5t8299iil0b","time":1609270081,"event":{"mods":["2.2 Compatiblity","Act Like it!","Aspiration","Astrologer","BaseMod","Beaked The Cultist","Better Match","Better Note","Better Sensory Stone","Better Synergies","Better Third Choice","BetterRewards","Colored Map","Colored Powertips","Communication Mod","Conjunction","Conspire","Downfall","Fiend Mod","Friendly Minions","GifTheSpireLib","GungeonMod","Halation","Hallownest","Highlight Path","Hubris","Infinite Spire","Jedi Mod","Lobotomy","Mad Scientist","Minty Spire (QoL Compilation)","Pale of the Ancients","Permanent Neow","Potionbrewer","RNG Fix","Replay The Spire","Shade Mod","Shop Mod","Spikes Relics","StSLib","Stuff the Spire","The Blackbeard","The Bladedancer","The Blue Laboratory","The Bug Knight","The Construct","The Cursed","The Death Knight","The Druid","The Necromancer","The Problem Sleuth","The Sage","TheHeartMod","TheVacant","Trackpad","Wandering Minibosses"],"gold_per_floor":[114,128,128,128,109,141,141,141,195,295,295,295,329,347,347,452,452,417,417,434,445,445,445,472,522,522,322,372,422,432,448,448,544,544,478,478,478],"floor_reached":35,"playtime":4248,"items_purged":[],"score":458,"play_id":"00acc2f1-340d-48e5-bc75-d8b9ef340e12","local_time":"20201229142801","is_ascension_mode":false,"campfire_choices":[{"floor":12,"key":"REST"},{"floor":15,"key":"REST"},{"data":"WhitesApple","floor":23,"key":"PURGE"},{"data":"Parasite","floor":32,"key":"PURGE"}],"circlet_count":0,"master_deck":["theSleuth:Strike","theSleuth:Strike","theSleuth:Strike","theSleuth:Defend","theSleuth:Defend","theSleuth:Defend","theSleuth:KeyHandgun+1","theSleuth:TakeInventory","theSleuth:Diplomacy","Scarecrow","theSleuth:FudgeDeck+1","theSleuth:CharismaBlast","theSleuth:Unscale","ShyLook","theSleuth:CandyCornVampire","UniverseFragment","theSleuth:FairShake","Parasite","expansioncontent:HyperBeam","GremboGang","StuffTheSpire:Brawn","Crow Ritual","theSleuth:LeverageHeight"],"relics":["theSleuth:Typewriter","Peace Pipe","ReplayTheSpireMod:Ninjato","FleshIdol","halation:Yufonium","SsserpentHead","potionbrewer:SlideRule","Replay:Bottled Snecko","StuffTheSpire:ModemDavis"],"acts_visited":["Exordium","TheCity","TheBeyond"],"potions_floor_usage":[31,35],"damage_taken":[{"damage":0,"enemies":"2 Louse","floor":1,"turns":3},{"damage":0,"enemies":"conspire:RoseBush","floor":2,"turns":3},{"damage":2,"enemies":"Jaw Worm","floor":5,"turns":7},{"damage":25,"enemies":"Gremlin Nob","floor":6,"turns":6},{"damage":14,"enemies":"Replay:BlueRogue","floor":13,"turns":12},{"damage":24,"enemies":"Looter","floor":14,"turns":6},{"damage":2,"enemies":"The Guardian","floor":16,"turns":11},{"damage":3,"enemies":"Shell Parasite","floor":18,"turns":9},{"damage":0,"enemies":"3 Byrds","floor":20,"turns":8},{"damage":5,"enemies":"conspire:HollyBat","floor":21,"turns":8},{"damage":8,"enemies":"Replay:Snechameleon","floor":24,"turns":14},{"damage":1,"enemies":"Sentry and Sphere","floor":30,"turns":4},{"damage":8,"enemies":"Snake Plant","floor":31,"turns":9},{"damage":0,"enemies":"Automaton","floor":33,"turns":6},{"damage":70,"enemies":"3 Shapes","floor":35,"turns":7}],"seed_played":"627497666192387460","potions_obtained":[{"floor":2,"key":"potionbrewer:ToxicPotion"},{"floor":14,"key":"ColorlessPotion"},{"floor":18,"key":"Swift Potion"},{"floor":30,"key":"blueLaboratory:HummingbirdPotion"},{"floor":33,"key":"EssenceOfSteel"}],"is_trial":false,"path_per_floor":["M","M","?","?","M","E","?","?","T","?","?","R","E","M","R","B",null,"M","?","M","M","?","R","E","?","T","?","?","?","M","M","R","B",null,"M"],"character_chosen":"THE_sleuth","items_purchased":[],"campfire_rested":2,"item_purchase_floors":[],"current_hp_per_floor":[73,73,73,73,71,46,46,46,46,46,46,67,57,33,54,72,73,73,67,67,67,67,67,67,55,55,55,55,55,67,67,64,64,64,0,0,0],"gold":478,"neow_bonus":"","is_daily":false,"chose_seed":false,"campfire_upgraded":0,"win_rate":0.0,"timestamp":1609270081,"path_taken":["M","M","?","?","M","E","?","?","T","?","?","R","E","M","R","BOSS","M","?","M","M","?","R","E","?","T","?","?","?","M","M","R","BOSS","M"],"items_purchased_type":[],"build_version":"2020-12-22","purchased_purges":0,"victory":false,"max_hp_per_floor":[73,73,73,73,73,73,73,73,73,73,73,73,73,73,73,73,73,73,67,67,67,67,67,67,67,67,67,67,67,67,67,64,64,64,64,64,64],"card_choices":[{"not_picked":["BlackArmy","Wellcheers"],"picked":"Scarecrow","floor":1},{"not_picked":["theSleuth:Ignore","theSleuth:UnDeEscalate"],"picked":"theSleuth:FudgeDeck","floor":1},{"not_picked":["WallGazer","GalaxyChild"],"picked":"Laetitia","floor":2},{"not_picked":["theSleuth:WilsonBust","theSleuth:CandyCorn"],"picked":"theSleuth:CharismaBlast","floor":2},{"not_picked":["theSleuth:FlaskOfWhiskey","theSleuth:KeyringTommygun"],"picked":"theSleuth:Unscale","floor":5},{"not_picked":["Murderer","MeatLantern"],"picked":"ShyLook","floor":6},{"not_picked":["theSleuth:WilsonBust","theSleuth:BellyOTheWhale","theSleuth:Diabeatdown"],"picked":"SKIP","floor":6},{"not_picked":["theSleuth:RetainReturn","theSleuth:HandCannon","theSleuth:BellyOTheWhale"],"picked":"SKIP","floor":13},{"not_picked":["Murderer","SpiderBud"],"picked":"WhitesApple","floor":14},{"not_picked":["theSleuth:WilsonBust","theSleuth:ClubClubClub","theSleuth:Fortune"],"picked":"SKIP","floor":14},{"not_picked":["theSleuth:MobRule","theSleuth:Conjure"],"picked":"theSleuth:CandyCornVampire","floor":16},{"not_picked":["CherryBlossoms","WallGazer"],"picked":"UniverseFragment","floor":16},{"not_picked":["theSleuth:PezUzi","theSleuth:CandyCorn+1"],"picked":"theSleuth:FairShake","floor":18},{"not_picked":["theSleuth:Fortify","theSleuth:Unscale","theSleuth:WilsonBust"],"picked":"SKIP","floor":20},{"not_picked":["theSleuth:BenStillerBust","theSleuth:BellyOTheWhale","theSleuth:Fortify"],"picked":"SKIP","floor":21},{"not_picked":["theSleuth:Fortify+1","theSleuth:PezUzi","theSleuth:TruffleShuffle+1"],"picked":"SKIP","floor":24},{"not_picked":["StuffTheSpire:Perfection","StuffTheSpire:Harmony"],"picked":"StuffTheSpire:Brawn","floor":28},{"not_picked":["Replay:SS_forest_5","Replay:BasicMightCard"],"picked":"Crow Ritual","floor":29},{"not_picked":["theSleuth:Fortify","theSleuth:CharismaBlast","theSleuth:CandyLeather"],"picked":"SKIP","floor":30},{"not_picked":["theSleuth:Pepperminthryl+1","theSleuth:Tootshotgun","theSleuth:FlaskOfWhiskey+1"],"picked":"SKIP","floor":31},{"not_picked":["theSleuth:BrassTacks","theSleuth:MobRule"],"picked":"theSleuth:LeverageHeight","floor":33}],"player_experience":168428,"relics_obtained":[{"floor":6,"key":"Peace Pipe"},{"floor":9,"key":"Happy Flower"},{"floor":13,"key":"infinitespire:Lucky Rock"},{"floor":24,"key":"potionbrewer:SlideRule"},{"floor":26,"key":"Replay:Bottled Snecko"}],"event_choices":[{"damage_healed":0,"gold_gain":0,"player_choice":"Upgraded","damage_taken":0,"max_hp_gain":0,"max_hp_loss":0,"event_name":"Upgrade Shrine","floor":3,"gold_loss":0,"cards_upgraded":["theSleuth:KeyHandgun"]},{"cards_removed":["Laetitia"],"damage_healed":5,"gold_gain":0,"player_choice":"Offered Special","damage_taken":0,"max_hp_gain":0,"max_hp_loss":0,"event_name":"Bonfire Elementals","floor":4,"gold_loss":0},{"damage_healed":0,"gold_gain":0,"cards_transformed":["theSleuth:Strike"],"player_choice":"Transformed","damage_taken":0,"max_hp_gain":0,"max_hp_loss":0,"event_name":"Transmorgrifier","floor":7,"gold_loss":0,"cards_obtained":["theSleuth:CandyCane"]},{"damage_healed":0,"gold_gain":0,"player_choice":"Forge","damage_taken":0,"max_hp_gain":0,"max_hp_loss":0,"event_name":"Accursed Blacksmith","floor":8,"gold_loss":0,"cards_upgraded":["theSleuth:FudgeDeck"]},{"damage_healed":0,"gold_gain":100,"player_choice":"Pray","damage_taken":0,"max_hp_gain":0,"max_hp_loss":0,"event_name":"Golden Shrine","floor":10,"gold_loss":0},{"cards_removed":["theSleuth:CandyCane"],"damage_healed":0,"gold_gain":0,"player_choice":"Gave Card","damage_taken":0,"relics_obtained":["ReplayTheSpireMod:Ninjato"],"max_hp_gain":0,"max_hp_loss":0,"event_name":"WeMeetAgain","floor":11,"gold_loss":0},{"cards_removed":["Parasite","Parasite"],"damage_healed":0,"gold_gain":0,"player_choice":"Removed Curses","damage_taken":0,"max_hp_gain":0,"max_hp_loss":0,"event_name":"Fountain of Cleansing","floor":19,"gold_loss":0},{"damage_healed":0,"gold_gain":0,"player_choice":"Trade","damage_taken":0,"relics_obtained":["SsserpentHead"],"max_hp_gain":0,"max_hp_loss":0,"event_name":"FaceTrader","floor":22,"gold_loss":0},{"damage_healed":0,"gold_gain":0,"player_choice":"CARD ","damage_taken":12,"max_hp_gain":0,"max_hp_loss":0,"event_name":"Knowing Skull","floor":25,"potions_obtained":[],"gold_loss":0,"cards_obtained":["expansioncontent:HyperBeam"]},{"damage_healed":0,"gold_gain":2,"player_choice":"1","damage_taken":0,"max_hp_gain":0,"max_hp_loss":0,"event_name":"betterStone:BetterStone","floor":29,"gold_loss":0}],"is_beta":false,"boss_relics":[{"not_picked":["Abe\u0027s Treasure","hubris:TerracottaHorce"],"picked":"halation:Yufonium"},{"not_picked":["jedi:battlestandard","hubris:BlackHole"],"picked":"StuffTheSpire:ModemDavis"}],"items_purged_floors":[],"is_endless":false,"potions_floor_spawned":[2,14,18,30,33],"killed_by":"3 Shapes","ascension_level":0}}