{"host":"fhujvjnj99vjue08","time":1609214326,"event":{"mods":["2.2 Compatiblity","AchievementEnabler","Aspiration","Astrologer","BaseMod","Beaked The Cultist","BetterRewards","CatGirl Mod","Colored Map","Colored Powertips","Conjunction","Conspire","Custom Start","Downfall","Friendly Minions","GifTheSpireLib","Googly Eyes","Halation","Highlight Path","Hubris","Hyrulean Relics","Infinite Spire","Magitek Elite","Mimic Mod","Minty Spire (QoL Compilation)","Replay The Spire","Reworked Bosses","Shop Mod","StSLib","Strawberry Spire","Stuff the Spire","The Bug Knight","The Factory","The Gatherer","The Jungle","The Servant 0.9.4","TheBandit","TheFirefly","egg","thorton","vexMod"],"gold_per_floor":[99,112,128,128,228,257,291,304,304,229,332,242,269,269,282,282,282,282],"floor_reached":16,"playtime":1117,"items_purged":["ReplayTheSpireMod:Splinters"],"score":108,"play_id":"7f7b3fd7-0ac0-4754-9757-6c7056688bda","local_time":"20201229035846","is_ascension_mode":false,"campfire_choices":[{"floor":1,"key":"RECALL"},{"floor":10,"key":"REST"}],"circlet_count":0,"master_deck":["hexamod:Strike","hexamod:Defend+1","hexamod:Defend","hexamod:Defend+1","hexamod:Defend","hexamod:Sear+1","hexamod:Float+1","hexamod:PhantomFireball","hexamod:SkipABeat+1","hexamod:DynamicBlow+1","hexamod:RadiantFlame","hexamod:SixthSeal","hexamod:ExtraCrispy","hexamod:StepThrough","hexamod:FourthSeal","hexamod:WildfireWeapon","hexamod:HexaLevel","hexamod:ThermalTransfer","hexamod:NightmareGuise"],"relics":["hexamod:SpiritBrand","HollowMod:LifeEnderRelic","halation:PrussianBluePaint","downfall:HeartBlessingRed","StuffTheSpire:PointBlank"],"acts_visited":["Exordium"],"potions_floor_usage":[5,16,16,16],"damage_taken":[{"damage":0,"enemies":"Small Slimes","floor":2,"turns":4},{"damage":0,"enemies":"Cultist","floor":3,"turns":2},{"damage":28,"enemies":"downfall:Heads","floor":5,"turns":8},{"damage":22,"enemies":"Lagavulin","floor":6,"turns":6},{"damage":0,"enemies":"Jaw Worm","floor":7,"turns":8},{"damage":5,"enemies":"Jaw Worm","floor":8,"turns":3},{"damage":5,"enemies":"downfall:FleeingMerchant","floor":12,"turns":4},{"damage":20,"enemies":"Gremlin Nob","floor":13,"turns":4},{"damage":19,"enemies":"2 Fungi Beasts","floor":15,"turns":6},{"damage":2,"enemies":"downfall:Silent","floor":16,"turns":2}],"seed_played":"1171898389759724028","potions_obtained":[{"floor":2,"key":"AttackPotion"},{"floor":6,"key":"SpeedPotion"},{"floor":12,"key":"Swift Potion"},{"floor":15,"key":"DistilledChaos"}],"is_trial":false,"path_per_floor":["R","M","M","?","?","E","MIM","M","?","R","?","$","E","?","M","B"],"character_chosen":"THE_SPIRIT","items_purchased":[],"campfire_rested":1,"item_purchase_floors":[],"current_hp_per_floor":[77,77,77,77,49,27,27,22,22,45,45,40,20,20,1,0,0,0],"gold":282,"neow_bonus":"TEN_PERCENT_HP_BONUS","is_daily":false,"chose_seed":false,"campfire_upgraded":0,"win_rate":0.0,"timestamp":1609214326,"path_taken":["R","M","M","?","?","E","MIM","M","?","R","?","$","E","?","M","BOSS"],"items_purchased_type":[],"build_version":"2020-12-22","purchased_purges":1,"victory":false,"max_hp_per_floor":[77,77,77,77,77,77,77,77,77,77,77,77,77,77,77,77,77,77],"card_choices":[{"not_picked":["hexamod:DynamicBlow","hexamod:StepThrough"],"picked":"hexamod:PhantomFireball","floor":2},{"not_picked":["hexamod:ThermalTransfer","hexamod:BacktrackSmack"],"picked":"hexamod:SkipABeat","floor":3},{"not_picked":["hexamod:EtherealExpedition","hexamod:FirstSeal"],"picked":"hexamod:RadiantFlame","floor":5},{"not_picked":["hexamod:GhostLash","hexamod:ThermalTransfer"],"picked":"hexamod:SixthSeal","floor":6},{"not_picked":["hexamod:Firestarter","hexamod:ThermalTransfer"],"picked":"hexamod:ExtraCrispy","floor":7},{"not_picked":["hexamod:SoulSteal","hexamod:Hexaguard"],"picked":"hexamod:StepThrough","floor":8},{"not_picked":["hexamod:GhostShield","hexamod:SwordOfDarkness"],"picked":"hexamod:FourthSeal","floor":11},{"not_picked":["hexamod:GhostShield","hexamod:AdvancingGuard"],"picked":"hexamod:WildfireWeapon","floor":11},{"not_picked":["hexamod:TimeOfNeed","hexamod:SwordOfDarkness"],"picked":"hexamod:HexaLevel","floor":12},{"not_picked":["hexamod:NightmareGuise","hexamod:Haunt","hexamod:PhantomCloak"],"picked":"SKIP","floor":13},{"not_picked":["hexamod:SkipABeat","hexamod:GhostShield"],"picked":"hexamod:NightmareGuise","floor":15}],"player_experience":314901,"relics_obtained":[{"floor":6,"key":"HollowMod:LifeEnderRelic"},{"floor":7,"key":"halation:PrussianBluePaint"},{"floor":13,"key":"StuffTheSpire:PointBlank"}],"event_choices":[{"damage_healed":0,"gold_gain":0,"player_choice":"Leave","damage_taken":0,"max_hp_gain":0,"max_hp_loss":0,"event_name":"conspire:Investor","floor":9,"gold_loss":0},{"damage_healed":0,"gold_gain":0,"cards_transformed":["hexamod:Strike"],"player_choice":"Transformed","damage_taken":0,"max_hp_gain":0,"max_hp_loss":0,"event_name":"Transmorgrifier","floor":14,"gold_loss":0,"cards_obtained":["hexamod:ThermalTransfer"]}],"is_beta":false,"boss_relics":[],"items_purged_floors":[12],"is_endless":false,"potions_floor_spawned":[2,6,15],"killed_by":"downfall:Silent","ascension_level":0}}