{"host":"1hzg86ju9fvxh562","time":1609263580,"event":{"mods":["AchievementEnabler","Act Like it!","AlwaysNeverKeys","BaseMod","Bestiary","Better Altar","Better Match","Better Note","Better Sensory Stone","Better Skull","Better Third Choice","Colored Map","Colored Powertips","Curses Come First","Displayed Cursed Tome","Filter the Spire","Highlight Path","Keyboard Shortcuts","Minty Spire (QoL Compilation)","Rare Cards Sparkle","Relic Sorter","Relic Stats","Spicy Shops","StSLib","everything is the same but u backflip on backflip","slay the spire mod where everything is the same but ironclad has a cowboy hat"],"gold_per_floor":[118,130,143,143,218,250,250,16,16,26,36,36,56,86,86,183,183,198,198,216,115,146,181,193,230,242,266,307,337,349,381,393,507,519,550,784,796,827,864,901,913,951,963,975,389,406,435,71,71,71,71,71,12,41,41],"floor_reached":56,"playtime":8121,"items_purged":["Defend_B","Strike_B","Strike_B"],"score":2265,"play_id":"049e1ad9-55d2-4202-8b17-359061d362ff","local_time":"20201229153940","is_ascension_mode":true,"campfire_choices":[{"data":"Coolheaded","floor":7.0,"key":"SMITH"},{"data":"Blizzard","floor":15.0,"key":"SMITH"},{"data":"Buffer","floor":30.0,"key":"SMITH"},{"data":"Hologram","floor":32.0,"key":"SMITH"},{"floor":41.0,"key":"RECALL"},{"data":"Hologram","floor":49.0,"key":"SMITH"},{"data":"Hologram","floor":52.0,"key":"SMITH"}],"circlet_count":0,"master_deck":["AscendersBane","Strike_B","Strike_B","Zap","Dualcast","Coolheaded+1","Auto Shields","Coolheaded","Cold Snap","Blizzard+1","Buffer+1","Fusion","Scrape","Ball Lightning","Meteor Strike","Tempest+1","Scrape","Coolheaded+1","Compile Driver","Hologram+1","Hologram+1","Scrape","Reinforced Body","Fusion","Hologram+1","Echo Form","CurseOfTheBell","Self Repair+1","Coolheaded+1","Hologram+1","Hologram","Meteor Strike"],"relics":["Snecko Eye","Pen Nib","Letter Opener","StrikeDummy","Juzu Bracelet","Black Star","Red Mask","Tiny Chest","MawBank","Nilry\u0027s Codex","InkBottle","Vajra","Torii","The Courier","War Paint","Calling Bell","Bag of Marbles","Gremlin Horn","Unceasing Top","Prayer Wheel","Pear","Lizard Tail","Dream Catcher","Shuriken","Membership Card","Mummified Hand","Bottled Flame","ClockworkSouvenir","Bag of Preparation","HornCleat","Gambling Chip","StoneCalendar","Medical Kit","Ginger","PrismaticShard","DollysMirror","White Beast Statue","Mango"],"acts_visited":["Exordium","TheCity","TheBeyond","TheEnding"],"potions_floor_usage":[55,55],"damage_taken":[{"damage":11.0,"enemies":"2 Louse","floor":1.0,"turns":6.0},{"damage":1.0,"enemies":"Small Slimes","floor":2.0,"turns":4.0},{"damage":0.0,"enemies":"Jaw Worm","floor":3.0,"turns":4.0},{"damage":15.0,"enemies":"Lagavulin","floor":6.0,"turns":10.0},{"damage":3.0,"enemies":"Exordium Wildlife","floor":10.0,"turns":5.0},{"damage":0.0,"enemies":"Large Slime","floor":11.0,"turns":5.0},{"damage":0.0,"enemies":"2 Fungi Beasts","floor":13.0,"turns":4.0},{"damage":11.0,"enemies":"3 Sentries","floor":14.0,"turns":7.0},{"damage":13.0,"enemies":"The Guardian","floor":16.0,"turns":10.0},{"damage":5.0,"enemies":"Chosen","floor":18.0,"turns":3.0},{"damage":0.0,"enemies":"Spheric Guardian","floor":20.0,"turns":2.0},{"damage":0.0,"enemies":"Masked Bandits","floor":22.0,"turns":2.0},{"damage":14.0,"enemies":"Slavers","floor":23.0,"turns":2.0},{"damage":0.0,"enemies":"Book of Stabbing","floor":25.0,"turns":3.0},{"damage":1.0,"enemies":"Cultist and Chosen","floor":27.0,"turns":5.0},{"damage":12.0,"enemies":"Slavers","floor":28.0,"turns":2.0},{"damage":0.0,"enemies":"3 Cultists","floor":29.0,"turns":3.0},{"damage":1.0,"enemies":"Snecko","floor":31.0,"turns":4.0},{"damage":0.0,"enemies":"Collector","floor":33.0,"turns":4.0},{"damage":10.0,"enemies":"3 Shapes","floor":35.0,"turns":4.0},{"damage":0.0,"enemies":"Orb Walker","floor":38.0,"turns":2.0},{"damage":11.0,"enemies":"Nemesis","floor":40.0,"turns":7.0},{"damage":0.0,"enemies":"Giant Head","floor":42.0,"turns":5.0},{"damage":0.0,"enemies":"Writhing Mass","floor":46.0,"turns":1.0},{"damage":0.0,"enemies":"Reptomancer","floor":47.0,"turns":3.0},{"damage":0.0,"enemies":"Awakened One","floor":50.0,"turns":5.0},{"damage":0.0,"enemies":"Shield and Spear","floor":54.0,"turns":4.0},{"damage":24,"enemies":"The Heart","floor":55,"turns":5}],"seed_played":"-318713979099191100","potions_obtained":[{"floor":2.0,"key":"Strength Potion"},{"floor":13.0,"key":"SteroidPotion"},{"floor":14.0,"key":"PowerPotion"},{"floor":23.0,"key":"PotionOfCapacity"},{"floor":27.0,"key":"Regen Potion"},{"floor":28.0,"key":"Fire Potion"},{"floor":42.0,"key":"DuplicationPotion"}],"is_trial":false,"path_per_floor":["M","M","M","?","?","E","R","$","T","M","M","?","M","E","R","B",null,"M","?","M","$","?","E","?","E","T","M","E","M","R","M","R","B",null,"M","?","?","M","T","E","R","E","T","?","$","M","E","$","R","B",null,"R","$","E","B",null],"character_chosen":"DEFECT","items_purchased":["Blizzard","Buffer","Compile Driver","Membership Card","Mummified Hand","Bottled Flame","ClockworkSouvenir","Bag of Preparation","HornCleat","Pen Nib","Medical Kit","Ginger","PrismaticShard","DollysMirror"],"campfire_rested":0,"item_purchase_floors":[8,8,21,45,45,45,45,45,45,48,48,48,48,53],"current_hp_per_floor":[57,56,56,56,45,30,30,30,30,27,27,52,52,41,41,28,63,58,58,58,58,58,44,28,28,28,27,20,20,20,19,19,19,61,51,51,51,51,51,70,70,80,80,80,80,80,85,85,85,85,85,85,85,99,85],"gold":41,"neow_bonus":"BOSS_RELIC","is_daily":false,"chose_seed":false,"campfire_upgraded":6,"win_rate":0.0,"timestamp":1609263580,"path_taken":["M","M","M","?","?","E","R","?","T","M","M","?","M","E","R","BOSS","M","?","M","?","?","E","?","E","T","M","E","M","R","M","R","BOSS","M","?","?","M","?","E","R","E","T","?","$","M","E","$","R","BOSS","R","$","E","BOSS"],"items_purchased_type":["Card","Card","Card","Relic","Relic","Relic","Relic","Relic","Relic","Relic","Relic","Relic","Relic","Relic"],"build_version":"2020-12-22","purchased_purges":3,"victory":true,"max_hp_per_floor":[75,75,75,75,75,75,75,75,75,75,75,75,75,75,75,75,75,75,75,75,75,75,75,75,75,75,75,75,75,75,75,75,75,75,75,75,75,75,75,85,85,85,85,85,85,85,85,85,85,85,85,85,85,99,99],"relic_stats":{"Torii":40,"Gremlin Horn":[9,9],"counters":[28,121],"StoneCalendar":[0],"Pen Nib":[6],"Juzu Bracelet":1,"Bag of Preparation":[10],"Letter Opener":[461],"Ginger":[2],"War Paint":["Coolheaded","Tempest"],"MawBank":264,"Medical Kit":[6],"Lizard Tail":0,"Dream Catcher":0,"Shuriken":[17],"Mummified Hand":[36],"Gambling Chip":[13],"Snecko Eye":[292,309,310,301],"Tiny Chest":1,"Prayer Wheel":1,"Black Star":7,"obtain_stats":[{"Torii":26,"Gremlin Horn":34,"Nilry\u0027s Codex":24,"Vajra":25,"StoneCalendar":47,"Mango":54,"Juzu Bracelet":14,"Bag of Preparation":45,"Ginger":48,"PrismaticShard":48,"ClockworkSouvenir":45,"Lizard Tail":42,"Dream Catcher":42,"HornCleat":45,"Mummified Hand":45,"DollysMirror":53,"Gambling Chip":47,"Tiny Chest":23,"Prayer Wheel":40,"Red Mask":22,"Cracked Core":0,"InkBottle":25,"Pear":40,"The Courier":28,"Pen Nib":48,"Letter Opener":6,"War Paint":28,"MawBank":23,"Medical Kit":48,"White Beast Statue":54,"Calling Bell":34,"Bottled Flame":45,"Shuriken":43,"Snecko Eye":0,"Black Star":17,"Bag of Marbles":34,"Membership Card":45,"StrikeDummy":9,"Unceasing Top":34},{"Torii":14,"Gremlin Horn":19,"Nilry\u0027s Codex":13,"Vajra":14,"StoneCalendar":25,"Mango":27,"Juzu Bracelet":8,"Bag of Preparation":23,"Ginger":25,"PrismaticShard":25,"ClockworkSouvenir":23,"Lizard Tail":23,"Dream Catcher":23,"HornCleat":23,"Mummified Hand":23,"DollysMirror":26,"Gambling Chip":25,"Tiny Chest":13,"Prayer Wheel":22,"Red Mask":12,"Cracked Core":0,"InkBottle":14,"Pear":22,"The Courier":16,"Pen Nib":25,"Letter Opener":4,"War Paint":16,"MawBank":13,"Medical Kit":25,"White Beast Statue":27,"Calling Bell":19,"Bottled Flame":23,"Shuriken":23,"Snecko Eye":0,"Black Star":9,"Bag of Marbles":19,"Membership Card":23,"StrikeDummy":4,"Unceasing Top":19},{"Torii":67,"Gremlin Horn":85,"Nilry\u0027s Codex":64,"Vajra":67,"StoneCalendar":107,"Mango":116,"Juzu Bracelet":45,"Bag of Preparation":103,"Ginger":107,"PrismaticShard":107,"ClockworkSouvenir":103,"Lizard Tail":103,"Dream Catcher":103,"HornCleat":103,"Mummified Hand":103,"DollysMirror":112,"Gambling Chip":107,"Tiny Chest":64,"Prayer Wheel":98,"Red Mask":62,"Cracked Core":0,"InkBottle":67,"Pear":98,"The Courier":74,"Pen Nib":107,"Letter Opener":24,"War Paint":74,"MawBank":64,"Medical Kit":107,"White Beast Statue":116,"Calling Bell":85,"Bottled Flame":103,"Shuriken":103,"Snecko Eye":0,"Black Star":55,"Bag of Marbles":85,"Membership Card":103,"StrikeDummy":24,"Unceasing Top":85}],"InkBottle":[43],"Unceasing Top":[2]},"card_choices":[{"not_picked":["Go for the Eyes","Compile Driver"],"picked":"Coolheaded","floor":1.0},{"not_picked":["Leap","Turbo"],"picked":"Auto Shields","floor":2.0},{"not_picked":["Stack","Go for the Eyes"],"picked":"Coolheaded","floor":3.0},{"not_picked":["Melter","Hologram"],"picked":"Cold Snap","floor":6.0},{"not_picked":["Streamline","White Noise"],"picked":"Fusion","floor":10.0},{"not_picked":["FTL","Reinforced Body"],"picked":"Scrape","floor":11.0},{"not_picked":["BootSequence","Aggregate","Stack"],"picked":"SKIP","floor":13.0},{"not_picked":["Turbo","Streamline"],"picked":"Ball Lightning","floor":14.0},{"not_picked":["Thunder Strike","All For One"],"picked":"Meteor Strike","floor":16.0},{"not_picked":["Cold Snap","Streamline","Gash"],"picked":"SKIP","floor":18.0},{"not_picked":["White Noise","Consume"],"picked":"Coolheaded","floor":20.0},{"not_picked":["Ball Lightning","Cold Snap"],"picked":"Hologram","floor":22.0},{"not_picked":["Biased Cognition","Reinforced Body"],"picked":"Hologram","floor":23.0},{"not_picked":["Consume+1","Gash"],"picked":"Scrape","floor":25.0},{"not_picked":["Melter+1","Ball Lightning+1","Go for the Eyes"],"picked":"SKIP","floor":27.0},{"not_picked":["Consume","Thunder Strike"],"picked":"Reinforced Body","floor":28.0},{"not_picked":["Stack+1","Sweeping Beam"],"picked":"Fusion","floor":29.0},{"not_picked":["Genetic Algorithm","Undo+1"],"picked":"Hologram+1","floor":31.0},{"not_picked":["Electrodynamics","Reboot"],"picked":"Echo Form","floor":33.0},{"not_picked":["Capacitor+1","Storm+1"],"picked":"Self Repair+1","floor":35.0},{"not_picked":["Reprogram","Streamline+1","FTL+1"],"picked":"SKIP","floor":38.0},{"not_picked":["Beam Cell","Rainbow","Loop+1"],"picked":"SKIP","floor":40.0},{"not_picked":["Reinforced Body+1","Static Discharge","Turbo+1"],"picked":"SKIP","floor":42.0},{"not_picked":["Ball Lightning+1","Tempest+1"],"picked":"Coolheaded+1","floor":46.0},{"not_picked":["Barrage+1","Go for the Eyes+1"],"picked":"Hologram","floor":46.0},{"not_picked":["Loop+1","BootSequence"],"picked":"Hologram","floor":47.0},{"not_picked":["Leap+1","Flash of Steel+1","CrushJoints+1"],"picked":"SKIP","floor":54.0}],"player_experience":402163,"relics_obtained":[{"floor":6.0,"key":"Letter Opener"},{"floor":9.0,"key":"StrikeDummy"},{"floor":14.0,"key":"Juzu Bracelet"},{"floor":22.0,"key":"Red Mask"},{"floor":23.0,"key":"Tiny Chest"},{"floor":23.0,"key":"MawBank"},{"floor":25.0,"key":"InkBottle"},{"floor":25.0,"key":"Vajra"},{"floor":26.0,"key":"Torii"},{"floor":28.0,"key":"The Courier"},{"floor":28.0,"key":"War Paint"},{"floor":34.0,"key":"Bag of Marbles"},{"floor":34.0,"key":"Gremlin Horn"},{"floor":34.0,"key":"Unceasing Top"},{"floor":40.0,"key":"Prayer Wheel"},{"floor":40.0,"key":"Pear"},{"floor":42.0,"key":"Lizard Tail"},{"floor":42.0,"key":"Dream Catcher"},{"floor":43.0,"key":"Shuriken"},{"floor":47.0,"key":"Gambling Chip"},{"floor":47.0,"key":"StoneCalendar"},{"floor":54.0,"key":"White Beast Statue"},{"floor":54.0,"key":"Mango"}],"event_choices":[{"damage_healed":0.0,"max_hp_gain":0.0,"max_hp_loss":0.0,"gold_gain":1.0,"event_name":"betterStone:BetterStone","player_choice":"1","floor":4.0,"gold_loss":0.0,"damage_taken":0.0},{"damage_healed":0.0,"max_hp_gain":0.0,"max_hp_loss":0.0,"gold_gain":75.0,"event_name":"betterThird:BetterGoop","player_choice":"Gold","floor":5.0,"gold_loss":0.0,"damage_taken":11.0},{"damage_healed":25.0,"max_hp_gain":0.0,"max_hp_loss":0.0,"gold_gain":0.0,"event_name":"Big Fish","player_choice":"Banana","floor":12.0,"gold_loss":0.0,"damage_taken":0.0},{"damage_healed":0.0,"max_hp_gain":0.0,"max_hp_loss":0.0,"gold_gain":0.0,"cards_transformed":["Defend_B","Defend_B"],"event_name":"Drug Dealer","player_choice":"Became Test Subject","floor":19.0,"gold_loss":0.0,"damage_taken":0.0,"cards_obtained":["Tempest","Scrape"]},{"damage_healed":0.0,"max_hp_gain":0.0,"max_hp_loss":0.0,"gold_gain":0.0,"event_name":"Masked Bandits","player_choice":"Fought Bandits","floor":22.0,"gold_loss":0.0,"damage_taken":0.0},{"damage_healed":0.0,"max_hp_gain":0.0,"max_hp_loss":0.0,"gold_gain":0.0,"event_name":"Cursed Tome","player_choice":"Obtained Book","floor":24.0,"gold_loss":0.0,"damage_taken":16.0},{"damage_healed":0.0,"max_hp_gain":0.0,"max_hp_loss":0.0,"gold_gain":222.0,"event_name":"Tomb of Lord Red Mask","player_choice":"Wore Mask","floor":36.0,"gold_loss":0.0,"damage_taken":0.0},{"cards_removed":["Defend_B"],"damage_healed":0.0,"max_hp_gain":0.0,"max_hp_loss":0.0,"gold_gain":0.0,"event_name":"Bonfire Elementals","player_choice":"Offered Basic","floor":37.0,"gold_loss":0.0,"damage_taken":0.0},{"damage_healed":0.0,"max_hp_gain":0.0,"max_hp_loss":0.0,"gold_gain":0.0,"event_name":"Lab","player_choice":"Got Potions","floor":44.0,"gold_loss":0.0,"damage_taken":0.0}],"is_beta":false,"boss_relics":[{"not_picked":["Astrolabe","Cursed Key"],"picked":"Black Star"},{"not_picked":["Coffee Dripper","Tiny House"],"picked":"Calling Bell"}],"items_purged_floors":[21,45,48],"is_endless":false,"potions_floor_spawned":[2,13,14,22,23,27,28,42,46,47,54],"ascension_level":11}}