{"host":"0ydzwspkajt4brzd","time":1609226396,"event":{"mods":["AchievementEnabler","BaseMod","Colored Map","DeckTracker","Googly Eyes","Highlight Path","Minty Spire (QoL Compilation)","Quick Restart","Random Character Button","Rare Cards Sparkle"],"gold_per_floor":[16,32,32,32,43,43,72,92,115,126,126,51,81,98,98,195,195,210,35,50,50,50,50,65,65,142,159,175,175,207,56,56,161,161,175,194,44,0,52,52,52,52,52,52,66,17,50,50,50,50,50],"floor_reached":50,"playtime":1918,"items_purged":["Strike_R","Strike_R","Defend_R","Bite"],"score":783,"play_id":"b81a1302-00c5-47aa-80dc-82332fc240bd","local_time":"20201228231956","is_ascension_mode":true,"campfire_choices":[{"data":"1","floor":6,"key":"LIFT"},{"data":"2","floor":11,"key":"LIFT"},{"data":"3","floor":15,"key":"LIFT"},{"data":"Limit Break","floor":23,"key":"SMITH"},{"floor":25,"key":"REST"},{"data":"Cleave","floor":32,"key":"SMITH"},{"data":"Heavy Blade","floor":40,"key":"SMITH"},{"data":"Hemokinesis","floor":41,"key":"SMITH"},{"data":"True Grit","floor":42,"key":"SMITH"},{"data":"Offering","floor":44,"key":"SMITH"},{"floor":49,"key":"RECALL"}],"circlet_count":0,"master_deck":["Defend_R","Defend_R","Defend_R","Bash+1","Rupture+1","True Grit+1","Headbutt","Offering+1","Hemokinesis+1","Limit Break+1","Inflame","Bite","Bite","Bite","Bite","Wild Strike","Cleave+1","Heavy Blade+1"],"relics":["Burning Blood","Girya","Ancient Tea Set","Pen Nib","Red Skull","Busted Crown","InkBottle","Dream Catcher","Coffee Dripper","Red Mask","WingedGreaves","Charon\u0027s Ashes"],"acts_visited":["Exordium","TheCity","TheBeyond"],"potions_floor_usage":[7,10,16,16,30,50,50,50],"damage_taken":[{"damage":12,"enemies":"Jaw Worm","floor":1,"turns":3},{"damage":0,"enemies":"2 Louse","floor":2,"turns":2},{"damage":6,"enemies":"Cultist","floor":5,"turns":4},{"damage":20,"enemies":"Gremlin Nob","floor":7,"turns":3},{"damage":19,"enemies":"Blue Slaver","floor":8,"turns":5},{"damage":6,"enemies":"3 Louse","floor":10,"turns":5},{"damage":31,"enemies":"Lagavulin","floor":13,"turns":9},{"damage":5,"enemies":"Looter","floor":14,"turns":3},{"damage":19,"enemies":"Hexaghost","floor":16,"turns":4},{"damage":32,"enemies":"2 Thieves","floor":18,"turns":4},{"damage":20,"enemies":"3 Byrds","floor":20,"turns":4},{"damage":15,"enemies":"Cultist and Chosen","floor":24,"turns":5},{"damage":13,"enemies":"Snecko","floor":27,"turns":3},{"damage":19,"enemies":"Chosen and Byrds","floor":28,"turns":4},{"damage":40,"enemies":"Book of Stabbing","floor":30,"turns":4},{"damage":23,"enemies":"Collector","floor":33,"turns":5},{"damage":8,"enemies":"Orb Walker","floor":35,"turns":2},{"damage":27,"enemies":"3 Darklings","floor":36,"turns":4},{"damage":34,"enemies":"2 Orb Walkers","floor":39,"turns":4},{"damage":0,"enemies":"Writhing Mass","floor":45,"turns":2},{"damage":12,"enemies":"Giant Head","floor":47,"turns":4},{"damage":49,"enemies":"Time Eater","floor":50,"turns":3}],"seed_played":"7386759924588098128","potions_obtained":[{"floor":1,"key":"AttackPotion"},{"floor":5,"key":"BlessingOfTheForge"},{"floor":8,"key":"Regen Potion"},{"floor":14,"key":"Swift Potion"},{"floor":28,"key":"Energy Potion"},{"floor":33,"key":"Dexterity Potion"},{"floor":35,"key":"LiquidBronze"},{"floor":45,"key":"Strength Potion"}],"is_trial":false,"path_per_floor":["M","M","?","?","M","R","E","M","T","M","R","$","E","M","R","B",null,"M","$","M","?","?","R","M","R","T","M","M","?","E","$","R","B",null,"M","M","$","?","?","R","R","R","T","R","M","$","E","$","R","B"],"character_chosen":"IRONCLAD","items_purchased":["Inflame","Heavy Blade","Dexterity Potion"],"campfire_rested":1,"item_purchase_floors":[19,31,46],"current_hp_per_floor":[66,72,72,72,72,72,58,45,45,45,45,45,20,21,21,20,65,39,39,25,25,16,16,19,37,37,40,37,57,33,33,33,26,52,56,45,45,45,25,25,25,25,25,25,35,35,39,39,39,0,0],"gold":50,"neow_bonus":"ONE_RARE_RELIC","is_daily":false,"chose_seed":false,"campfire_upgraded":6,"win_rate":0.0,"timestamp":1609226396,"path_taken":["M","M","?","?","M","R","E","?","T","M","R","$","E","M","R","BOSS","M","$","M","?","?","R","M","R","T","M","M","?","E","?","R","BOSS","M","?","$","?","?","R","R","R","T","R","M","$","E","?","R","BOSS"],"items_purchased_type":["Card","Card","Potion"],"build_version":"2020-12-22","purchased_purges":4,"victory":false,"max_hp_per_floor":[80,80,80,80,80,80,80,80,80,80,80,80,80,80,80,80,80,80,80,80,56,61,61,61,61,61,61,61,61,61,61,61,61,61,61,61,61,61,61,61,61,61,61,61,61,61,61,61,61,61,61],"card_choices":[{"not_picked":["Disarm","Warcry"],"picked":"Rupture","floor":1},{"not_picked":["Carnage","Sever Soul","Iron Wave"],"picked":"SKIP","floor":2},{"not_picked":["Sword Boomerang","Havoc","Clash"],"picked":"SKIP","floor":5},{"not_picked":["Exhume","Bloodletting","Metallicize"],"picked":"SKIP","floor":7},{"not_picked":["Entrench","Dual Wield"],"picked":"True Grit","floor":8},{"not_picked":["Heavy Blade","Shockwave"],"picked":"Headbutt","floor":10},{"not_picked":["Sever Soul","Body Slam"],"picked":"Offering","floor":13},{"not_picked":["Fire Breathing","Disarm"],"picked":"Hemokinesis","floor":14},{"not_picked":["Immolate","Offering"],"picked":"Limit Break","floor":16},{"not_picked":["Seeing Red"],"picked":"SKIP","floor":18},{"not_picked":["Disarm"],"picked":"SKIP","floor":20},{"not_picked":[],"picked":"Wild Strike","floor":24},{"not_picked":[],"picked":"Cleave","floor":27},{"not_picked":["Cleave"],"picked":"SKIP","floor":28},{"not_picked":["Infernal Blade"],"picked":"SKIP","floor":30},{"not_picked":["Cleave"],"picked":"SKIP","floor":35},{"not_picked":["Sever Soul+1"],"picked":"SKIP","floor":36},{"not_picked":["Dual Wield"],"picked":"SKIP","floor":45},{"not_picked":["Cleave+1"],"picked":"SKIP","floor":47}],"player_experience":358498,"relics_obtained":[{"floor":7,"key":"Ancient Tea Set"},{"floor":9,"key":"Pen Nib"},{"floor":13,"key":"Red Skull"},{"floor":26,"key":"InkBottle"},{"floor":30,"key":"Dream Catcher"},{"floor":39,"key":"WingedGreaves"},{"floor":47,"key":"Charon\u0027s Ashes"}],"event_choices":[{"damage_healed":0,"gold_gain":0,"player_choice":"Grow","damage_taken":0,"max_hp_gain":0,"max_hp_loss":0,"event_name":"Living Wall","floor":3,"gold_loss":0,"cards_upgraded":["Bash"]},{"damage_healed":0,"gold_gain":0,"player_choice":"Upgraded","damage_taken":0,"max_hp_gain":0,"max_hp_loss":0,"event_name":"Upgrade Shrine","floor":4,"gold_loss":0,"cards_upgraded":["Rupture"]},{"damage_healed":0,"gold_gain":0,"player_choice":"Became a vampire","damage_taken":0,"max_hp_gain":0,"max_hp_loss":24,"event_name":"Vampires","floor":21,"gold_loss":0,"cards_obtained":["Bite","Bite","Bite","Bite","Bite"]},{"damage_healed":0,"gold_gain":0,"player_choice":"Shed Blood","damage_taken":14,"max_hp_gain":5,"max_hp_loss":0,"event_name":"Forgotten Altar","floor":22,"gold_loss":0},{"damage_healed":20,"gold_gain":0,"player_choice":"Heal","damage_taken":0,"max_hp_gain":0,"max_hp_loss":0,"event_name":"The Library","floor":29,"gold_loss":0},{"damage_healed":0,"gold_gain":0,"player_choice":"Paid","damage_taken":0,"relics_obtained":["Red Mask"],"max_hp_gain":0,"max_hp_loss":0,"event_name":"Tomb of Lord Red Mask","floor":38,"gold_loss":44},{"damage_healed":0,"gold_gain":0,"player_choice":"Fight","damage_taken":0,"max_hp_gain":0,"max_hp_loss":0,"event_name":"Mysterious Sphere","floor":39,"gold_loss":0}],"is_beta":false,"boss_relics":[{"not_picked":["Cursed Key","Black Star"],"picked":"Busted Crown"},{"not_picked":["Astrolabe","Pandora\u0027s Box"],"picked":"Coffee Dripper"}],"items_purged_floors":[12,19,31,37],"is_endless":false,"potions_floor_spawned":[1,5,8,14,28,33,35,45],"killed_by":"Time Eater","ascension_level":9}}