{"host":"qwv9nni2x0umspiu","time":1609213157,"event":{"mods":["BaseMod","Downfall","Minty Spire (QoL Compilation)","Replay The Spire","StSLib","The Hierophant","Wandering Minibosses"],"gold_per_floor":[109,109,55,55,55,55,66,91,144,161,123,135,150,52,52,127,127,146,56,76,76,91,91,116,116,116,142,157,157,157,176,176,255,255,268,279,279,47,98,98,123,157,157,246,246,267,267,274,274,254,244,244,244,194,227,190],"floor_reached":57,"playtime":2510,"items_purged":["hierophant:Defend_Hierophant","hierophant:Strike_Hierophant"],"score":3605,"play_id":"6a8d7400-d3fc-45a3-8cc0-49e5b9bc2c48","local_time":"20201228193917","is_ascension_mode":true,"campfire_choices":[{"data":"hierophant:ChurchCoffers","floor":6,"key":"SMITH"},{"data":"hierophant:Upheaval","floor":15,"key":"SMITH"},{"data":"hierophant:Community","floor":23,"key":"SMITH"},{"data":"hierophant:Exaltation","floor":25,"key":"SMITH"},{"data":"hierophant:HammerAndAnvil","floor":32,"key":"SMITH"},{"floor":40,"key":"REST"},{"data":"hierophant:HammerAndAnvil","floor":45,"key":"SMITH"},{"floor":47,"key":"RECALL"},{"data":"hierophant:Shelter","floor":49,"key":"SMITH"},{"data":"hierophant:Racketeering","floor":53,"key":"SMITH"}],"circlet_count":0,"master_deck":["AscendersBane","hierophant:Strike_Hierophant","hierophant:Punish+1","hierophant:Defend_Hierophant+1","hierophant:ChurchCoffers+1","hierophant:Zeal","hierophant:Shelter+1","hierophant:Racketeering+1","hierophant:Exaltation+1","hierophant:Upheaval+1","hierophant:HammerAndAnvil+1","hierophant:Racketeering","hierophant:EyeForCoin+1","hierophant:Empathy+1","hierophant:Doomsaying+1","hierophant:HammerAndAnvil+1","hierophant:Community+1","hierophant:Glossolalia+1","hierophant:Doubloon+1","hierophant:Smite","hierophant:Shelter+1","hierophant:Doubloon+1","hierophant:Encroach+1","hierophant:Doubloon+1","hierophant:Doubloon+1","hierophant:Doubloon+1"],"relics":["hierophant:PropheticMaskRelic","NeowsBlessing","Ornamental Fan","Omamori","Bag of Marbles","Astrolabe","Pet Ghost","Mummified Hand","Bronze Scales","Cursed Key","Strange Spoon","StoneCalendar","Smiling Mask","Turnip","ReplayTheSpireMod:TigerMarble","Akabeko","Orichalcum"],"acts_visited":["Exordium","TheCity","TheBeyond","TheEnding"],"potions_floor_usage":[10,12,13,56,56],"damage_taken":[{"damage":0,"enemies":"2 Louse","floor":1,"turns":2},{"damage":0,"enemies":"Cultist","floor":7,"turns":1},{"damage":0,"enemies":"Lagavulin","floor":8,"turns":1},{"damage":2,"enemies":"Jaw Worm","floor":10,"turns":2},{"damage":6,"enemies":"Looter","floor":11,"turns":3},{"damage":0,"enemies":"Red Slaver","floor":12,"turns":4},{"damage":32,"enemies":"Gremlin Nob","floor":13,"turns":4},{"damage":4,"enemies":"The Guardian","floor":16,"turns":3},{"damage":11,"enemies":"Shell Parasite","floor":18,"turns":2},{"damage":0,"enemies":"Spheric Guardian","floor":20,"turns":1},{"damage":0,"enemies":"Snake Plant","floor":22,"turns":1},{"damage":0,"enemies":"Gremlin Leader","floor":24,"turns":3},{"damage":0,"enemies":"Book of Stabbing","floor":27,"turns":3},{"damage":0,"enemies":"Chosen and Byrds","floor":28,"turns":2},{"damage":0,"enemies":"Cultist and Chosen","floor":29,"turns":1},{"damage":0,"enemies":"Centurion and Healer","floor":31,"turns":3},{"damage":0,"enemies":"Champ","floor":33,"turns":2},{"damage":0,"enemies":"3 Darklings","floor":35,"turns":1},{"damage":0,"enemies":"3 Shapes","floor":36,"turns":1},{"damage":57,"enemies":"2 Orb Walkers","floor":39,"turns":6},{"damage":0,"enemies":"3 Darklings","floor":41,"turns":1},{"damage":0,"enemies":"Nemesis","floor":42,"turns":1},{"damage":0,"enemies":"R_Hoarder","floor":44,"turns":6},{"damage":0,"enemies":"Nemesis","floor":46,"turns":3},{"damage":0,"enemies":"4 Shapes","floor":48,"turns":1},{"damage":0,"enemies":"Awakened One","floor":50,"turns":2},{"damage":0,"enemies":"Donu and Deca","floor":51,"turns":5},{"damage":0,"enemies":"Shield and Spear","floor":55,"turns":3},{"damage":65,"enemies":"The Heart","floor":56,"turns":7}],"seed_played":"-3930671171525583073","potions_obtained":[{"floor":7,"key":"sneckomod:MuddlingPotion"},{"floor":8,"key":"SteroidPotion"},{"floor":10,"key":"GamblersBrew"},{"floor":11,"key":"Languid Potion"},{"floor":20,"key":"PowerPotion"},{"floor":22,"key":"LiquidBronze"},{"floor":39,"key":"Energy Potion"},{"floor":41,"key":"Adrenaline Potion"}],"is_trial":false,"path_per_floor":["M","?","$","T","?","R","M","E","T","M","M","M","E","$","R","B",null,"M","$","M","?","M","R","E","R","T","E","M","M","?","M","R","B",null,"M","M","?","$","?","R","M","E","T","E","R","E","R","M","R","B","B",null,"R","$","E","B",null],"character_chosen":"HIEROPHANT","items_purchased":["hierophant:Shelter","hierophant:HammerAndAnvil","hierophant:Racketeering","hierophant:Community","Strange Spoon"],"campfire_rested":1,"item_purchase_floors":[3,14,14,19,38],"current_hp_per_floor":[68,68,68,68,45,45,45,45,45,43,37,37,5,5,5,1,57,46,46,46,46,46,46,46,46,46,46,46,46,46,46,46,46,68,68,68,68,68,11,33,33,33,33,41,41,41,41,41,41,41,41,67,67,67,67,2],"gold":190,"neow_bonus":"THREE_ENEMY_KILL","is_daily":false,"chose_seed":false,"campfire_upgraded":8,"win_rate":0.0,"timestamp":1609213157,"path_taken":["M","?","$","?","?","R","M","E","T","M","M","M","E","$","R","BOSS","M","$","M","?","M","R","E","R","T","E","M","M","?","?","R","BOSS","M","M","?","$","?","R","M","E","T","E","R","E","R","M","R","BOSS","BOSS","R","$","E","BOSS"],"items_purchased_type":["Card","Card","Card","Card","Relic"],"build_version":"2020-12-22","purchased_purges":2,"victory":true,"max_hp_per_floor":[75,75,75,75,75,75,75,75,75,75,75,75,75,75,75,75,75,75,75,75,75,75,75,75,75,75,75,75,75,75,75,75,75,75,75,75,75,75,75,75,75,75,75,75,75,75,75,75,75,75,75,75,75,75,75,75],"card_choices":[{"not_picked":["hierophant:SealAway","hierophant:Dazzle"],"picked":"hierophant:Zeal","floor":1},{"not_picked":["hierophant:Patience","hierophant:MorningPrayer"],"picked":"hierophant:Racketeering","floor":7},{"not_picked":["hierophant:SolarFlare","hierophant:Kindle","hierophant:PassingBell"],"picked":"SKIP","floor":8},{"not_picked":["hierophant:CursedGold","hierophant:RepressedViolence","hierophant:PassingBell"],"picked":"SKIP","floor":10},{"not_picked":["hierophant:CursedGold","hierophant:RepressedViolence","hierophant:PassingBell"],"picked":"SKIP","floor":10},{"not_picked":["hierophant:Shelter","hierophant:Rebuild"],"picked":"hierophant:Exaltation","floor":11},{"not_picked":["hierophant:Doomsaying","hierophant:HolyVerse","hierophant:FlamingChariot"],"picked":"SKIP","floor":12},{"not_picked":["hierophant:MorningPrayer","hierophant:Remorse"],"picked":"hierophant:Upheaval","floor":13},{"not_picked":["hierophant:MorningPrayer+1","hierophant:PassingBell"],"picked":"hierophant:HammerAndAnvil","floor":18},{"not_picked":["hierophant:TollTheBells","hierophant:Bribe","hierophant:Remorse"],"picked":"SKIP","floor":20},{"not_picked":["hierophant:ArchangelShield","hierophant:Zeal","hierophant:DeathKnell"],"picked":"SKIP","floor":22},{"not_picked":["hierophant:ThreeLashes","hierophant:Remorse+1","hierophant:Determination"],"picked":"SKIP","floor":24},{"not_picked":["hierophant:MorningPrayer","hierophant:RepressedViolence","hierophant:FaithHealing"],"picked":"SKIP","floor":27},{"not_picked":["hierophant:Mercenaries","hierophant:RustyCrate","hierophant:ArchangelShield"],"picked":"SKIP","floor":28},{"not_picked":["hierophant:OrnateJavelin+1","hierophant:Doomsaying","hierophant:AuricBeam"],"picked":"SKIP","floor":29},{"not_picked":["hierophant:FlamingChariot","hierophant:Embezzle","hierophant:Community"],"picked":"SKIP","floor":31},{"not_picked":["hierophant:MorningPrayer+1","hierophant:Charity"],"picked":"hierophant:Glossolalia+1","floor":35},{"not_picked":["hierophant:HammerAndAnvil","hierophant:ThreeLashes","hierophant:RepressedViolence"],"picked":"SKIP","floor":36},{"not_picked":["hierophant:Endure+1","hierophant:FlamingChariot"],"picked":"hierophant:Smite","floor":39},{"not_picked":["hierophant:Purify","hierophant:Mercenaries"],"picked":"hierophant:Shelter+1","floor":41},{"not_picked":["hierophant:MirrorShield","hierophant:OrnateJavelin","hierophant:Prophecy"],"picked":"SKIP","floor":42},{"not_picked":["hierophant:HolyVerse","hierophant:RecallFunds+1","hierophant:Encroach"],"picked":"SKIP","floor":44},{"not_picked":["hierophant:PassingBell+1","hierophant:AuricForm"],"picked":"hierophant:Encroach+1","floor":46},{"not_picked":["hierophant:CoinFling","hierophant:ConvertCurrency","hierophant:ThreeLashes"],"picked":"SKIP","floor":48},{"not_picked":["hierophant:Shelter","hierophant:RustyCrate","hierophant:Determination"],"picked":"SKIP","floor":55}],"player_experience":1324485,"relics_obtained":[{"floor":8,"key":"Ornamental Fan"},{"floor":9,"key":"Omamori"},{"floor":13,"key":"Bag of Marbles"},{"floor":24,"key":"Pet Ghost"},{"floor":26,"key":"Mummified Hand"},{"floor":27,"key":"Bronze Scales"},{"floor":39,"key":"StoneCalendar"},{"floor":42,"key":"Smiling Mask"},{"floor":43,"key":"Turnip"},{"floor":44,"key":"ReplayTheSpireMod:TigerMarble"},{"floor":46,"key":"Akabeko"},{"floor":55,"key":"Orichalcum"}],"event_choices":[{"damage_healed":0,"gold_gain":0,"player_choice":"Ignored","damage_taken":0,"max_hp_gain":0,"max_hp_loss":0,"event_name":"WeMeetAgain","floor":2,"gold_loss":0},{"damage_healed":0,"gold_gain":0,"player_choice":"Entered Light","damage_taken":23,"max_hp_gain":0,"max_hp_loss":0,"event_name":"Shining Light","floor":5,"gold_loss":0,"cards_upgraded":["hierophant:Defend_Hierophant","hierophant:Punish"]},{"cards_removed":["hierophant:Defend_Hierophant"],"damage_healed":0,"gold_gain":0,"player_choice":"Offered Basic","damage_taken":0,"max_hp_gain":0,"max_hp_loss":0,"event_name":"Bonfire Elementals","floor":30,"gold_loss":0},{"damage_healed":0,"gold_gain":0,"player_choice":"Ignored","damage_taken":0,"max_hp_gain":0,"max_hp_loss":0,"event_name":"Tomb of Lord Red Mask","floor":37,"gold_loss":0},{"damage_healed":0,"gold_gain":0,"player_choice":"Fight","damage_taken":0,"max_hp_gain":0,"max_hp_loss":0,"event_name":"Mysterious Sphere","floor":39,"gold_loss":0}],"is_beta":false,"boss_relics":[{"not_picked":["Replay:Wanted Poster","Philosopher\u0027s Stone"],"picked":"Astrolabe"},{"not_picked":["Ring of Chaos","Calling Bell"],"picked":"Cursed Key"}],"items_purged_floors":[38,54],"is_endless":false,"potions_floor_spawned":[7,8,10,11,20,22,24,31,39,41,44,55],"ascension_level":20}}