{"host":"nox","time":1609233673,"event":{"mods":["Act Like it!","Aspiration","BaseMod","Better Altar","Better Match","Better Note","Better Sensory Stone","Better Skull","Better Third Choice","BetterRewards","Colored Powertips","Conspire","Energized Spire","GifTheSpireLib","Hubris","Infinite Spire","Minty Spire (QoL Compilation)","Pale of the Ancients","Quick Restart","Rare Cards Sparkle","Replay The Spire","Shop Mod","Spikes Relics","StSLib","Stuff the Spire","SuperFastMode","The Alterego","vexMod"],"gold_per_floor":[114,114,114,137,137,137,137,137],"floor_reached":7,"playtime":163,"items_purged":[],"score":53,"play_id":"b30df159-8ea5-4d7e-aca3-686db593f767","local_time":"20201229162113","is_ascension_mode":true,"campfire_choices":[{"data":"Rip and Tear","floor":6,"key":"SMITH"}],"circlet_count":0,"master_deck":["Strike_G","Strike_G","Strike_G","Strike_G","Defend_G","Defend_G","Defend_G","Defend_G","Defend_G","Survivor","Neutralize","Rip and Tear+1","Outmaneuver"],"relics":["Ring of the Snake","Golden Idol","Bird Faced Urn"],"acts_visited":["Exordium"],"potions_floor_usage":[],"damage_taken":[{"damage":3,"enemies":"Small Slimes","floor":1,"turns":5},{"damage":1,"enemies":"Jaw Worm","floor":4,"turns":4},{"damage":41,"enemies":"3 Sentries","floor":7,"turns":7}],"seed_played":"-8028097495170090802","potions_obtained":[],"is_trial":false,"path_per_floor":["M","?","?","M","?","R","E"],"character_chosen":"THE_SILENT","items_purchased":[],"campfire_rested":0,"item_purchase_floors":[],"current_hp_per_floor":[67,48,40,39,39,39,0,0],"gold":137,"neow_bonus":"TEN_PERCENT_HP_BONUS","is_daily":false,"chose_seed":false,"campfire_upgraded":1,"win_rate":0.0,"timestamp":1609233673,"path_taken":["M","?","?","M","?","R","E"],"items_purchased_type":[],"build_version":"2020-11-17","purchased_purges":0,"victory":false,"max_hp_per_floor":[77,77,77,77,77,77,77,77],"card_choices":[{"not_picked":["Flechettes","Dodge and Roll","Replay:Poison Smokescreen"],"picked":"SKIP","floor":1},{"not_picked":["Dodge and Roll","StuffTheSpire:BrimstoneBlast"],"picked":"Outmaneuver","floor":4}],"player_experience":276196,"relics_obtained":[],"event_choices":[{"damage_healed":0,"gold_gain":0,"player_choice":"Take Damage","damage_taken":19,"relics_obtained":["Golden Idol"],"max_hp_gain":0,"max_hp_loss":0,"event_name":"Golden Idol","floor":2,"gold_loss":0},{"cards_removed":["Strike_G"],"damage_healed":0,"gold_gain":0,"player_choice":"Offered Basic","damage_taken":0,"max_hp_gain":0,"max_hp_loss":0,"event_name":"Bonfire Elementals","floor":5,"gold_loss":0}],"is_beta":true,"boss_relics":[],"items_purged_floors":[],"is_endless":false,"potions_floor_spawned":[],"killed_by":"3 Sentries","ascension_level":7}}