{"host":"pgiw9wkmtk74e1ic","time":1609270832,"event":{"mods":["BaseMod","Colored Map","Colored Powertips","Marisa????????","Minty Spire (QoL Compilation)","Robot Space Explorer","StSLib"],"gold_per_floor":[118,118,118,134,157,157,170,203,503,516,22,55,74,74,74,175,225,238,248,265,265,149,164,175,175,223,223,242,242,255,283,283,385,385,405,457,457,457],"floor_reached":37,"playtime":3322,"items_purged":[],"score":451,"play_id":"f26b2f9f-3977-4819-8af0-6622014ea2ef","local_time":"20201229124032","is_ascension_mode":false,"campfire_choices":[{"data":"RobotSpaceExplorer:LaserBurst","floor":6.0,"key":"SMITH"},{"data":"RobotSpaceExplorer:Fix","floor":15.0,"key":"SMITH"},{"data":"RobotSpaceExplorer:TrailblazerForm","floor":25.0,"key":"SMITH"},{"data":"RobotSpaceExplorer:Autoloader","floor":27.0,"key":"SMITH"},{"floor":32.0,"key":"REST"}],"circlet_count":0,"master_deck":["RobotSpaceExplorer:Strike","RobotSpaceExplorer:Strike","RobotSpaceExplorer:Strike","RobotSpaceExplorer:Strike","RobotSpaceExplorer:Defend","RobotSpaceExplorer:Defend+1","RobotSpaceExplorer:Defend","RobotSpaceExplorer:Defend","RobotSpaceExplorer:Scan","RobotSpaceExplorer:MiniLasers+1","RobotSpaceExplorer:GearShield","RobotSpaceExplorer:LaserBurst+1","RobotSpaceExplorer:Fix+1","RobotSpaceExplorer:ChargingLaser","RobotSpaceExplorer:PowerGlove+1","RobotSpaceExplorer:FreezeRay","RobotSpaceExplorer:DualCore","RobotSpaceExplorer:SurgingShield","RobotSpaceExplorer:TrailblazerForm+1","RobotSpaceExplorer:MetalStrike","RobotSpaceExplorer:LaserBurst+1","RobotSpaceExplorer:JunkDive+1","RobotSpaceExplorer:StunGrenade+1","RobotSpaceExplorer:Autoloader+1","RobotSpaceExplorer:Pulsar","RobotSpaceExplorer:FreezingShield","RobotSpaceExplorer:SurgingStrike","RobotSpaceExplorer:FreezingShield+1","RobotSpaceExplorer:StarLightning","RobotSpaceExplorer:ChargingLaser","RobotSpaceExplorer:Accelerator","RobotSpaceExplorer:MetalStrike+1"],"relics":["RobotSpaceExplorer:RoboCore","NeowsBlessing","RobotSpaceExplorer:FoglandsKnife","Nunchaku","Old Coin","ClockworkSouvenir","Ice Cream","White Beast Statue","Tiny House","Torii","Runic Pyramid","Pocketwatch"],"acts_visited":["Exordium","TheCity","TheBeyond"],"potions_floor_usage":[],"damage_taken":[{"damage":0.0,"enemies":"2 Louse","floor":1.0,"turns":1.0},{"damage":0.0,"enemies":"Small Slimes","floor":4.0,"turns":1.0},{"damage":0.0,"enemies":"Jaw Worm","floor":7.0,"turns":1.0},{"damage":28.0,"enemies":"Gremlin Nob","floor":8.0,"turns":4.0},{"damage":0.0,"enemies":"2 Fungi Beasts","floor":10.0,"turns":3.0},{"damage":5.0,"enemies":"Lagavulin","floor":12.0,"turns":3.0},{"damage":3.0,"enemies":"Gremlin Gang","floor":13.0,"turns":2.0},{"damage":0.0,"enemies":"Slime Boss","floor":16.0,"turns":7.0},{"damage":0.0,"enemies":"3 Byrds","floor":18.0,"turns":5.0},{"damage":0.0,"enemies":"Spheric Guardian","floor":19.0,"turns":2.0},{"damage":12.0,"enemies":"3 Cultists","floor":20.0,"turns":3.0},{"damage":6.0,"enemies":"Cultist and Chosen","floor":23.0,"turns":5.0},{"damage":15.0,"enemies":"Chosen and Byrds","floor":24.0,"turns":4.0},{"damage":7.0,"enemies":"3 Cultists","floor":28.0,"turns":4.0},{"damage":34.0,"enemies":"Shelled Parasite and Fungi","floor":30.0,"turns":7.0},{"damage":26.0,"enemies":"Slavers","floor":31.0,"turns":5.0},{"damage":20.0,"enemies":"Collector","floor":33.0,"turns":11.0},{"damage":14.0,"enemies":"Orb Walker","floor":35.0,"turns":5.0},{"damage":54.0,"enemies":"2 Orb Walkers","floor":36.0,"turns":5.0},{"damage":22,"enemies":"3 Shapes","floor":37,"turns":6}],"seed_played":"8876884010403416727","potions_obtained":[{"floor":7.0,"key":"SpeedPotion"},{"floor":12.0,"key":"PowerPotion"},{"floor":13.0,"key":"Block Potion"},{"floor":16.0,"key":"RobotSpaceExplorer:PlasmaFlask"},{"floor":23.0,"key":"LiquidBronze"},{"floor":24.0,"key":"Dexterity Potion"},{"floor":28.0,"key":"EssenceOfSteel"},{"floor":31.0,"key":"Weak Potion"},{"floor":33.0,"key":"LiquidMemories"},{"floor":35.0,"key":"GamblersBrew"},{"floor":36,"key":"SpeedPotion"}],"is_trial":false,"path_per_floor":["M","?","?","M","T","R","M","E","T","M","$","E","M","?","R","B",null,"M","M","M","?","$","M","M","R","T","R","M","$","M","E","R","B",null,"M","?","M"],"character_chosen":"RobotSpaceExplorer","items_purchased":["ClockworkSouvenir","Ice Cream","RobotSpaceExplorer:FreezeRay","RobotSpaceExplorer:Autoloader","RobotSpaceExplorer:Pulsar"],"campfire_rested":1,"item_purchase_floors":[11,11,11,22,22],"current_hp_per_floor":[75,75,75,75,75,75,75,47,47,51,51,46,43,43,43,49,80,80,80,74,74,74,74,65,65,65,65,64,64,36,16,40,26,80,66,12,0,0],"gold":457,"neow_bonus":"THREE_ENEMY_KILL","is_daily":false,"chose_seed":false,"campfire_upgraded":4,"win_rate":0.0,"timestamp":1609270832,"path_taken":["M","?","?","M","?","R","M","E","T","M","$","E","M","?","R","BOSS","M","?","M","?","$","M","M","R","T","R","M","$","M","E","R","BOSS","M","?","M"],"items_purchased_type":["Relic","Relic","Card","Card","Card"],"build_version":"2020-12-22","purchased_purges":0,"victory":false,"max_hp_per_floor":[75,75,75,75,75,75,75,75,75,75,75,75,75,75,75,75,80,80,80,80,80,80,80,80,80,80,80,80,80,80,80,80,80,80,80,80,80,80],"card_choices":[{"not_picked":["RobotSpaceExplorer:MetalStrike","RobotSpaceExplorer:GlueShot"],"picked":"RobotSpaceExplorer:GearShield","floor":1.0},{"not_picked":["RobotSpaceExplorer:Ammunition","RobotSpaceExplorer:Pulsar"],"picked":"RobotSpaceExplorer:LaserBurst","floor":4.0},{"not_picked":["RobotSpaceExplorer:StunGrenade","RobotSpaceExplorer:Counterblock"],"picked":"RobotSpaceExplorer:Fix","floor":7.0},{"not_picked":["RobotSpaceExplorer:Electropulse","RobotSpaceExplorer:ToxicBomb"],"picked":"RobotSpaceExplorer:ChargingLaser","floor":8.0},{"not_picked":["RobotSpaceExplorer:LaserBurst","RobotSpaceExplorer:ScrapMissile"],"picked":"RobotSpaceExplorer:PowerGlove","floor":10.0},{"not_picked":["RobotSpaceExplorer:FranticSearch","RobotSpaceExplorer:FrostMissile"],"picked":"RobotSpaceExplorer:DualCore","floor":12.0},{"not_picked":["RobotSpaceExplorer:ScrapMissile","RobotSpaceExplorer:GlueShot"],"picked":"RobotSpaceExplorer:SurgingShield","floor":13.0},{"not_picked":["RobotSpaceExplorer:HighVoltage","RobotSpaceExplorer:Autoloader"],"picked":"RobotSpaceExplorer:TrailblazerForm","floor":16.0},{"not_picked":["RobotSpaceExplorer:FranticSearch","RobotSpaceExplorer:GlueShot"],"picked":"RobotSpaceExplorer:MetalStrike","floor":17.0},{"not_picked":["RobotSpaceExplorer:FreezingShield","RobotSpaceExplorer:MiniDrones"],"picked":"RobotSpaceExplorer:LaserBurst+1","floor":18.0},{"not_picked":["RobotSpaceExplorer:Probe","RobotSpaceExplorer:PowerGlove"],"picked":"RobotSpaceExplorer:JunkDive+1","floor":19.0},{"not_picked":["RobotSpaceExplorer:Electroshield","RobotSpaceExplorer:MetalStrike"],"picked":"RobotSpaceExplorer:StunGrenade+1","floor":20.0},{"not_picked":["RobotSpaceExplorer:GlueShot+1","RobotSpaceExplorer:Electroshield"],"picked":"RobotSpaceExplorer:FreezingShield","floor":23.0},{"not_picked":["RobotSpaceExplorer:Counterblock","RobotSpaceExplorer:GlueShot+1"],"picked":"RobotSpaceExplorer:SurgingStrike","floor":24.0},{"not_picked":["RobotSpaceExplorer:ScrapMissile","RobotSpaceExplorer:ToxicBomb"],"picked":"RobotSpaceExplorer:FreezingShield+1","floor":28.0},{"not_picked":["RobotSpaceExplorer:SlimeMissile","RobotSpaceExplorer:ScrapMissile"],"picked":"RobotSpaceExplorer:StarLightning","floor":30.0},{"not_picked":["RobotSpaceExplorer:ScrapMissile+1","RobotSpaceExplorer:FreezingShield+1"],"picked":"RobotSpaceExplorer:ChargingLaser","floor":31.0},{"not_picked":["RobotSpaceExplorer:Exploration","RobotSpaceExplorer:TrailblazerForm"],"picked":"RobotSpaceExplorer:Accelerator","floor":33.0},{"not_picked":["RobotSpaceExplorer:GlueShot","RobotSpaceExplorer:Probe"],"picked":"RobotSpaceExplorer:MetalStrike+1","floor":35.0}],"player_experience":264886,"relics_obtained":[{"floor":5.0,"key":"RobotSpaceExplorer:FoglandsKnife"},{"floor":8.0,"key":"Nunchaku"},{"floor":9.0,"key":"Old Coin"},{"floor":12.0,"key":"White Beast Statue"},{"floor":31.0,"key":"Torii"},{"floor":36,"key":"Pocketwatch"}],"event_choices":[{"damage_healed":0.0,"max_hp_gain":0.0,"max_hp_loss":0.0,"gold_gain":0.0,"event_name":"Golden Wing","player_choice":"Ignored","floor":2.0,"gold_loss":0.0,"damage_taken":0.0},{"damage_healed":0.0,"max_hp_gain":0.0,"max_hp_loss":0.0,"gold_gain":0.0,"event_name":"Living Wall","player_choice":"Grow","floor":3.0,"gold_loss":0.0,"damage_taken":0.0,"cards_upgraded":["RobotSpaceExplorer:MiniLasers"]},{"damage_healed":0.0,"max_hp_gain":0.0,"max_hp_loss":0.0,"gold_gain":0.0,"event_name":"Upgrade Shrine","player_choice":"Upgraded","floor":14.0,"gold_loss":0.0,"damage_taken":0.0,"cards_upgraded":["RobotSpaceExplorer:PowerGlove"]},{"damage_healed":0.0,"max_hp_gain":0.0,"max_hp_loss":0.0,"gold_gain":0.0,"event_name":"NoteForYourself","player_choice":"Ignored","floor":21.0,"gold_loss":0.0,"damage_taken":0.0},{"damage_healed":0.0,"max_hp_gain":0.0,"max_hp_loss":0.0,"gold_gain":0.0,"event_name":"Mysterious Sphere","player_choice":"Fight","floor":36.0,"gold_loss":0.0,"damage_taken":0.0}],"is_beta":false,"boss_relics":[{"not_picked":["RobotSpaceExplorer:Reprocessor","SlaversCollar"],"picked":"Tiny House"},{"not_picked":["Cursed Key","Astrolabe"],"picked":"Runic Pyramid"}],"items_purged_floors":[],"is_endless":false,"potions_floor_spawned":[7,12,13,16,18,19,20,23,24,28,30,31,33,35,36],"killed_by":"3 Shapes","ascension_level":0}}