{"host":"qxeepl7ydvsgmfdb","time":1609223077,"event":{"mods":["AchievementEnabler","BaseMod","Colored Powertips","Minty Spire (QoL Compilation)","Quick Restart","slay the spire mod where everything is the same but ironclad has a cowboy hat"],"gold_per_floor":[119,69,79,79,94,94,94,108,161,161,161,40,40,66,66,164,164,177,26,38,38,56,56,89,89,89],"floor_reached":25,"playtime":592,"items_purged":[],"score":274,"play_id":"bb9bff7d-c040-491b-a22d-31fe7d1bb87c","local_time":"20201229012437","is_ascension_mode":true,"campfire_choices":[{"data":"Redo","floor":6.0,"key":"SMITH"},{"floor":10.0,"key":"REST"},{"data":"Loop","floor":13.0,"key":"SMITH"},{"data":"Redo","floor":15.0,"key":"SMITH"},{"floor":23.0,"key":"REST"}],"circlet_count":0,"master_deck":["Strike_B","Strike_B","Strike_B","Defend_B","Defend_B","Defend_B","Defend_B","Zap+1","Dualcast","Electrodynamics","Redo+1","Cold Snap","Chill","Ball Lightning","Loop+1","Redo+1","Gash+1","Sweeping Beam"],"relics":["Cracked Core","Juzu Bracelet","Blood Vial","Bag of Marbles","SacredBark","Lantern","Shuriken","Pen Nib"],"acts_visited":["Exordium","TheCity"],"potions_floor_usage":[25],"damage_taken":[{"damage":1.0,"enemies":"Cultist","floor":1.0,"turns":3.0},{"damage":7.0,"enemies":"2 Louse","floor":3.0,"turns":2.0},{"damage":0.0,"enemies":"Small Slimes","floor":5.0,"turns":2.0},{"damage":9.0,"enemies":"Blue Slaver","floor":8.0,"turns":3.0},{"damage":13.0,"enemies":"Lagavulin","floor":14.0,"turns":5.0},{"damage":41.0,"enemies":"The Guardian","floor":16.0,"turns":8.0},{"damage":33.0,"enemies":"2 Thieves","floor":18.0,"turns":3.0},{"damage":9.0,"enemies":"Shell Parasite","floor":20.0,"turns":4.0},{"damage":13.0,"enemies":"Chosen and Byrds","floor":22.0,"turns":3.0},{"damage":22.0,"enemies":"Book of Stabbing","floor":24.0,"turns":5.0},{"damage":19,"enemies":"Snake Plant","floor":25,"turns":3}],"seed_played":"2266608072651350174","potions_obtained":[{"floor":0.0,"key":"EntropicBrew"},{"floor":0.0,"key":"FocusPotion"},{"floor":0.0,"key":"SteroidPotion"},{"floor":22.0,"key":"Block Potion"}],"is_trial":false,"path_per_floor":["M","?","M","?","M","R","?","M","T","R","$","$","R","E","R","B",null,"M","$","M","?","M","R","E","M"],"character_chosen":"DEFECT","items_purchased":["Ball Lightning","Loop","Lantern"],"campfire_rested":2,"item_purchase_floors":[12,12,19],"current_hp_per_floor":[74,74,67,67,67,67,49,40,40,62,62,62,62,51,51,12,59,28,28,21,21,10,32,12,0,0],"gold":89,"neow_bonus":"THREE_SMALL_POTIONS","is_daily":false,"chose_seed":false,"campfire_upgraded":3,"win_rate":0.0,"timestamp":1609223077,"path_taken":["M","?","M","?","M","R","?","M","T","R","?","$","R","E","R","BOSS","M","$","M","?","M","R","E","M"],"items_purchased_type":["Card","Card","Relic"],"build_version":"2020-12-22","purchased_purges":0,"victory":false,"max_hp_per_floor":[75,75,75,75,75,75,75,75,75,75,75,75,75,75,75,75,75,75,75,75,75,75,75,75,75,75],"card_choices":[{"not_picked":["Beam Cell","Cold Snap"],"picked":"Electrodynamics","floor":1.0},{"not_picked":["Hologram","Streamline"],"picked":"Redo","floor":3.0},{"not_picked":["Streamline","Conserve Battery"],"picked":"Cold Snap","floor":5.0},{"not_picked":["Undo","Barrage"],"picked":"Chill","floor":8.0},{"not_picked":["Doom and Gloom","Cold Snap"],"picked":"Redo","floor":14.0},{"not_picked":["Auto Shields","Streamline"],"picked":"Gash+1","floor":18.0},{"not_picked":["Stack","Coolheaded+1"],"picked":"Sweeping Beam","floor":20.0},{"not_picked":["Scrape","Heatsinks","Conserve Battery"],"picked":"SKIP","floor":22.0},{"not_picked":["Tempest","Rebound+1","Consume"],"picked":"SKIP","floor":24.0}],"player_experience":421019,"relics_obtained":[{"floor":9.0,"key":"Blood Vial"},{"floor":14.0,"key":"Bag of Marbles"},{"floor":24.0,"key":"Pen Nib"}],"event_choices":[{"cards_removed":["Strike_B"],"damage_healed":0.0,"max_hp_gain":0.0,"max_hp_loss":0.0,"gold_gain":0.0,"event_name":"The Cleric","player_choice":"Card Removal","floor":2.0,"gold_loss":50.0,"damage_taken":0.0},{"damage_healed":0.0,"max_hp_gain":0.0,"max_hp_loss":0.0,"gold_gain":0.0,"event_name":"Living Wall","player_choice":"Grow","floor":4.0,"gold_loss":0.0,"damage_taken":0.0,"cards_upgraded":["Zap"]},{"damage_healed":0.0,"max_hp_gain":0.0,"max_hp_loss":0.0,"gold_gain":0.0,"event_name":"Scrap Ooze","player_choice":"Success","floor":7.0,"gold_loss":0.0,"damage_taken":18.0,"relics_obtained":["Juzu Bracelet"]},{"damage_healed":0.0,"max_hp_gain":0.0,"max_hp_loss":0.0,"gold_gain":0.0,"event_name":"The Mausoleum","player_choice":"Opened","floor":21.0,"gold_loss":0.0,"damage_taken":0.0,"relics_obtained":["Shuriken"]}],"is_beta":false,"boss_relics":[{"not_picked":["Astrolabe","Cursed Key"],"picked":"SacredBark"}],"items_purged_floors":[],"is_endless":false,"potions_floor_spawned":[1,5,22],"killed_by":"Snake Plant","ascension_level":5}}