{"host":"2se5dq1do2gp0x9k","time":1609207363,"event":{"mods":["BaseMod","Block Reminder","Colored Map","Colored Powertips","Minty Spire (QoL Compilation)","Relic Stats","StSLib","SuperFastMode","Synergy Search"],"gold_per_floor":[115,135,135,152,152,152,185,185,236,248,311,276,306,324,324,395,395,406,406,420,420,30,30,56,56,56,71,98,108,108,141,141,219,219,237,251,276,276,291,311,311,311,311],"floor_reached":42,"playtime":2063,"items_purged":["Strike_R"],"score":932,"play_id":"b5e0b2b5-b59e-414b-b990-09993a37ee7a","local_time":"20201228180243","is_ascension_mode":true,"campfire_choices":[{"data":"Flex","floor":6.0,"key":"SMITH"},{"data":"True Grit","floor":8.0,"key":"SMITH"},{"floor":15.0,"key":"REST"},{"data":"Armaments","floor":23.0,"key":"SMITH"},{"data":"Rupture","floor":25.0,"key":"SMITH"},{"data":"1","floor":32.0,"key":"LIFT"}],"circlet_count":0,"master_deck":["AscendersBane","Strike_R","Defend_R","Defend_R","Defend_R","Defend_R","Bash","Whirlwind+1","Flex+1","Brutality","Shrug It Off","True Grit+1","Rupture+1","Battle Trance","Reaper","Seeing Red","Warcry","Hemokinesis","Armaments+1","Sentinel","Dark Shackles","Second Wind+1","Shockwave+1","Reaper","Feel No Pain+1","Sentinel+1","Flex+1","Spot Weakness","Forethought","PanicButton","Panacea"],"relics":["Burning Blood","Toy Ornithopter","Red Skull","Bag of Preparation","Bronze Scales","Question Card","Runic Pyramid","Brimstone","Frozen Egg 2","Paper Frog","Eternal Feather","Girya","Fusion Hammer","Pocketwatch"],"acts_visited":["Exordium","TheCity","TheBeyond"],"potions_floor_usage":[],"damage_taken":[{"damage":6.0,"enemies":"2 Louse","floor":1.0,"turns":4.0},{"damage":6.0,"enemies":"Cultist","floor":2.0,"turns":3.0},{"damage":20.0,"enemies":"Small Slimes","floor":4.0,"turns":3.0},{"damage":10.0,"enemies":"3 Sentries","floor":7.0,"turns":4.0},{"damage":0.0,"enemies":"3 Louse","floor":10.0,"turns":1.0},{"damage":38.0,"enemies":"Gremlin Nob","floor":11.0,"turns":4.0},{"damage":38.0,"enemies":"Gremlin Nob","floor":13.0,"turns":4.0},{"damage":0.0,"enemies":"Blue Slaver","floor":14.0,"turns":2.0},{"damage":38.0,"enemies":"The Guardian","floor":16.0,"turns":9.0},{"damage":35.0,"enemies":"Spheric Guardian","floor":18.0,"turns":6.0},{"damage":26.0,"enemies":"2 Thieves","floor":20.0,"turns":4.0},{"damage":30.0,"enemies":"Slavers","floor":24.0,"turns":3.0},{"damage":0.0,"enemies":"Snake Plant","floor":27.0,"turns":2.0},{"damage":28.0,"enemies":"Book of Stabbing","floor":28.0,"turns":4.0},{"damage":1.0,"enemies":"Chosen and Byrds","floor":29.0,"turns":3.0},{"damage":63.0,"enemies":"Slavers","floor":31.0,"turns":5.0},{"damage":77.0,"enemies":"Automaton","floor":33.0,"turns":7.0},{"damage":11.0,"enemies":"3 Darklings","floor":35.0,"turns":2.0},{"damage":14.0,"enemies":"Orb Walker","floor":36.0,"turns":4.0},{"damage":2,"enemies":"Mind Bloom Boss Battle","floor":37,"turns":4},{"damage":40,"enemies":"Transient","floor":39,"turns":6},{"damage":34,"enemies":"Writhing Mass","floor":40,"turns":4},{"damage":77,"enemies":"Reptomancer","floor":42,"turns":2}],"seed_played":"2006338052090782684","potions_obtained":[{"floor":1.0,"key":"Energy Potion"},{"floor":13.0,"key":"LiquidBronze"},{"floor":14.0,"key":"FearPotion"},{"floor":16.0,"key":"GamblersBrew"},{"floor":27.0,"key":"CultistPotion"},{"floor":29.0,"key":"GamblersBrew"},{"floor":36.0,"key":"Energy Potion"}],"is_trial":false,"path_per_floor":["M","M","?","M","?","R","E","R","T","M","?","?","E","M","R","B",null,"M","?","M","?","$","R","E","R","T","M","E","M","?","E","R","B",null,"M","M","?","?","M","M","?","E"],"character_chosen":"IRONCLAD","items_purchased":["Brimstone","Sentinel","Dark Shackles"],"campfire_rested":1,"item_purchase_floors":[22,22,22],"current_hp_per_floor":[68,68,68,54,54,54,55,55,55,61,29,47,15,21,43,16,60,46,46,33,33,33,33,41,41,41,52,51,56,56,34,46,30,64,59,60,75,71,71,71,61,0,0],"gold":311,"neow_bonus":"RANDOM_COMMON_RELIC","is_daily":false,"chose_seed":false,"campfire_upgraded":4,"win_rate":0.0,"timestamp":1609207363,"path_taken":["M","M","?","?","?","R","E","R","T","M","?","?","E","M","R","BOSS","BOSS","M","?","M","?","$","R","E","R","T","M","E","?","?","E","R","BOSS","M","M","?","?","M","M","?","E"],"items_purchased_type":["Relic","Card","Card"],"build_version":"2020-12-22","purchased_purges":1,"victory":false,"max_hp_per_floor":[75,75,75,75,75,75,75,75,75,75,75,75,75,75,75,75,75,75,75,75,75,75,75,75,75,75,75,75,75,75,75,75,75,75,75,75,75,71,71,71,71,71,71],"relic_stats":{"counters":[23,90],"Bronze Scales":[219],"Eternal Feather":12,"Bag of Preparation":[38],"Question Card":19,"obtain_stats":[{"Girya":31,"Eternal Feather":28,"Bag of Preparation":9,"Frozen Egg 2":24,"Question Card":13,"Burning Blood":0,"Brimstone":22,"Bronze Scales":11,"Fusion Hammer":34,"Toy Ornithopter":0,"Red Skull":7,"Runic Pyramid":17,"Paper Frog":26,"Pocketwatch":37},{"Girya":16,"Eternal Feather":14,"Bag of Preparation":4,"Frozen Egg 2":12,"Question Card":7,"Burning Blood":0,"Brimstone":11,"Bronze Scales":6,"Fusion Hammer":17,"Toy Ornithopter":0,"Red Skull":4,"Runic Pyramid":9,"Paper Frog":12,"Pocketwatch":20},{"Girya":61,"Eternal Feather":53,"Bag of Preparation":14,"Frozen Egg 2":47,"Question Card":23,"Burning Blood":0,"Brimstone":44,"Bronze Scales":19,"Fusion Hammer":68,"Toy Ornithopter":0,"Red Skull":14,"Runic Pyramid":34,"Paper Frog":47,"Pocketwatch":78}],"Burning Blood":115,"Toy Ornithopter":20,"Pocketwatch":[0]},"card_choices":[{"not_picked":["Hemokinesis","Clothesline"],"picked":"Whirlwind","floor":1.0},{"not_picked":["Headbutt","Thunderclap"],"picked":"Flex","floor":2.0},{"not_picked":["Dual Wield","Sword Boomerang"],"picked":"Shrug It Off","floor":4.0},{"not_picked":["Entrench","Perfected Strike"],"picked":"True Grit","floor":7.0},{"not_picked":["Wild Strike","Sword Boomerang"],"picked":"Rupture","floor":10.0},{"not_picked":["True Grit","Clash","Metallicize"],"picked":"SKIP","floor":13.0},{"not_picked":["Exhume","Clothesline","Sword Boomerang"],"picked":"Battle Trance","floor":14.0},{"not_picked":["Corruption","Berserk","Exhume"],"picked":"Reaper","floor":16.0},{"not_picked":["Shrug It Off","Body Slam","Perfected Strike"],"picked":"Seeing Red","floor":18.0},{"not_picked":["Spot Weakness+1","Sentinel","Burning Pact"],"picked":"Armaments","floor":20.0},{"not_picked":["Wild Strike","Whirlwind","Headbutt","Warcry"],"picked":"SKIP","floor":24.0},{"not_picked":["Barricade+1","Bloodletting","Anger"],"picked":"Second Wind+1","floor":27.0},{"not_picked":["Warcry","Wild Strike","Cleave"],"picked":"Shockwave+1","floor":28.0},{"not_picked":["Whirlwind","Clothesline","Searing Blow","Inflame+1"],"picked":"SKIP","floor":29.0},{"not_picked":["Clash","Carnage","Fire Breathing+1","Cleave"],"picked":"SKIP","floor":31.0},{"not_picked":["Demon Form+1","Bludgeon","Feed"],"picked":"Reaper","floor":33.0},{"not_picked":["Infernal Blade","Power Through","Heavy Blade","Anger"],"picked":"SKIP","floor":35.0},{"not_picked":["Dual Wield+1","Perfected Strike","Rage"],"picked":"Feel No Pain+1","floor":36.0},{"not_picked":["Iron Wave+1","Shrug It Off","Anger"],"picked":"Sentinel+1","floor":37},{"not_picked":["Dual Wield+1","Iron Wave","Shockwave"],"picked":"Flex+1","floor":39},{"not_picked":["Disarm+1","Rage","Bludgeon"],"picked":"Spot Weakness","floor":40},{"not_picked":["Flash of Steel","Mind Blast","Magnetism+1"],"picked":"Forethought","floor":41},{"not_picked":["Apotheosis","Panache+1","Good Instincts"],"picked":"PanicButton","floor":41},{"not_picked":["Purity","Violence","Chrysalis"],"picked":"Panacea","floor":41}],"player_experience":3641606,"relics_obtained":[{"floor":7.0,"key":"Red Skull"},{"floor":9.0,"key":"Bag of Preparation"},{"floor":11.0,"key":"Bronze Scales"},{"floor":13.0,"key":"Question Card"},{"floor":24.0,"key":"Frozen Egg 2"},{"floor":26.0,"key":"Paper Frog"},{"floor":28.0,"key":"Eternal Feather"},{"floor":31.0,"key":"Girya"},{"floor":37,"key":"Pocketwatch"}],"event_choices":[{"damage_healed":0.0,"max_hp_gain":0.0,"max_hp_loss":0.0,"gold_gain":0.0,"cards_transformed":["Strike_R"],"event_name":"Transmorgrifier","player_choice":"Transformed","floor":3.0,"gold_loss":0.0,"damage_taken":0.0,"cards_obtained":["Brutality"]},{"damage_healed":0.0,"max_hp_gain":0.0,"max_hp_loss":0.0,"gold_gain":0.0,"event_name":"Living Wall","player_choice":"Grow","floor":5.0,"gold_loss":0.0,"damage_taken":0.0,"cards_upgraded":["Whirlwind"]},{"damage_healed":0.0,"max_hp_gain":0.0,"max_hp_loss":0.0,"gold_gain":0.0,"event_name":"Dead Adventurer","player_choice":"Searched \u00271\u0027 times","floor":11.0,"gold_loss":0.0,"damage_taken":0.0},{"damage_healed":18.0,"max_hp_gain":0.0,"max_hp_loss":0.0,"gold_gain":0.0,"event_name":"The Cleric","player_choice":"Healed","floor":12.0,"gold_loss":35.0,"damage_taken":0.0},{"damage_healed":0.0,"max_hp_gain":0.0,"max_hp_loss":0.0,"gold_gain":0.0,"cards_transformed":["Strike_R","Strike_R"],"event_name":"Drug Dealer","player_choice":"Became Test Subject","floor":19.0,"gold_loss":0.0,"damage_taken":0.0,"cards_obtained":["Warcry","Hemokinesis"]},{"damage_healed":0.0,"max_hp_gain":0.0,"max_hp_loss":0.0,"gold_gain":0.0,"event_name":"N\u0027loth","player_choice":"Ignored","floor":21.0,"gold_loss":0.0,"damage_taken":0.0},{"damage_healed":0.0,"max_hp_gain":0.0,"max_hp_loss":0.0,"gold_gain":0.0,"event_name":"Vampires","player_choice":"Ignored","floor":30.0,"gold_loss":0.0,"damage_taken":0.0},{"damage_healed":0,"gold_gain":0,"player_choice":"Fight","damage_taken":0,"max_hp_gain":0,"max_hp_loss":0,"event_name":"MindBloom","floor":37,"gold_loss":0},{"damage_healed":0,"gold_gain":0,"player_choice":"Max HP","damage_taken":0,"max_hp_gain":0,"max_hp_loss":4,"event_name":"Winding Halls","floor":38,"gold_loss":0},{"damage_healed":0,"gold_gain":0,"player_choice":"Memory 3","damage_taken":10,"max_hp_gain":0,"max_hp_loss":0,"event_name":"SensoryStone","floor":41,"gold_loss":0}],"is_beta":false,"boss_relics":[{"not_picked":["Snecko Eye","Black Star"],"picked":"Runic Pyramid"},{"not_picked":["Pandora\u0027s Box","Mark of Pain"],"picked":"Fusion Hammer"}],"items_purged_floors":[22],"is_endless":false,"potions_floor_spawned":[1,13,14,16,18,27,29,33,36],"killed_by":"Reptomancer","ascension_level":20}}