{"host":"hhk99zdwe8tkcyq7","time":1609227893,"event":{"mods":["AchievementEnabler","BaseMod","Minty Spire (QoL Compilation)"],"gold_per_floor":[109,120,138,138,138,164,164,176,200,231,231,244,260,185,185,283,283,301,321,59,59,59,59,59,59,59,74,91,110,110,139,139,139,139],"floor_reached":33,"playtime":1639,"items_purged":["Strike_R"],"score":327,"play_id":"eecc4abe-e9cb-4d5c-b169-1102cca28fea","local_time":"20201229014453","is_ascension_mode":false,"campfire_choices":[{"floor":7,"key":"REST"},{"data":"Rampage","floor":11,"key":"SMITH"},{"floor":15,"key":"REST"},{"floor":23,"key":"REST"},{"floor":25,"key":"REST"},{"floor":30,"key":"REST"},{"floor":32,"key":"REST"}],"circlet_count":0,"master_deck":["Strike_R+1","Strike_R+1","Strike_R+1","Strike_R+1","Defend_R+1","Defend_R+1","Defend_R+1","Thunderclap","Warcry","Clash","Cleave","Perfected Strike","Rampage+1","Carnage","Feed","Cleave+1","Anger","Clash","Clash"],"relics":["Burning Blood","NeowsBlessing","Bag of Preparation","PreservedInsect","Nunchaku","Empty Cage","Meat on the Bone","Nilry\u0027s Codex","Blood Vial","White Beast Statue"],"acts_visited":["Exordium","TheCity"],"potions_floor_usage":[5,16,33,33,33],"damage_taken":[{"damage":0,"enemies":"Small Slimes","floor":1,"turns":1},{"damage":0,"enemies":"Jaw Worm","floor":2,"turns":1},{"damage":0,"enemies":"Cultist","floor":3,"turns":1},{"damage":33,"enemies":"3 Sentries","floor":6,"turns":10},{"damage":14,"enemies":"Blue Slaver","floor":8,"turns":3},{"damage":13,"enemies":"Gremlin Nob","floor":10,"turns":3},{"damage":6,"enemies":"2 Fungi Beasts","floor":12,"turns":2},{"damage":6,"enemies":"Exordium Wildlife","floor":13,"turns":2},{"damage":0,"enemies":"Slime Boss","floor":16,"turns":6},{"damage":29,"enemies":"Chosen","floor":18,"turns":6},{"damage":27,"enemies":"Spheric Guardian","floor":19,"turns":4},{"damage":37,"enemies":"Cultist and Chosen","floor":27,"turns":6},{"damage":34,"enemies":"Snake Plant","floor":28,"turns":3},{"damage":29,"enemies":"Snecko","floor":29,"turns":5},{"damage":29,"enemies":"Gremlin Leader","floor":31,"turns":4},{"damage":117,"enemies":"Automaton","floor":33,"turns":6}],"seed_played":"-1440714263961485686","potions_obtained":[{"floor":1,"key":"Strength Potion"},{"floor":5,"key":"Fruit Juice"},{"floor":5,"key":"AttackPotion"},{"floor":5,"key":"LiquidMemories"},{"floor":16,"key":"Dexterity Potion"},{"floor":28,"key":"Fire Potion"}],"is_trial":false,"path_per_floor":["M","M","M","?","?","E","R","M","T","E","R","M","M","$","R","B",null,"M","M","$","?","?","R","$","R","T","M","M","M","R","E","R","B"],"character_chosen":"IRONCLAD","items_purchased":["Meat on the Bone"],"campfire_rested":6,"item_purchase_floors":[20],"current_hp_per_floor":[80,80,80,80,85,58,83,75,75,68,68,68,68,68,85,85,85,62,44,44,44,28,54,54,80,80,51,37,31,58,49,76,0,0],"gold":139,"neow_bonus":"THREE_ENEMY_KILL","is_daily":false,"chose_seed":false,"campfire_upgraded":1,"win_rate":0.0,"timestamp":1609227893,"path_taken":["M","M","M","?","?","E","R","M","T","E","R","?","M","$","R","BOSS","M","M","$","?","?","R","?","R","T","M","M","M","R","E","R","BOSS"],"items_purchased_type":["Relic"],"build_version":"2020-12-22","purchased_purges":1,"victory":false,"max_hp_per_floor":[80,80,80,80,85,85,85,85,85,85,85,85,85,85,85,85,85,85,88,88,88,88,88,88,88,88,88,88,91,91,91,91,91,91],"card_choices":[{"not_picked":["Burning Pact","Blood for Blood"],"picked":"Thunderclap","floor":1},{"not_picked":["True Grit","Flame Barrier"],"picked":"Warcry","floor":2},{"not_picked":["Clothesline","Inflame"],"picked":"Clash","floor":3},{"not_picked":["Combust","Clash"],"picked":"Cleave","floor":6},{"not_picked":["Limit Break","Clash"],"picked":"Perfected Strike","floor":8},{"not_picked":["Pommel Strike","Second Wind"],"picked":"Rampage","floor":10},{"not_picked":["Warcry","Perfected Strike"],"picked":"Carnage","floor":12},{"not_picked":["Infernal Blade","Sword Boomerang","Armaments"],"picked":"SKIP","floor":13},{"not_picked":["Demon Form","Barricade"],"picked":"Feed","floor":16},{"not_picked":["Clothesline","Armaments","Warcry"],"picked":"SKIP","floor":18},{"not_picked":["Hemokinesis","Sever Soul+1"],"picked":"Cleave+1","floor":19},{"not_picked":["Sword Boomerang+1","Entrench+1"],"picked":"Anger","floor":27},{"not_picked":["Iron Wave+1","Metallicize"],"picked":"Clash","floor":28},{"not_picked":["Second Wind+1","Iron Wave","Heavy Blade"],"picked":"SKIP","floor":29},{"not_picked":["Twin Strike","Reaper"],"picked":"Clash","floor":31}],"player_experience":7145,"relics_obtained":[{"floor":6,"key":"Bag of Preparation"},{"floor":9,"key":"PreservedInsect"},{"floor":10,"key":"Nunchaku"},{"floor":22,"key":"Nilry\u0027s Codex"},{"floor":26,"key":"Blood Vial"},{"floor":31,"key":"White Beast Statue"}],"event_choices":[{"damage_healed":0,"gold_gain":0,"player_choice":"Ignored","damage_taken":0,"max_hp_gain":0,"max_hp_loss":0,"event_name":"Liars Game","floor":4,"gold_loss":0},{"damage_healed":0,"gold_gain":0,"player_choice":"Got Potions","damage_taken":0,"max_hp_gain":0,"max_hp_loss":0,"event_name":"Lab","floor":5,"gold_loss":0},{"damage_healed":0,"gold_gain":0,"player_choice":"Simplicity","damage_taken":0,"max_hp_gain":0,"max_hp_loss":0,"event_name":"Back to Basics","floor":21,"gold_loss":0,"cards_upgraded":["Strike_R","Strike_R","Strike_R","Strike_R","Defend_R","Defend_R","Defend_R"]},{"damage_healed":0,"gold_gain":0,"player_choice":"Obtained Book","damage_taken":16,"max_hp_gain":0,"max_hp_loss":0,"event_name":"Cursed Tome","floor":22,"gold_loss":0}],"is_beta":false,"boss_relics":[{"not_picked":["Fusion Hammer","Calling Bell"],"picked":"Empty Cage"}],"items_purged_floors":[14],"is_endless":false,"potions_floor_spawned":[1,8,12,16,18,19,27,28],"killed_by":"Automaton","ascension_level":0}}