{"host":"ji1fk25fd1ga4ji1","time":1609252724,"event":{"mods":["2.2 Compatiblity","BaseMod","Colored Map","DeckTracker","Minty Spire (QoL Compilation)","Permanent Neow","Quick Restart","StSLib","SuperFastMode"],"gold_per_floor":[18,35,53,73,73,73,98,98,98,110,125,125,140,140,140,140,140],"floor_reached":16,"playtime":258,"items_purged":[],"score":99,"play_id":"831e1f52-b014-4156-a475-d56a34ab6030","local_time":"20201229233844","is_ascension_mode":true,"campfire_choices":[{"data":"Streamline","floor":6,"key":"SMITH"},{"data":"Go for the Eyes","floor":8,"key":"SMITH"},{"floor":12,"key":"REST"},{"data":"Conserve Battery","floor":15,"key":"SMITH"}],"circlet_count":0,"master_deck":["Strike_B","Strike_B","Strike_B","Defend_B","Defend_B","Defend_B","Defend_B","Zap","Dualcast","All For One","Streamline+1","Gash","Go for the Eyes+1","Seek","Recycle","Conserve Battery+1"],"relics":["Cracked Core","Odd Mushroom","Happy Flower"],"acts_visited":["Exordium"],"potions_floor_usage":[16],"damage_taken":[{"damage":1,"enemies":"Cultist","floor":1,"turns":3},{"damage":6,"enemies":"Jaw Worm","floor":2,"turns":3},{"damage":0,"enemies":"2 Louse","floor":3,"turns":2},{"damage":19,"enemies":"Exordium Thugs","floor":4,"turns":5},{"damage":28,"enemies":"The Mushroom Lair","floor":7,"turns":4},{"damage":0,"enemies":"Exordium Wildlife","floor":10,"turns":3},{"damage":12,"enemies":"Blue Slaver","floor":11,"turns":2},{"damage":9,"enemies":"Exordium Thugs","floor":13,"turns":4},{"damage":11,"enemies":"Slime Boss","floor":16,"turns":6}],"seed_played":"-5483990618819323093","potions_obtained":[{"floor":3,"key":"SteroidPotion"},{"floor":11,"key":"PotionOfCapacity"}],"is_trial":false,"path_per_floor":["M","M","M","M","$","R","?","R","T","M","M","R","M","?","R","B"],"character_chosen":"DEFECT","items_purchased":[],"campfire_rested":1,"item_purchase_floors":[],"current_hp_per_floor":[74,68,68,49,49,49,21,21,21,21,9,31,22,22,22,11,11],"gold":140,"neow_bonus":"THREE_RARE_CARDS","is_daily":false,"chose_seed":false,"campfire_upgraded":3,"win_rate":0.0,"timestamp":1609252724,"path_taken":["M","M","M","M","$","R","?","R","T","M","M","R","M","?","R","BOSS"],"items_purchased_type":[],"build_version":"2020-12-22","purchased_purges":0,"victory":false,"max_hp_per_floor":[75,75,75,75,75,75,75,75,75,75,75,75,75,75,75,75,75],"card_choices":[{"not_picked":["Biased Cognition","Seek"],"picked":"All For One","floor":0},{"not_picked":["Turbo","Leap"],"picked":"Streamline","floor":1},{"not_picked":["Beam Cell","Hologram"],"picked":"Gash","floor":2},{"not_picked":["Barrage","Streamline","Defragment"],"picked":"SKIP","floor":3},{"not_picked":["Rebound","Reinforced Body","Go for the Eyes"],"picked":"SKIP","floor":4},{"not_picked":["Rebound","Reinforced Body"],"picked":"Go for the Eyes","floor":4},{"not_picked":["Barrage","Streamline"],"picked":"Seek","floor":7},{"not_picked":["Sweeping Beam","Coolheaded"],"picked":"Recycle","floor":10},{"not_picked":["Hello World","Defragment","Chill"],"picked":"SKIP","floor":11},{"not_picked":["Steam","Blizzard"],"picked":"Conserve Battery","floor":13}],"player_experience":1232010,"relics_obtained":[{"floor":7,"key":"Odd Mushroom"},{"floor":9,"key":"Happy Flower"}],"event_choices":[{"damage_healed":0,"gold_gain":0,"player_choice":"Fought Mushrooms","damage_taken":0,"max_hp_gain":0,"max_hp_loss":0,"event_name":"Mushrooms","floor":7,"gold_loss":0},{"cards_removed":["Strike_B"],"damage_healed":0,"gold_gain":0,"player_choice":"Forget","damage_taken":0,"max_hp_gain":0,"max_hp_loss":0,"event_name":"Living Wall","floor":14,"gold_loss":0}],"is_beta":false,"boss_relics":[],"items_purged_floors":[],"is_endless":false,"potions_floor_spawned":[3,11],"killed_by":"Slime Boss","ascension_level":1}}