{"host":"5hj512uv6i1x1iks","time":1609272638,"event":{"mods":["BaseMod","Bestiary","Colored Powertips","Highlight Path","Minty Spire (QoL Compilation)","Random Character Button","Rare Cards Sparkle","Relic Stats","Slay the Relics Exporter","StSLib"],"gold_per_floor":[115,128,203,48,65,65,76,93,93,122,133,133,6,33,33,33,33],"floor_reached":16,"playtime":466,"items_purged":["Strike_P"],"score":213,"play_id":"bae5736d-acbd-43fb-b2b1-cf6d6d1411ca","local_time":"20201229141038","is_ascension_mode":true,"campfire_choices":[{"data":"LikeWater","floor":6,"key":"SMITH"},{"floor":15,"key":"REST"}],"circlet_count":0,"master_deck":["AscendersBane","Strike_P","Strike_P","Defend_P","Defend_P","Defend_P","Eruption","Vigilance+1","EmptyFist","Protect","FearNoEvil","LikeWater+1","FollowUp","Vengeance","BowlingBash","EmptyBody","Halt"],"relics":["Empty Cage","StrikeDummy","Molten Egg 2","Ornamental Fan"],"acts_visited":["Exordium"],"potions_floor_usage":[16],"damage_taken":[{"damage":0,"enemies":"Jaw Worm","floor":1,"turns":3},{"damage":4,"enemies":"2 Louse","floor":2,"turns":3},{"damage":4,"enemies":"Small Slimes","floor":5,"turns":3},{"damage":2,"enemies":"Red Slaver","floor":7,"turns":3},{"damage":3,"enemies":"Large Slime","floor":8,"turns":4},{"damage":18,"enemies":"Gremlin Nob","floor":10,"turns":4},{"damage":0,"enemies":"2 Fungi Beasts","floor":11,"turns":2},{"damage":9,"enemies":"Lagavulin","floor":14,"turns":8},{"damage":36,"enemies":"Hexaghost","floor":16,"turns":11}],"seed_played":"-2380115588631573864","potions_obtained":[{"floor":5,"key":"Energy Potion"},{"floor":7,"key":"DistilledChaos"}],"is_trial":false,"path_per_floor":["M","M","?","$","M","R","M","M","T","E","M","?","$","E","R","B"],"character_chosen":"WATCHER","items_purchased":["FearNoEvil","LikeWater","Halt"],"campfire_rested":1,"item_purchase_floors":[4,4,13],"current_hp_per_floor":[61,57,46,46,42,42,40,37,37,19,19,19,19,10,30,0,0],"gold":33,"neow_bonus":"BOSS_RELIC","is_daily":false,"chose_seed":false,"campfire_upgraded":1,"win_rate":0.0,"timestamp":1609272638,"path_taken":["M","M","?","$","M","R","M","M","T","E","M","?","?","E","R","BOSS"],"items_purchased_type":["Card","Card","Card"],"build_version":"2020-12-22","purchased_purges":1,"victory":false,"max_hp_per_floor":[68,68,68,68,68,68,68,68,68,68,68,68,68,68,68,68,68],"relic_stats":{"counters":[9,41],"Ornamental Fan":[12],"obtain_stats":[{"Ornamental Fan":14,"Molten Egg 2":10,"PureWater":0,"Empty Cage":0,"StrikeDummy":9},{"Ornamental Fan":8,"Molten Egg 2":6,"PureWater":0,"Empty Cage":0,"StrikeDummy":5},{"Ornamental Fan":30,"Molten Egg 2":20,"PureWater":0,"Empty Cage":0,"StrikeDummy":16}]},"card_choices":[{"not_picked":["Swivel","WaveOfTheHand"],"picked":"EmptyFist","floor":1},{"not_picked":["Prostrate","FollowUp"],"picked":"Protect","floor":2},{"not_picked":["PathToVictory","Prostrate"],"picked":"FollowUp","floor":5},{"not_picked":["Swivel","JustLucky"],"picked":"Vengeance","floor":7},{"not_picked":["Perseverance","EmptyMind"],"picked":"BowlingBash","floor":8},{"not_picked":["Swivel","DeusExMachina"],"picked":"EmptyBody","floor":10},{"not_picked":["BowlingBash+1","FearNoEvil+1","FlyingSleeves+1"],"picked":"SKIP","floor":11},{"not_picked":["EmptyBody","SashWhip+1","BattleHymn"],"picked":"SKIP","floor":14}],"player_experience":529767,"relics_obtained":[{"floor":9,"key":"StrikeDummy"},{"floor":10,"key":"Molten Egg 2"},{"floor":14,"key":"Ornamental Fan"}],"event_choices":[{"damage_healed":0,"gold_gain":75,"player_choice":"Gather Gold","damage_taken":11,"max_hp_gain":0,"max_hp_loss":0,"event_name":"World of Goop","floor":3,"gold_loss":0},{"damage_healed":0,"gold_gain":0,"player_choice":"Grow","damage_taken":0,"max_hp_gain":0,"max_hp_loss":0,"event_name":"Living Wall","floor":12,"gold_loss":0,"cards_upgraded":["Vigilance"]}],"is_beta":false,"boss_relics":[],"items_purged_floors":[13],"is_endless":false,"potions_floor_spawned":[5,7,11],"killed_by":"Hexaghost","ascension_level":18}}