{"host":"89b1o62hw5aqf71h","time":1609285052,"event":{"mods":["Ascension Reborn","Ascension Unlocker","Aspiration","Bard","BaseMod","Bestiary","Better Silent Start","Better-Laid Plans","BetterRewards","Challenge The Spire","Colored Map","Colored Powertips","Conspire","Downfall","Energized Spire","Grow up Mod","Hubris","HumanHunterMod(????mod)","Infinite Spire","JesterMod","Marisa????????","Mimic Mod","Minty Spire (QoL Compilation)","Potionbrewer","Random Character Button","Random Character Mod","Replay The Spire","Retaliation","Shop Mod","Small Relic Pack","Spicy Shops","Spikes Relics","StSLib","The Blue Laboratory","Thieving Mod","Uncapped","Waifu the Spire","everything is the same but u backflip on backflip","vexMod","??????REMEMod"],"gold_per_floor":[144,144,156,206,259,259,259,259,297,297,397,397,486,304,304,523,523,583,651,651,651,739,873,940,940,940,348,348,348,439,519,519,690,690,932,932,960,960,1962,2048,1560,1595,1621,1621,1621,1633,1835,1916,1916,1916,1916],"floor_reached":50,"playtime":3624,"items_purged":["ReplayRNGCard","ReplayTheSpireMod:Restless Dread"],"score":915,"play_id":"0508e321-d067-4a9d-a8cb-a8bfde80937b","local_time":"20201229183732","is_ascension_mode":true,"campfire_choices":[{"data":"UnstableBomb","floor":6.0,"key":"SMITH"},{"data":"UnstableBomb+1","floor":8.0,"key":"SMITH"},{"data":"UnstableBomb+2","floor":12.0,"key":"SMITH"},{"data":"UnstableBomb+3","floor":15.0,"key":"SMITH"},{"floor":25.0,"key":"REST"},{"floor":29.0,"key":"REST"},{"floor":32.0,"key":"REST"},{"floor":49.0,"key":"REST"}],"circlet_count":0,"master_deck":["conspire:GhostlyStrike","conspire:GhostlyStrike","conspire:GhostlyStrike","conspire:GhostlyDefend","MasterSpark","UpSweep","Clumsy","StarDustReverie","6A","expansioncontent:Sear","MysteriousBeam","UnstableBomb+4","Amnesia","TreasureHunter","hubris:Gluttony","PowerUp+1","WitchOfGreed","Flash of Steel","Voices","JA","conspire:Blindness","UnstableBomb+4","EnergyFlow","IllusionStar+1","Heel Hook","Cloak And Dagger","Deflect","hubris:Disease","hubris:Sloth","Parasite","CommonCold","ReplayTheSpireMod:Doomed","hubris:Despair","Doubt","UltimateShortwave","LuminesStrike","Blind","GalacticHalo","infinitespire:Execution","ReplayTheSpireMod:Haul","Voices","WitchLeyline","hexamod:Haunted","Decay","hubris:Despair","EarthLightRay+1","sneckomod:Bewildered","DeepEcoloBomb","PropBag+1","Looming Evil","hexamod:Haunted","hubris:Gluttony","relicPack:TruthCard","Spreading Infection","Replay:Sluggish","BlessedFruit","BlessedFruit","Clumsy","ManaRampage+1","MachineGunSpark","MilkyWay+1","FinalSpark+1","WitchLeyline","IllusionStar","Amnesia","ReplayTheSpireMod:IOU","WitchOfGreed+1","DarkSpark+1","PowerUp+1","hubris:DuctTapeCard"],"relics":["MiniHakkero","REME_ComplimentaryCards","Membership Card","Juzu Bracelet","REME_PuzzleBoxRelic","aspiration:TomeofQuesting","RollingBoulder","hubris:GrandSneckoEye","MerchantsRug","conspire:InfiniteJournal","Ring of Hypnosis","Ring of Greed","infinitespire:Midas Blood","Replay:Bandana","Bird Faced Urn","SpikesRelics:DaevaFist","vexMod:EndlessSickness","MutagenicStrength","Replay:Rubber Ducky","vexMod:ConsolationPrize","vexMod:FocusSash","REME_CardOfGreed","vexMod:Spyglass","Pen Nib","infinitespire:Satchel","Golden Egg","hubris:HollowSoul","Prayer Wheel","SacredBark","Centennial Puzzle","relicPack:OneForAll","infinitespire:Lucky Rock","Prayer Wheel","HeavenlyBonsai","hubris:DuctTape","Chemical X","vexMod:RetaliationKit","potionbrewer:Torch","aspiration:Lifesprig","DollysMirror","SnailShell","hubris:Towel","vexMod:BarristanHead"],"acts_visited":["Exordium","TheCity","TheBeyond"],"potions_floor_usage":[],"damage_taken":[{"damage":0.0,"enemies":"Small Slimes","floor":1.0,"turns":3.0},{"damage":0.0,"enemies":"conspire:RoseBush","floor":3.0,"turns":1.0},{"damage":6.0,"enemies":"Cultist","floor":5.0,"turns":4.0},{"damage":0.0,"enemies":"Exordium Thugs","floor":9.0,"turns":2.0},{"damage":2.0,"enemies":"Lagavulin","floor":13.0,"turns":3.0},{"damage":14.0,"enemies":"Fading Forest","floor":16.0,"turns":11.0},{"damage":33.0,"enemies":"Spheric Guardian","floor":18.0,"turns":6.0},{"damage":0.0,"enemies":"3 Byrds","floor":19.0,"turns":4.0},{"damage":24.0,"enemies":"Sentry and Sphere","floor":22.0,"turns":4.0},{"damage":219.0,"enemies":"Gremlin Leader","floor":23.0,"turns":7.0},{"damage":55.0,"enemies":"Snake Plant","floor":24.0,"turns":5.0},{"damage":2.0,"enemies":"Centurion and Healer","floor":30.0,"turns":3.0},{"damage":23.0,"enemies":"Shelled Parasite and Fungi","floor":31.0,"turns":3.0},{"damage":0.0,"enemies":"conspire:MysteriousRune","floor":33.0,"turns":7.0},{"damage":87.0,"enemies":"3 Shapes","floor":35.0,"turns":4.0},{"damage":23.0,"enemies":"3 Darklings","floor":37.0,"turns":6.0},{"damage":388.0,"enemies":"Jaw Worm Horde","floor":39.0,"turns":8.0},{"damage":12.0,"enemies":"R_Hoarder","floor":40.0,"turns":3.0},{"damage":0.0,"enemies":"Jaw Worm Horde","floor":42.0,"turns":1.0},{"damage":0.0,"enemies":"Transient","floor":46.0,"turns":1.0},{"damage":44.0,"enemies":"Spire Growth","floor":47.0,"turns":2.0},{"damage":0.0,"enemies":"3 Darklings","floor":48.0,"turns":5.0},{"damage":0,"enemies":"Awakened One","floor":50,"turns":1}],"seed_played":"-531196828886337092","potions_obtained":[{"floor":1.0,"key":"REME_GoldPotion"},{"floor":13.0,"key":"Fire Potion"},{"floor":16.0,"key":"DistilledChaos"},{"floor":16.0,"key":"blueLaboratory:FrostheartPotion"},{"floor":18.0,"key":"potionbrewer:HastePotion"},{"floor":22.0,"key":"champ:CounterPotion"},{"floor":22.0,"key":"Fire Potion"},{"floor":23.0,"key":"FearPotion"},{"floor":23.0,"key":"blueLaboratory:HeartbeatPotion"},{"floor":24.0,"key":"Guardian:BlockOnCardUsePotion"},{"floor":35.0,"key":"DistilledChaos"},{"floor":42.0,"key":"BottledSpark"},{"floor":48.0,"key":"GamblersBrew"}],"is_trial":false,"path_per_floor":["M","?","M","?","M","R","?","R","MIM","?","?","R","E","$","R","B",null,"M","M","?","?","M","E","M","R","T","$","AVR","R","M","M","R","B",null,"M","?","M","AVR","MIM","E","$","M","T","?","T","M","M","M","R_BF","B"],"character_chosen":"MARISA","items_purchased":["Membership Card","vexMod:GhostlyGear","Juzu Bracelet","REME_PuzzleBoxRelic","aspiration:TomeofQuesting","RollingBoulder","AttackPotion","hexamod:EctoCoolerPotion","StarDustReverie","6A","MerchantsRug","ColorlessPotion","SpikesRelics:DaevaFist","PowerUp+1","WitchOfGreed","Flash of Steel","REME_PuzzleBox","vexMod:FocusSash","REME_CardOfGreed","vexMod:Spyglass","Pen Nib","infinitespire:Satchel","Blind","GalacticHalo","Chemical X","vexMod:RetaliationKit","potionbrewer:Torch","ManaRampage","aspiration:Lifesprig","DollysMirror"],"campfire_rested":4,"item_purchase_floors":[0,0,0,0,0,0,0,0,0,0,0,14,14,14,14,14,27,27,27,27,27,27,27,27,41,41,41,41,41,41],"current_hp_per_floor":[56,66,76,86,90,100,110,120,130,140,150,160,168,178,188,194,255,236,250,260,270,260,57,16,123,133,143,153,272,284,277,405,415,425,354,364,377,387,11,17,27,39,49,59,69,79,51,71,250,250,250],"gold":1916,"neow_bonus":"","is_daily":false,"chose_seed":false,"campfire_upgraded":4,"win_rate":0.0,"timestamp":1609285052,"path_taken":["M","?","M","?","M","R","?","R","MIM","?","?","R","E","?","R","BOSS","M","M","?","?","M","E","M","R","T","?","AVR","R","M","M","R","BOSS","M","?","M","AVR","?","E","$","M","T","?","?","M","M","M","R_BF","BOSS"],"items_purchased_type":["Relic","Relic","Relic","Relic","Relic","Relic","Potion","Potion","Card","Card","Relic","Potion","Relic","Card","Card","Card","Card","Relic","Relic","Relic","Relic","Relic","Card","Card","Relic","Relic","Relic","Card","Relic","Relic"],"build_version":"2020-12-22","purchased_purges":2,"victory":false,"max_hp_per_floor":[95,105,115,125,135,145,155,165,175,185,195,205,215,225,235,245,255,265,275,285,295,305,315,325,335,345,355,365,375,385,395,405,415,425,435,445,455,465,475,485,495,505,515,525,535,545,555,565,575,575,575],"card_choices":[{"not_picked":["ManaConvection","OpenUniverse"],"picked":"MysteriousBeam","floor":1.0},{"not_picked":["EventHorizon","StarlightTyphoon"],"picked":"UnstableBomb","floor":3.0},{"not_picked":["DC","SuperPerseids"],"picked":"TreasureHunter","floor":5.0},{"not_picked":["GalacticHalo","MaximisePower"],"picked":"ManaRampage","floor":13.0},{"not_picked":["SuperNova","EscapeVelocity"],"picked":"JA","floor":16.0},{"not_picked":["SporeBomb","FairyDestructionRay"],"picked":"EnergyFlow","floor":18.0},{"not_picked":["LuminesStrike","ChargeUpSpray"],"picked":"IllusionStar+1","floor":19.0},{"not_picked":["MagicChant","GalacticHalo","AlicesGift+1"],"picked":"SKIP","floor":22.0},{"not_picked":["GalacticHalo+1","DragonMeteor"],"picked":"UltimateShortwave","floor":23.0},{"not_picked":["SporeBomb","WitchOfGreed"],"picked":"LuminesStrike","floor":24.0},{"not_picked":["MilkyWay","SuperPerseids+1","GravityBeat"],"picked":"SKIP","floor":30.0},{"not_picked":["MilkyWay","SuperPerseids+1","GravityBeat"],"picked":"SKIP","floor":30.0},{"not_picked":["ManaConvection","MilkyWay+1"],"picked":"WitchLeyline","floor":31.0},{"not_picked":["NonDirectionalLaser","DoubleSpark","LuminesStrike"],"picked":"SKIP","floor":31.0},{"not_picked":["OpenUniverse","ShootingEcho"],"picked":"EarthLightRay+1","floor":35.0},{"not_picked":["StarBarrage","MilkyWay+1","PulseMagic"],"picked":"SKIP","floor":35.0},{"not_picked":["EventHorizon","GravityBeat"],"picked":"DeepEcoloBomb","floor":37.0},{"not_picked":["ShootingEcho","EventHorizon"],"picked":"PropBag+1","floor":37.0},{"not_picked":["StarlightTyphoon","DragonMeteor+1","MilkyWay"],"picked":"SKIP","floor":40.0},{"not_picked":["ChargeUpSpray+1","PropBag"],"picked":"MachineGunSpark","floor":42.0},{"not_picked":["UnstableBomb","SporeBomb"],"picked":"MilkyWay+1","floor":42.0},{"not_picked":["GrandCross","ShootingEcho+1","SuperPerseids+1"],"picked":"SKIP","floor":42.0},{"not_picked":["DarkSpark","AsteroidBelt+1"],"picked":"FinalSpark","floor":46.0},{"not_picked":["Robbery+1","DoubleSpark"],"picked":"WitchLeyline","floor":46.0},{"not_picked":["BinaryStars","OpenUniverse+1"],"picked":"IllusionStar","floor":46.0},{"not_picked":["6A+1","Acceleration+1"],"picked":"WitchOfGreed+1","floor":47.0},{"not_picked":["GravityBeat","MilkyWay"],"picked":"DarkSpark+1","floor":47.0},{"not_picked":["WitchOfGreed","MysteriousBeam+1"],"picked":"PowerUp+1","floor":47.0},{"not_picked":["GrandCross+1","MagicAbsorber+1","DarkMatter+1"],"picked":"SKIP","floor":48.0},{"not_picked":["WitchLeyline","ChargeUpSpray","DoubleSpark+1"],"picked":"SKIP","floor":48.0},{"not_picked":["Singularity+1","MilkyWay+1","WitchOfGreed"],"picked":"SKIP","floor":48.0}],"player_experience":6055,"relics_obtained":[{"floor":4.0,"key":"Ring of Hypnosis"},{"floor":4.0,"key":"Ring of Greed"},{"floor":4.0,"key":"infinitespire:Midas Blood"},{"floor":4.0,"key":"Replay:Bandana"},{"floor":13.0,"key":"Replay:Bottled Steam"},{"floor":23.0,"key":"Replay:Rubber Ducky"},{"floor":26.0,"key":"vexMod:ConsolationPrize"},{"floor":39.0,"key":"HeavenlyBonsai"},{"floor":40.0,"key":"hubris:DuctTape"},{"floor":43.0,"key":"SnailShell"},{"floor":45.0,"key":"vexMod:BarristanHead"}],"event_choices":[{"damage_healed":0.0,"max_hp_gain":0.0,"max_hp_loss":0.0,"gold_gain":0.0,"event_name":"conspire:LoneGhost","player_choice":"Agree","floor":2.0,"gold_loss":0.0,"damage_taken":0.0},{"damage_healed":0.0,"max_hp_gain":0.0,"max_hp_loss":0.0,"gold_gain":0.0,"event_name":"NoteForYourself","player_choice":"Ignored","floor":7.0,"gold_loss":0.0,"damage_taken":0.0},{"cards_removed":["conspire:GhostlyDefend"],"damage_healed":0.0,"max_hp_gain":0.0,"max_hp_loss":0.0,"gold_gain":0.0,"event_name":"WeMeetAgain","player_choice":"Gave Card","floor":10.0,"gold_loss":0.0,"damage_taken":0.0,"relics_obtained":["Bird Faced Urn"]},{"damage_healed":0.0,"max_hp_gain":0.0,"max_hp_loss":0.0,"gold_gain":100.0,"event_name":"Wheel of Change","player_choice":"Gold","floor":11.0,"gold_loss":0.0,"damage_taken":0.0},{"damage_healed":0.0,"max_hp_gain":0.0,"max_hp_loss":0.0,"gold_gain":0.0,"event_name":"Drug Dealer","player_choice":"Inject Mutagens","floor":20.0,"gold_loss":0.0,"damage_taken":0.0,"relics_obtained":["MutagenicStrength"]}],"is_beta":false,"boss_relics":[{"not_picked":["conspire:SeveredTorchhead","aspiration:FutureDiary"],"picked":"vexMod:EndlessSickness"},{"not_picked":["Replay:Wanted Poster","energizedSpire:SpiderWeb"],"picked":"SacredBark"}],"items_purged_floors":[0,27],"is_endless":false,"potions_floor_spawned":[3,13,22,24,31,40,42,48],"killed_by":"Awakened One","ascension_level":0}}