{"host":"hpt6dcq85ksi3d55","time":1609279121,"event":{"mods":["AchievementEnabler","BaseMod","Colored Map","Colored Powertips","Downfall","Highlight Path","Marisa????????","Minty Spire (QoL Compilation)","Remilia??????","Shop Mod","StSLib","The Animator","The Cursed","The Necromancer","The Servant 0.9.4"],"gold_per_floor":[109,284,302,313,329,359,374,374,401,412,439,439,439,439,439,560,560,584,509,549,570,275,275,167,167,167,167,167],"floor_reached":27,"playtime":2079,"items_purged":["Negative_Energy_Bomb"],"score":256,"play_id":"028df71d-a090-4a60-a936-455e746e20ed","local_time":"20201229165841","is_ascension_mode":true,"campfire_choices":[{"floor":8,"key":"RECALL"},{"floor":15,"key":"REST"},{"data":"Siphon_Strength","floor":23,"key":"SMITH"}],"circlet_count":0,"master_deck":["Negative_Energy_Arrows","Bone_Wall","Spectral_Walk","Death_Coil","Acid_Javelin","Finger_Of_Death","Shade_Step","Negative_Energy_Javelin","Negative_Energy_Javelin","Bone_Armory+1","Injury","Blood_Magic","Scare","Uncharnel","Negative_Energy_Mist","Chill_Blood","Bone_Spikes","Toxic_Smoke_Screen","Death_Knell","Bones_to_Steel","Bone_Shift","Siphon_Strength+1","Summon_Undead_Army","Life_Drain","Summon_Lich"],"relics":["Vampire_Amulet","Mango","Ginger","Nunchaku","Golden Idol","Blood Vial","Pandora\u0027s Box","Red Mask","Potion Belt","Spirit Poop","Kunai"],"acts_visited":["Exordium","TheCity"],"potions_floor_usage":[6,16,16,16,16,16,18,20,27],"damage_taken":[{"damage":0,"enemies":"Small Slimes","floor":1,"turns":4},{"damage":1,"enemies":"2 Louse","floor":3,"turns":4},{"damage":0,"enemies":"Cultist","floor":4,"turns":5},{"damage":2,"enemies":"2 Fungi Beasts","floor":5,"turns":5},{"damage":29,"enemies":"Lagavulin","floor":6,"turns":8},{"damage":1,"enemies":"Red Slaver","floor":7,"turns":3},{"damage":1,"enemies":"3 Louse","floor":10,"turns":3},{"damage":14,"enemies":"Gremlin Nob","floor":11,"turns":4},{"damage":27,"enemies":"Slime Boss","floor":16,"turns":4},{"damage":28,"enemies":"Chosen","floor":18,"turns":5},{"damage":34,"enemies":"Masked Bandits","floor":20,"turns":5},{"damage":16,"enemies":"Shell Parasite","floor":21,"turns":7},{"damage":44,"enemies":"Slavers","floor":27,"turns":3}],"seed_played":"4447730606295426078","potions_obtained":[{"floor":1,"key":"AttackPotion"},{"floor":6,"key":"PowerPotion"},{"floor":7,"key":"Dexterity Potion"},{"floor":11,"key":"EntropicBrew"},{"floor":16,"key":"LiquidBronze"},{"floor":20,"key":"Fruit Juice"},{"floor":21,"key":"SpeedPotion"}],"is_trial":false,"path_per_floor":["M","?","M","M","M","E","M","R","T","M","E","?","?","?","R","B",null,"M","?","?","M","$","R","$","?","T","E"],"character_chosen":"NECROMANCER","items_purchased":["Summon_Undead_Army","Potion Belt","Life_Drain","Summon_Lich"],"campfire_rested":1,"item_purchase_floors":[22,22,24,24],"current_hp_per_floor":[72,72,75,77,79,52,53,53,53,58,46,46,46,28,54,34,89,63,63,42,30,30,30,30,30,30,0,0],"gold":167,"neow_bonus":"ONE_RARE_RELIC","is_daily":false,"chose_seed":false,"campfire_upgraded":1,"win_rate":0.0,"timestamp":1609279121,"path_taken":["M","?","M","M","M","E","M","R","T","M","E","?","?","?","R","BOSS","M","?","?","M","$","R","$","?","T","E"],"items_purchased_type":["Card","Relic","Card","Card"],"build_version":"2020-12-22","purchased_purges":1,"victory":false,"max_hp_per_floor":[89,89,89,89,89,89,89,89,89,89,89,89,89,89,89,89,89,89,89,94,94,94,94,94,94,94,94,94],"card_choices":[{"not_picked":["Chill_Blood","Consume_Illness"],"picked":"Spectral_Walk","floor":1},{"not_picked":["Hellfire","Toxic_Smoke_Screen"],"picked":"Death_Coil","floor":3},{"not_picked":["Necromantic_Selection","Negative_Energy_Shield"],"picked":"Acid_Javelin","floor":4},{"not_picked":["Toxic_Smoke_Screen","Bones_to_Steel"],"picked":"Finger_Of_Death","floor":5},{"not_picked":["Chill_Blood","Death_Knell"],"picked":"Shade_Step","floor":6},{"not_picked":["Hellfire","Strike_from_Beyond"],"picked":"Negative_Energy_Javelin","floor":7},{"not_picked":["Chill_Blood","Blood_Curse"],"picked":"Negative_Energy_Javelin","floor":10},{"not_picked":["Whirlwind_of_Bones","Necrotic_Claws"],"picked":"Bone_Armory","floor":11},{"not_picked":["Requiem","Negative_Energy_Bomb"],"picked":"Blood_Magic","floor":16},{"not_picked":["Negative_Energy_Sphere+1","Negative_Energy_Shield"],"picked":"Bones_to_Steel","floor":18},{"not_picked":["Bones_to_Steel","Death_Coil"],"picked":"Bone_Shift","floor":20},{"not_picked":["Negative_Energy_Mist","Thousand_Bone_Knives"],"picked":"Siphon_Strength","floor":21}],"player_experience":175984,"relics_obtained":[{"floor":6,"key":"Ginger"},{"floor":11,"key":"Nunchaku"},{"floor":20,"key":"Red Mask"},{"floor":26,"key":"Kunai"}],"event_choices":[{"damage_healed":0,"gold_gain":175,"player_choice":"AGREE","damage_taken":0,"max_hp_gain":0,"max_hp_loss":0,"event_name":"Liars Game","floor":2,"gold_loss":0,"cards_obtained":["Doubt"]},{"damage_healed":0,"gold_gain":0,"player_choice":"Take Wound","damage_taken":0,"relics_obtained":["Golden Idol"],"max_hp_gain":0,"max_hp_loss":0,"event_name":"Golden Idol","floor":12,"gold_loss":0,"cards_obtained":["Injury"]},{"damage_healed":0,"gold_gain":0,"player_choice":"Box","damage_taken":0,"relics_obtained":["Blood Vial"],"max_hp_gain":0,"max_hp_loss":0,"event_name":"Big Fish","floor":13,"gold_loss":0,"cards_obtained":["Regret"]},{"damage_healed":0,"gold_gain":0,"player_choice":"Entered Light","damage_taken":18,"max_hp_gain":0,"max_hp_loss":0,"event_name":"Shining Light","floor":14,"gold_loss":0,"cards_upgraded":["Bone_Armory","Strike_W"]},{"cards_removed":["Regret"],"damage_healed":0,"gold_gain":0,"player_choice":"Gave Gold","damage_taken":0,"max_hp_gain":0,"max_hp_loss":0,"event_name":"Beggar","floor":19,"gold_loss":75},{"damage_healed":0,"gold_gain":0,"player_choice":"Fought Bandits","damage_taken":0,"max_hp_gain":0,"max_hp_loss":0,"event_name":"Masked Bandits","floor":20,"gold_loss":0},{"cards_removed":["Doubt"],"damage_healed":0,"gold_gain":0,"player_choice":"Offered Curse","damage_taken":0,"relics_obtained":["Spirit Poop"],"max_hp_gain":0,"max_hp_loss":0,"event_name":"Bonfire Elementals","floor":25,"gold_loss":0}],"is_beta":false,"boss_relics":[{"not_picked":["Snecko Eye","Sozu"],"picked":"Pandora\u0027s Box"}],"items_purged_floors":[22],"is_endless":false,"potions_floor_spawned":[1,6,7,11,16,20,21],"killed_by":"Slavers","ascension_level":1}}