{"host":"l84l8xigz5v5foa2","time":1609253329,"event":{"mods":["2.2 Compatiblity","AchievementEnabler","BaseMod","Better Note","Better Vampires","Card Filter","Colored Map","DeckTracker","Downfall","Gremlin Skip","Highlight Path","Keyboard Shortcuts","Minty Spire (QoL Compilation)","Permanent Neow","Quick Restart","Relic Filter","Relic Stats","StSLib","SuperFastMode","Transform Curses","Unknown Chances"],"gold_per_floor":[349,366,366,383,402,414,414,443,443,453,473,92,10,42,53,132,132,132,144,177,187,201,213,213,213,240,165,265,299,299,331,344,418,418,418,418,323,423,436,469,469,502,502,537,270,302,227,227,242,242],"floor_reached":51,"playtime":5815,"items_purged":["champ:Strike","champ:Defend","champ:Defend"],"score":1483,"play_id":"a6ef4386-7d12-48ca-958d-162c2a4d51e2","local_time":"20201229234849","is_ascension_mode":true,"campfire_choices":[{"data":"champ:Taunt","floor":1.0,"key":"SMITH"},{"data":"champ:Lariat","floor":9.0,"key":"SMITH"},{"data":"champ:Aggression","floor":18.0,"key":"SMITH"},{"data":"champ:EndlessRage","floor":27.0,"key":"SMITH"},{"data":"champ:SwordThrow","floor":30.0,"key":"SMITH"},{"data":"champ:EnchantCrown","floor":35.0,"key":"SMITH"},{"data":"champ:GutPunch","floor":43.0,"key":"SMITH"},{"data":"champ:EnchantShield","floor":47,"key":"SMITH"}],"circlet_count":0,"master_deck":["AscendersBane","champ:Defend","champ:Execute+1","champ:Taunt+1","champ:Lariat+1","champ:FlashCut+1","champ:GutPunch+1","champ:BringItOn","champ:EndlessRage+1","champ:SwordThrow+1","champ:Aggression+1","champ:GladiatorStyle","champ:CheapShot+1","champ:FocusedGladiator+1","champ:RecklessLeap+1","champ:BerserkerStyle+1","champ:AdrenalArmor","champ:AdrenalArmor","champ:EnchantShield+1","champ:PreciseThrust+1","champ:RageSigil+1","champ:Backstep+1","champ:EnchantCrown+1","champ:GladiatorStyle","champ:PreciseThrust+1"],"relics":["champ:ChampionCrown","Gambling Chip","Meat on the Bone","Toolbox","Whetstone","Molten Egg 2","Astrolabe","Red Mask","The Courier","Pocketwatch","downfall:HeartBlessingBlue","Bottled Tornado","Toy Ornithopter","expansioncontent:StudyCardRelic","Ornamental Fan","Letter Opener","Orichalcum","Prayer Wheel","Guardian:BottledAnomaly","Vajra","Kunai","Ice Cream","downfall:HeartBlessingGreen","Gremlin Horn"],"acts_visited":["Exordium","TheCity","TheBeyond"],"potions_floor_usage":[50,50],"damage_taken":[{"damage":10.0,"enemies":"Small Slimes","floor":2.0,"turns":3.0},{"damage":17.0,"enemies":"Cultist","floor":4.0,"turns":4.0},{"damage":0.0,"enemies":"2 Louse","floor":5.0,"turns":3.0},{"damage":17.0,"enemies":"Exordium Wildlife","floor":6.0,"turns":6.0},{"damage":34.0,"enemies":"Gremlin Nob","floor":8.0,"turns":4.0},{"damage":5.0,"enemies":"Blue Slaver","floor":10.0,"turns":3.0},{"damage":37.0,"enemies":"Exordium Thugs","floor":11.0,"turns":9.0},{"damage":19.0,"enemies":"downfall:FleeingMerchant","floor":12.0,"turns":4.0},{"damage":8.0,"enemies":"downfall:FleeingMerchant","floor":13.0,"turns":4.0},{"damage":0.0,"enemies":"3 Sentries","floor":14.0,"turns":4.0},{"damage":1.0,"enemies":"Gremlin Gang","floor":15.0,"turns":2.0},{"damage":70.0,"enemies":"downfall:Ironclad","floor":16.0,"turns":7.0},{"damage":18.0,"enemies":"3 Byrds","floor":19.0,"turns":7.0},{"damage":50.0,"enemies":"Masked Bandits","floor":20.0,"turns":5.0},{"damage":33.0,"enemies":"Snecko","floor":21.0,"turns":6.0},{"damage":54.0,"enemies":"3 Cultists","floor":22.0,"turns":6.0},{"damage":52.0,"enemies":"Cultist and Chosen","floor":23.0,"turns":5.0},{"damage":84.0,"enemies":"Slavers","floor":26.0,"turns":8.0},{"damage":50.0,"enemies":"downfall:Augmenter","floor":28.0,"turns":6.0},{"damage":85.0,"enemies":"Gremlin Leader","floor":29.0,"turns":10.0},{"damage":71.0,"enemies":"Book of Stabbing","floor":31.0,"turns":7.0},{"damage":24.0,"enemies":"Centurion and Healer","floor":32.0,"turns":6.0},{"damage":68.0,"enemies":"downfall:Silent","floor":33.0,"turns":12.0},{"damage":45.0,"enemies":"downfall:FleeingMerchant","floor":37.0,"turns":5.0},{"damage":50.0,"enemies":"downfall:FleeingMerchant","floor":38.0,"turns":5.0},{"damage":77.0,"enemies":"3 Shapes","floor":39.0,"turns":7.0},{"damage":91.0,"enemies":"Nemesis","floor":40.0,"turns":7.0},{"damage":34.0,"enemies":"Reptomancer","floor":42.0,"turns":6.0},{"damage":44.0,"enemies":"Giant Head","floor":44.0,"turns":9.0},{"damage":31,"enemies":"downfall:FleeingMerchant","floor":45,"turns":4},{"damage":38,"enemies":"Nemesis","floor":46,"turns":5},{"damage":28,"enemies":"3 Darklings","floor":49,"turns":3},{"damage":47,"enemies":"downfall:Defect","floor":50,"turns":7}],"seed_played":"-6606707155939255292","potions_obtained":[{"floor":2.0,"key":"SteroidPotion"},{"floor":3.0,"key":"LiquidMemories"},{"floor":6.0,"key":"EssenceOfSteel"},{"floor":8.0,"key":"LiquidMemories"},{"floor":16.0,"key":"FairyPotion"},{"floor":22.0,"key":"FearPotion"},{"floor":31.0,"key":"LiquidMemories"},{"floor":42.0,"key":"Guardian:BlockOnCardUsePotion"},{"floor":44.0,"key":"Weak Potion"}],"is_trial":false,"path_per_floor":["R","M","?","M","M","M","T","E","R","M","M","$","$","E","M","B",null,"R","M","?","M","M","M","T","T","E","R","?","E","R","E","M","B",null,"R","?","$","?","M","E","T","E","R","E","$","E","R","T","M","B",null],"character_chosen":"THE_CHAMP","items_purchased":["Toolbox","Whetstone","champ:GladiatorStyle","Ancient Potion","Guardian:BottledAnomaly","Vajra","Kunai"],"campfire_rested":0,"item_purchase_floors":[12,12,13,45,45,45,45],"current_hp_per_floor":[52,52,52,52,52,45,45,26,26,38,51,63,63,63,62,29,72,72,66,65,77,78,70,70,70,33,43,82,44,44,26,38,26,79,79,79,91,89,88,54,54,59,59,70,82,94,94,94,90,93],"gold":242,"neow_bonus":"TWO_FIFTY_GOLD","is_daily":false,"chose_seed":false,"campfire_upgraded":8,"win_rate":0.0,"timestamp":1609253329,"path_taken":["R","M","?","M","?","M","T","E","R","?","?","?","$","E","M","BOSS","R","M","?","M","M","M","T","?","E","R","?","E","R","E","M","BOSS","R","?","$","?","?","E","T","E","R","E","$","E","R","?","M","BOSS"],"items_purchased_type":["Relic","Relic","Card","Potion","Relic","Relic","Relic"],"build_version":"2020-12-22","purchased_purges":3,"victory":true,"max_hp_per_floor":[81,81,81,81,81,81,81,81,81,81,86,86,86,86,86,86,86,86,86,86,86,86,86,86,86,86,96,96,96,96,96,96,96,96,96,96,96,96,96,96,96,96,96,96,96,96,96,96,96,96],"relic_stats":{"Gremlin Horn":[2,2],"counters":[33,189],"Astrolabe":["champ:FocusedGladiator","champ:RecklessLeap","champ:BerserkerStyle"],"Whetstone":["champ:Execute","champ:FlashCut"],"Letter Opener":[132],"Orichalcum":[0],"Ornamental Fan":[36],"Gambling Chip":[56],"Prayer Wheel":1,"Kunai":[5],"obtain_stats":[{"Ice Cream":46,"Gremlin Horn":48,"Astrolabe":17,"Vajra":45,"champ:ChampionCrown":0,"downfall:HeartBlessingGreen":47,"The Courier":24,"expansioncontent:StudyCardRelic":34,"Whetstone":12,"Letter Opener":41,"Bottled Tornado":29,"Orichalcum":42,"downfall:HeartBlessingBlue":27,"Ornamental Fan":40,"Gambling Chip":7,"Toolbox":12,"Molten Egg 2":14,"Prayer Wheel":44,"Red Mask":20,"Kunai":45,"Guardian:BottledAnomaly":45,"Toy Ornithopter":31,"Meat on the Bone":8,"Pocketwatch":26},{"Ice Cream":31,"Gremlin Horn":31,"Astrolabe":12,"Vajra":30,"champ:ChampionCrown":0,"downfall:HeartBlessingGreen":31,"The Courier":17,"expansioncontent:StudyCardRelic":23,"Whetstone":8,"Letter Opener":27,"Bottled Tornado":20,"Orichalcum":28,"downfall:HeartBlessingBlue":18,"Ornamental Fan":27,"Gambling Chip":4,"Toolbox":8,"Molten Egg 2":10,"Prayer Wheel":29,"Red Mask":14,"Kunai":30,"Guardian:BottledAnomaly":30,"Toy Ornithopter":21,"Meat on the Bone":5,"Pocketwatch":18},{"Ice Cream":179,"Gremlin Horn":179,"Astrolabe":53,"Vajra":174,"champ:ChampionCrown":0,"downfall:HeartBlessingGreen":179,"The Courier":82,"expansioncontent:StudyCardRelic":131,"Whetstone":36,"Letter Opener":155,"Bottled Tornado":106,"Orichalcum":161,"downfall:HeartBlessingBlue":90,"Ornamental Fan":155,"Gambling Chip":16,"Toolbox":36,"Molten Egg 2":44,"Prayer Wheel":170,"Red Mask":65,"Kunai":174,"Guardian:BottledAnomaly":174,"Toy Ornithopter":113,"Meat on the Bone":20,"Pocketwatch":90}],"Toy Ornithopter":25,"Meat on the Bone":228,"Pocketwatch":[57]},"card_choices":[{"not_picked":["champ:Haymaker","champ:CrookedStrike"],"picked":"champ:Lariat","floor":2.0},{"not_picked":["champ:StanceDance","champ:BerserkersShout"],"picked":"champ:FlashCut","floor":4.0},{"not_picked":["champ:Haymaker","champ:Circumvent","champ:Control"],"picked":"SKIP","floor":5.0},{"not_picked":["champ:CrookedStrike","champ:RageSigil"],"picked":"champ:GutPunch","floor":6.0},{"not_picked":["champ:FlashCut","champ:FocusedDefense"],"picked":"champ:BringItOn","floor":8.0},{"not_picked":["champ:FocusedBerserking","champ:TornadoPunch"],"picked":"champ:FightOn","floor":10.0},{"not_picked":["champ:AdrenalArmor","champ:BringItOn"],"picked":"champ:EndlessRage","floor":11.0},{"not_picked":["champ:RageSigil","champ:BerserkersShout"],"picked":"champ:SwordThrow","floor":12.0},{"not_picked":["champ:ViciousMockery","champ:BringItOn"],"picked":"champ:Aggression","floor":13.0},{"not_picked":["champ:EndlessRage","champ:Circumvent","champ:FalseCounter"],"picked":"SKIP","floor":14.0},{"not_picked":["champ:DefensiveStyle","champ:FocusedGladiator","champ:FlashCut+1"],"picked":"SKIP","floor":15.0},{"not_picked":["champ:StrikeOfGenius","champ:SwordThrow+1"],"picked":"champ:CheapShot+1","floor":16.0},{"not_picked":["champ:EnragedBash+1","champ:ShieldSigil"],"picked":"champ:AdrenalArmor","floor":19.0},{"not_picked":["champ:ShieldWall","champ:EnragedBash+1","champ:FocusedDefense"],"picked":"SKIP","floor":21.0},{"not_picked":["champ:PerfectedStrike+1","champ:Balance+1"],"picked":"champ:AdrenalArmor","floor":22.0},{"not_picked":["champ:TornadoPunch+1","champ:FlashCut+1","champ:CrookedStrike+1"],"picked":"SKIP","floor":23.0},{"not_picked":["champ:CrookedStrike+1","champ:AdrenalArmor"],"picked":"champ:EnchantShield","floor":26.0},{"not_picked":["champ:AdrenalArmor","champ:BladeFlurry+1"],"picked":"champ:PreciseThrust+1","floor":28.0},{"not_picked":["champ:GladiatorsShout","champ:ShieldSigil"],"picked":"champ:RageSigil+1","floor":29.0},{"not_picked":["champ:FlashCut+1","champ:BladeFlurry+1"],"picked":"champ:Backstep+1","floor":31.0},{"not_picked":["champ:GladiatorsShout","champ:RecklessLeap+1","champ:DefensiveShout"],"picked":"SKIP","floor":32.0},{"not_picked":["champ:CheapShot+1","champ:PerfectForm"],"picked":"champ:EnchantCrown","floor":33.0},{"not_picked":["champ:FalseCounter+1","champ:ShieldSigil","champ:StanceDance"],"picked":"SKIP","floor":37.0},{"not_picked":["champ:SkillfulDodge","champ:TornadoPunch+1","champ:Haymaker+1"],"picked":"SKIP","floor":39.0},{"not_picked":["champ:Backstep+1","champ:GladiatorsShout"],"picked":"champ:GladiatorStyle","floor":40.0},{"not_picked":["champ:GutPunch+1","champ:Circumvent","champ:RageSigil"],"picked":"SKIP","floor":42.0},{"not_picked":["champ:HeartStrike+1","champ:ShieldThrow+1","champ:PerfectForm"],"picked":"SKIP","floor":44.0},{"not_picked":["champ:TornadoPunch+1","champ:GladiatorsShout+1","champ:BerserkersShout"],"picked":"SKIP","floor":45},{"not_picked":["champ:Encircle+1","champ:RageSigil","champ:Haymaker+1"],"picked":"SKIP","floor":46},{"not_picked":["champ:RageSigil+1","champ:ShieldSigil"],"picked":"champ:PreciseThrust+1","floor":49},{"not_picked":["champ:DefensiveShout","champ:StanceDance","champ:AdrenalArmor"],"picked":"SKIP","floor":49}],"player_experience":2789976,"relics_obtained":[{"floor":7.0,"key":"Gambling Chip"},{"floor":8.0,"key":"Meat on the Bone"},{"floor":14.0,"key":"Molten Egg 2"},{"floor":20.0,"key":"Red Mask"},{"floor":24.0,"key":"The Courier"},{"floor":26.0,"key":"Pocketwatch"},{"floor":29.0,"key":"Bottled Tornado"},{"floor":31.0,"key":"Toy Ornithopter"},{"floor":40.0,"key":"Ornamental Fan"},{"floor":41.0,"key":"Letter Opener"},{"floor":42.0,"key":"Orichalcum"},{"floor":44.0,"key":"Prayer Wheel"},{"floor":46,"key":"Ice Cream"},{"floor":48,"key":"Gremlin Horn"}],"event_choices":[{"damage_healed":0.0,"max_hp_gain":0.0,"max_hp_loss":0.0,"gold_gain":0.0,"event_name":"Lab","player_choice":"Got Potions","floor":3.0,"gold_loss":0.0,"damage_taken":0.0},{"damage_healed":0.0,"max_hp_gain":0.0,"max_hp_loss":0.0,"gold_gain":0.0,"event_name":"Masked Bandits","player_choice":"Fought Bandits","floor":20.0,"gold_loss":0.0,"damage_taken":0.0},{"cards_removed":["champ:IronFortress"],"damage_healed":0.0,"max_hp_gain":0.0,"max_hp_loss":0.0,"gold_gain":0.0,"event_name":"Falling","player_choice":"Removed Power","floor":36.0,"gold_loss":0.0,"damage_taken":0.0}],"is_beta":false,"boss_relics":[{"not_picked":["Empty Cage","Ectoplasm"],"picked":"Astrolabe"},{"not_picked":["Runic Pyramid","Calling Bell"],"picked":"expansioncontent:StudyCardRelic"}],"items_purged_floors":[12,37,45],"is_endless":false,"potions_floor_spawned":[2,6,8,14,15,16,22,26,31,32,42,44,46,49],"ascension_level":15}}