{"host":"2se5dq1do2gp0x9k","time":1609216191,"event":{"mods":["AchievementEnabler","BaseMod","Block Reminder","Colored Map","Colored Powertips","Minty Spire (QoL Compilation)","Relic Stats","StSLib","SuperFastMode"],"gold_per_floor":[114,114,114,132,132,172,172,207,207,207,225,225,225,36,36,36,36],"floor_reached":16,"playtime":237,"items_purged":["Strike_R"],"score":262,"play_id":"14c7c61d-5b87-4975-b9cb-4133bb91eb4a","local_time":"20201228202951","is_ascension_mode":true,"campfire_choices":[{"data":"Cleave","floor":7,"key":"SMITH"},{"data":"Bash","floor":10,"key":"SMITH"},{"floor":15,"key":"REST"}],"circlet_count":0,"master_deck":["AscendersBane","Strike_R","Strike_R","Strike_R","Defend_R","Defend_R","Defend_R","Defend_R","Bash+1","Twin Strike","Cleave+1","Spot Weakness+1","Pummel","Headbutt+1","Feel No Pain"],"relics":["Burning Blood","NeowsBlessing","Golden Idol","Toxic Egg 2","Ornamental Fan","Molten Egg 2"],"acts_visited":["Exordium"],"potions_floor_usage":[],"damage_taken":[{"damage":0,"enemies":"2 Louse","floor":1,"turns":1},{"damage":0,"enemies":"Small Slimes","floor":4,"turns":1},{"damage":0,"enemies":"3 Sentries","floor":6,"turns":1},{"damage":60,"enemies":"Gremlin Nob","floor":8,"turns":5},{"damage":6,"enemies":"Cultist","floor":11,"turns":3},{"damage":36,"enemies":"The Guardian","floor":16,"turns":2}],"seed_played":"1258297341079705131","potions_obtained":[{"floor":8,"key":"DuplicationPotion"}],"is_trial":false,"path_per_floor":["M","?","?","M","?","E","R","E","T","R","M","?","?","$","R","B"],"character_chosen":"IRONCLAD","items_purchased":["Headbutt+1","Feel No Pain"],"campfire_rested":1,"item_purchase_floors":[14,14],"current_hp_per_floor":[74,68,61,67,72,73,73,19,19,19,19,19,1,1,22,0,0],"gold":36,"neow_bonus":"THREE_ENEMY_KILL","is_daily":false,"chose_seed":false,"campfire_upgraded":2,"win_rate":0.0,"timestamp":1609216191,"path_taken":["M","?","?","M","?","E","R","E","T","R","M","?","?","$","R","BOSS"],"items_purchased_type":["Card","Card"],"build_version":"2020-12-22","purchased_purges":1,"victory":false,"max_hp_per_floor":[75,68,68,68,73,73,73,73,73,73,73,73,73,73,73,73,73],"relic_stats":{"counters":[6,13],"Golden Idol":23,"Ornamental Fan":[4],"obtain_stats":[{"NeowsBlessing":0,"Golden Idol":2,"Ornamental Fan":9,"Molten Egg 2":13,"Toxic Egg 2":6,"Burning Blood":0},{"NeowsBlessing":0,"Golden Idol":1,"Ornamental Fan":4,"Molten Egg 2":5,"Toxic Egg 2":3,"Burning Blood":0},{"NeowsBlessing":0,"Golden Idol":1,"Ornamental Fan":8,"Molten Egg 2":11,"Toxic Egg 2":3,"Burning Blood":0}],"Burning Blood":25},"card_choices":[{"not_picked":["Armaments","True Grit"],"picked":"Twin Strike","floor":1},{"not_picked":["Shrug It Off","Intimidate"],"picked":"Cleave","floor":4},{"not_picked":["Infernal Blade+1","Anger"],"picked":"Spot Weakness+1","floor":6},{"not_picked":["Rupture","Iron Wave","Rampage"],"picked":"SKIP","floor":8},{"not_picked":["Sever Soul","Heavy Blade"],"picked":"Pummel","floor":11}],"player_experience":3647635,"relics_obtained":[{"floor":6,"key":"Toxic Egg 2"},{"floor":9,"key":"Ornamental Fan"}],"event_choices":[{"damage_healed":0,"gold_gain":0,"player_choice":"Lose Max HP","damage_taken":0,"relics_obtained":["Golden Idol"],"max_hp_gain":0,"max_hp_loss":7,"event_name":"Golden Idol","floor":2,"gold_loss":0},{"cards_removed":["Strike_R"],"damage_healed":0,"gold_gain":0,"player_choice":"Card Removal","damage_taken":7,"max_hp_gain":0,"max_hp_loss":0,"event_name":"Golden Wing","floor":3,"gold_loss":0},{"damage_healed":0,"gold_gain":0,"player_choice":"Donut","damage_taken":0,"max_hp_gain":5,"max_hp_loss":0,"event_name":"Big Fish","floor":5,"gold_loss":0},{"damage_healed":0,"gold_gain":0,"player_choice":"Ignored","damage_taken":0,"max_hp_gain":0,"max_hp_loss":0,"event_name":"Shining Light","floor":12,"gold_loss":0},{"damage_healed":0,"gold_gain":0,"player_choice":"Success","damage_taken":18,"relics_obtained":["Molten Egg 2"],"max_hp_gain":0,"max_hp_loss":0,"event_name":"Scrap Ooze","floor":13,"gold_loss":0}],"is_beta":false,"boss_relics":[],"items_purged_floors":[14],"is_endless":false,"potions_floor_spawned":[8],"killed_by":"The Guardian","ascension_level":20}}