{"host":"qg7fj05lalo09o61","time":1609274395,"event":{"mods":["Act Like it!","Always Whale","BaseMod","CapriCore","Gensokyo","Minty Spire (QoL Compilation)","StSLib","Yuyuko"],"gold_per_floor":[12,12,12,28,38,69,79,106,106,106,117,134,134,168,168,263,263,278,296,6,26,36,71,86,86,86],"floor_reached":25,"playtime":2126,"items_purged":[],"score":321,"play_id":"4bee9dcc-fcab-4ce7-8c01-6a26c0998634","local_time":"20201229233955","is_ascension_mode":true,"campfire_choices":[{"data":"Nihility","floor":10,"key":"SMITH"},{"data":"Dark Wind","floor":15,"key":"SMITH"}],"circlet_count":0,"master_deck":["Fantasy Butterflies","Fantasy Butterflies","Fantasy Butterflies","Fantasy Butterflies","Fantasy Butterflies","Dreamy Sakura","Dreamy Sakura","Dreamy Sakura","Dreamy Sakura","Dreamy Sakura","Deathly Ground","Faramita\u0027s Temptation","Bloom","Unborn Light","Dark Wind+1","Redemption of Death","Nihility+1","Ghost Spot","Lunch","Become Phantom+1"],"relics":["Coronal","Yuyuko\u0027s fan","TungstenRod","Bottled Lightning","Obi","Frozen Egg 2","Pear","Runic Pyramid","Singing Bowl","Matryoshka"],"acts_visited":["Exordium","Gensokyo:Gensokyo"],"potions_floor_usage":[8,8,16,16,24],"damage_taken":[{"damage":13,"enemies":"Gensokyo:Python","floor":1,"turns":4},{"damage":8,"enemies":"Gensokyo:Gryphon","floor":4,"turns":4},{"damage":9,"enemies":"Gensokyo:2_Kodama","floor":5,"turns":3},{"damage":34,"enemies":"Gensokyo:Mamizou","floor":6,"turns":6},{"damage":2,"enemies":"Gensokyo:LivingMonolith","floor":7,"turns":3},{"damage":12,"enemies":"Gensokyo:Aya","floor":8,"turns":3},{"damage":2,"enemies":"Gensokyo:5_Fairies","floor":11,"turns":2},{"damage":11,"enemies":"Gensokyo:Python_and_Kodama","floor":12,"turns":3},{"damage":6,"enemies":"Gensokyo:Cirno","floor":14,"turns":4},{"damage":89,"enemies":"Gensokyo:Reimu","floor":16,"turns":17},{"damage":14,"enemies":"Gensokyo:CosmicMonolith","floor":18,"turns":3},{"damage":20,"enemies":"Gensokyo:3_Dogs","floor":19,"turns":3},{"damage":36,"enemies":"Gensokyo:Slime_Group","floor":21,"turns":3},{"damage":15,"enemies":"Gensokyo:Wraith","floor":22,"turns":3},{"damage":15,"enemies":"Gensokyo:Reisen","floor":23,"turns":3},{"damage":38,"enemies":"Gensokyo:Swordslinger","floor":24,"turns":3},{"damage":8,"enemies":"Gensokyo:Tenshi","floor":25,"turns":1}],"seed_played":"737946811028933466","potions_obtained":[{"floor":4,"key":"GamblersBrew"},{"floor":7,"key":"Fire Potion"},{"floor":11,"key":"ColorlessPotion"},{"floor":14,"key":"Fruit Juice"},{"floor":21,"key":"AttackPotion"},{"floor":22,"key":"Dexterity Potion"}],"is_trial":false,"path_per_floor":["M","T","?","M","M","E","M","E","T","R","M","M","?","E","R","B",null,"M","M","$","M","M","E","M","E"],"character_chosen":"YUYOKO","items_purchased":["Become Phantom+1","Singing Bowl"],"campfire_rested":0,"item_purchase_floors":[20,20],"current_hp_per_floor":[37,37,34,37,37,15,30,33,33,33,35,38,38,47,47,2,42,52,50,50,21,29,31,5,0,0],"gold":86,"neow_bonus":"ONE_RARE_RELIC","is_daily":false,"chose_seed":false,"campfire_upgraded":2,"win_rate":0.0,"timestamp":1609274395,"path_taken":["M","?","?","M","M","E","M","E","T","R","M","?","?","E","R","BOSS","M","M","$","M","M","E","M","E"],"items_purchased_type":["Card","Relic"],"build_version":"2020-12-13","purchased_purges":0,"victory":false,"max_hp_per_floor":[40,40,40,40,40,40,40,40,40,40,40,40,40,50,50,55,55,55,55,55,57,59,61,63,63,63],"card_choices":[{"not_picked":["Song of Papilio","End of Faramita"],"picked":"Bloom","floor":1},{"not_picked":["Song of Papilio","Phantom Village"],"picked":"Unborn Light","floor":4},{"not_picked":["Showy Withering","Redemption of Death"],"picked":"Dark Wind","floor":5},{"not_picked":["Linger over Flower","Spear of Papilio"],"picked":"Redemption of Death","floor":6},{"not_picked":["Trap Lamp","Immigrant Phantom"],"picked":"Nihility","floor":7},{"not_picked":["Suicide","Phantom Village","Gone"],"picked":"SKIP","floor":8},{"not_picked":["Song of Papilio","Monster Cherry Tree+1","Showy Withering+1"],"picked":"SKIP","floor":11},{"not_picked":["Gone","Dancing Butterflies","Spear of Papilio"],"picked":"SKIP","floor":12},{"not_picked":["The Nether","Suicide","Float on Moon+1"],"picked":"SKIP","floor":14},{"not_picked":["The Way to Death+1","Revive The Butterflies+1"],"picked":"Ghost Spot","floor":16},{"not_picked":["Gather the Spring","Full Moon"],"picked":"Lunch","floor":18},{"not_picked":["Redemption of Death+1","Elegance+1","The Forgotten Winter"],"picked":"SKIP","floor":19},{"not_picked":["Dark Wind","Immigrant Phantom","Gauzy Sakura"],"picked":"Singing Bowl","floor":21},{"not_picked":["Butterflies Rainbow+1","Final of Final","Sakura Sakura"],"picked":"Singing Bowl","floor":22},{"not_picked":["Lunch","Redemption of Death+1","Gather the Spring+1"],"picked":"Singing Bowl","floor":23},{"not_picked":["Cerasus Subhirtella","Spear of Papilio+1","Snow+1"],"picked":"Singing Bowl","floor":24}],"player_experience":219838,"relics_obtained":[{"floor":2,"key":"Bottled Lightning"},{"floor":6,"key":"Obi"},{"floor":8,"key":"Frozen Egg 2"},{"floor":14,"key":"Pear"},{"floor":23,"key":"Matryoshka"}],"event_choices":[],"is_beta":false,"boss_relics":[{"not_picked":["Ectoplasm","Snecko Eye"],"picked":"Runic Pyramid"}],"items_purged_floors":[],"is_endless":false,"potions_floor_spawned":[4,7,11,14,21,22],"killed_by":"Gensokyo:Tenshi","ascension_level":5}}