{"host":"71akxjf7cjo3bhmj","time":1609200287,"event":{"mods":["AchievementEnabler","BaseMod","Colored Powertips","Minty Spire (QoL Compilation)","Rare Cards Sparkle"],"gold_per_floor":[117,117,137,87,87,117,128,147,172,172,172,191,191,206,206,307,307,326,326,326,340,340,353,452,481,505,420,420,420],"floor_reached":28,"playtime":1446,"items_purged":[],"score":263,"play_id":"86c5e0f2-e5a8-4997-9876-1c7bce58542d","local_time":"20201229010447","is_ascension_mode":false,"campfire_choices":[{"data":"Buffer","floor":11,"key":"SMITH"},{"data":"Gash","floor":15,"key":"SMITH"}],"circlet_count":0,"master_deck":["Strike_B","Strike_B","Strike_B","Defend_B","Defend_B","Defend_B","Defend_B","Zap+1","Beam Cell+1","Beam Cell","Static Discharge","Ball Lightning","Buffer+1","Gash+1","Buffer","White Noise+1","Ball Lightning+1"],"relics":["Cracked Core","NeowsBlessing","Happy Flower","MealTicket","Runic Pyramid","Enchiridion","FaceOfCleric","Regal Pillow","Lantern","Centennial Puzzle"],"acts_visited":["Exordium","TheCity"],"potions_floor_usage":[16,16,25,25],"damage_taken":[{"damage":0,"enemies":"Small Slimes","floor":1,"turns":1},{"damage":0,"enemies":"Jaw Worm","floor":3,"turns":1},{"damage":0,"enemies":"Gremlin Nob","floor":6,"turns":1},{"damage":1,"enemies":"Cultist","floor":7,"turns":3},{"damage":0,"enemies":"Looter","floor":8,"turns":2},{"damage":13,"enemies":"3 Louse","floor":12,"turns":2},{"damage":0,"enemies":"Blue Slaver","floor":14,"turns":3},{"damage":10,"enemies":"Slime Boss","floor":16,"turns":7},{"damage":0,"enemies":"Chosen","floor":18,"turns":4},{"damage":1,"enemies":"Spheric Guardian","floor":21,"turns":5},{"damage":0,"enemies":"Centurion and Healer","floor":23,"turns":6},{"damage":36,"enemies":"Slavers","floor":25,"turns":6},{"damage":18,"enemies":"Snake Plant","floor":28,"turns":2}],"seed_played":"971937428056991432","potions_obtained":[{"floor":1,"key":"SpeedPotion"},{"floor":3,"key":"SteroidPotion"},{"floor":8,"key":"PowerPotion"},{"floor":18,"key":"CultistPotion"}],"is_trial":false,"path_per_floor":["M","?","M","?","?","E","M","M","T","?","R","M","?","M","R","B",null,"M","?","?","M","?","M","?","E","T","?","M"],"character_chosen":"DEFECT","items_purchased":[],"campfire_rested":0,"item_purchase_floors":[],"current_hp_per_floor":[75,80,80,80,80,80,79,79,79,79,79,66,50,50,50,40,80,80,64,64,64,49,50,50,15,15,15,0,0],"gold":420,"neow_bonus":"THREE_ENEMY_KILL","is_daily":false,"chose_seed":false,"campfire_upgraded":2,"win_rate":0.0,"timestamp":1609200287,"path_taken":["M","?","M","?","?","E","M","?","T","?","R","M","?","M","R","BOSS","M","?","?","?","?","M","?","E","T","?","M"],"items_purchased_type":[],"build_version":"2020-12-22","purchased_purges":0,"victory":false,"max_hp_per_floor":[75,80,80,80,80,80,80,80,80,80,80,80,80,80,80,80,80,80,80,80,81,86,87,87,88,88,88,88,88],"card_choices":[{"not_picked":["Hello World","Rebound"],"picked":"Beam Cell","floor":1},{"not_picked":["FTL","Chill"],"picked":"Beam Cell","floor":3},{"not_picked":["Barrage","Redo"],"picked":"Static Discharge","floor":6},{"not_picked":["White Noise","Turbo"],"picked":"Ball Lightning","floor":7},{"not_picked":["Static Discharge","Heatsinks"],"picked":"Buffer","floor":8},{"not_picked":["Sweeping Beam","Turbo"],"picked":"Gash","floor":12},{"not_picked":["Reprogram","Tempest","Redo"],"picked":"SKIP","floor":14},{"not_picked":["Multi-Cast","Meteor Strike"],"picked":"Buffer","floor":16},{"not_picked":["Lockon","Stack","White Noise"],"picked":"SKIP","floor":18},{"not_picked":["Steam Power","Glacier+1"],"picked":"White Noise+1","floor":21},{"not_picked":["Redo","Hello World+1","Genetic Algorithm"],"picked":"SKIP","floor":23},{"not_picked":["Streamline","Electrodynamics"],"picked":"Ball Lightning+1","floor":25}],"player_experience":83006,"relics_obtained":[{"floor":6,"key":"Happy Flower"},{"floor":9,"key":"MealTicket"},{"floor":19,"key":"Enchiridion"},{"floor":25,"key":"Regal Pillow"},{"floor":26,"key":"Lantern"}],"event_choices":[{"damage_healed":0,"gold_gain":0,"player_choice":"Donut","damage_taken":0,"max_hp_gain":5,"max_hp_loss":0,"event_name":"Big Fish","floor":2,"gold_loss":0},{"cards_removed":["Dualcast"],"damage_healed":0,"gold_gain":0,"player_choice":"Card Removal","damage_taken":0,"max_hp_gain":0,"max_hp_loss":0,"event_name":"The Cleric","floor":4,"gold_loss":50},{"damage_healed":0,"gold_gain":0,"player_choice":"Ignored","damage_taken":0,"max_hp_gain":0,"max_hp_loss":0,"event_name":"NoteForYourself","floor":5,"gold_loss":0},{"cards_removed":["Strike_B"],"damage_healed":0,"gold_gain":0,"player_choice":"Forget","damage_taken":0,"max_hp_gain":0,"max_hp_loss":0,"event_name":"Living Wall","floor":10,"gold_loss":0},{"damage_healed":0,"gold_gain":0,"player_choice":"Entered Light","damage_taken":16,"max_hp_gain":0,"max_hp_loss":0,"event_name":"Shining Light","floor":13,"gold_loss":0,"cards_upgraded":["Zap","Beam Cell"]},{"damage_healed":0,"gold_gain":0,"player_choice":"Obtained Book","damage_taken":16,"max_hp_gain":0,"max_hp_loss":0,"event_name":"Cursed Tome","floor":19,"gold_loss":0},{"damage_healed":0,"gold_gain":0,"player_choice":"Trade","damage_taken":0,"relics_obtained":["FaceOfCleric"],"max_hp_gain":0,"max_hp_loss":0,"event_name":"FaceTrader","floor":20,"gold_loss":0},{"damage_healed":0,"gold_gain":0,"player_choice":"Shed Blood","damage_taken":20,"max_hp_gain":5,"max_hp_loss":0,"event_name":"Forgotten Altar","floor":22,"gold_loss":0},{"damage_healed":0,"gold_gain":99,"player_choice":"Stole From Cult","damage_taken":0,"max_hp_gain":0,"max_hp_loss":0,"event_name":"Nest","floor":24,"gold_loss":0},{"damage_healed":0,"gold_gain":0,"player_choice":"Obtained Relic","damage_taken":0,"relics_obtained":["Centennial Puzzle"],"max_hp_gain":0,"max_hp_loss":0,"event_name":"Addict","floor":27,"gold_loss":85}],"is_beta":false,"boss_relics":[{"not_picked":["Tiny House","Velvet Choker"],"picked":"Runic Pyramid"}],"items_purged_floors":[],"is_endless":false,"potions_floor_spawned":[1,3,8,14,18],"killed_by":"Snake Plant","ascension_level":0}}