{"host":"ydujlihd8f5px9gp","time":1609283903,"event":{"mods":["AchievementEnabler","BaseMod","Block Reminder","Colored Map","Minty Spire (QoL Compilation)","ojb\u0027s Info Mod"],"gold_per_floor":[109,109,121,121,140,140,154,154,181,214,214,246,256,267,267,362,362,376,396,396,410,423,423,451,461,485,496,519,532,121,137,137,137,137],"floor_reached":33,"playtime":2089,"items_purged":["Strike_B"],"score":308,"play_id":"3b70311d-ed6f-4dd2-b285-bca7789307f5","local_time":"20201229211823","is_ascension_mode":false,"campfire_choices":[{"data":"Coolheaded","floor":6,"key":"SMITH"},{"data":"Sunder","floor":8,"key":"SMITH"},{"data":"Dualcast","floor":15,"key":"SMITH"},{"data":"Storm","floor":23,"key":"SMITH"},{"floor":32,"key":"REST"}],"circlet_count":0,"master_deck":["Strike_B","Strike_B","Strike_B","Defend_B","Defend_B","Defend_B","Defend_B","Zap","Dualcast+1","Sunder+1","Coolheaded+1","Conserve Battery","Coolheaded+1","Storm+1","Self Repair","Reboot+1","Heatsinks+1","Fusion+1","RitualDagger","Coolheaded+1","Multi-Cast+1","Redo+1","Defragment+1","Double Energy+1","Storm","Redo+1","Ball Lightning"],"relics":["Cracked Core","Tiny Chest","Anchor","Mummified Hand","Toxic Egg 2","Nuclear Battery","Mercury Hourglass","Lantern","Potion Belt","Bottled Lightning"],"acts_visited":["Exordium","TheCity"],"potions_floor_usage":[13,16,16,16,24,24,25,33,33],"damage_taken":[{"damage":7,"enemies":"Small Slimes","floor":1,"turns":4},{"damage":0,"enemies":"2 Louse","floor":3,"turns":2},{"damage":1,"enemies":"Cultist","floor":5,"turns":3},{"damage":4,"enemies":"3 Louse","floor":7,"turns":3},{"damage":11,"enemies":"Gremlin Nob","floor":10,"turns":4},{"damage":28,"enemies":"Lagavulin","floor":12,"turns":6},{"damage":0,"enemies":"Gremlin Gang","floor":13,"turns":3},{"damage":0,"enemies":"2 Fungi Beasts","floor":14,"turns":3},{"damage":17,"enemies":"The Guardian","floor":16,"turns":12},{"damage":0,"enemies":"2 Thieves","floor":18,"turns":4},{"damage":0,"enemies":"Chosen","floor":19,"turns":3},{"damage":18,"enemies":"Shelled Parasite and Fungi","floor":21,"turns":4},{"damage":23,"enemies":"Cultist and Chosen","floor":22,"turns":7},{"damage":47,"enemies":"Gremlin Leader","floor":24,"turns":10},{"damage":7,"enemies":"Sentry and Sphere","floor":25,"turns":6},{"damage":0,"enemies":"Snecko","floor":27,"turns":2},{"damage":0,"enemies":"Centurion and Healer","floor":29,"turns":4},{"damage":0,"enemies":"Snake Plant","floor":31,"turns":1},{"damage":59,"enemies":"Collector","floor":33,"turns":8}],"seed_played":"-503666305174747101","potions_obtained":[{"floor":3,"key":"LiquidMemories"},{"floor":7,"key":"Strength Potion"},{"floor":12,"key":"EntropicBrew"},{"floor":19,"key":"SpeedPotion"},{"floor":24,"key":"Ancient Potion"},{"floor":27,"key":"DistilledChaos"},{"floor":29,"key":"AttackPotion"}],"is_trial":false,"path_per_floor":["M","?","M","?","M","R","M","R","T","E","?","E","M","M","R","B",null,"M","M","?","M","M","R","E","M","T","M","T","M","$","M","R","B"],"character_chosen":"DEFECT","items_purchased":["Storm","Bottled Lightning","Redo+1"],"campfire_rested":1,"item_purchase_floors":[30,30,30],"current_hp_per_floor":[75,75,75,75,74,74,70,70,70,59,59,31,31,31,31,21,82,82,82,76,65,49,49,9,9,9,16,16,23,23,30,54,0,0],"gold":137,"neow_bonus":"TEN_PERCENT_HP_BONUS","is_daily":false,"chose_seed":false,"campfire_upgraded":4,"win_rate":0.0,"timestamp":1609283903,"path_taken":["M","?","M","?","?","R","M","R","T","E","?","E","?","M","R","BOSS","M","M","?","M","M","R","E","M","T","M","?","M","$","M","R","BOSS"],"items_purchased_type":["Card","Relic","Card"],"build_version":"2020-12-22","purchased_purges":1,"victory":false,"max_hp_per_floor":[82,82,82,82,82,82,82,82,82,82,82,82,82,82,82,82,82,82,82,82,82,82,82,82,82,82,82,82,82,82,82,82,82,82],"card_choices":[{"not_picked":["Redo","Streamline"],"picked":"Sweeping Beam","floor":1},{"not_picked":["Darkness","Redo","Go for the Eyes"],"picked":"SKIP","floor":3},{"not_picked":["Meteor Strike","Turbo"],"picked":"Coolheaded","floor":5},{"not_picked":["Streamline","Lockon"],"picked":"Conserve Battery","floor":7},{"not_picked":["Barrage","Turbo","Aggregate"],"picked":"SKIP","floor":10},{"not_picked":["Steam+1","Hologram+1"],"picked":"Coolheaded+1","floor":12},{"not_picked":["Go for the Eyes","Steam+1"],"picked":"Storm","floor":13},{"not_picked":["Beam Cell","Barrage"],"picked":"Self Repair","floor":14},{"not_picked":["Rainbow+1","Biased Cognition"],"picked":"Reboot+1","floor":16},{"not_picked":["Hologram+1","Cold Snap"],"picked":"Heatsinks+1","floor":18},{"not_picked":["Heatsinks+1","Storm"],"picked":"Fusion+1","floor":19},{"not_picked":["FTL","Rebound+1"],"picked":"Coolheaded+1","floor":21},{"not_picked":["Beam Cell","Rebound","Conserve Battery+1"],"picked":"SKIP","floor":22},{"not_picked":["Cold Snap","Steam+1"],"picked":"Multi-Cast+1","floor":24},{"not_picked":["FTL","Barrage"],"picked":"Redo+1","floor":25},{"not_picked":["Turbo+1","Redo+1"],"picked":"Defragment+1","floor":27},{"not_picked":["Ball Lightning","Steam+1"],"picked":"Double Energy+1","floor":29},{"not_picked":["Steam+1","Turbo+1"],"picked":"Ball Lightning","floor":31}],"player_experience":65525,"relics_obtained":[{"floor":9,"key":"Tiny Chest"},{"floor":10,"key":"Anchor"},{"floor":11,"key":"Mummified Hand"},{"floor":12,"key":"Toxic Egg 2"},{"floor":24,"key":"Mercury Hourglass"},{"floor":26,"key":"Lantern"},{"floor":28,"key":"Potion Belt"}],"event_choices":[{"damage_healed":0,"gold_gain":0,"cards_transformed":["Sweeping Beam"],"player_choice":"Change","damage_taken":0,"max_hp_gain":0,"max_hp_loss":0,"event_name":"Living Wall","floor":2,"gold_loss":0,"cards_obtained":["Sunder"]},{"damage_healed":0,"gold_gain":0,"player_choice":"Ignored","damage_taken":0,"max_hp_gain":0,"max_hp_loss":0,"event_name":"NoteForYourself","floor":4,"gold_loss":0},{"damage_healed":0,"gold_gain":0,"player_choice":"Relic","damage_taken":0,"max_hp_gain":0,"max_hp_loss":0,"event_name":"Wheel of Change","floor":11,"gold_loss":0},{"damage_healed":0,"gold_gain":0,"player_choice":"Joined the Cult","damage_taken":6,"max_hp_gain":0,"max_hp_loss":0,"event_name":"Nest","floor":20,"gold_loss":0,"cards_obtained":["RitualDagger"]}],"is_beta":false,"boss_relics":[{"not_picked":["Velvet Choker","Empty Cage"],"picked":"Nuclear Battery"}],"items_purged_floors":[30],"is_endless":false,"potions_floor_spawned":[3,7,12,19,24,27,29],"killed_by":"Collector","ascension_level":0}}