{"host":"l3h7vlt0ggqh50f5","time":1609259283,"event":{"mods":["BaseMod","Bestiary","Colored Map","Colored Powertips","Minty Spire (QoL Compilation)","Relic Stats"],"gold_per_floor":[113,125,200,211,211,211,237,252,252,59,59,112,112,220,220,346,346,415,415,514,16,113,113,113,113],"floor_reached":24,"playtime":1920,"items_purged":[],"score":322,"play_id":"98bfc45d-ca8d-465a-b20b-0f538d5d93c1","local_time":"20201229172803","is_ascension_mode":true,"campfire_choices":[{"data":"Terror","floor":6.0,"key":"SMITH"},{"data":"HandOfGreed","floor":13,"key":"SMITH"},{"data":"Neutralize","floor":15,"key":"SMITH"},{"data":"Well Laid Plans","floor":23,"key":"SMITH"}],"circlet_count":0,"master_deck":["Defend_G","Defend_G","Defend_G","Defend_G","Defend_G","Survivor","Neutralize+1","Adrenaline","Terror+1","Flying Knee","Blade Dance","Dash","Dagger Throw","HandOfGreed+1","Crippling Poison","Bullet Time","Dodge and Roll","Bite","Bite","Bite","Bite","Bite","Well Laid Plans+1","Predator"],"relics":["Ring of the Snake","Oddly Smooth Stone","Akabeko","Bottled Lightning","Bag of Marbles","Coffee Dripper","FossilizedHelix","CeramicFish"],"acts_visited":["TheCity"],"potions_floor_usage":[7,14,14,14,14,22,24,24],"damage_taken":[{"damage":2.0,"enemies":"Jaw Worm","floor":1.0,"turns":7.0},{"damage":0.0,"enemies":"Cultist","floor":2.0,"turns":4.0},{"damage":1.0,"enemies":"Small Slimes","floor":4.0,"turns":4.0},{"damage":10,"enemies":"Lagavulin","floor":7,"turns":6},{"damage":0,"enemies":"Blue Slaver","floor":8,"turns":2},{"damage":7,"enemies":"Gremlin Nob","floor":12,"turns":3},{"damage":40,"enemies":"3 Sentries","floor":14,"turns":10},{"damage":6,"enemies":"Hexaghost","floor":16,"turns":9},{"damage":15,"enemies":"2 Thieves","floor":18,"turns":4},{"damage":5,"enemies":"3 Byrds","floor":22,"turns":8},{"damage":57,"enemies":"Gremlin Leader","floor":24,"turns":6}],"seed_played":"-8247499028385730065","potions_obtained":[{"floor":2.0,"key":"EntropicBrew"},{"floor":4.0,"key":"Block Potion"},{"floor":5.0,"key":"CultistPotion"},{"floor":5.0,"key":"Strength Potion"},{"floor":8,"key":"Energy Potion"},{"floor":18,"key":"LiquidMemories"}],"is_trial":false,"path_per_floor":["M","M","?","M","?","R","E","M","T","$","?","E","R","E","R","B",null,"M","?","?","$","M","R","E"],"character_chosen":"THE_SILENT","items_purchased":["HandOfGreed","FossilizedHelix","CeramicFish","Well Laid Plans"],"campfire_rested":0,"item_purchase_floors":[10,21,21,21],"current_hp_per_floor":[61,61,50,49,49,49,39,39,39,39,60,53,53,13,13,7,49,34,34,34,34,33,33,0,0],"gold":113,"neow_bonus":"THREE_RARE_CARDS","is_daily":false,"chose_seed":false,"campfire_upgraded":4,"win_rate":0.0,"timestamp":1609259283,"path_taken":["M","M","?","M","?","R","E","?","T","$","?","E","R","E","R","BOSS","M","?","?","$","M","R","E"],"items_purchased_type":["Card","Relic","Relic","Card"],"build_version":"2020-12-22","purchased_purges":0,"victory":false,"max_hp_per_floor":[63,63,63,63,63,63,63,63,63,63,63,63,63,63,63,63,63,63,44,44,44,44,44,44,44],"relic_stats":{"counters":[11,63],"CeramicFish":18,"obtain_stats":[{"CeramicFish":21,"Oddly Smooth Stone":7,"Bag of Marbles":14,"Coffee Dripper":17,"Bottled Lightning":12,"Akabeko":9,"FossilizedHelix":21,"Ring of the Snake":0},{"CeramicFish":9,"Oddly Smooth Stone":4,"Bag of Marbles":7,"Coffee Dripper":8,"Bottled Lightning":6,"Akabeko":5,"FossilizedHelix":9,"Ring of the Snake":0},{"CeramicFish":49,"Oddly Smooth Stone":21,"Bag of Marbles":36,"Coffee Dripper":45,"Bottled Lightning":26,"Akabeko":23,"FossilizedHelix":49,"Ring of the Snake":0}],"Ring of the Snake":[22]},"card_choices":[{"not_picked":["Night Terror","Bullet Time"],"picked":"Adrenaline","floor":0.0},{"not_picked":["Cloak And Dagger","Bane"],"picked":"Terror","floor":1.0},{"not_picked":["Bane","Caltrops"],"picked":"Flying Knee","floor":2.0},{"not_picked":["Prepared","Escape Plan"],"picked":"Blade Dance","floor":4.0},{"not_picked":["Dodge and Roll","Endless Agony"],"picked":"Dash","floor":7},{"not_picked":["Dodge and Roll","Flechettes"],"picked":"Dagger Throw","floor":8},{"not_picked":["Slice","Flechettes"],"picked":"Crippling Poison","floor":12},{"not_picked":["Slice","Eviscerate","Distraction"],"picked":"SKIP","floor":14},{"not_picked":["Envenom","A Thousand Cuts"],"picked":"Bullet Time","floor":16},{"not_picked":["Dagger Throw","Prepared"],"picked":"Dodge and Roll","floor":18},{"not_picked":["Underhanded Strike","Well Laid Plans"],"picked":"Predator","floor":22}],"player_experience":280311,"relics_obtained":[{"floor":7,"key":"Oddly Smooth Stone"},{"floor":9,"key":"Akabeko"},{"floor":12,"key":"Bottled Lightning"},{"floor":14,"key":"Bag of Marbles"}],"event_choices":[{"damage_healed":0.0,"max_hp_gain":0.0,"max_hp_loss":0.0,"gold_gain":75.0,"event_name":"World of Goop","player_choice":"Gather Gold","floor":3.0,"gold_loss":0.0,"damage_taken":11.0},{"damage_healed":0.0,"max_hp_gain":0.0,"max_hp_loss":0.0,"gold_gain":0.0,"event_name":"Lab","player_choice":"Got Potions","floor":5.0,"gold_loss":0.0,"damage_taken":0.0},{"damage_healed":21,"gold_gain":0,"player_choice":"Banana","damage_taken":0,"max_hp_gain":0,"max_hp_loss":0,"event_name":"Big Fish","floor":11,"gold_loss":0},{"damage_healed":0,"gold_gain":0,"player_choice":"Became a vampire","damage_taken":0,"max_hp_gain":0,"max_hp_loss":19,"event_name":"Vampires","floor":19,"gold_loss":0,"cards_obtained":["Bite","Bite","Bite","Bite","Bite"]},{"damage_healed":0,"gold_gain":99,"player_choice":"Stole From Cult","damage_taken":0,"max_hp_gain":0,"max_hp_loss":0,"event_name":"Nest","floor":20,"gold_loss":0}],"is_beta":false,"boss_relics":[{"not_picked":["Cursed Key","Velvet Choker"],"picked":"Coffee Dripper"}],"items_purged_floors":[],"is_endless":false,"potions_floor_spawned":[2,4,8,16,18],"killed_by":"Gremlin Leader","ascension_level":8}}