{"host":"qnxnem68q7ulahas","time":1609268931,"event":{"mods":["ATMod(阿瑾Mod)","Act Like it!","BaseMod","Challenge The Spire","Decade(王小明)","GungeonMod","Highlight Path","Minty Spire (QoL Compilation)","Replay The Spire","RumiaBox-露米娅的神秘盒子","SOS（斯巴达之子）","Spicy Shops","StSLib","[IsaacMod]以撒尖塔","【功能Mod】混沌之环修复补丁","【遗物卡牌】REMEMod"],"gold_per_floor":[123,48,48,48,69,69,69],"floor_reached":6,"playtime":233,"items_purged":["Defend_Dante"],"score":68,"play_id":"006c96a5-74b6-44ad-9a71-0f373b006b7e","local_time":"20201230030851","is_ascension_mode":true,"campfire_choices":[],"circlet_count":0,"master_deck":["AscendersBane","Attack_a","Attack_a","Attack_b","Shoot","Shoot","Provocation","Defend_Dante","Defend_Dante","Defend_Dante","Redorb","Defend_Dante","SSScard"],"relics":["SSS","Combocheck","HushsDoor","REME_ComplimentaryCards","AT_ATBox","Damocles","GnawedLeaf","FaceOfCleric","Matryoshka"],"acts_visited":["Exordium"],"potions_floor_usage":[],"damage_taken":[{"damage":6.0,"enemies":"Small Slimes","floor":1.0,"turns":6.0},{"damage":25,"enemies":"Cultist","floor":5,"turns":6},{"damage":6,"enemies":"Replay:BlueRogue","floor":6,"turns":1}],"seed_played":"-3694016601949588445","potions_obtained":[],"is_trial":false,"path_per_floor":["M","$","?","?","M","E"],"character_chosen":"DANTE","items_purchased":[],"campfire_rested":0,"item_purchase_floors":[],"current_hp_per_floor":[62,62,62,62,38,0,0],"gold":69,"neow_bonus":"TRANSFORM_CARD","is_daily":false,"chose_seed":false,"campfire_upgraded":0,"win_rate":0.0,"timestamp":1609268931,"path_taken":["M","$","?","?","M","E"],"items_purchased_type":[],"build_version":"2020-12-22","purchased_purges":1,"victory":false,"max_hp_per_floor":[75,75,75,75,76,76,76],"card_choices":[{"not_picked":["Chargeshoot","LucifercomboA","Stinger"],"picked":"SKIP","floor":1.0},{"not_picked":["Holywater","Chargeshoot"],"picked":"SSScard","floor":5}],"player_experience":418490,"relics_obtained":[{"floor":1.0,"key":"GnawedLeaf"},{"floor":5,"key":"Matryoshka"}],"event_choices":[{"damage_healed":0.0,"max_hp_gain":0.0,"max_hp_loss":0.0,"gold_gain":0.0,"event_name":"FaceTrader","player_choice":"Trade","floor":3.0,"gold_loss":0.0,"damage_taken":0.0,"relics_obtained":["FaceOfCleric"]},{"damage_healed":0,"gold_gain":0,"player_choice":"Ignored","damage_taken":0,"max_hp_gain":0,"max_hp_loss":0,"event_name":"Shining Light","floor":4,"gold_loss":0}],"is_beta":false,"boss_relics":[],"items_purged_floors":[2],"is_endless":false,"potions_floor_spawned":[],"killed_by":"Replay:BlueRogue","ascension_level":20}}