{"host":"s2jwg59yskzk2eda","time":1609280748,"event":{"mods":["Act Like it!","Bard","BaseMod","Beaked The Cultist","Better Match","Better Note","Better Sensory Stone","Better Skull","Better Third Choice","Better Vampires","Block Reminder","CCEM","Colored Map","Colored Powertips","Conspire","Downfall","Fiend Mod","Halation","Infinite Spire","Marked Mod","Menagerie","Minty Spire (QoL Compilation)","QueenMod","Relic Sorter","Replay The Spire","Robot Space Explorer","Spicy Shops","StSLib","The Construct","The Disciple","The Dragon Tamer","The Druid","The Factory","The Jungle","The Marked","The Runesmith"],"gold_per_floor":[116,135,135,150,167,198,32,50,74,24,24,75,111,137,137,169,169],"floor_reached":16,"playtime":1000,"items_purged":["RobotSpaceExplorer:Strike"],"score":114,"play_id":"94a8a3dd-a5b5-4f74-969c-b6d333447fa1","local_time":"20201229232548","is_ascension_mode":false,"campfire_choices":[{"data":"conspire:SpireCoStock","floor":11,"key":"SMITH"},{"data":"RobotSpaceExplorer:Strike","floor":15,"key":"PURGE"}],"circlet_count":0,"master_deck":["RobotSpaceExplorer:Strike","RobotSpaceExplorer:Strike","RobotSpaceExplorer:Defend","RobotSpaceExplorer:Defend","RobotSpaceExplorer:Defend","RobotSpaceExplorer:Scan","RobotSpaceExplorer:MiniLasers","RobotSpaceExplorer:IronShell","RobotSpaceExplorer:PlasmaMissile","RobotSpaceExplorer:StarDust","RobotSpaceExplorer:Counterblock","Replay:SS_fish_1","conspire:SpireCoStock+1","RobotSpaceExplorer:Reload","RobotSpaceExplorer:Smokescreen"],"relics":["RobotSpaceExplorer:RoboCore","halation:SwordOfLegend","Replay:Wax Seal","infinitespire:Satchel"],"acts_visited":["Exordium"],"potions_floor_usage":[12,16],"damage_taken":[{"damage":1,"enemies":"Small Slimes","floor":1,"turns":4},{"damage":0,"enemies":"Cultist","floor":2,"turns":3},{"damage":10,"enemies":"infinitespire:Voidling","floor":4,"turns":4},{"damage":6,"enemies":"3 Louse","floor":5,"turns":3},{"damage":36,"enemies":"3 Sentries","floor":6,"turns":9},{"damage":1,"enemies":"Blue Slaver","floor":8,"turns":5},{"damage":10,"enemies":"Lagavulin","floor":12,"turns":7},{"damage":7,"enemies":"Looter","floor":13,"turns":4},{"damage":0,"enemies":"conspire:2 RoseBushes","floor":14,"turns":6},{"damage":38,"enemies":"Fading Forest","floor":16,"turns":7}],"seed_played":"8771691746229506136","potions_obtained":[{"floor":2,"key":"SkillPotion"},{"floor":5,"key":"Strength Potion"},{"floor":8,"key":"sneckomod:MuddlingPotion"}],"is_trial":false,"path_per_floor":["M","M","?","M","M","E","$","M","T","?","R","E","M","M","R_BF","B"],"character_chosen":"RobotSpaceExplorer","items_purchased":["Replay:SS_fish_1"],"campfire_rested":0,"item_purchase_floors":[7],"current_hp_per_floor":[81,81,81,78,72,36,36,35,35,35,34,24,17,17,26,0,0],"gold":169,"neow_bonus":"TEN_PERCENT_HP_BONUS","is_daily":false,"chose_seed":false,"campfire_upgraded":1,"win_rate":0.0,"timestamp":1609280748,"path_taken":["M","M","?","M","M","E","?","?","T","?","R","E","M","M","R_BF","BOSS"],"items_purchased_type":["Card"],"build_version":"2020-12-22","purchased_purges":1,"victory":false,"max_hp_per_floor":[82,82,82,82,82,82,82,82,82,82,82,82,82,82,82,82,82],"card_choices":[{"not_picked":["RobotSpaceExplorer:ScrapMissile","RobotSpaceExplorer:SwiftStep"],"picked":"RobotSpaceExplorer:IronShell","floor":1},{"not_picked":["RobotSpaceExplorer:MiniBoosters","RobotSpaceExplorer:ImprovisedAttack","RobotSpaceExplorer:SlimeMissile"],"picked":"SKIP","floor":2},{"not_picked":["RobotSpaceExplorer:SurgingShield","RobotSpaceExplorer:StunGrenade"],"picked":"RobotSpaceExplorer:PlasmaMissile","floor":4},{"not_picked":["RobotSpaceExplorer:DualCore","RobotSpaceExplorer:ScrapToss"],"picked":"RobotSpaceExplorer:StarDust","floor":5},{"not_picked":["RobotSpaceExplorer:DroneSwarm","RobotSpaceExplorer:Accelerator"],"picked":"RobotSpaceExplorer:Counterblock","floor":6},{"not_picked":["RobotSpaceExplorer:SelfCleaning","RobotSpaceExplorer:DualCore","RobotSpaceExplorer:Ammunition"],"picked":"SKIP","floor":8},{"not_picked":["RobotSpaceExplorer:Probe","RobotSpaceExplorer:SwiftStep","RobotSpaceExplorer:ToxicBomb"],"picked":"SKIP","floor":12},{"not_picked":["RobotSpaceExplorer:Probe","RobotSpaceExplorer:GlueSpray"],"picked":"RobotSpaceExplorer:Reload","floor":13},{"not_picked":["RobotSpaceExplorer:Ammunition","RobotSpaceExplorer:ImprovisedAttack"],"picked":"RobotSpaceExplorer:Smokescreen","floor":14}],"player_experience":1133558,"relics_obtained":[{"floor":6,"key":"halation:SwordOfLegend"},{"floor":9,"key":"Replay:Wax Seal"},{"floor":12,"key":"infinitespire:Satchel"}],"event_choices":[{"cards_removed":["RobotSpaceExplorer:Defend"],"damage_healed":0,"gold_gain":0,"player_choice":"Purged","damage_taken":0,"max_hp_gain":0,"max_hp_loss":0,"event_name":"Purifier","floor":3,"gold_loss":0},{"damage_healed":0,"gold_gain":0,"player_choice":"Invest 1","damage_taken":0,"max_hp_gain":0,"max_hp_loss":0,"event_name":"conspire:Investor","floor":10,"gold_loss":0}],"is_beta":false,"boss_relics":[],"items_purged_floors":[7],"is_endless":false,"potions_floor_spawned":[2,5,8],"killed_by":"Fading Forest","ascension_level":0}}