{"host":"55we1on8t2r12eb4","time":1609249184,"event":{"mods":["AchievementEnabler","Act Like it!","BaseMod","Colored Map","Hermit","Minty Spire (QoL Compilation)","Rare Cards Sparkle","StSLib"],"gold_per_floor":[109,184,194,207,207,237,140,140,140,140,140,151,151,168,168,273,273,285,297,309,86,86,104,104,139,188,198,216,243,243,262,262,362,362,381,397,397,397],"floor_reached":37,"playtime":1858,"items_purged":[],"score":413,"play_id":"54e78277-ef31-440b-bf49-5aec0e941ca7","local_time":"20201229203944","is_ascension_mode":false,"campfire_choices":[{"data":"hermit:HighCaliber","floor":8,"key":"SMITH"},{"floor":10,"key":"REST"},{"floor":13,"key":"REST"},{"data":"hermit:CursedWeapon","floor":15,"key":"SMITH"},{"floor":24,"key":"REST"},{"floor":30,"key":"REST"},{"floor":32,"key":"REST"}],"circlet_count":0,"master_deck":["hermit:Strike_Hermit","hermit:Strike_Hermit","hermit:Strike_Hermit","hermit:Strike_Hermit","hermit:Defend_Hermit","hermit:Defend_Hermit+1","hermit:Defend_Hermit","hermit:Defend_Hermit","hermit:Snapshot","hermit:Covet","hermit:Shortfuse+1","hermit:HighCaliber+1","hermit:GoldenBullet+1","hermit:HoleUp+1","hermit:LowProfile+1","hermit:HoleUp+1","hermit:CursedWeapon+1","hermit:Maintenance+1","hermit:Gambit+1","hermit:FlashPowder+1","hermit:Desperado","hermit:Coalescence+1","hermit:Brawl","hermit:FullyLoaded+1","hermit:Coalescence+1","hermit:HighCaliber","hermit:FullyLoaded+1","hermit:HighNoon","hermit:Glare+1","hermit:Coalescence+1"],"relics":["hermit:Momento","Thread and Needle","Toxic Egg 2","hermit:Horseshoe","Fusion Hammer","Lee\u0027s Waffle","Bag of Marbles","Regal Pillow","Question Card","Busted Crown"],"acts_visited":["Exordium","TheCity","TheBeyond"],"potions_floor_usage":[6,6,25],"damage_taken":[{"damage":8.0,"enemies":"Small Slimes","floor":1.0,"turns":4.0},{"damage":0.0,"enemies":"Jaw Worm","floor":3.0,"turns":3.0},{"damage":0.0,"enemies":"2 Louse","floor":4.0,"turns":2.0},{"damage":11,"enemies":"3 Sentries","floor":6,"turns":7},{"damage":0,"enemies":"Exordium Wildlife","floor":12,"turns":3},{"damage":2,"enemies":"Large Slime","floor":14,"turns":4},{"damage":23,"enemies":"Hexaghost","floor":16,"turns":15},{"damage":2,"enemies":"3 Byrds","floor":18,"turns":6},{"damage":0,"enemies":"Spheric Guardian","floor":19,"turns":3},{"damage":2,"enemies":"Snake Plant","floor":20,"turns":4},{"damage":8,"enemies":"Centurion and Healer","floor":23,"turns":8},{"damage":19,"enemies":"Gremlin Leader","floor":25,"turns":6},{"damage":11,"enemies":"3 Cultists","floor":27,"turns":6},{"damage":2,"enemies":"Snake Plant","floor":28,"turns":2},{"damage":8,"enemies":"Book of Stabbing","floor":29,"turns":8},{"damage":3,"enemies":"Shelled Parasite and Fungi","floor":31,"turns":3},{"damage":28,"enemies":"Automaton","floor":33,"turns":12},{"damage":2,"enemies":"3 Shapes","floor":35,"turns":3},{"damage":33,"enemies":"3 Darklings","floor":36,"turns":6},{"damage":51,"enemies":"Transient","floor":37,"turns":4}],"seed_played":"-1147980225168380166","potions_obtained":[{"floor":1.0,"key":"AttackPotion"},{"floor":4.0,"key":"Energy Potion"},{"floor":14,"key":"AttackPotion"},{"floor":16,"key":"hermit:BlackBile"},{"floor":23,"key":"Explosive Potion"},{"floor":25,"key":"Ancient Potion"}],"is_trial":false,"path_per_floor":["M","?","M","M","?","E","$","R","T","R","?","M","R","M","R","B",null,"M","M","M","$","?","M","R","E","T","M","M","E","R","M","R","B",null,"M","M","M"],"character_chosen":"HERMIT","items_purchased":["hermit:LowProfile+1","hermit:HoleUp+1","hermit:Brawl","Lee\u0027s Waffle"],"campfire_rested":5,"item_purchase_floors":[7,7,21,21],"current_hp_per_floor":[46,35,35,35,20,9,9,9,9,31,31,31,53,51,51,28,75,73,73,71,82,82,74,82,63,63,52,50,42,81,78,82,54,82,80,47,0,0],"gold":397,"neow_bonus":"ONE_RARE_RELIC","is_daily":false,"chose_seed":false,"campfire_upgraded":2,"win_rate":0.0,"timestamp":1609249184,"path_taken":["M","?","M","M","?","E","$","R","T","R","?","M","R","M","R","BOSS","M","M","M","$","?","M","R","E","T","M","M","E","R","M","R","BOSS","M","M","M"],"items_purchased_type":["Card","Card","Card","Relic"],"build_version":"2020-12-22","purchased_purges":0,"victory":false,"max_hp_per_floor":[75,75,75,75,75,75,75,75,75,75,75,75,75,75,75,75,75,75,75,75,82,82,82,82,82,82,82,82,82,82,82,82,82,82,82,82,82,82],"card_choices":[{"not_picked":["hermit:BodyArmor","hermit:Manifest"],"picked":"hermit:Shortfuse","floor":1.0},{"not_picked":["hermit:WideOpen","hermit:CalledShot"],"picked":"hermit:HighCaliber","floor":3.0},{"not_picked":["hermit:Snipe","hermit:ItchyTrigger"],"picked":"hermit:GoldenBullet","floor":4.0},{"not_picked":["hermit:Misfire","hermit:Spite"],"picked":"hermit:HoleUp+1","floor":6},{"not_picked":["hermit:Scavenge+1","hermit:CalledShot"],"picked":"hermit:CursedWeapon","floor":12},{"not_picked":["hermit:Desperado","hermit:Glare+1"],"picked":"hermit:Maintenance+1","floor":14},{"not_picked":["hermit:FromBeyond+1","hermit:Roughhouse"],"picked":"hermit:Gambit+1","floor":16},{"not_picked":["hermit:CalledShot+1","hermit:LowProfile+1"],"picked":"hermit:FlashPowder+1","floor":18},{"not_picked":["hermit:Snipe+1","hermit:Vantage+1"],"picked":"hermit:Desperado","floor":19},{"not_picked":["hermit:Enervate","hermit:BigShot"],"picked":"hermit:Coalescence+1","floor":20},{"not_picked":["hermit:Headshot","hermit:Brawl"],"picked":"hermit:FullyLoaded+1","floor":23},{"not_picked":["hermit:Desperado","hermit:CalledShot"],"picked":"hermit:Coalescence+1","floor":25},{"not_picked":["hermit:Coalescence+1","hermit:TakeAim"],"picked":"hermit:HighCaliber","floor":27},{"not_picked":["hermit:LowProfile+1","hermit:SprayPray"],"picked":"hermit:FullyLoaded+1","floor":28},{"not_picked":["hermit:Vantage+1","hermit:Manifest+1","hermit:Gestalt+1"],"picked":"SKIP","floor":29},{"not_picked":["hermit:FatalDesire","hermit:Ricochet","hermit:Feint+1","hermit:ShadowCloak"],"picked":"SKIP","floor":31},{"not_picked":["hermit:EternalForm","hermit:Reprieve+1","hermit:FromBeyond+1"],"picked":"hermit:HighNoon","floor":33},{"not_picked":["hermit:WideOpen"],"picked":"hermit:Glare+1","floor":35},{"not_picked":["hermit:Deadeye"],"picked":"hermit:Coalescence+1","floor":36}],"player_experience":156962,"relics_obtained":[{"floor":6,"key":"Toxic Egg 2"},{"floor":9,"key":"hermit:Horseshoe"},{"floor":25,"key":"Bag of Marbles"},{"floor":26,"key":"Regal Pillow"},{"floor":29,"key":"Question Card"}],"event_choices":[{"damage_healed":0.0,"max_hp_gain":0.0,"max_hp_loss":0.0,"gold_gain":75.0,"event_name":"World of Goop","player_choice":"Gather Gold","floor":2.0,"gold_loss":0.0,"damage_taken":11.0},{"damage_healed":0.0,"max_hp_gain":0.0,"max_hp_loss":0.0,"gold_gain":0.0,"event_name":"Shining Light","player_choice":"Entered Light","floor":5.0,"gold_loss":0.0,"damage_taken":15.0,"cards_upgraded":["hermit:GoldenBullet","hermit:Defend_Hermit"]},{"damage_healed":0,"gold_gain":0,"player_choice":"Grow","damage_taken":0,"max_hp_gain":0,"max_hp_loss":0,"event_name":"Living Wall","floor":11,"gold_loss":0,"cards_upgraded":["hermit:Shortfuse"]},{"damage_healed":0,"gold_gain":0,"player_choice":"Ignored","damage_taken":0,"max_hp_gain":0,"max_hp_loss":0,"event_name":"Ghosts","floor":22,"gold_loss":0}],"is_beta":false,"boss_relics":[{"not_picked":["SacredBark","Coffee Dripper"],"picked":"Fusion Hammer"},{"not_picked":["Velvet Choker","Runic Dome"],"picked":"Busted Crown"}],"items_purged_floors":[],"is_endless":false,"potions_floor_spawned":[1,4,14,16,23,25,28,29,33],"killed_by":"Transient","ascension_level":0}}