{"host":"8e68pzgs4bln6t6e","time":1609282419,"event":{"mods":["AchievementEnabler","Act Like it!","BaseMod","Better Note","BetterRewards","Colored Powertips","Googly Eyes","Hallownest","Hubris","Jorbs\u0027s Wanderer Trilogy","Marisa????????","Minty Spire (QoL Compilation)","Quick Restart","Rare Cards Sparkle","Replay The Spire","Shop Mod","StSLib","The Animator","The Bug Knight","The Cursed","The Disciple","The Hierophant","The Servant 0.9.4"],"gold_per_floor":[114,129,129,109,128,128,128,128,128,428,447,485,485,504,504,504,504],"floor_reached":16,"playtime":643,"items_purged":[],"score":100,"play_id":"98e0add5-8961-4a09-a239-8f1d3b899b44","local_time":"20201229235339","daily_mods":["Chimera","Red Cards","Lethality"],"is_ascension_mode":false,"campfire_choices":[{"data":"Eruption","floor":6.0,"key":"SMITH"},{"data":"Replay:AtTheReady","floor":8.0,"key":"SMITH"},{"floor":13.0,"key":"REST"},{"data":"PathToVictory","floor":15.0,"key":"SMITH"}],"circlet_count":0,"master_deck":["Bash","Survivor","Zap","Eruption+1","Strike_R","Strike_G","Strike_B","Defend_R","Defend_G","Defend_P","PathToVictory+1","Replay:AtTheReady+1","PathToVictory","Replay:Anticipation","Swivel","Flex"],"relics":["PureWater","Golden Idol","hubris:Icosahedron","Garlic","Old Coin","Eternal Feather"],"acts_visited":["Exordium"],"potions_floor_usage":[],"damage_taken":[{"damage":0.0,"enemies":"2 Louse","floor":1.0,"turns":2.0},{"damage":0.0,"enemies":"Small Slimes","floor":2.0,"turns":2.0},{"damage":0.0,"enemies":"Cultist","floor":5.0,"turns":2.0},{"damage":0.0,"enemies":"Exordium Wildlife","floor":11.0,"turns":2.0},{"damage":22.0,"enemies":"HollowMod:MossKnight","floor":12.0,"turns":5.0},{"damage":0.0,"enemies":"Blue Slaver","floor":14.0,"turns":4.0},{"damage":0,"enemies":"Fading Forest","floor":16,"turns":1}],"seed_played":"4726349093531193793","potions_obtained":[{"floor":4.0,"key":"Languid Potion"},{"floor":11.0,"key":"Dexterity Potion"},{"floor":14.0,"key":"SkillPotion"}],"is_trial":false,"path_per_floor":["M","M","?","?","M","R","?","R","T","?","M","E","R","M","R","B"],"character_chosen":"WATCHER","items_purchased":[],"campfire_rested":1,"item_purchase_floors":[],"current_hp_per_floor":[72,72,54,54,54,54,54,54,54,54,54,32,62,62,71,71,71],"gold":504,"neow_bonus":"","is_daily":true,"chose_seed":false,"campfire_upgraded":3,"win_rate":0.0,"timestamp":1609282419,"path_taken":["M","M","?","?","?","R","?","R","T","?","?","E","R","M","R","BOSS"],"items_purchased_type":[],"build_version":"2020-12-22","purchased_purges":0,"victory":false,"max_hp_per_floor":[72,72,72,72,72,72,72,72,72,72,72,72,72,72,72,72,72],"card_choices":[{"not_picked":["Anger","Blood for Blood"],"picked":"PathToVictory","floor":1.0},{"not_picked":["TalkToTheHand","CarveReality"],"picked":"Replay:AtTheReady","floor":2.0},{"not_picked":["Blood for Blood","Twin Strike"],"picked":"PathToVictory","floor":5.0},{"not_picked":["Replay:ManipulateFuture","Evaluate"],"picked":"Replay:Anticipation","floor":11.0},{"not_picked":["Shrug It Off","Hemokinesis"],"picked":"Swivel","floor":12.0},{"not_picked":["Armaments","Wild Strike"],"picked":"Flex","floor":14.0}],"player_experience":239037,"relics_obtained":[{"floor":9.0,"key":"Garlic"},{"floor":12.0,"key":"Eternal Feather"}],"event_choices":[{"damage_healed":0.0,"max_hp_gain":0.0,"max_hp_loss":0.0,"gold_gain":0.0,"event_name":"Golden Idol","player_choice":"Take Damage","floor":3.0,"gold_loss":0.0,"damage_taken":18.0,"relics_obtained":["Golden Idol"]},{"damage_healed":0.0,"max_hp_gain":0.0,"max_hp_loss":0.0,"gold_gain":0.0,"event_name":"The Woman in Blue","player_choice":"Bought 1 Potion","floor":4.0,"gold_loss":0.0,"damage_taken":0.0},{"damage_healed":0.0,"max_hp_gain":0.0,"max_hp_loss":0.0,"gold_gain":0.0,"event_name":"WeMeetAgain","player_choice":"Gave Potion","floor":10.0,"gold_loss":0.0,"damage_taken":0.0,"relics_obtained":["Old Coin"]}],"is_beta":false,"boss_relics":[],"items_purged_floors":[],"is_endless":false,"potions_floor_spawned":[11,14],"killed_by":"Fading Forest","ascension_level":0}}