{"host":"w4b7hmige5bnqipq","time":1609224693,"event":{"mods":["2.2 Compatiblity","BaseMod","Colored Map","DeckTracker","Keyboard Shortcuts","Minty Spire (QoL Compilation)","Permanent Neow","Rare Cards Sparkle","SuperFastMode","everything is the same but u backflip on backflip","slay the spire mod where everything is the same but ironclad has a cowboy hat"],"gold_per_floor":[116,116,136,149,149,149,183,183,183,208,208,239,249,8,8,8,8],"floor_reached":16,"playtime":374,"items_purged":["Strike_R"],"score":224,"play_id":"87db968c-0769-48b9-af45-cf0fa25ef171","local_time":"20201229155133","is_ascension_mode":true,"campfire_choices":[{"data":"Blood for Blood","floor":6.0,"key":"SMITH"},{"data":"Whirlwind","floor":11,"key":"SMITH"},{"data":"Bash","floor":15,"key":"SMITH"}],"circlet_count":0,"master_deck":["AscendersBane","Strike_R","Strike_R","Strike_R","Strike_R","Defend_R+1","Defend_R+1","Defend_R","Bash+1","Ghostly Armor","Whirlwind+1","Blood for Blood+1"],"relics":["Burning Blood","Lantern","Ice Cream","Dead Branch","Dream Catcher","Tiny Chest","ClockworkSouvenir"],"acts_visited":["Exordium"],"potions_floor_usage":[10,12,16],"damage_taken":[{"damage":1.0,"enemies":"Cultist","floor":1.0,"turns":3.0},{"damage":0.0,"enemies":"Small Slimes","floor":3.0,"turns":3.0},{"damage":2.0,"enemies":"2 Louse","floor":4.0,"turns":3.0},{"damage":24.0,"enemies":"3 Sentries","floor":7.0,"turns":6.0},{"damage":17,"enemies":"Lagavulin","floor":10,"turns":5},{"damage":8,"enemies":"Gremlin Nob","floor":12,"turns":3},{"damage":2,"enemies":"Blue Slaver","floor":13,"turns":3},{"damage":26,"enemies":"Slime Boss","floor":16,"turns":6}],"seed_played":"-4659118920702478193","potions_obtained":[{"floor":1.0,"key":"Ancient Potion"},{"floor":7.0,"key":"FearPotion"},{"floor":12,"key":"HeartOfIron"}],"is_trial":false,"path_per_floor":["M","?","M","M","?","R","E","?","T","E","R","E","M","$","R","B"],"character_chosen":"IRONCLAD","items_purchased":["ClockworkSouvenir"],"campfire_rested":0,"item_purchase_floors":[14],"current_hp_per_floor":[73,73,75,75,52,52,34,34,34,23,23,21,25,25,25,0,0],"gold":8,"neow_bonus":"RANDOM_COMMON_RELIC","is_daily":false,"chose_seed":false,"campfire_upgraded":3,"win_rate":0.0,"timestamp":1609224693,"path_taken":["M","?","?","M","?","R","E","?","T","E","R","E","M","?","R","BOSS"],"items_purchased_type":["Relic"],"build_version":"2020-12-22","purchased_purges":1,"victory":false,"max_hp_per_floor":[75,75,75,75,75,75,75,75,75,75,75,75,75,75,75,75,75],"card_choices":[{"not_picked":["Warcry","True Grit"],"picked":"Ghostly Armor","floor":1.0},{"not_picked":["Clothesline","Warcry","Intimidate"],"picked":"SKIP","floor":3.0},{"not_picked":["Body Slam","Havoc"],"picked":"Blood for Blood","floor":4.0},{"not_picked":["Iron Wave","Brutality","Intimidate"],"picked":"SKIP","floor":7.0},{"not_picked":["Iron Wave","Metallicize","Clothesline"],"picked":"SKIP","floor":10},{"not_picked":["Anger","Thunderclap","Armaments"],"picked":"SKIP","floor":12},{"not_picked":["Heavy Blade","Twin Strike","Sever Soul"],"picked":"SKIP","floor":13}],"player_experience":439550,"relics_obtained":[{"floor":7.0,"key":"Ice Cream"},{"floor":9.0,"key":"Dead Branch"},{"floor":10,"key":"Dream Catcher"},{"floor":12,"key":"Tiny Chest"}],"event_choices":[{"damage_healed":0.0,"max_hp_gain":0.0,"max_hp_loss":0.0,"gold_gain":0.0,"cards_transformed":["Defend_R"],"event_name":"Transmorgrifier","player_choice":"Transformed","floor":2.0,"gold_loss":0.0,"damage_taken":0.0,"cards_obtained":["Whirlwind"]},{"damage_healed":0.0,"max_hp_gain":0.0,"max_hp_loss":0.0,"gold_gain":0.0,"event_name":"Shining Light","player_choice":"Entered Light","floor":5.0,"gold_loss":0.0,"damage_taken":23.0,"cards_upgraded":["Defend_R","Defend_R"]},{"damage_healed":0.0,"max_hp_gain":0.0,"max_hp_loss":0.0,"gold_gain":0.0,"event_name":"Liars Game","player_choice":"Ignored","floor":8.0,"gold_loss":0.0,"damage_taken":0.0}],"is_beta":false,"boss_relics":[],"items_purged_floors":[14],"is_endless":false,"potions_floor_spawned":[1,7,12],"killed_by":"Slime Boss","ascension_level":18}}