{"host":"07ljfmttuzqopd7f","time":1609280217,"event":{"mods":["2.2 Compatiblity","BaseMod","Bestiary","Block Reminder","Colored Map","Colored Powertips","Hermit","Minty Spire (QoL Compilation)","Permanent Neow","Quick Restart","Rare Cards Sparkle","Relic Stats","StSLib"],"gold_per_floor":[119,138,138,138,150,185,185,217,269,13,26,26,41,58,58,162,162,183,193,108,0,20,37,37,53,53,53,75,75,101,120,120,223,223,240,240,19,76,76,76,3,3,3],"floor_reached":42,"playtime":1855,"items_purged":["hermit:Strike_Hermit"],"score":755,"play_id":"2b1b8686-a249-475c-9560-8854dd5a54f4","local_time":"20201229171657","is_ascension_mode":true,"campfire_choices":[{"floor":7,"key":"REST"},{"floor":12,"key":"REST"},{"floor":15,"key":"REST"},{"floor":24,"key":"REST"},{"data":"hermit:Combo","floor":29,"key":"SMITH"},{"data":"hermit:Roughhouse","floor":32,"key":"SMITH"},{"floor":40,"key":"REST"}],"circlet_count":0,"master_deck":["AscendersBane","hermit:Strike_Hermit","hermit:Strike_Hermit+1","hermit:Strike_Hermit","hermit:Defend_Hermit","hermit:Defend_Hermit","hermit:Defend_Hermit","hermit:Defend_Hermit","hermit:Snapshot","hermit:Covet","hermit:CalledShot+1","hermit:Deadeye","hermit:TrackingShot","hermit:GhostlyPresence","hermit:Combo+1","hermit:Scavenge","hermit:GhostlyPresence","hermit:NoHoldsBarred","hermit:Roughhouse+1","hermit:BigShot","hermit:Headshot+1","hermit:Magnum","hermit:TakeAim","hermit:Enervate"],"relics":["SlaversCollar","CultistMask","Darkstone Periapt","Blood Vial","PreservedInsect","Bag of Preparation","Busted Crown","Mercury Hourglass","Eternal Feather","Kunai","Black Star","Membership Card","Bird Faced Urn","hermit:PetGhost"],"acts_visited":["Exordium","TheCity","TheBeyond"],"potions_floor_usage":[13,16,18,25,28,30,31,35],"damage_taken":[{"damage":1,"enemies":"Cultist","floor":1,"turns":3},{"damage":2,"enemies":"Jaw Worm","floor":2,"turns":4},{"damage":10,"enemies":"2 Louse","floor":5,"turns":3},{"damage":25,"enemies":"3 Sentries","floor":6,"turns":7},{"damage":20,"enemies":"Gremlin Nob","floor":8,"turns":4},{"damage":0,"enemies":"Large Slime","floor":11,"turns":5},{"damage":6,"enemies":"Looter","floor":13,"turns":3},{"damage":2,"enemies":"Blue Slaver","floor":14,"turns":4},{"damage":18,"enemies":"Slime Boss","floor":16,"turns":10},{"damage":2,"enemies":"Chosen","floor":18,"turns":6},{"damage":10,"enemies":"2 Thieves","floor":19,"turns":4},{"damage":5,"enemies":"Chosen and Byrds","floor":22,"turns":6},{"damage":21,"enemies":"Centurion and Healer","floor":23,"turns":4},{"damage":25,"enemies":"Snecko","floor":25,"turns":6},{"damage":4,"enemies":"Shelled Parasite and Fungi","floor":28,"turns":3},{"damage":9,"enemies":"Slavers","floor":30,"turns":5},{"damage":20,"enemies":"Cultist and Chosen","floor":31,"turns":6},{"damage":0,"enemies":"Automaton","floor":33,"turns":5},{"damage":2,"enemies":"3 Darklings","floor":35,"turns":4},{"damage":72,"enemies":"2 Orb Walkers","floor":38,"turns":6},{"damage":100044,"enemies":"Nemesis","floor":42,"turns":3}],"seed_played":"4114867502331345926","potions_obtained":[{"floor":11,"key":"Regen Potion"},{"floor":13,"key":"AttackPotion"},{"floor":16,"key":"Fire Potion"},{"floor":23,"key":"EssenceOfSteel"},{"floor":25,"key":"ColorlessPotion"},{"floor":28,"key":"PowerPotion"},{"floor":30,"key":"Block Potion"},{"floor":31,"key":"ColorlessPotion"},{"floor":38,"key":"Strength Potion"}],"is_trial":false,"path_per_floor":["M","M","?","?","M","E","R","E","T","$","M","R","M","M","R","B",null,"M","M","?","?","M","M","R","M","T","?","M","R","E","M","R","B",null,"M","?","$","?","?","R","$","E"],"character_chosen":"HERMIT","items_purchased":["hermit:Combo","Bag of Preparation","Membership Card","hermit:TakeAim","hermit:Enervate","hermit:PetGhost"],"campfire_rested":5,"item_purchase_floors":[10,10,37,37,37,41],"current_hp_per_floor":[67,65,50,50,40,15,37,17,17,17,19,41,46,46,68,52,69,69,61,61,61,58,39,61,38,38,63,61,73,66,48,60,62,72,72,72,72,2,2,36,36,0,0],"gold":3,"neow_bonus":"BOSS_RELIC","is_daily":false,"chose_seed":false,"campfire_upgraded":2,"win_rate":0.0,"timestamp":1609280217,"path_taken":["M","M","?","?","?","E","R","E","T","?","M","R","M","M","R","BOSS","M","M","?","?","M","M","R","M","T","?","M","R","E","M","R","BOSS","M","?","$","?","?","R","$","E"],"items_purchased_type":["Card","Relic","Relic","Card","Card","Relic"],"build_version":"2020-12-22","purchased_purges":1,"victory":false,"max_hp_per_floor":[75,75,75,75,75,75,75,75,75,75,75,75,75,75,75,75,75,75,75,75,75,75,75,75,75,75,75,75,75,75,75,75,75,75,75,75,75,75,75,75,75,75,75],"relic_stats":{"Darkstone Periapt":0,"Blood Vial":32,"Busted Crown":24,"counters":[21,101],"Bird Faced Urn":[4],"Eternal Feather":36,"PreservedInsect":92,"Bag of Preparation":[32],"Black Star":0,"Kunai":[18],"obtain_stats":[{"Darkstone Periapt":6,"Eternal Feather":26,"PreservedInsect":9,"Bag of Preparation":10,"Mercury Hourglass":20,"Blood Vial":8,"SlaversCollar":0,"Busted Crown":17,"hermit:PetGhost":41,"Bird Faced Urn":38,"CultistMask":4,"Black Star":34,"Kunai":30,"Membership Card":37,"hermit:Momento":0},{"Darkstone Periapt":4,"Eternal Feather":14,"PreservedInsect":5,"Bag of Preparation":5,"Mercury Hourglass":11,"Blood Vial":5,"SlaversCollar":0,"Busted Crown":9,"hermit:PetGhost":20,"Bird Faced Urn":20,"CultistMask":2,"Black Star":18,"Kunai":16,"Membership Card":19,"hermit:Momento":0},{"Darkstone Periapt":17,"Eternal Feather":69,"PreservedInsect":21,"Bag of Preparation":21,"Mercury Hourglass":53,"Blood Vial":21,"SlaversCollar":0,"Busted Crown":43,"hermit:PetGhost":98,"Bird Faced Urn":98,"CultistMask":7,"Black Star":88,"Kunai":77,"Membership Card":92,"hermit:Momento":0}],"Mercury Hourglass":[214]},"card_choices":[{"not_picked":["hermit:Snipe","hermit:TrackingShot"],"picked":"hermit:CalledShot","floor":1},{"not_picked":["hermit:Vantage","hermit:EyeOfTheStorm"],"picked":"hermit:Deadeye","floor":2},{"not_picked":["hermit:DeadMansHand","hermit:Ricochet"],"picked":"hermit:TrackingShot","floor":5},{"not_picked":["hermit:TrackingShot","hermit:FinalCanter"],"picked":"hermit:GhostlyPresence","floor":6},{"not_picked":["hermit:Quickdraw","hermit:HighCaliber","hermit:Feint"],"picked":"SKIP","floor":8},{"not_picked":["hermit:Quickdraw","hermit:HighCaliber"],"picked":"hermit:Scavenge","floor":11},{"not_picked":["hermit:BodyArmor","hermit:DeadMansHand"],"picked":"hermit:GhostlyPresence","floor":13},{"not_picked":["hermit:Quickdraw","hermit:Midnight"],"picked":"hermit:NoHoldsBarred","floor":14},{"not_picked":["hermit:DeadOrAlive","hermit:FromBeyond"],"picked":"hermit:Roughhouse","floor":16},{"not_picked":["hermit:Desperado"],"picked":"SKIP","floor":18},{"not_picked":["hermit:Scavenge+1"],"picked":"SKIP","floor":19},{"not_picked":["hermit:Feint"],"picked":"SKIP","floor":22},{"not_picked":[],"picked":"hermit:BigShot","floor":23},{"not_picked":["hermit:Roulette"],"picked":"SKIP","floor":25},{"not_picked":["hermit:SprayPray"],"picked":"SKIP","floor":28},{"not_picked":["hermit:DeadMansHand"],"picked":"SKIP","floor":30},{"not_picked":[],"picked":"hermit:Headshot+1","floor":31},{"not_picked":[],"picked":"hermit:Magnum","floor":33},{"not_picked":["hermit:Ricochet"],"picked":"SKIP","floor":35}],"player_experience":434057,"relics_obtained":[{"floor":6,"key":"Darkstone Periapt"},{"floor":8,"key":"Blood Vial"},{"floor":9,"key":"PreservedInsect"},{"floor":26,"key":"Eternal Feather"},{"floor":30,"key":"Kunai"},{"floor":38,"key":"Bird Faced Urn"}],"event_choices":[{"damage_healed":0,"gold_gain":0,"player_choice":"Entered Light","damage_taken":15,"max_hp_gain":0,"max_hp_loss":0,"event_name":"Shining Light","floor":3,"gold_loss":0,"cards_upgraded":["hermit:CalledShot","hermit:Strike_Hermit"]},{"damage_healed":0,"gold_gain":0,"player_choice":"Trade","damage_taken":0,"relics_obtained":["CultistMask"],"max_hp_gain":0,"max_hp_loss":0,"event_name":"FaceTrader","floor":4,"gold_loss":0},{"damage_healed":0,"gold_gain":0,"player_choice":"Obtained Relic","damage_taken":0,"relics_obtained":["Mercury Hourglass"],"max_hp_gain":0,"max_hp_loss":0,"event_name":"Addict","floor":20,"gold_loss":85},{"damage_healed":0,"gold_gain":0,"player_choice":"Paid Fearfully","damage_taken":0,"max_hp_gain":0,"max_hp_loss":0,"event_name":"Masked Bandits","floor":21,"gold_loss":108},{"damage_healed":25,"gold_gain":0,"player_choice":"Heal","damage_taken":0,"max_hp_gain":0,"max_hp_loss":0,"event_name":"The Library","floor":27,"gold_loss":0},{"damage_healed":0,"gold_gain":0,"player_choice":"Ignored","damage_taken":0,"max_hp_gain":0,"max_hp_loss":0,"event_name":"Tomb of Lord Red Mask","floor":36,"gold_loss":0},{"damage_healed":0,"gold_gain":0,"player_choice":"Fight","damage_taken":0,"max_hp_gain":0,"max_hp_loss":0,"event_name":"Mysterious Sphere","floor":38,"gold_loss":0},{"damage_healed":0,"gold_gain":0,"player_choice":"Memory 1","damage_taken":0,"max_hp_gain":0,"max_hp_loss":0,"event_name":"SensoryStone","floor":39,"gold_loss":0}],"is_beta":false,"boss_relics":[{"not_picked":["Empty Cage","Astrolabe"],"picked":"Busted Crown"},{"not_picked":["hermit:BartenderGlass","Snecko Eye"],"picked":"Black Star"}],"items_purged_floors":[10],"is_endless":false,"potions_floor_spawned":[11,13,16,23,25,28,30,31,38],"killed_by":"Nemesis","ascension_level":10}}