{"host":"jqa9y4qkalbx8qgz","time":1609255847,"event":{"mods":["BaseMod","Bestiary","BetterRewards","CCEM","Downfall","Minty Spire (QoL Compilation)","Permanent Neow","Relic Stats","Replay The Spire","StSLib","The Alterego","Wandering Minibosses"],"gold_per_floor":[110,30,30,30,30,30,30,30],"floor_reached":7,"playtime":358,"items_purged":["alterego_mod:Strike","alterego_mod:Strike"],"score":39,"play_id":"5ca06043-da15-4572-9f92-c33e7fd0e83c","local_time":"20201229183047","is_ascension_mode":true,"campfire_choices":[{"floor":6,"key":"REST"}],"circlet_count":0,"master_deck":["alterego_mod:Strike","alterego_mod:Strike","alterego_mod:Defend","alterego_mod:Defend","alterego_mod:Defend","alterego_mod:Defend","alterego_mod:Impale","alterego_mod:BigMeatyClaws","alterego_mod:BrynhildrsRune","alterego_mod:Belts","alterego_mod:DiscoLights","alterego_mod:Pet","alterego_mod:Pet+1","alterego_mod:Cooking","alterego_mod:IndependentAction"],"relics":["alterego_mod:MasochisticConstitution","CCEMRelics:DissonantTune","Sling","Replay:Wax Seal","Dead Branch","ReplayTheSpireMod:Ninjato","Omamori","Ginger","Medical Kit","Golden Idol","Simple Rune"],"acts_visited":["Exordium"],"potions_floor_usage":[],"damage_taken":[{"damage":11,"enemies":"Small Slimes","floor":1,"turns":5},{"damage":41,"enemies":"Gremlin Nob","floor":7,"turns":6}],"seed_played":"-2513301497474654114","potions_obtained":[{"floor":1,"key":"SpeedPotion"}],"is_trial":false,"path_per_floor":["M","$","?","?","?","R","E"],"character_chosen":"The_Alterego","items_purchased":["CCEMRelics:DissonantTune","Sling","alterego_mod:Belts","Replay:Wax Seal","ReplayTheSpireMod:Ninjato","Omamori","alterego_mod:DiscoLights","alterego_mod:Pet","Medical Kit","alterego_mod:Pet","alterego_mod:IndependentAction"],"campfire_rested":1,"item_purchase_floors":[0,0,0,0,0,0,0,0,0,0,2],"current_hp_per_floor":[25,25,11,11,8,27,0,0],"gold":30,"neow_bonus":"","is_daily":false,"chose_seed":false,"campfire_upgraded":0,"win_rate":0.0,"timestamp":1609255847,"path_taken":["M","$","?","?","?","R","E"],"items_purchased_type":["Relic","Relic","Card","Relic","Relic","Relic","Card","Card","Relic","Card","Card"],"build_version":"2020-12-22","purchased_purges":2,"victory":false,"max_hp_per_floor":[71,71,71,66,66,66,66,66],"relic_stats":{"counters":[35,451],"Golden Idol":0,"Dead Branch":[9],"Ginger":[1],"Medical Kit":[7],"obtain_stats":[{"downfall:HeartBlessingGreen":30,"StoneCalendar":38,"Ginger":0,"Sling":0,"Centennial Puzzle":24,"downfall:HeartBlessingBlue":12,"CCEMRelics:DissonantTune":47,"Prayer Wheel":55,"Replay:Bottled Snecko":46,"Replay:Wax Seal":29,"InkBottle":41,"Potion Belt":45,"alterego_mod:MasochisticConstitution":0,"ReplayTheSpireMod:Ninjato":25,"downfall:HeartBlessingRed":40,"Golden Idol":4,"Blue Candle":52,"Dead Branch":0,"Omamori":0,"Medical Kit":43,"White Beast Statue":9,"SlaversCollar":17,"Ring of Fury":8,"Simple Rune":5,"Coffee Dripper":34,"CCEMRelics:WarHorn":6},{"downfall:HeartBlessingGreen":18,"StoneCalendar":24,"Ginger":33,"Sling":33,"Centennial Puzzle":15,"downfall:HeartBlessingBlue":6,"CCEMRelics:DissonantTune":29,"Prayer Wheel":33,"Replay:Bottled Snecko":28,"Replay:Wax Seal":18,"InkBottle":25,"Potion Belt":28,"alterego_mod:MasochisticConstitution":0,"ReplayTheSpireMod:Ninjato":16,"downfall:HeartBlessingRed":25,"Golden Idol":34,"Blue Candle":32,"Dead Branch":33,"Omamori":33,"Medical Kit":27,"White Beast Statue":6,"SlaversCollar":10,"Ring of Fury":5,"Simple Rune":34,"Coffee Dripper":21,"CCEMRelics:WarHorn":5},{"downfall:HeartBlessingGreen":181,"StoneCalendar":360,"Ginger":440,"Sling":440,"Centennial Puzzle":151,"downfall:HeartBlessingBlue":39,"CCEMRelics:DissonantTune":400,"Prayer Wheel":438,"Replay:Bottled Snecko":382,"Replay:Wax Seal":181,"InkBottle":365,"Potion Belt":382,"alterego_mod:MasochisticConstitution":0,"ReplayTheSpireMod:Ninjato":168,"downfall:HeartBlessingRed":365,"Golden Idol":445,"Blue Candle":425,"Dead Branch":440,"Omamori":440,"Medical Kit":377,"White Beast Statue":39,"SlaversCollar":81,"Ring of Fury":35,"Simple Rune":445,"Coffee Dripper":340,"CCEMRelics:WarHorn":35}]},"card_choices":[{"not_picked":["alterego_mod:BustOut","alterego_mod:MaintainEyeContact"],"picked":"alterego_mod:Cooking","floor":1}],"player_experience":241105,"relics_obtained":[],"event_choices":[{"damage_healed":0,"gold_gain":0,"player_choice":"Entered Light","damage_taken":14,"max_hp_gain":0,"max_hp_loss":0,"event_name":"Shining Light","floor":3,"gold_loss":0,"cards_upgraded":["alterego_mod:Defend","alterego_mod:Pet"]},{"damage_healed":0,"gold_gain":0,"player_choice":"Lose Max HP","damage_taken":0,"relics_obtained":["Golden Idol"],"max_hp_gain":0,"max_hp_loss":5,"event_name":"Golden Idol","floor":4,"gold_loss":0},{"damage_healed":0,"gold_gain":0,"player_choice":"Success","damage_taken":3,"relics_obtained":["Simple Rune"],"max_hp_gain":0,"max_hp_loss":0,"event_name":"Scrap Ooze","floor":5,"gold_loss":0}],"is_beta":false,"boss_relics":[],"items_purged_floors":[0,0],"is_endless":false,"potions_floor_spawned":[1],"killed_by":"Gremlin Nob","ascension_level":1}}