{"host":"0buepsujecqpt684","time":1609274903,"event":{"mods":["AchievementEnabler","AlwaysNeverKeys","BaseMod","Bestiary","Better Altar","Better Match","Better Note","Better Sensory Stone","Better Skull","Better Third Choice","Better-Laid Plans","Dota2Spire","Downfall","Duelist Mod","GifTheSpireLib","GungeonMod","Hyrulean Relics","Ironclad Rager","Minty Spire (QoL Compilation)","Spicy Shops","StSLib","The Wild Card","Treasure Hunter"],"gold_per_floor":[254,265,265,280,280,14,33,50,50,15,15,49,49,62,62,158,158,172,187,187,197,197,197,213,213,213,213,223,234,251,267,284,284,284,284],"floor_reached":34,"playtime":2200,"items_purged":[],"score":285,"play_id":"f67945eb-f63d-4dde-9723-4f4c2c4210ed","local_time":"20201229154823","is_ascension_mode":false,"campfire_choices":[{"data":"theWildCard:Metatron","floor":11,"key":"SMITH"},{"data":"Eruption","floor":15,"key":"SMITH"},{"floor":23,"key":"REST"},{"floor":25,"key":"REST"},{"data":"Judgement","floor":27,"key":"SMITH"},{"floor":33,"key":"REST"}],"circlet_count":0,"master_deck":["Strike_P","Strike_P","Strike_P","Strike_P","Defend_P","Defend_P","Defend_P","Defend_P","Eruption+1","Vigilance","EmptyFist","Consecrate","Doom and Gloom+1","FollowUp","theWildCard:Metatron+1","Judgement+1","FollowUp+1"],"relics":["PureWater","Sling","Peace Pipe","Frozen Egg 2","VioletLotus","DemoMod:GlassGuonStoneRelic"],"acts_visited":["Exordium","TheCity","TheCity"],"potions_floor_usage":[4,16,16,34],"damage_taken":[{"damage":0,"enemies":"Small Slimes","floor":1,"turns":2},{"damage":0,"enemies":"Jaw Worm","floor":2,"turns":3},{"damage":0,"enemies":"2 Louse","floor":4,"turns":1},{"damage":0,"enemies":"Red Slaver","floor":7,"turns":2},{"damage":12,"enemies":"Gremlin Gang","floor":8,"turns":3},{"damage":0,"enemies":"3 Sentries","floor":12,"turns":2},{"damage":2,"enemies":"Looter","floor":14,"turns":2},{"damage":46,"enemies":"Hexaghost","floor":16,"turns":6},{"damage":34,"enemies":"Chosen","floor":18,"turns":7},{"damage":0,"enemies":"3 Byrds","floor":19,"turns":3},{"damage":16,"enemies":"Snake Plant","floor":21,"turns":2},{"damage":20,"enemies":"Sentry and Sphere","floor":24,"turns":4},{"damage":25,"enemies":"DemoMod:Red_and_blue_shotgun_kin","floor":28,"turns":2},{"damage":0,"enemies":"DemoMod:4_Bullet_Kins","floor":29,"turns":1},{"damage":16,"enemies":"DemoMod:Red_and_blue_shotgun_kin_with_gunsinger","floor":30,"turns":2},{"damage":19,"enemies":"DemoMod:Veteran_shot_gun_kin_and_blue_shotgun_kin_with_gunsinger","floor":31,"turns":2},{"damage":10,"enemies":"DemoMod:Veteran_shot_gun_kin_and_red_shotgun_kin_with_gunsinger","floor":32,"turns":1},{"damage":98,"enemies":"DemoMod:ResourcefulRat","floor":34,"turns":5}],"seed_played":"1967958691152407278","potions_obtained":[{"floor":4,"key":"Fruit Juice"},{"floor":8,"key":"FearPotion"},{"floor":14,"key":"BottledMiracle"},{"floor":18,"key":"BottledMiracle"},{"floor":32,"key":"DemoMod:LeadSkinPotion"}],"is_trial":false,"path_per_floor":["M","M","?","M","?","$","M","M","T","?","R","E","T","M","R","B",null,"M","M","?","M","?","R","M","R","T","R","M","M","M","M","M","R","B"],"character_chosen":"WATCHER","items_purchased":["DemoMod:GnawedKey","Sling"],"campfire_rested":3,"item_purchase_floors":[6,6],"current_hp_per_floor":[72,72,63,68,68,68,68,56,56,75,75,75,75,73,73,27,77,43,43,43,27,27,50,30,53,77,77,52,52,36,17,7,30,0,0],"gold":284,"neow_bonus":"HUNDRED_GOLD","is_daily":false,"chose_seed":false,"campfire_upgraded":3,"win_rate":0.0,"timestamp":1609274903,"path_taken":["M","M","?","M","?","$","M","M","T","?","R","E","?","M","R","BOSS","M","M","?","M","?","R","?","R","T","R","M","M","M","M","M","R","BOSS"],"items_purchased_type":["Relic","Relic"],"build_version":"2020-12-22","purchased_purges":0,"victory":false,"max_hp_per_floor":[72,72,72,77,77,77,77,77,77,77,77,77,77,77,77,77,77,77,77,77,77,77,77,77,77,77,77,77,77,77,77,77,77,77,77],"card_choices":[{"not_picked":["TalkToTheHand","Fasting2"],"picked":"EmptyFist","floor":1},{"not_picked":["EmptyFist","ClearTheMind"],"picked":"Consecrate","floor":2},{"not_picked":["SashWhip","Alpha"],"picked":"FollowUp","floor":4},{"not_picked":["Meditate","Protect","Prostrate"],"picked":"SKIP","floor":7},{"not_picked":["BowlingBash","EmptyBody","CrushJoints"],"picked":"SKIP","floor":8},{"not_picked":["TH:CursedSword","TH:DeckOfManyThings"],"picked":"SKIP","floor":9},{"not_picked":["TH:CursedSword","TH:BikiniMail"],"picked":"SKIP","floor":12},{"not_picked":["Halt","JustLucky","InnerPeace"],"picked":"SKIP","floor":12},{"not_picked":["TH:EnergyPotion","TH:DeckOfManyThings"],"picked":"SKIP","floor":13},{"not_picked":["CarveReality","Prostrate","CutThroughFate"],"picked":"SKIP","floor":14},{"not_picked":["Vault","Omniscience"],"picked":"Judgement","floor":16},{"not_picked":["PathToVictory","Protect","SignatureMove"],"picked":"SKIP","floor":18},{"not_picked":["Prostrate+1","FlurryOfBlows+1","FlyingSleeves"],"picked":"SKIP","floor":19},{"not_picked":["Halt","ThirdEye","EmptyFist"],"picked":"SKIP","floor":21},{"not_picked":["ForeignInfluence+1","SignatureMove","EmptyMind"],"picked":"SKIP","floor":24},{"not_picked":["Wireheading+1","CutThroughFate+1","Adaptation+1"],"picked":"SKIP","floor":28},{"not_picked":["FlurryOfBlows+1","Protect+1","BowlingBash+1"],"picked":"SKIP","floor":29},{"not_picked":["WheelKick+1","Worship","CrushJoints"],"picked":"SKIP","floor":30},{"not_picked":["Indignation","WreathOfFlame","ClearTheMind+1"],"picked":"SKIP","floor":31},{"not_picked":["JustLucky+1","Consecrate","Vault"],"picked":"SKIP","floor":32}],"player_experience":266734,"relics_obtained":[{"floor":12,"key":"Peace Pipe"},{"floor":13,"key":"Frozen Egg 2"}],"event_choices":[{"damage_healed":0,"gold_gain":0,"player_choice":"Card ","damage_taken":9,"max_hp_gain":0,"max_hp_loss":0,"event_name":"betterThird:BetterScrap","floor":3,"gold_loss":0,"cards_obtained":["Doom and Gloom"]},{"damage_healed":19,"gold_gain":0,"player_choice":"Healed","damage_taken":0,"max_hp_gain":0,"max_hp_loss":0,"event_name":"The Cleric","floor":10,"gold_loss":35},{"damage_healed":0,"gold_gain":0,"player_choice":"Take","damage_taken":0,"max_hp_gain":0,"max_hp_loss":0,"event_name":"betterNote:BetterNote","floor":20,"gold_loss":0,"cards_obtained":["FollowUp"]},{"damage_healed":0,"gold_gain":0,"player_choice":"Ignored","damage_taken":0,"max_hp_gain":0,"max_hp_loss":0,"event_name":"N\u0027loth","floor":22,"gold_loss":0}],"is_beta":false,"boss_relics":[{"not_picked":["Ectoplasm","Astrolabe"],"picked":"VioletLotus"}],"items_purged_floors":[],"is_endless":false,"potions_floor_spawned":[2,4,8,14,16,18,32],"killed_by":"DemoMod:ResourcefulRat","ascension_level":0}}