{"host":"y89x8uui45kcjy42","time":1609205973,"event":{"mods":["2.2 Compatiblity","BaseMod","CapriCore","Colored Map","Colored Powertips","Custom Start","Friendly Minions","Highlight Path","Keyboard Shortcuts","Minty Spire (QoL Compilation)","Relic Stats","Slay the Relics Exporter","StSLib","SuperFastMode","Waifu the Spire"],"gold_per_floor":[109,109,109,46,73,85,132,144,156,188,200,227,239,282,294,385,397,421,444,130,130,130,130,130],"floor_reached":23,"playtime":569,"items_purged":["Decay"],"score":394,"play_id":"8d50491e-c661-47df-b2d6-63c33285844f","local_time":"20201229103933","is_ascension_mode":true,"campfire_choices":[{"data":"Gash","floor":6,"key":"SMITH"},{"data":"Genetic Algorithm","floor":8,"key":"SMITH"},{"data":"Streamline","floor":11,"key":"SMITH"},{"floor":13,"key":"REST"},{"data":"Fusion","floor":15,"key":"SMITH"}],"circlet_count":0,"master_deck":["Strike_B+1","Strike_B+1","Defend_B","Defend_B","Defend_B","Defend_B","Reprogram+1","Reprogram+1","Leap+1","Gash+1","Genetic Algorithm+1","Streamline+1","Fusion+1","Buffer+1","Beam Cell","Machine Learning+1","Multi-Cast"],"relics":["Cursed Key","MawBank","Whetstone","Frozen Egg 2","Black Star","Oddly Smooth Stone"],"acts_visited":["Exordium","TheCity"],"potions_floor_usage":[16,16,19,23],"damage_taken":[{"damage":4,"enemies":"Small Slimes","floor":1,"turns":3},{"damage":0,"enemies":"2 Louse","floor":5,"turns":3},{"damage":30,"enemies":"3 Sentries","floor":7,"turns":12},{"damage":0,"enemies":"Jaw Worm","floor":10,"turns":5},{"damage":2,"enemies":"Red Slaver","floor":12,"turns":3},{"damage":24,"enemies":"Lagavulin","floor":14,"turns":5},{"damage":32,"enemies":"Slime Boss","floor":16,"turns":12},{"damage":21,"enemies":"Shell Parasite","floor":18,"turns":5},{"damage":27,"enemies":"3 Byrds","floor":19,"turns":7},{"damage":22,"enemies":"Book of Stabbing","floor":23,"turns":2}],"seed_played":"6255366745545117852","potions_obtained":[{"floor":1,"key":"SteroidPotion"},{"floor":7,"key":"Explosive Potion"},{"floor":14,"key":"Regen Potion"},{"floor":18,"key":"LiquidMemories"},{"floor":19,"key":"FearPotion"}],"is_trial":false,"path_per_floor":["M","?","?","?","M","R","E","R","T","M","R","M","R","E","R","B",null,"M","M","$","?","?","E"],"character_chosen":"DEFECT","items_purchased":["Oddly Smooth Stone","Regen Potion"],"campfire_rested":1,"item_purchase_floors":[20,20],"current_hp_per_floor":[60,60,55,55,55,55,25,25,25,25,25,23,44,20,20,3,54,33,6,6,6,6,0,0],"gold":130,"neow_bonus":"BOSS_RELIC","is_daily":false,"chose_seed":false,"campfire_upgraded":4,"win_rate":0.0,"timestamp":1609205973,"path_taken":["M","?","?","?","M","R","E","R","T","M","R","M","R","E","R","BOSS","M","M","$","?","?","E"],"items_purchased_type":["Relic","Potion"],"build_version":"2020-12-22","purchased_purges":1,"victory":false,"max_hp_per_floor":[71,71,71,71,71,71,71,71,71,71,71,71,71,71,71,71,71,71,71,71,71,71,71,71],"relic_stats":{"counters":[10,57],"Black Star":0,"Whetstone":["Strike_B","Strike_B"],"Cursed Key":1,"MawBank":204,"obtain_stats":[{"Oddly Smooth Stone":20,"Black Star":17,"Whetstone":7,"Frozen Egg 2":14,"Cracked Core":0,"Cursed Key":0,"MawBank":3},{"Oddly Smooth Stone":9,"Black Star":7,"Whetstone":3,"Frozen Egg 2":6,"Cracked Core":0,"Cursed Key":0,"MawBank":1},{"Oddly Smooth Stone":55,"Black Star":43,"Whetstone":18,"Frozen Egg 2":31,"Cracked Core":0,"Cursed Key":0,"MawBank":3}]},"card_choices":[{"not_picked":["Steam Power","Turbo"],"picked":"Leap","floor":1},{"not_picked":["Compile Driver","Cold Snap"],"picked":"Gash","floor":5},{"not_picked":["Sunder","Auto Shields"],"picked":"Genetic Algorithm","floor":7},{"not_picked":["Defragment","Loop"],"picked":"Streamline","floor":10},{"not_picked":["Cold Snap","Lockon","Heatsinks"],"picked":"SKIP","floor":12},{"not_picked":["Aggregate","Heatsinks+1"],"picked":"Fusion","floor":14},{"not_picked":["Reboot","All For One"],"picked":"Buffer+1","floor":16},{"not_picked":["Turbo","Tempest"],"picked":"Beam Cell","floor":18},{"not_picked":["Doom and Gloom+1","Compile Driver","Rebound"],"picked":"SKIP","floor":19}],"player_experience":522710,"relics_obtained":[{"floor":7,"key":"Whetstone"},{"floor":14,"key":"Frozen Egg 2"}],"event_choices":[{"damage_healed":0,"gold_gain":0,"player_choice":"Grow","damage_taken":0,"max_hp_gain":0,"max_hp_loss":0,"event_name":"Living Wall","floor":2,"gold_loss":0,"cards_upgraded":["Leap"]},{"damage_healed":0,"gold_gain":0,"player_choice":"Success","damage_taken":5,"relics_obtained":["MawBank"],"max_hp_gain":0,"max_hp_loss":0,"event_name":"Scrap Ooze","floor":3,"gold_loss":0},{"cards_removed":["Strike_B"],"damage_healed":0,"gold_gain":0,"player_choice":"Card Removal","damage_taken":0,"max_hp_gain":0,"max_hp_loss":0,"event_name":"The Cleric","floor":4,"gold_loss":75},{"damage_healed":0,"gold_gain":0,"player_choice":"Read","damage_taken":0,"max_hp_gain":0,"max_hp_loss":0,"event_name":"The Library","floor":21,"gold_loss":0,"cards_obtained":["Machine Learning"]},{"damage_healed":0,"gold_gain":0,"cards_transformed":["Strike_B"],"player_choice":"Transformed","damage_taken":0,"max_hp_gain":0,"max_hp_loss":0,"event_name":"Transmorgrifier","floor":22,"gold_loss":0,"cards_obtained":["Multi-Cast"]}],"is_beta":false,"boss_relics":[{"not_picked":["Calling Bell","Tiny House"],"picked":"Black Star"}],"items_purged_floors":[20],"is_endless":false,"potions_floor_spawned":[1,7,14,18,19],"killed_by":"Book of Stabbing","ascension_level":20}}