{"host":"g7trc0x2teqyd8ye","time":1609247445,"event":{"mods":["BaseMod","Key Reminder","Minty Spire (QoL Compilation)","Relic Stats"],"gold_per_floor":[109,51,66,86,102,133,133,149,149,149,149,172,172,186,186,279,279,292,313,313,329,329,329],"floor_reached":22,"playtime":1073,"items_purged":[],"score":642,"play_id":"bf7855bb-6e83-4935-a204-33c6e5c80e0b","local_time":"20201229141045","is_ascension_mode":true,"campfire_choices":[{"floor":7,"key":"REST"},{"floor":13,"key":"REST"},{"floor":15,"key":"REST"}],"circlet_count":0,"master_deck":["AscendersBane","Strike_R","Strike_R","Strike_R+1","Defend_R+1","Defend_R","Defend_R","Defend_R","Bash","Impervious","Power Through","Twin Strike","Clothesline","Thunderclap","Offering","Iron Wave","Pommel Strike","Flame Barrier","Body Slam","Dark Embrace","Feed","Fire Breathing","Ghostly Armor","Carnage","Entrench","Disarm+1"],"relics":["Burning Blood","Nunchaku","keyreminder:keyreminder","Centennial Puzzle","Golden Idol","Dream Catcher","Snecko Eye"],"acts_visited":["TheCity"],"potions_floor_usage":[6,16,16,22],"damage_taken":[{"damage":7,"enemies":"Small Slimes","floor":1,"turns":4},{"damage":2,"enemies":"Jaw Worm","floor":3,"turns":4},{"damage":4,"enemies":"Cultist","floor":4,"turns":4},{"damage":12,"enemies":"Looter","floor":5,"turns":4},{"damage":65,"enemies":"3 Sentries","floor":6,"turns":11},{"damage":9,"enemies":"3 Louse","floor":8,"turns":6},{"damage":0,"enemies":"Gremlin Gang","floor":14,"turns":7},{"damage":6,"enemies":"Slime Boss","floor":16,"turns":8},{"damage":0,"enemies":"2 Thieves","floor":18,"turns":5},{"damage":40,"enemies":"Spheric Guardian","floor":19,"turns":9},{"damage":25,"enemies":"Snake Plant","floor":21,"turns":3},{"damage":35,"enemies":"Centurion and Healer","floor":22,"turns":5}],"seed_played":"-6719997388758799965","potions_obtained":[{"floor":1,"key":"SpeedPotion"},{"floor":8,"key":"SneckoOil"},{"floor":14,"key":"DistilledChaos"},{"floor":16,"key":"SpeedPotion"},{"floor":19,"key":"FearPotion"},{"floor":21,"key":"BloodPotion"}],"is_trial":false,"path_per_floor":["M","$","M","M","M","E","R","M","T","?","?","T","R","M","R","B",null,"M","M","?","M","M"],"character_chosen":"IRONCLAD","items_purchased":["Twin Strike"],"campfire_rested":3,"item_purchase_floors":[2],"current_hp_per_floor":[67,67,71,73,67,8,30,27,27,4,4,4,24,30,50,50,64,68,34,34,18,0,0],"gold":329,"neow_bonus":"ONE_RANDOM_RARE_CARD","is_daily":false,"chose_seed":false,"campfire_upgraded":0,"win_rate":0.0,"timestamp":1609247445,"path_taken":["M","$","M","M","M","E","R","M","T","?","?","?","R","?","R","BOSS","M","M","?","M","M"],"items_purchased_type":["Card"],"build_version":"2020-12-22","purchased_purges":0,"victory":false,"max_hp_per_floor":[75,75,75,75,75,75,75,75,75,75,68,68,68,68,68,68,68,68,68,68,71,71,71],"relic_stats":{"Nunchaku":[8],"Centennial Puzzle":[12],"Dream Catcher":2,"counters":[12,70],"Golden Idol":32,"Snecko Eye":[39,40,50,42],"obtain_stats":[{"keyreminder:keyreminder":6,"Nunchaku":6,"Centennial Puzzle":9,"Dream Catcher":12,"Golden Idol":11,"Snecko Eye":17,"Burning Blood":0},{"keyreminder:keyreminder":5,"Nunchaku":5,"Centennial Puzzle":6,"Dream Catcher":6,"Golden Idol":6,"Snecko Eye":8,"Burning Blood":0},{"keyreminder:keyreminder":27,"Nunchaku":27,"Centennial Puzzle":33,"Dream Catcher":33,"Golden Idol":33,"Snecko Eye":48,"Burning Blood":0}],"Burning Blood":64},"card_choices":[{"not_picked":["Flex","Havoc"],"picked":"Power Through","floor":1},{"not_picked":["Rupture","Combust"],"picked":"Clothesline","floor":3},{"not_picked":["Clothesline","Reckless Charge"],"picked":"Thunderclap","floor":4},{"not_picked":["Body Slam","Bloodletting"],"picked":"Offering","floor":5},{"not_picked":["Havoc","Twin Strike"],"picked":"Iron Wave","floor":6},{"not_picked":["Havoc","Wild Strike"],"picked":"Pommel Strike","floor":8},{"not_picked":["Clash","Evolve"],"picked":"Flame Barrier","floor":13},{"not_picked":["Anger","Thunderclap"],"picked":"Body Slam","floor":14},{"not_picked":["Clothesline","Body Slam"],"picked":"Dark Embrace","floor":15},{"not_picked":["Reaper","Offering"],"picked":"Feed","floor":16},{"not_picked":["Uppercut","Clash"],"picked":"Fire Breathing","floor":18},{"not_picked":["Flex","Body Slam"],"picked":"Ghostly Armor","floor":19},{"not_picked":["Thunderclap","True Grit"],"picked":"Disarm+1","floor":21}],"player_experience":806880,"relics_obtained":[{"floor":6,"key":"Nunchaku"},{"floor":9,"key":"Centennial Puzzle"},{"floor":12,"key":"Dream Catcher"}],"event_choices":[{"damage_healed":0,"gold_gain":0,"player_choice":"Entered Light","damage_taken":23,"max_hp_gain":0,"max_hp_loss":0,"event_name":"Shining Light","floor":10,"gold_loss":0,"cards_upgraded":["Defend_R","Strike_R"]},{"damage_healed":0,"gold_gain":0,"player_choice":"Lose Max HP","damage_taken":0,"relics_obtained":["Golden Idol"],"max_hp_gain":0,"max_hp_loss":7,"event_name":"Golden Idol","floor":11,"gold_loss":0},{"damage_healed":0,"gold_gain":0,"cards_transformed":["Strike_R","Strike_R"],"player_choice":"Became Test Subject","damage_taken":0,"max_hp_gain":0,"max_hp_loss":0,"event_name":"Drug Dealer","floor":20,"gold_loss":0,"cards_obtained":["Carnage","Entrench"]}],"is_beta":false,"boss_relics":[{"not_picked":["Runic Pyramid","Black Blood"],"picked":"Snecko Eye"}],"items_purged_floors":[],"is_endless":false,"potions_floor_spawned":[1,8,14,16,19,21],"killed_by":"Centurion and Healer","ascension_level":18}}