{"host":"mytek2nu1hrzdnew","time":1609255851,"event":{"mods":["Aspiration","BaseMod","Conspire","Evolution","GifTheSpireLib","Gold Saver","Hubris","Minty Spire (QoL Compilation)","Replay The Spire","StSLib","Stuff the Spire","Uncapped"],"gold_per_floor":[177,197,268,82,82,108,108,139,210,210,285,305,318,61,61,156,156,173,184,32,43,43,70,87,87,87,87,87,98,129,167,167,177,177],"floor_reached":33,"playtime":2016,"items_purged":["Strike_R","Strike_R"],"score":320,"play_id":"6252abec-1195-434e-b122-eacae302bcc7","local_time":"20201229103051","is_ascension_mode":false,"campfire_choices":[{"data":"Evolve","floor":7,"key":"SMITH"},{"floor":10,"key":"REST"},{"data":"StuffTheSpire:Incineration","floor":15,"key":"SMITH"},{"floor":27,"key":"REST"},{"floor":32,"key":"REST"}],"circlet_count":0,"master_deck":["Strike_R","Strike_R","Strike_R","Defend_R","Defend_R","Defend_R","Defend_R","Bash","Flex","ReplayTheSpireMod:Strike From Hell","StuffTheSpire:Incineration+1","Limit Break+1","CommonCold","Evolve+1","Flex","Inflame+1","Reckless Charge","StuffTheSpire:Slingshot","ReplayTheSpireMod:LeadingStrike","Wild Strike+1","ReplayTheSpireMod:Limb From Limb"],"relics":["Burning Blood","EVO:Axolotl","aspiration:Nostalgia","Sizzling Blood","Art of War","Ring of Misfortune","ReplayTheSpireMod:TigerMarble","StuffTheSpire:CocoNut","Frozen Egg 2","PreservedInsect","conspire:RunicOctahedron","Strange Spoon","ReplayTheSpireMod:Ninjato","aspiration:Stabinomicon","Replay:Bandana"],"acts_visited":["Exordium","TheCity"],"potions_floor_usage":[6,8,16,18,30,30,30,33],"damage_taken":[{"damage":7,"enemies":"2 Louse","floor":1,"turns":3},{"damage":1,"enemies":"Small Slimes","floor":2,"turns":3},{"damage":15,"enemies":"3 Sentries","floor":6,"turns":7},{"damage":26,"enemies":"Replay:BlueRogue","floor":8,"turns":6},{"damage":3,"enemies":"Jaw Worm","floor":12,"turns":3},{"damage":8,"enemies":"Red Slaver","floor":13,"turns":3},{"damage":54,"enemies":"Hexaghost","floor":16,"turns":8},{"damage":47,"enemies":"3 Byrds","floor":18,"turns":7},{"damage":25,"enemies":"Spheric Guardian","floor":19,"turns":4},{"damage":11,"enemies":"Centurion and Healer","floor":21,"turns":6},{"damage":51,"enemies":"conspire:SneckoGhost","floor":23,"turns":5},{"damage":4,"enemies":"3 Cultists","floor":24,"turns":4},{"damage":26,"enemies":"Snake Plant","floor":29,"turns":3},{"damage":0,"enemies":"Gremlin Leader","floor":30,"turns":4},{"damage":16,"enemies":"Sentry and Sphere","floor":31,"turns":4},{"damage":87,"enemies":"Automaton","floor":33,"turns":6}],"seed_played":"5246909817666980454","potions_obtained":[{"floor":2,"key":"Fire Potion"},{"floor":6,"key":"ColorlessPotion"},{"floor":8,"key":"Regen Potion"},{"floor":16,"key":"Fire Potion"},{"floor":18,"key":"SkillPotion"},{"floor":24,"key":"Energy Potion"},{"floor":29,"key":"SkillPotion"},{"floor":31,"key":"DuplicationPotion"}],"is_trial":false,"path_per_floor":["M","M","?","$","?","E","R","E","T","R","?","M","M","$","R","B",null,"M","M","$","M","?","E","M","?","T","R","?","M","E","M","R","B"],"character_chosen":"IRONCLAD","items_purchased":["Limit Break+1","PreservedInsect","Strange Spoon"],"campfire_rested":3,"item_purchase_floors":[4,14,20],"current_hp_per_floor":[84,84,63,63,63,58,58,49,49,76,65,72,74,74,74,45,91,59,53,53,52,52,16,22,6,6,33,33,17,27,21,48,0,0],"gold":177,"neow_bonus":"NOSTALGIA","is_daily":false,"chose_seed":false,"campfire_upgraded":2,"win_rate":0.0,"timestamp":1609255851,"path_taken":["M","M","?","$","?","E","R","E","T","R","?","M","?","?","R","BOSS","M","M","$","M","?","E","M","?","T","R","?","M","E","?","R","BOSS"],"items_purchased_type":["Card","Relic","Relic"],"build_version":"2020-12-22","purchased_purges":2,"victory":false,"max_hp_per_floor":[84,84,84,84,84,84,84,91,91,91,91,91,91,91,91,91,91,91,91,91,91,91,91,91,91,91,91,91,91,91,91,91,91,91],"card_choices":[{"not_picked":["Evolve","Headbutt"],"picked":"Flex","floor":1},{"not_picked":["Havoc","Abandon"],"picked":"ReplayTheSpireMod:Strike From Hell","floor":2},{"not_picked":["hubris:ReadiedAction","Intimidate"],"picked":"StuffTheSpire:Incineration","floor":3},{"not_picked":["Entrench","Pommel Strike"],"picked":"Evolve","floor":6},{"not_picked":["Massacre","Shockwave"],"picked":"Flex","floor":8},{"not_picked":["StuffTheSpire:RockThrow","Armaments"],"picked":"Inflame+1","floor":12},{"not_picked":["Blood for Blood","Sword Boomerang","StuffTheSpire:RockThrow"],"picked":"SKIP","floor":13},{"not_picked":["Corruption+1","Immolate"],"picked":"Hemogenesis","floor":16},{"not_picked":["Sword Boomerang","Warcry+1"],"picked":"Reckless Charge","floor":18},{"not_picked":["Cleave","Searing Blow"],"picked":"StuffTheSpire:Slingshot","floor":19},{"not_picked":["Anger","Body Slam+1","ReplayTheSpireMod:Strike From Hell"],"picked":"SKIP","floor":21},{"not_picked":["Iron Wave","Headbutt","Dual Wield"],"picked":"SKIP","floor":23},{"not_picked":["Flame Barrier+1","Rupture+1","Sentinel+1"],"picked":"SKIP","floor":24},{"not_picked":["Iron Wave+1","Thunderclap+1","Clothesline+1"],"picked":"SKIP","floor":29},{"not_picked":["Iron Wave","Cleave"],"picked":"Wild Strike+1","floor":30},{"not_picked":["Shrug It Off","Heavy Blade+1"],"picked":"ReplayTheSpireMod:Limb From Limb","floor":31}],"player_experience":952307,"relics_obtained":[{"floor":3,"key":"Art of War"},{"floor":5,"key":"Ring of Misfortune"},{"floor":6,"key":"ReplayTheSpireMod:TigerMarble"},{"floor":8,"key":"StuffTheSpire:CocoNut"},{"floor":9,"key":"Frozen Egg 2"},{"floor":23,"key":"ReplayTheSpireMod:Ninjato"},{"floor":25,"key":"aspiration:Stabinomicon"},{"floor":30,"key":"Replay:Bandana"}],"event_choices":[{"damage_healed":0,"gold_gain":75,"player_choice":"Gather Gold","damage_taken":11,"max_hp_gain":0,"max_hp_loss":0,"event_name":"World of Goop","floor":11,"gold_loss":0},{"damage_healed":0,"gold_gain":0,"player_choice":"Obtained Book","damage_taken":16,"max_hp_gain":0,"max_hp_loss":0,"event_name":"Cursed Tome","floor":25,"gold_loss":0},{"damage_healed":0,"gold_gain":0,"cards_transformed":["Hemogenesis"],"player_choice":"Transformed","damage_taken":0,"max_hp_gain":0,"max_hp_loss":0,"event_name":"Transmorgrifier","floor":28,"gold_loss":0,"cards_obtained":["ReplayTheSpireMod:LeadingStrike"]}],"is_beta":false,"boss_relics":[{"not_picked":["Ring of Chaos","Velvet Choker"],"picked":"conspire:RunicOctahedron"}],"items_purged_floors":[4,14],"is_endless":false,"potions_floor_spawned":[2,6,8,16,18,24,29,31],"killed_by":"Automaton","ascension_level":0}}