{"host":"iha1eel9u3wfm8eh","time":1609270491,"event":{"mods":["AchievementEnabler","Act Like it!","Aspiration","BaseMod","Better Altar","Better Match","Better Note","Better Sensory Stone","Better Skull","Better Third Choice","BetterRewards","CCEM","Clawfect","Colored Map","Conspire","Downfall","GifTheSpireLib","Googly Eyes","Halation","Hermit","Highlight Path","Hubris","Infinite Spire","Jedi Mod","Mimic Mod","Minty Spire (QoL Compilation)","Permanent Neow","Replay The Spire","Shade Mod","Shop Mod","Spicy Shops","StSLib","Stuff the Spire","The Jungle","The Mystic","The Problem Sleuth","The Witch","Unceasing Turn Reminder","[IsaacMod]????","everything is the same but u backflip on backflip"],"gold_per_floor":[114,114,114,45,58,58,79,79],"floor_reached":7,"playtime":227,"items_purged":[],"score":203,"play_id":"71bcfda9-a631-47b2-be8b-90047a8af60b","local_time":"20201229193451","daily_mods":["Hoarder","Vintage","DeadlyEvents","Elite Swarm","Lethality"],"is_ascension_mode":true,"campfire_choices":[{"floor":6,"key":"REST"}],"circlet_count":0,"master_deck":["AscendersBane","Gash+1","Gash","Gash","Gash","Gash","Defend_B","Defend_B","Defend_B","Defend_B","Defend_B","DoctorFetus","DoctorFetus","DoctorFetus","Injury","Injury","Injury","Pride","Pride","Pride"],"relics":["Clawfect:DRClaw","replay:Trail_Library","HushsDoor","YumHeart","Solar Panel","Toxic Egg 2","Strawberry","SalivaCoin"],"acts_visited":["Exordium"],"potions_floor_usage":[],"damage_taken":[{"damage":4,"enemies":"Cultist","floor":1,"turns":4},{"damage":50,"enemies":"Jaw Worm","floor":5,"turns":5},{"damage":75,"enemies":"Gremlin Nob","floor":7,"turns":4}],"seed_played":"9216684692329213935","potions_obtained":[],"is_trial":true,"path_per_floor":["M","?","?","$","M","R","E"],"character_chosen":"DEFECT","items_purchased":["Strawberry"],"campfire_rested":1,"item_purchase_floors":[4],"current_hp_per_floor":[60,60,60,67,17,65,0,0],"gold":79,"neow_bonus":"","is_daily":false,"chose_seed":false,"campfire_upgraded":0,"win_rate":0.0,"timestamp":1609270491,"path_taken":["M","?","?","$","M","R","E"],"items_purchased_type":["Relic"],"build_version":"2020-12-22","purchased_purges":0,"victory":false,"max_hp_per_floor":[71,71,71,78,78,78,78,78],"card_choices":[{"not_picked":[],"picked":"DoctorFetus","floor":0}],"player_experience":46190,"relics_obtained":[{"floor":1,"key":"Solar Panel"},{"floor":5,"key":"SalivaCoin"}],"event_choices":[],"is_beta":false,"boss_relics":[],"items_purged_floors":[],"is_endless":false,"potions_floor_spawned":[],"killed_by":"Gremlin Nob","ascension_level":20}}