{"host":"h4390p13uu6iw1q5","time":1609201786,"event":{"mods":["BaseMod","Colored Map","Minty Spire (QoL Compilation)"],"gold_per_floor":[112,131,131,148,148,148,174,184,263,273,298,298,316,18,18,113,113,131,131,147,42,42,70,70,103,115,127,173,196,218,230,242,254,254],"floor_reached":33,"playtime":1897,"items_purged":["Strike_B"],"score":457,"play_id":"8094819f-5b4f-4f41-8d6e-924be531aa49","local_time":"20201228192946","is_ascension_mode":true,"campfire_choices":[{"data":"Melter","floor":6,"key":"SMITH"},{"data":"Beam Cell","floor":12,"key":"SMITH"},{"data":"Hologram","floor":15,"key":"SMITH"},{"floor":24,"key":"REST"},{"floor":27,"key":"REST"},{"data":"Recycle","floor":32,"key":"SMITH"}],"circlet_count":0,"master_deck":["Strike_B","Strike_B","Strike_B","Defend_B","Defend_B","Defend_B","Defend_B","Zap","Dualcast","Cold Snap","Sweeping Beam+1","Melter+1","Leap","Conserve Battery","Self Repair","Beam Cell+1","Hologram+1","Tempest","Electrodynamics","CurseOfTheBell","Sunder","Tempest","Loop","Recycle+1","Self Repair+1","Hologram","Coolheaded","Barrage+1"],"relics":["Velvet Choker","Calipers","Question Card","Oddly Smooth Stone","Strange Spoon","Calling Bell","Toy Ornithopter","Kunai","CaptainsWheel","Nunchaku","PreservedInsect","MawBank","Sundial","Orichalcum"],"acts_visited":["Exordium","TheCity"],"potions_floor_usage":[10,23,25,25,29],"damage_taken":[{"damage":0,"enemies":"Small Slimes","floor":1,"turns":3},{"damage":0,"enemies":"2 Louse","floor":2,"turns":2},{"damage":0,"enemies":"Cultist","floor":4,"turns":4},{"damage":16,"enemies":"Gremlin Nob","floor":7,"turns":4},{"damage":8,"enemies":"Blue Slaver","floor":8,"turns":3},{"damage":2,"enemies":"Red Slaver","floor":10,"turns":2},{"damage":17,"enemies":"Lagavulin","floor":11,"turns":7},{"damage":0,"enemies":"Large Slime","floor":13,"turns":5},{"damage":16,"enemies":"Slime Boss","floor":16,"turns":9},{"damage":2,"enemies":"3 Byrds","floor":18,"turns":3},{"damage":6,"enemies":"Chosen","floor":20,"turns":4},{"damage":63,"enemies":"Slavers","floor":23,"turns":6},{"damage":21,"enemies":"Book of Stabbing","floor":25,"turns":4},{"damage":38,"enemies":"Gremlin Leader","floor":28,"turns":7},{"damage":16,"enemies":"Snecko","floor":29,"turns":6},{"damage":3,"enemies":"3 Cultists","floor":30,"turns":4},{"damage":58,"enemies":"Collector","floor":33,"turns":8}],"seed_played":"-1906304234112330087","potions_obtained":[{"floor":2,"key":"PotionOfCapacity"},{"floor":8,"key":"FearPotion"},{"floor":10,"key":"SpeedPotion"},{"floor":16,"key":"FocusPotion"},{"floor":23,"key":"Fire Potion"},{"floor":28,"key":"ColorlessPotion"},{"floor":29,"key":"EssenceOfDarkness"}],"is_trial":false,"path_per_floor":["M","M","?","M","?","R","E","M","T","M","E","R","M","$","R","B",null,"M","?","M","$","?","E","R","E","T","R","E","M","M","?","R","B"],"character_chosen":"DEFECT","items_purchased":["Tempest","Strange Spoon","Loop","Recycle"],"campfire_rested":2,"item_purchase_floors":[14,14,21,21],"current_hp_per_floor":[68,68,68,68,68,68,52,44,44,42,32,32,39,39,39,30,64,69,69,70,70,70,19,41,47,47,69,48,47,61,54,54,0,0],"gold":254,"neow_bonus":"BOSS_RELIC","is_daily":false,"chose_seed":false,"campfire_upgraded":4,"win_rate":0.0,"timestamp":1609201786,"path_taken":["M","M","?","M","?","R","E","M","T","M","E","R","M","$","R","BOSS","M","?","M","$","?","E","R","E","T","R","E","?","M","?","R","BOSS"],"items_purchased_type":["Card","Relic","Card","Card"],"build_version":"2020-12-22","purchased_purges":1,"victory":false,"max_hp_per_floor":[75,75,75,75,75,75,75,75,75,75,75,75,75,75,75,75,75,75,75,75,75,75,75,75,75,75,75,75,75,75,75,75,75,75],"card_choices":[{"not_picked":["Streamline","Ball Lightning"],"picked":"Cold Snap","floor":1},{"not_picked":["Melter","Go for the Eyes"],"picked":"Sweeping Beam","floor":2},{"not_picked":["FTL","Redo"],"picked":"Melter","floor":4},{"not_picked":["Redo","Multi-Cast"],"picked":"Leap","floor":7},{"not_picked":["Leap","Reinforced Body"],"picked":"Conserve Battery","floor":8},{"not_picked":["Aggregate","Scrape","Sweeping Beam"],"picked":"Self Repair","floor":10},{"not_picked":["Sweeping Beam","Leap","Ball Lightning"],"picked":"Beam Cell","floor":11},{"not_picked":["Redo","Barrage","Conserve Battery"],"picked":"Hologram","floor":13},{"not_picked":["Hyperbeam","Creative AI","Echo Form"],"picked":"Electrodynamics","floor":16},{"not_picked":["White Noise","Beam Cell","Cold Snap"],"picked":"Sunder","floor":18},{"not_picked":["Rebound+1","Steam","Beam Cell"],"picked":"Tempest","floor":20},{"not_picked":["Gash","Compile Driver","Streamline"],"picked":"Self Repair+1","floor":23},{"not_picked":["Fission","Conserve Battery","Coolheaded"],"picked":"Hologram","floor":25},{"not_picked":["Stack","Self Repair","Darkness"],"picked":"Coolheaded","floor":28},{"not_picked":["Hello World+1","Leap","Cold Snap"],"picked":"Barrage+1","floor":29},{"not_picked":["Darkness","Sweeping Beam","Conserve Battery","Heatsinks"],"picked":"SKIP","floor":30}],"player_experience":2390661,"relics_obtained":[{"floor":7,"key":"Calipers"},{"floor":9,"key":"Question Card"},{"floor":11,"key":"Oddly Smooth Stone"},{"floor":17,"key":"Toy Ornithopter"},{"floor":17,"key":"Kunai"},{"floor":17,"key":"CaptainsWheel"},{"floor":23,"key":"PreservedInsect"},{"floor":25,"key":"MawBank"},{"floor":26,"key":"Sundial"},{"floor":28,"key":"Orichalcum"}],"event_choices":[{"damage_healed":0,"gold_gain":0,"player_choice":"Ignored","damage_taken":0,"max_hp_gain":0,"max_hp_loss":0,"event_name":"Liars Game","floor":3,"gold_loss":0},{"damage_healed":0,"gold_gain":0,"player_choice":"Upgraded","damage_taken":0,"max_hp_gain":0,"max_hp_loss":0,"event_name":"Upgrade Shrine","floor":5,"gold_loss":0,"cards_upgraded":["Sweeping Beam"]},{"damage_healed":0,"gold_gain":0,"player_choice":"Ignored","damage_taken":0,"max_hp_gain":0,"max_hp_loss":0,"event_name":"Vampires","floor":19,"gold_loss":0},{"damage_healed":0,"gold_gain":0,"player_choice":"Gave Potion","damage_taken":0,"relics_obtained":["Nunchaku"],"max_hp_gain":0,"max_hp_loss":0,"event_name":"WeMeetAgain","floor":22,"gold_loss":0},{"damage_healed":0,"gold_gain":0,"player_choice":"Damaged","damage_taken":7,"max_hp_gain":0,"max_hp_loss":0,"event_name":"Wheel of Change","floor":31,"gold_loss":0}],"is_beta":false,"boss_relics":[{"not_picked":["Runic Dome","SlaversCollar"],"picked":"Calling Bell"}],"items_purged_floors":[14],"is_endless":false,"potions_floor_spawned":[2,8,10,16,18,23,28,29],"killed_by":"Collector","ascension_level":9}}