{"host":"vpxex9ryma3s0oll","time":1609204684,"event":{"mods":["AchievementEnabler","BaseMod","Bestiary","Minty Spire (QoL Compilation)","Quick Restart","Shop Mod","StSLib","The Senshi"],"gold_per_floor":[117,130,144,17,92,121,121,134,134,34,34,34,49,49,49,49,49],"floor_reached":16,"playtime":618,"items_purged":["Strike_B","Defend_B"],"score":105,"play_id":"56db082c-440c-46c0-ada9-104d9e596c78","local_time":"20201228201804","is_ascension_mode":true,"campfire_choices":[{"data":"Hologram","floor":7.0,"key":"SMITH"},{"floor":11.0,"key":"REST"},{"data":"Tempest","floor":15.0,"key":"SMITH"}],"circlet_count":0,"master_deck":["Strike_B","Strike_B","Strike_B","Defend_B","Defend_B","Defend_B","Zap","Dualcast","Go for the Eyes","Go for the Eyes","BootSequence","Genetic Algorithm","Hologram+1","Tempest+1"],"relics":["Cracked Core","Bottled Lightning","Thread and Needle","Golden Idol"],"acts_visited":["Exordium"],"potions_floor_usage":[],"damage_taken":[{"damage":17.0,"enemies":"Small Slimes","floor":1.0,"turns":4.0},{"damage":3.0,"enemies":"Jaw Worm","floor":2.0,"turns":3.0},{"damage":0.0,"enemies":"2 Louse","floor":3.0,"turns":3.0},{"damage":23.0,"enemies":"Lagavulin","floor":6.0,"turns":8.0},{"damage":0.0,"enemies":"Red Slaver","floor":8.0,"turns":4.0},{"damage":0.0,"enemies":"Blue Slaver","floor":13.0,"turns":3.0},{"damage":40,"enemies":"The Guardian","floor":16,"turns":11}],"seed_played":"-8289959352737203873","potions_obtained":[{"floor":2.0,"key":"SpeedPotion"}],"is_trial":false,"path_per_floor":["M","M","M","$","?","E","R","M","T","$","R","T","M","?","R","B"],"character_chosen":"DEFECT","items_purchased":["Hologram"],"campfire_rested":1,"item_purchase_floors":[4],"current_hp_per_floor":[65,62,62,62,51,28,28,28,28,28,52,52,52,32,32,0,0],"gold":49,"neow_bonus":"TEN_PERCENT_HP_BONUS","is_daily":false,"chose_seed":false,"campfire_upgraded":2,"win_rate":0.0,"timestamp":1609204684,"path_taken":["M","M","M","$","?","E","R","M","T","$","R","?","M","?","R","BOSS"],"items_purchased_type":["Card"],"build_version":"2020-12-22","purchased_purges":2,"victory":false,"max_hp_per_floor":[82,82,82,82,82,82,82,82,82,82,82,82,82,82,82,82,82],"card_choices":[{"not_picked":["Stack","Heatsinks"],"picked":"Go for the Eyes","floor":1.0},{"not_picked":["Stack","Heatsinks"],"picked":"Go for the Eyes","floor":1.0},{"not_picked":["Streamline","Sweeping Beam"],"picked":"BootSequence","floor":2.0},{"not_picked":["Rebound","Reprogram"],"picked":"Genetic Algorithm","floor":3.0},{"not_picked":["Fusion","Coolheaded","Go for the Eyes"],"picked":"SKIP","floor":6.0},{"not_picked":["Leap","Hello World"],"picked":"Tempest","floor":8.0},{"not_picked":["Compile Driver","Rebound","Force Field"],"picked":"SKIP","floor":13.0}],"player_experience":33133,"relics_obtained":[{"floor":6.0,"key":"Bottled Lightning"},{"floor":9.0,"key":"Thread and Needle"}],"event_choices":[{"damage_healed":0.0,"max_hp_gain":0.0,"max_hp_loss":0.0,"gold_gain":75.0,"event_name":"World of Goop","player_choice":"Gather Gold","floor":5.0,"gold_loss":0.0,"damage_taken":11.0},{"damage_healed":0.0,"max_hp_gain":0.0,"max_hp_loss":0.0,"gold_gain":0.0,"event_name":"Golden Idol","player_choice":"Take Damage","floor":14.0,"gold_loss":0.0,"damage_taken":20.0,"relics_obtained":["Golden Idol"]}],"is_beta":false,"boss_relics":[],"items_purged_floors":[4,10],"is_endless":false,"potions_floor_spawned":[2],"killed_by":"The Guardian","ascension_level":1}}