{"host":"6p0attdrtjqaih7v","time":1609268481,"event":{"mods":["2.2 Compatiblity","AchievementEnabler","Bard","BaseMod","Better Skull","Better Third Choice","Colored Powertips","Hermit","Highlight Path","Jorbs\u0027s Wanderer Trilogy","Key Reminder","Minty Spire (QoL Compilation)","Permanent Neow","Quick Restart","Random Character Button","Relic Stats","Replay The Spire","StSLib","The Construct"],"gold_per_floor":[11,24,38,38,57,86,96,96,96,124,49,75,86,116,116,192,192,205,205,205,6,24,24,58,58,135,161,161,76,86,113,113,189,189,208,50,50,50,50,50,62,62,85,85,103,128,310,335,335,335],"floor_reached":51,"playtime":2386,"items_purged":["Strike_G","Strike_G"],"score":1517,"play_id":"06ab7d10-d112-4d73-976e-6a4b2b24e840","local_time":"20201229140121","is_ascension_mode":true,"campfire_choices":[{"floor":8,"key":"REST"},{"data":"Bouncing Flask","floor":15,"key":"SMITH"},{"data":"Apotheosis","floor":23,"key":"SMITH"},{"data":"Catalyst","floor":25,"key":"SMITH"},{"data":"Wraith Form v2","floor":28,"key":"SMITH"},{"data":"Noxious Fumes","floor":32,"key":"SMITH"},{"data":"1","floor":40,"key":"LIFT"},{"floor":44,"key":"REST"},{"floor":49,"key":"REST"}],"circlet_count":0,"master_deck":["AscendersBane","Strike_G+1","Strike_G+2","Defend_G","Defend_G","Defend_G","Survivor","Neutralize","Crippling Poison","Poisoned Stab+1","Blade Dance","Dagger Throw","Poisoned Stab","All Out Attack","Noxious Fumes+1","Bouncing Flask+1","Wraith Form v2+1","ReplayTheSpireMod:Speed Training","Dark Shackles","Apotheosis+1","Catalyst+1","Blur","PiercingWail","PiercingWail","Blur","Burst","Bouncing Flask+1","Dagger Throw","Madness","Dagger Throw","Deep Breath","Sucker Punch+1"],"relics":["Ring of the Snake","FaceOfCleric","Replay:Baseball","MealTicket","Bronze Scales","Meat on the Bone","InkBottle","HoveringKite","Enchiridion","ReplayTheSpireMod:ShopPack","ReplayTheSpireMod:Lightbulb","Gremlin Horn","Simple Rune","Girya","Whetstone","Fusion Hammer","Snake Skull","Kunai","Replay:Arrowhead"],"acts_visited":["Exordium","TheCity","TheBeyond"],"potions_floor_usage":[6,10,10,12,24,31,50,50],"damage_taken":[{"damage":8,"enemies":"Small Slimes","floor":1,"turns":5},{"damage":0,"enemies":"Cultist","floor":2,"turns":4},{"damage":2,"enemies":"2 Louse","floor":3,"turns":4},{"damage":14,"enemies":"Large Slime","floor":5,"turns":6},{"damage":17,"enemies":"Replay:BlueRogue","floor":6,"turns":8},{"damage":0,"enemies":"2 Fungi Beasts","floor":7,"turns":2},{"damage":7,"enemies":"Lagavulin","floor":10,"turns":5},{"damage":8,"enemies":"Gremlin Nob","floor":12,"turns":3},{"damage":0,"enemies":"3 Louse","floor":13,"turns":2},{"damage":12,"enemies":"Lagavulin","floor":14,"turns":6},{"damage":14,"enemies":"The Guardian","floor":16,"turns":8},{"damage":23,"enemies":"2 Thieves","floor":18,"turns":4},{"damage":0,"enemies":"3 Byrds","floor":22,"turns":2},{"damage":9,"enemies":"Book of Stabbing","floor":24,"turns":4},{"damage":4,"enemies":"Replay:Snechameleon","floor":27,"turns":4},{"damage":2,"enemies":"3 Cultists","floor":30,"turns":4},{"damage":0,"enemies":"Slavers","floor":31,"turns":3},{"damage":47,"enemies":"Automaton","floor":33,"turns":13},{"damage":3,"enemies":"Orb Walker","floor":35,"turns":4},{"damage":9,"enemies":"3 Shapes","floor":41,"turns":3},{"damage":0,"enemies":"Maw","floor":45,"turns":6},{"damage":11,"enemies":"Giant Head","floor":46,"turns":5},{"damage":0,"enemies":"Mind Bloom Boss Battle","floor":48,"turns":3},{"damage":42,"enemies":"Time Eater","floor":50,"turns":10}],"seed_played":"1472611912642479944","potions_obtained":[{"floor":1,"key":"Elixir"},{"floor":2,"key":"BlessingOfTheForge"},{"floor":7,"key":"CunningPotion"},{"floor":10,"key":"AttackPotion"},{"floor":27,"key":"Swift Potion"},{"floor":30,"key":"Explosive Potion"},{"floor":46,"key":"Explosive Potion"},{"floor":48,"key":"Poison Potion"}],"is_trial":false,"path_per_floor":["M","M","M","?","M","E","M","R","T","E","$","E","M","E","R","B",null,"M","?","?","$","M","R","E","R","T","E","R","?","M","E","R","B",null,"M","$","?","?","?","R","M","?","T","R","M","E","?","?","R","B",null],"character_chosen":"THE_SILENT","items_purchased":["ReplayTheSpireMod:ShopPack","Adrenaline Potion","Dagger Throw"],"campfire_rested":3,"item_purchase_floors":[21,21,36],"current_hp_per_floor":[51,51,49,49,36,20,21,41,41,35,50,43,44,45,45,44,67,45,45,24,39,40,40,44,44,44,41,41,41,52,53,53,19,66,64,79,64,64,82,82,74,64,64,83,84,74,46,47,72,43],"gold":335,"neow_bonus":"REMOVE_TWO","is_daily":false,"chose_seed":false,"campfire_upgraded":5,"win_rate":0.0,"timestamp":1609268481,"path_taken":["M","M","M","?","?","E","M","R","T","E","?","E","M","E","R","BOSS","M","?","?","$","M","R","E","R","T","E","R","?","M","E","R","BOSS","M","$","?","?","?","R","?","?","T","R","M","E","?","?","R","BOSS"],"items_purchased_type":["Relic","Potion","Card"],"build_version":"2020-12-22","purchased_purges":2,"victory":true,"max_hp_per_floor":[66,66,66,66,67,68,69,69,69,70,70,71,72,73,73,74,74,75,75,75,75,76,76,77,77,77,78,78,78,79,80,80,81,81,82,82,82,82,82,82,83,83,83,83,84,85,85,86,86,87],"relic_stats":{"Gremlin Horn":[5,5],"counters":[24,118],"HoveringKite":[44],"Snake Skull":[84],"Whetstone":["Poisoned Stab","Strike_G"],"FaceOfCleric":21,"Bronze Scales":[276],"MealTicket":45,"Kunai":[8],"obtain_stats":[{"Girya":29,"Gremlin Horn":26,"HoveringKite":17,"Enchiridion":20,"Snake Skull":43,"Whetstone":31,"Replay:Arrowhead":48,"Replay:Baseball":6,"FaceOfCleric":4,"Bronze Scales":10,"MealTicket":9,"Simple Rune":27,"Fusion Hammer":34,"Kunai":46,"ReplayTheSpireMod:Lightbulb":24,"InkBottle":14,"Ring of the Snake":0,"Meat on the Bone":12,"ReplayTheSpireMod:ShopPack":21},{"Girya":15,"Gremlin Horn":14,"HoveringKite":11,"Enchiridion":12,"Snake Skull":20,"Whetstone":17,"Replay:Arrowhead":23,"Replay:Baseball":5,"FaceOfCleric":3,"Bronze Scales":7,"MealTicket":6,"Simple Rune":15,"Fusion Hammer":18,"Kunai":22,"ReplayTheSpireMod:Lightbulb":14,"InkBottle":10,"Ring of the Snake":0,"Meat on the Bone":8,"ReplayTheSpireMod:ShopPack":12},{"Girya":67,"Gremlin Horn":63,"HoveringKite":53,"Enchiridion":57,"Snake Skull":94,"Whetstone":74,"Replay:Arrowhead":108,"Replay:Baseball":27,"FaceOfCleric":13,"Bronze Scales":34,"MealTicket":29,"Simple Rune":67,"Fusion Hammer":87,"Kunai":105,"ReplayTheSpireMod:Lightbulb":63,"InkBottle":45,"Ring of the Snake":0,"Meat on the Bone":37,"ReplayTheSpireMod:ShopPack":57}],"InkBottle":[35],"Ring of the Snake":[48],"Meat on the Bone":72},"card_choices":[{"not_picked":["Dodge and Roll","Underhanded Strike"],"picked":"Crippling Poison","floor":1},{"not_picked":["Prepared","Outmaneuver"],"picked":"Poisoned Stab","floor":2},{"not_picked":["Dodge and Roll","Masterful Stab"],"picked":"Blade Dance","floor":3},{"not_picked":["Concentrate","Setup"],"picked":"Dagger Throw","floor":5},{"not_picked":["Acrobatics","Slice"],"picked":"Poisoned Stab","floor":6},{"not_picked":["Skewer","Prepared"],"picked":"All Out Attack","floor":7},{"not_picked":["Footwork","Acrobatics"],"picked":"Noxious Fumes","floor":10},{"not_picked":["Noxious Fumes","Envenom","Sucker Punch"],"picked":"SKIP","floor":12},{"not_picked":["Prepared","Expertise"],"picked":"Bouncing Flask","floor":13},{"not_picked":["Dagger Spray","Backstab","Slice"],"picked":"SKIP","floor":14},{"not_picked":["Burst","Storm of Steel"],"picked":"Wraith Form v2","floor":16},{"not_picked":["Tactician","Masterful Stab"],"picked":"ReplayTheSpireMod:Speed Training","floor":18},{"not_picked":["Replay:Bootleg Shield Generator","Thinking Ahead"],"picked":"Dark Shackles","floor":21},{"not_picked":["Violence","Panache"],"picked":"Apotheosis","floor":21},{"not_picked":["Blade Dance","Dagger Throw"],"picked":"Catalyst","floor":22},{"not_picked":["Grand Finale","Underhanded Strike"],"picked":"Blur","floor":24},{"not_picked":["Prepared","Cloak And Dagger"],"picked":"PiercingWail","floor":27},{"not_picked":["A Thousand Cuts","Dodge and Roll"],"picked":"PiercingWail","floor":30},{"not_picked":["Slice","Riddle With Holes+1"],"picked":"Blur","floor":31},{"not_picked":["Storm of Steel","Replay:Bag of Tricks"],"picked":"Burst","floor":33},{"not_picked":["Bane","Blade Dance+1"],"picked":"Bouncing Flask+1","floor":35},{"not_picked":["Tactician+1","Sucker Punch"],"picked":"Dagger Throw","floor":41},{"not_picked":["Swift Strike","Panache"],"picked":"Deep Breath","floor":42},{"not_picked":["Sucker Punch","Flying Knee","Dagger Throw"],"picked":"SKIP","floor":45},{"not_picked":["Flechettes","Quick Slash","Accuracy+1"],"picked":"SKIP","floor":46},{"not_picked":["Quick Slash","Crippling Poison"],"picked":"Sucker Punch+1","floor":47}],"player_experience":921221,"relics_obtained":[{"floor":6,"key":"Replay:Baseball"},{"floor":9,"key":"MealTicket"},{"floor":10,"key":"Bronze Scales"},{"floor":12,"key":"Meat on the Bone"},{"floor":14,"key":"InkBottle"},{"floor":20,"key":"Enchiridion"},{"floor":24,"key":"ReplayTheSpireMod:Lightbulb"},{"floor":26,"key":"Gremlin Horn"},{"floor":27,"key":"Simple Rune"},{"floor":31,"key":"Whetstone"},{"floor":43,"key":"Snake Skull"},{"floor":46,"key":"Kunai"},{"floor":48,"key":"Replay:Arrowhead"}],"event_choices":[{"damage_healed":0,"gold_gain":0,"player_choice":"Trade","damage_taken":0,"relics_obtained":["FaceOfCleric"],"max_hp_gain":0,"max_hp_loss":0,"event_name":"FaceTrader","floor":4,"gold_loss":0},{"damage_healed":0,"gold_gain":0,"player_choice":"Obtained Book","damage_taken":21,"max_hp_gain":0,"max_hp_loss":0,"event_name":"Cursed Tome","floor":20,"gold_loss":0},{"damage_healed":0,"gold_gain":0,"player_choice":"Obtained Relic","damage_taken":0,"relics_obtained":["Girya"],"max_hp_gain":0,"max_hp_loss":0,"event_name":"Addict","floor":29,"gold_loss":85},{"damage_healed":0,"gold_gain":0,"player_choice":"Embrace Madness","damage_taken":15,"max_hp_gain":0,"max_hp_loss":0,"event_name":"Winding Halls","floor":37,"gold_loss":0,"cards_obtained":["Madness","Madness"]},{"cards_removed":["Defend_G"],"damage_healed":0,"gold_gain":0,"player_choice":"Removed Skill","damage_taken":0,"max_hp_gain":0,"max_hp_loss":0,"event_name":"Falling","floor":38,"gold_loss":0},{"cards_removed":["Madness"],"damage_healed":18,"gold_gain":0,"player_choice":"Offered Uncommon","damage_taken":0,"max_hp_gain":0,"max_hp_loss":0,"event_name":"Bonfire Elementals","floor":39,"gold_loss":0},{"damage_healed":0,"gold_gain":0,"player_choice":"Memory 3","damage_taken":10,"max_hp_gain":0,"max_hp_loss":0,"event_name":"SensoryStone","floor":42,"gold_loss":0},{"damage_healed":0,"gold_gain":0,"player_choice":"Fight","damage_taken":0,"max_hp_gain":0,"max_hp_loss":0,"event_name":"MindBloom","floor":48,"gold_loss":0}],"is_beta":false,"boss_relics":[{"not_picked":["Kintsugi","ReplayTheSpireMod:DimensionalGlitch"],"picked":"HoveringKite"},{"not_picked":["Replay:Wanted Poster","Runic Pyramid"],"picked":"Fusion Hammer"}],"items_purged_floors":[11,36],"is_endless":false,"potions_floor_spawned":[1,2,7,10,27,30,46,48],"ascension_level":18}}