{"host":"dxhqtkke6bt2qzoz","time":1609245883,"event":{"mods":["ATMod(阿瑾Mod)","Act Like it!","BaseMod","Chen","Dota2Spire","Gensokyo","KinomotoSakuraMod(木之本樱)","Koishi","LagranYue(拉格朗・月)","Marisa（F雨　魔理沙）","Minty Spire (QoL Compilation)","MostiFishMod","Nova Terra(诺娃・泰拉)","Prisma Mod","Reimu（博丽灵梦）","Remilia（蕾米莉亚）","SIMod","StSLib","TestMod","The Dragon Tamer","The Hierophant","Waifu the Spire","WarShipGirlsR/战舰少女R mod","Yakumo Yukari mod","Youmu（魂魄妖梦）","Yuri Mod","Yuyuko","[IsaacMod]以撒尖塔","vexMod","【遗物卡牌】REMEMod"],"gold_per_floor":[141,178,264,264,152,152,202,202,249,249,306,348,458,544,544,669,669,739,792,852,934,934,934,1005,593,593,573,609,677,677,745,745,921,921,1012,1056,1056,1456,1592,1592,1650,1769,1769,1825,1922,1922,1964,2059,2059,2205],"floor_reached":51,"playtime":1167,"items_purged":["DragonMeteor","PrismaMod:ChloeCommonAttack","BettingIsNotGood","PrismaMod:ChloeExhaustOne+1"],"score":1069,"play_id":"facaf2a2-b6ad-4fc6-aca0-27c05e9bb70d","local_time":"20201229204443","is_ascension_mode":true,"campfire_choices":[{"data":"PrismaMod:ChloeMordred","floor":6,"key":"SMITH"},{"data":"PrismaMod:ChloeRhongomyniad","floor":10,"key":"SMITH"},{"data":"PrismaMod:ChloeExcalibur","floor":15,"key":"SMITH"},{"data":"PrismaMod:ChloeGaeBolg","floor":23,"key":"SMITH"},{"data":"PrismaMod:ChloeCheapAttack","floor":30,"key":"SMITH"},{"data":"PrismaMod:ChloeExhaustOne","floor":32,"key":"SMITH"},{"data":"1","floor":40,"key":"LIFT"},{"floor":49,"key":"REST"}],"circlet_count":0,"master_deck":["PrismaMod:ChloeCommonAttack","PrismaMod:ChloeCommonAttack","PrismaMod:ChloeCommonAttack","PrismaMod:ChloeCommonAttack","PrismaMod:ChloeCommonDefend","PrismaMod:ChloeCommonDefend+1","PrismaMod:ChloeCommonDefend+1","PrismaMod:ChloeCommonDefend","PrismaMod:ChloeCommonDefend","PrismaMod:ChloeCheapAttack+1","PrismaMod:ChloeCheapDefend","PrismaMod:ChloeCheapAttack","PrismaMod:ChloeMordred+1","PrismaMod:ChloeRhongomyniad+1","PrismaMod:ChloeGaeBolg+1","PrismaMod:ChloeExcalibur+1","PrismaMod:ChloeCarnivalDefend+1","PrismaMod:ChloeExhaustOne+1","PrismaMod:ChloeExhaustOne+1","PrismaMod:ChloeCaladbolg+1","PrismaMod:ChloeGaeBolg+1","PrismaMod:ChloeCommonAOEAttack","PrismaMod:ChloeExhaustOne+1","PrismaMod:ChloeBetterTracePools+1"],"relics":["PrismaMod:PrismaTraceOn","HushsDoor","DaveBox","AT_ATBox","REME_ComplimentaryCards","LagranYue:RandomDrawCardRelic","AT_MibuBalloonWealth","Lizard Tail","MoneyPower","War Paint","TheBean","Mango","testmod-CardMagician","TungstenRod","AT_EbonyIvory","Technique","GuppysPaw","DiscerningMonocle","testmod-Hope","Girya","Frozen Egg 2","Meat on the Bone","SalivaCoin","REME_IWantAll"],"acts_visited":["Exordium","TheCity","TheBeyond"],"potions_floor_usage":[11,11,16,20,21,27,28,29,33,41,50,50,50],"damage_taken":[{"damage":3,"enemies":"Cultist","floor":1,"turns":4},{"damage":3,"enemies":"Jaw Worm","floor":2,"turns":2},{"damage":9,"enemies":"Small Slimes","floor":3,"turns":4},{"damage":0,"enemies":"Gremlin Nob","floor":7,"turns":2},{"damage":18,"enemies":"Lagavulin","floor":11,"turns":6},{"damage":0,"enemies":"Looter","floor":12,"turns":2},{"damage":0,"enemies":"Gremlin Gang","floor":13,"turns":1},{"damage":0,"enemies":"3 Louse","floor":14,"turns":1},{"damage":3,"enemies":"Slime Boss","floor":16,"turns":3},{"damage":0,"enemies":"2 Thieves","floor":18,"turns":3},{"damage":0,"enemies":"Shell Parasite","floor":19,"turns":3},{"damage":0,"enemies":"Centurion and Healer","floor":20,"turns":2},{"damage":0,"enemies":"Chosen and Byrds","floor":21,"turns":4},{"damage":0,"enemies":"REME_1_Revenger","floor":24,"turns":2},{"damage":9,"enemies":"Snake Plant","floor":28,"turns":2},{"damage":1,"enemies":"Centurion and Healer","floor":29,"turns":3},{"damage":0,"enemies":"Shelled Parasite and Fungi","floor":31,"turns":2},{"damage":0,"enemies":"Automaton","floor":33,"turns":4},{"damage":10,"enemies":"3 Shapes","floor":35,"turns":3},{"damage":10,"enemies":"Orb Walker","floor":36,"turns":2},{"damage":0,"enemies":"3 Darklings","floor":39,"turns":3},{"damage":1,"enemies":"Giant Head","floor":41,"turns":3},{"damage":11,"enemies":"4 Shapes","floor":42,"turns":2},{"damage":9,"enemies":"Nemesis","floor":44,"turns":3},{"damage":9,"enemies":"Jaw Worm Horde","floor":45,"turns":3},{"damage":0,"enemies":"Writhing Mass","floor":47,"turns":1},{"damage":0,"enemies":"2 Orb Walkers","floor":48,"turns":2},{"damage":43,"enemies":"Awakened One","floor":50,"turns":5}],"seed_played":"2008070528323346628","potions_obtained":[{"floor":1,"key":"Block Potion"},{"floor":7,"key":"GrandPatriotsElixir:ReiMu"},{"floor":11,"key":"SkillPotion"},{"floor":14,"key":"Weak Potion"},{"floor":16,"key":"Dexterity Potion"},{"floor":19,"key":"FearPotion"},{"floor":27,"key":"testmod-SpacePotion"},{"floor":28,"key":"FearPotion"},{"floor":31,"key":"Dota2Spire:Clarity"},{"floor":36,"key":"Dexterity Potion"},{"floor":44,"key":"SpeedPotion"},{"floor":45,"key":"DistilledChaos"},{"floor":48,"key":"Explosive Potion"}],"is_trial":false,"path_per_floor":["M","M","M","?","$","R","E","$","T","R","E","M","M","M","R","B",null,"M","M","M","M","?","R","E","$","T","?","M","M","R","M","R","B",null,"M","M","$","?","M","R","E","M","T","E","M","?","M","?","R","B",null],"character_chosen":"CHLOE","items_purchased":["PrismaMod:ChloeMordred","AT_EbonyIvory","Technique","testmod-Hope","Girya"],"campfire_rested":1,"item_purchase_floors":[5,25,25,37,37],"current_hp_per_floor":[72,69,60,60,60,60,60,60,60,60,56,56,56,56,56,53,84,84,84,84,84,84,84,84,84,84,84,75,74,74,74,74,74,84,74,66,66,66,66,66,65,54,54,45,48,48,48,51,77,46],"gold":2205,"neow_bonus":"RANDOM_COMMON_RELIC","is_daily":false,"chose_seed":false,"campfire_upgraded":6,"win_rate":0.0,"timestamp":1609245883,"path_taken":["M","?","M","?","$","R","E","$","T","R","E","M","M","M","R","BOSS","M","M","M","M","?","R","E","$","T","?","M","M","R","M","R","BOSS","M","M","$","?","M","R","E","M","T","E","M","?","M","?","R","BOSS"],"items_purchased_type":["Card","Relic","Relic","Relic","Relic"],"build_version":"2020-12-22","purchased_purges":4,"victory":true,"max_hp_per_floor":[75,75,75,75,75,75,75,75,75,75,89,89,89,89,89,89,84,84,84,84,84,84,84,84,84,84,84,84,84,84,84,84,84,84,84,84,84,84,84,84,84,84,84,84,84,84,84,87,87,87],"card_choices":[{"not_picked":[],"picked":"BettingIsNotGood","floor":0},{"not_picked":["PrismaMod:ChloeCheapDefend","PrismaMod:ChloeAnySkillTrace"],"picked":"PrismaMod:ChloeCheapAttack","floor":1},{"not_picked":["PrismaMod:ChloeExhaustTwo","PrismaMod:ChloeCheapDefendTwo"],"picked":"Bomb","floor":2},{"not_picked":["PrismaMod:ChloeUncommonAOEAttack","PrismaMod:ChloeDemonicTutor"],"picked":"Bomb","floor":3},{"not_picked":["PrismaMod:ChloeBetterTracePools","PrismaMod:ChloeExhaustTwo"],"picked":"PrismaMod:ChloeRhongomyniad","floor":7},{"not_picked":["PrismaMod:ChloeUncommonAttack","PrismaMod:ChloeGreatTracePools"],"picked":"PrismaMod:ChloeExhaustOne","floor":11},{"not_picked":["PrismaMod:ChloeRhongomyniad","PrismaMod:ChloeCheapAttackTwo"],"picked":"PrismaMod:ChloeGaeBolg","floor":12},{"not_picked":["PrismaMod:ChloeMaid","PrismaMod:ChloeEyeOfTheEuryale"],"picked":"Bomb","floor":13},{"not_picked":["PrismaMod:ChloeDiscardRecovery","PrismaMod:ChloeEyeOfTheEuryale"],"picked":"PrismaMod:ChloeExcalibur","floor":14},{"not_picked":["PrismaMod:ChloeExhaustThree","PrismaMod:ChloeDevil"],"picked":"PrismaMod:ChloeCarnivalDefend","floor":16},{"not_picked":["PrismaMod:ChloeCheapDefendTwo","PrismaMod:ChloeMordred+1"],"picked":"PrismaMod:ChloeExhaustOne+1","floor":18},{"not_picked":["PrismaMod:ChloeCheapDefendTwo","PrismaMod:ChloeCheapAttackTwo","PrismaMod:ChloeExhaustOne"],"picked":"SKIP","floor":19},{"not_picked":["PrismaMod:ChloeDiscardRecovery","PrismaMod:ChloeCheapDefend"],"picked":"PrismaMod:ChloeExhaustOne+1","floor":20},{"not_picked":["PrismaMod:ChloeCheapDefend","PrismaMod:ChloeCheapDefendTwo","PrismaMod:ChloeExhaustOne"],"picked":"SKIP","floor":21},{"not_picked":["PrismaMod:ChloeCarnivalDefend","PrismaMod:ChloeHalloween"],"picked":"PrismaMod:ChloeCaladbolg","floor":24},{"not_picked":["PrismaMod:ChloeCheapAttackTwo","PrismaMod:ChloeCommonAOEAttack","PrismaMod:ChloeCaladbolg+1"],"picked":"SKIP","floor":28},{"not_picked":["PrismaMod:ChloeCheapAttack+1","PrismaMod:ChloeExhaustOne","PrismaMod:ChloeDemonicTutor"],"picked":"SKIP","floor":29},{"not_picked":["PrismaMod:ChloeDiscardRecovery+1","PrismaMod:ChloeCaladbolg","PrismaMod:ChloeCheapDefend"],"picked":"SKIP","floor":31},{"not_picked":["PrismaMod:ChloeCheapDefend","PrismaMod:ChloeRhongomyniad","PrismaMod:ChloeRitsuka"],"picked":"SKIP","floor":35},{"not_picked":["PrismaMod:ChloeRitsuka","PrismaMod:ChloeCaladbolg","PrismaMod:ChloeCheapDefendTwo+1"],"picked":"SKIP","floor":36},{"not_picked":["PrismaMod:ChloeUncommonAOEAttack+1","PrismaMod:ChloeCommonAOEAttack+1","PrismaMod:ChloeEyeOfTheEuryale"],"picked":"SKIP","floor":39},{"not_picked":["PrismaMod:ChloeCommonAOEAttack+1","PrismaMod:ChloeCheapDefendTwo+1"],"picked":"PrismaMod:ChloeGaeBolg+1","floor":41},{"not_picked":["PrismaMod:ChloeEyeOfTheEuryale","PrismaMod:ChloeBetterTracePools+1","PrismaMod:ChloeCheapAttackTwo+1"],"picked":"SKIP","floor":42},{"not_picked":["PrismaMod:ChloeUncommonAOEAttack","PrismaMod:ChloeExhaustOne","PrismaMod:ChloeRitsuka"],"picked":"SKIP","floor":44},{"not_picked":["PrismaMod:ChloeChristmas","PrismaMod:ChloeDiscardRecovery","PrismaMod:ChloeExhaustOne+1"],"picked":"SKIP","floor":45},{"not_picked":["PrismaMod:ChloeUncommonAOEAttack","PrismaMod:ChloeCommonAOEAttack","PrismaMod:ChloeAnyRareTrace"],"picked":"SKIP","floor":47},{"not_picked":["PrismaMod:ChloeCommonAOEAttack","PrismaMod:ChloeExhaustOne+1","PrismaMod:ChloeBetterTracePools+1"],"picked":"Singing Bowl","floor":48}],"player_experience":187864,"relics_obtained":[{"floor":7,"key":"War Paint"},{"floor":9,"key":"TheBean"},{"floor":11,"key":"Mango"},{"floor":24,"key":"TungstenRod"},{"floor":26,"key":"GuppysPaw"},{"floor":41,"key":"Frozen Egg 2"},{"floor":43,"key":"Meat on the Bone"},{"floor":44,"key":"SalivaCoin"},{"floor":48,"key":"REME_IWantAll"}],"event_choices":[{"damage_healed":0,"gold_gain":0,"player_choice":"Swap Relic","damage_taken":0,"relics_obtained":["Pyrelight"],"max_hp_gain":0,"max_hp_loss":0,"event_name":"给自己的盒子","floor":4,"relics_lost":["testmod-TestBox"],"gold_loss":0},{"damage_healed":0,"gold_gain":0,"player_choice":"Bought 1 Potion","damage_taken":0,"max_hp_gain":0,"max_hp_loss":0,"event_name":"The Woman in Blue","floor":27,"gold_loss":0},{"damage_healed":0,"gold_gain":400,"player_choice":"Sell","damage_taken":0,"max_hp_gain":0,"max_hp_loss":0,"event_name":"恩洛斯的盘子","floor":38,"relics_lost":["Pyrelight"],"gold_loss":0},{"damage_healed":0,"gold_gain":0,"player_choice":"Fight","damage_taken":0,"max_hp_gain":0,"max_hp_loss":0,"event_name":"Mysterious Sphere","floor":48,"gold_loss":0}],"is_beta":false,"boss_relics":[{"not_picked":["testmod-DreamHouse","Calling Bell"],"picked":"testmod-CardMagician"},{"not_picked":[]},{"not_picked":["testmod-EnergyCheck","FeatherPendant"],"picked":"DiscerningMonocle"},{"not_picked":[]}],"items_purged_floors":[5,17,25,37],"is_endless":false,"potions_floor_spawned":[1,7,11,14,16,19,24,28,31,33,36,44,45,48],"ascension_level":3}}