{"host":"J","time":1609263105,"event":{"mods":["AchievementEnabler","BaseMod","Block Reminder","Highlight Path","Minty Spire (QoL Compilation)","Permanent Neow","Quick Restart","Relic Stats","UnlockEverythingMod"],"gold_per_floor":[16,30,43,62,62,62,93,110,179,206,206,50,50,60,60,60,60],"floor_reached":16,"playtime":2055,"items_purged":["Decay"],"score":249,"play_id":"d59d2b00-3f53-4214-a0ac-ffc5349a2414","local_time":"20201229183145","is_ascension_mode":true,"campfire_choices":[{"data":"Storm","floor":6,"key":"SMITH"},{"data":"Fission","floor":13,"key":"SMITH"},{"data":"Zap","floor":15,"key":"SMITH"}],"circlet_count":0,"master_deck":["AscendersBane","Strike_B","Strike_B","Strike_B","Strike_B+1","Defend_B","Defend_B","Defend_B","Defend_B","Zap+1","Dualcast","Glacier+1","Storm+1","Self Repair","Fission+1","Heatsinks","Heatsinks","Aggregate"],"relics":["Cracked Core","Pear","Symbiotic Virus","Peace Pipe"],"acts_visited":["Exordium"],"potions_floor_usage":[10,14,16,16],"damage_taken":[{"damage":0,"enemies":"2 Louse","floor":1,"turns":2},{"damage":0,"enemies":"Small Slimes","floor":2,"turns":4},{"damage":4,"enemies":"Cultist","floor":3,"turns":4},{"damage":3,"enemies":"Blue Slaver","floor":4,"turns":5},{"damage":37,"enemies":"Lagavulin","floor":7,"turns":11},{"damage":5,"enemies":"Large Slime","floor":8,"turns":7},{"damage":23,"enemies":"3 Sentries","floor":10,"turns":12},{"damage":10,"enemies":"Gremlin Gang","floor":14,"turns":5},{"damage":6,"enemies":"Hexaghost","floor":16,"turns":9}],"seed_played":"-734378943798743516","potions_obtained":[{"floor":1,"key":"SneckoOil"},{"floor":3,"key":"FocusPotion"},{"floor":8,"key":"SkillPotion"},{"floor":10,"key":"FearPotion"},{"floor":14,"key":"EntropicBrew"}],"is_trial":false,"path_per_floor":["M","M","M","M","?","R","E","M","T","E","?","$","R","M","R","B"],"character_chosen":"DEFECT","items_purchased":["Heatsinks"],"campfire_rested":0,"item_purchase_floors":[12],"current_hp_per_floor":[78,78,74,71,45,45,25,27,27,11,11,11,11,8,8,2,2],"gold":60,"neow_bonus":"TWENTY_PERCENT_HP_BONUS","is_daily":false,"chose_seed":false,"campfire_upgraded":3,"win_rate":0.0,"timestamp":1609263105,"path_taken":["M","M","M","M","?","R","E","M","T","E","?","$","R","?","R","BOSS"],"items_purchased_type":["Card"],"build_version":"2020-12-18","purchased_purges":1,"victory":false,"max_hp_per_floor":[85,85,85,85,85,85,95,95,95,95,95,95,95,95,95,95,95],"relic_stats":{"Peace Pipe":0,"counters":[9,59],"obtain_stats":[{"Peace Pipe":10,"Pear":7,"Cracked Core":0,"Symbiotic Virus":9},{"Peace Pipe":7,"Pear":5,"Cracked Core":0,"Symbiotic Virus":6},{"Peace Pipe":45,"Pear":26,"Cracked Core":0,"Symbiotic Virus":33}]},"card_choices":[{"not_picked":["Barrage","Scrape"],"picked":"Glacier","floor":1},{"not_picked":["Sweeping Beam","Leap"],"picked":"Storm","floor":2},{"not_picked":["Turbo","Steam","Gash"],"picked":"SKIP","floor":3},{"not_picked":["Stack","Coolheaded"],"picked":"Self Repair","floor":4},{"not_picked":["Scrape","Hologram","Redo"],"picked":"SKIP","floor":7},{"not_picked":["Ball Lightning","Compile Driver"],"picked":"Fission","floor":8},{"not_picked":["BootSequence","Compile Driver"],"picked":"Heatsinks","floor":10},{"not_picked":["Coolheaded","Auto Shields"],"picked":"Aggregate","floor":14}],"player_experience":216818,"relics_obtained":[{"floor":7,"key":"Pear"},{"floor":9,"key":"Symbiotic Virus"},{"floor":10,"key":"Peace Pipe"}],"event_choices":[{"damage_healed":0,"gold_gain":0,"player_choice":"Entered Light","damage_taken":26,"max_hp_gain":0,"max_hp_loss":0,"event_name":"Shining Light","floor":5,"gold_loss":0,"cards_upgraded":["Glacier","Strike_B"]},{"damage_healed":0,"gold_gain":0,"player_choice":"Cursed","damage_taken":0,"max_hp_gain":0,"max_hp_loss":0,"event_name":"Wheel of Change","floor":11,"gold_loss":0,"cards_obtained":["Decay"]}],"is_beta":true,"boss_relics":[],"items_purged_floors":[12],"is_endless":false,"potions_floor_spawned":[1,3,8,10,14],"killed_by":"Hexaghost","ascension_level":20}}