{"host":"3jjxuhjpio8e4zkv","time":1609283139,"event":{"mods":["BaseMod","Colored Map","Highlight Path","Minty Spire (QoL Compilation)","Permanent Neow","Relic Stats","StSLib"],"gold_per_floor":[118,137,137,157,157,157,191,206,232,232,3,29,29,46,46,46,46],"floor_reached":16,"playtime":485,"items_purged":["Strike_G+1"],"score":220,"play_id":"65dbdd39-c814-4aaa-a79d-fa25141cb4ba","local_time":"20201229180539","is_ascension_mode":true,"campfire_choices":[{"data":"Infinite Blades","floor":6,"key":"SMITH"},{"floor":10,"key":"REST"},{"data":"Skewer","floor":15,"key":"SMITH"}],"circlet_count":0,"master_deck":["AscendersBane","Strike_G","Strike_G","Strike_G","Strike_G","Defend_G","Defend_G","Defend_G","Defend_G","Defend_G","Survivor","Neutralize","Dash+1","All Out Attack+1","Infinite Blades+1","Skewer+1","Backstab","Calculated Gamble","Caltrops"],"relics":["Ring of the Snake","Bag of Preparation","Juzu Bracelet","Membership Card","Anchor"],"acts_visited":["Exordium"],"potions_floor_usage":[0,7,12],"damage_taken":[{"damage":6,"enemies":"Jaw Worm","floor":1,"turns":8},{"damage":1,"enemies":"Small Slimes","floor":2,"turns":5},{"damage":0,"enemies":"Cultist","floor":4,"turns":3},{"damage":26,"enemies":"Gremlin Nob","floor":7,"turns":4},{"damage":0,"enemies":"3 Louse","floor":8,"turns":2},{"damage":7,"enemies":"Lagavulin","floor":12,"turns":5},{"damage":0,"enemies":"Large Slime","floor":14,"turns":5},{"damage":44,"enemies":"The Guardian","floor":16,"turns":6}],"seed_played":"-6163599905796326661","potions_obtained":[{"floor":0,"key":"Swift Potion"},{"floor":0,"key":"EntropicBrew"},{"floor":0,"key":"Ancient Potion"},{"floor":7,"key":"EssenceOfSteel"},{"floor":12,"key":"LiquidBronze"}],"is_trial":false,"path_per_floor":["M","M","?","M","?","R","E","M","T","R","$","E","?","M","R","B"],"character_chosen":"THE_SILENT","items_purchased":["Membership Card","Fire Potion"],"campfire_rested":1,"item_purchase_floors":[11,11],"current_hp_per_floor":[53,52,32,32,32,32,6,6,6,25,25,18,40,40,40,0,0],"gold":46,"neow_bonus":"THREE_SMALL_POTIONS","is_daily":false,"chose_seed":false,"campfire_upgraded":2,"win_rate":0.0,"timestamp":1609283139,"path_taken":["M","M","?","M","?","R","E","M","T","R","?","E","?","M","R","BOSS"],"items_purchased_type":["Relic","Potion"],"build_version":"2020-12-22","purchased_purges":1,"victory":false,"max_hp_per_floor":[66,66,66,66,66,66,66,66,66,66,66,66,66,66,66,66,66],"relic_stats":{"counters":[8,38],"Bag of Preparation":[8],"Juzu Bracelet":0,"obtain_stats":[{"Anchor":12,"Bag of Preparation":7,"Juzu Bracelet":9,"Membership Card":11,"Ring of the Snake":0},{"Anchor":6,"Bag of Preparation":4,"Juzu Bracelet":5,"Membership Card":5,"Ring of the Snake":0},{"Anchor":27,"Bag of Preparation":20,"Juzu Bracelet":22,"Membership Card":22,"Ring of the Snake":0}],"Ring of the Snake":[16]},"card_choices":[{"not_picked":["Expertise","Crippling Poison"],"picked":"Dash","floor":1},{"not_picked":["Noxious Fumes","Catalyst"],"picked":"All Out Attack","floor":2},{"not_picked":["Outmaneuver","Predator"],"picked":"Infinite Blades","floor":4},{"not_picked":["Night Terror","Deflect"],"picked":"Skewer","floor":7},{"not_picked":["Endless Agony","Slice"],"picked":"Backstab","floor":8},{"not_picked":["Dodge and Roll","Slice"],"picked":"Calculated Gamble","floor":12},{"not_picked":["Quick Slash","Sucker Punch"],"picked":"Caltrops","floor":14}],"player_experience":1137583,"relics_obtained":[{"floor":7,"key":"Bag of Preparation"},{"floor":9,"key":"Juzu Bracelet"},{"floor":12,"key":"Anchor"}],"event_choices":[{"damage_healed":0,"gold_gain":0,"player_choice":"Entered Light","damage_taken":20,"max_hp_gain":0,"max_hp_loss":0,"event_name":"Shining Light","floor":3,"gold_loss":0,"cards_upgraded":["Strike_G","All Out Attack"]},{"damage_healed":0,"gold_gain":0,"player_choice":"Grow","damage_taken":0,"max_hp_gain":0,"max_hp_loss":0,"event_name":"Living Wall","floor":5,"gold_loss":0,"cards_upgraded":["Dash"]},{"damage_healed":22,"gold_gain":0,"player_choice":"Banana","damage_taken":0,"max_hp_gain":0,"max_hp_loss":0,"event_name":"Big Fish","floor":13,"gold_loss":0}],"is_beta":false,"boss_relics":[],"items_purged_floors":[11],"is_endless":false,"potions_floor_spawned":[1,7,12],"killed_by":"The Guardian","ascension_level":20}}