{"host":"1kq2ingo3j45gyyp","time":1609233864,"event":{"mods":["BaseMod","Better Note","Better Third Choice","Downfall","Minty Spire (QoL Compilation)","StSLib"],"gold_per_floor":[99,109,22,35,47,66,66,95,95,95,20,38,71,221,237,237,237,237],"floor_reached":16,"playtime":883,"items_purged":[],"score":137,"play_id":"fad36796-3c1d-4aab-863e-2e865b06f9a0","local_time":"20201229042424","is_ascension_mode":false,"campfire_choices":[{"floor":1,"key":"RECALL"},{"floor":11,"key":"REST"}],"circlet_count":0,"master_deck":["hexamod:Strike","hexamod:Strike","hexamod:Strike","hexamod:Defend","hexamod:Defend","hexamod:Defend","hexamod:Sear","hexamod:Float","hexamod:RadiantFlame","hexamod:RadiantFlame","hexamod:ExtraCrispy","hexamod:NightmareGuise","hexamod:RainOfEmbers","hexamod:Firestarter","hexamod:FirstSeal","hexamod:RetreatToShadows","hexamod:SpectersWail","hexamod:NightmareStrike","Slimebound:Icky"],"relics":["hexamod:SpiritBrand","HornCleat","downfall:HeartBlessingBlue","Centennial Puzzle"],"acts_visited":["Exordium"],"potions_floor_usage":[16],"damage_taken":[{"damage":0,"enemies":"Cultist","floor":2,"turns":3},{"damage":0,"enemies":"downfall:FleeingMerchant","floor":3,"turns":4},{"damage":0,"enemies":"2 Louse","floor":4,"turns":3},{"damage":2,"enemies":"Small Slimes","floor":5,"turns":4},{"damage":15,"enemies":"3 Louse","floor":6,"turns":5},{"damage":25,"enemies":"3 Sentries","floor":8,"turns":12},{"damage":6,"enemies":"Red Slaver","floor":12,"turns":4},{"damage":16,"enemies":"Gremlin Nob","floor":13,"turns":5},{"damage":12,"enemies":"2 Fungi Beasts","floor":15,"turns":4},{"damage":44,"enemies":"downfall:Watcher","floor":16,"turns":9}],"seed_played":"-917734353554638643","potions_obtained":[{"floor":5,"key":"GamblersBrew"},{"floor":6,"key":"Fire Potion"},{"floor":8,"key":"Energy Potion"},{"floor":13,"key":"Strength Potion"}],"is_trial":false,"path_per_floor":["R","M","$","M","M","M","T","E","?","?","R","M","E","?","M","B"],"character_chosen":"THE_SPIRIT","items_purchased":["hexamod:ExtraCrispy"],"campfire_rested":1,"item_purchase_floors":[3],"current_hp_per_floor":[77,77,77,77,75,60,60,35,35,35,71,72,56,56,44,0,0,0],"gold":237,"neow_bonus":"TEN_PERCENT_HP_BONUS","is_daily":false,"chose_seed":false,"campfire_upgraded":0,"win_rate":0.0,"timestamp":1609233864,"path_taken":["R","?","$","M","M","M","T","E","?","?","R","?","E","?","M","BOSS"],"items_purchased_type":["Card"],"build_version":"2020-12-22","purchased_purges":0,"victory":false,"max_hp_per_floor":[77,77,77,77,77,77,77,77,77,77,87,87,87,87,87,87,87,87],"card_choices":[{"not_picked":["hexamod:NightmareGuise","hexamod:SecondSeal"],"picked":"hexamod:RadiantFlame","floor":2},{"not_picked":["hexamod:SwordOfDarkness","hexamod:InspiringFlames"],"picked":"hexamod:RadiantFlame","floor":3},{"not_picked":["hexamod:FastForward","hexamod:FourthSeal"],"picked":"hexamod:NightmareGuise","floor":4},{"not_picked":["hexamod:RetreatToShadows","hexamod:FastForward"],"picked":"hexamod:RainOfEmbers","floor":5},{"not_picked":["hexamod:Haunt","hexamod:AdvancingGuard"],"picked":"hexamod:Firestarter","floor":6},{"not_picked":["hexamod:Firestarter","hexamod:StepThrough"],"picked":"hexamod:FirstSeal","floor":8},{"not_picked":["hexamod:GhostflameBarrier","hexamod:SpectralAdrenaline"],"picked":"hexamod:SpectersWail","floor":12},{"not_picked":["hexamod:NecessarySacrifice","hexamod:RetreatToShadows"],"picked":"hexamod:NightmareStrike","floor":13},{"not_picked":["hexamod:RetreatToShadows","hexamod:GhostShield","hexamod:CatchUp"],"picked":"SKIP","floor":15}],"player_experience":811915,"relics_obtained":[{"floor":8,"key":"HornCleat"},{"floor":13,"key":"Centennial Puzzle"}],"event_choices":[{"damage_healed":0,"gold_gain":0,"cards_transformed":["hexamod:Defend"],"player_choice":"Transformed","damage_taken":0,"max_hp_gain":0,"max_hp_loss":0,"event_name":"Transmorgrifier","floor":10,"gold_loss":0,"cards_obtained":["hexamod:RetreatToShadows"]}],"is_beta":false,"boss_relics":[],"items_purged_floors":[],"is_endless":false,"potions_floor_spawned":[5,6,8,12,13],"killed_by":"downfall:Watcher","ascension_level":0}}