{"host":"792mtbovsoa03nb3","time":1609264332,"event":{"mods":["BaseMod","Colored Map","Dota2Spire","Downfall","Hubris","Infinite Spire","Minty Spire (QoL Compilation)","Replay The Spire","Spicy Shops","StSLib","The Blue Laboratory","The Jungle"],"gold_per_floor":[113,129,9,9,25,25,59,59,85,113,113,131,131,158,158,256,256,275,275,275,275,288,288,316,316,316],"floor_reached":25,"playtime":1111,"items_purged":["Strike_G"],"score":288,"play_id":"4abdf03b-5f1b-46b3-9354-18957caca288","local_time":"20201229095212","is_ascension_mode":true,"campfire_choices":[{"data":"Dash","floor":6,"key":"SMITH"},{"data":"Underhanded Strike","floor":8,"key":"SMITH"},{"data":"Neutralize","floor":11,"key":"SMITH"},{"data":"Terror","floor":15,"key":"SMITH"},{"floor":23,"key":"REST"}],"circlet_count":0,"master_deck":["Survivor","Neutralize+1","Dash+1","Dagger Spray","Underhanded Strike+1","Terror+1","Dagger Throw","Prepared","ReplayTheSpireMod:Speed Training","Backflip","After Image","A Thousand Cuts","Atom Bomb","Accuracy","Blur","Crippling Poison","Slice","hubris:Counter","Hidden Blade","Heel Hook","Underhanded Strike","Dodge and Roll","hubris:NaturalOne","Prepared"],"relics":["Ring of the Snake","NeowsBlessing","Replay:PocketPolymizer","Matryoshka","Dota2Spire:EchoSabre","Juzu Bracelet","Replay:Towering Pillar of Hats","Anchor","Dota2Spire:DivineRapier","Pandora\u0027s Box","hubris:Icosahedron","Nilry\u0027s Codex","Tough Bandages"],"acts_visited":["Exordium","TheCity"],"potions_floor_usage":[10,22,24],"damage_taken":[{"damage":0,"enemies":"infinitespire:Voidling","floor":1,"turns":1},{"damage":0,"enemies":"Cultist","floor":2,"turns":1},{"damage":0,"enemies":"Jaw Worm","floor":5,"turns":1},{"damage":9,"enemies":"3 Sentries","floor":7,"turns":9},{"damage":9,"enemies":"Replay:BlueRogue","floor":10,"turns":5},{"damage":0,"enemies":"Lots of Slimes","floor":12,"turns":3},{"damage":3,"enemies":"3 Sentries","floor":14,"turns":6},{"damage":22,"enemies":"Hexaghost","floor":16,"turns":5},{"damage":31,"enemies":"Shell Parasite","floor":18,"turns":3},{"damage":3,"enemies":"Chosen","floor":22,"turns":3},{"damage":15,"enemies":"Book of Stabbing","floor":24,"turns":6},{"damage":29,"enemies":"3 Cultists","floor":25,"turns":4}],"seed_played":"-6883038964251478497","potions_obtained":[{"floor":5,"key":"Strength Potion"},{"floor":10,"key":"BlessingOfTheForge"},{"floor":14,"key":"blueLaboratory:PhilterOfMotion"},{"floor":16,"key":"blueLaboratory:TrueEctoplasm"},{"floor":22,"key":"SneckoOil"}],"is_trial":false,"path_per_floor":["M","M","$","T","M","R","E","R","T","E","R","M","?","E","R","B",null,"M","?","?","?","M","R","E","M"],"character_chosen":"THE_SILENT","items_purchased":["Underhanded Strike"],"campfire_rested":1,"item_purchase_floors":[3],"current_hp_per_floor":[70,70,70,70,70,70,61,61,61,52,52,52,52,49,49,27,70,39,39,39,23,20,41,26,0,0],"gold":316,"neow_bonus":"THREE_ENEMY_KILL","is_daily":false,"chose_seed":false,"campfire_upgraded":4,"win_rate":0.0,"timestamp":1609264332,"path_taken":["M","?","$","?","M","R","E","R","T","E","R","M","?","E","R","BOSS","M","?","?","?","M","R","E","M"],"items_purchased_type":["Card"],"build_version":"2020-12-22","purchased_purges":1,"victory":false,"max_hp_per_floor":[70,70,70,70,70,70,70,70,70,70,70,70,70,70,70,70,70,70,70,70,70,70,70,70,70,70],"card_choices":[{"not_picked":["Concentrate","Sneak Up"],"picked":"Dash","floor":1},{"not_picked":["PiercingWail","Backflip"],"picked":"Dagger Spray","floor":2},{"not_picked":["Hidden Blade","Finisher"],"picked":"Terror","floor":5},{"not_picked":["Draining Mist","Skewer"],"picked":"Dagger Throw","floor":7},{"not_picked":["Masterful Stab","Quick Slash"],"picked":"Prepared","floor":10},{"not_picked":["Flying Knee","Dodge and Roll"],"picked":"ReplayTheSpireMod:Speed Training","floor":12},{"not_picked":["Bouncing Flask","Sucker Punch"],"picked":"Backflip","floor":14},{"not_picked":["Poison Darts","Grand Finale"],"picked":"After Image","floor":16},{"not_picked":["ReplayTheSpireMod:Speed Training","Bane"],"picked":"Underhanded Strike","floor":18},{"not_picked":["Blade Dance+1","Outmaneuver"],"picked":"Dodge and Roll","floor":22},{"not_picked":["ReplayTheSpireMod:Shiv Toss+1","Blade Dance+1"],"picked":"Prepared","floor":24}],"player_experience":818770,"relics_obtained":[{"floor":4,"key":"Replay:PocketPolymizer"},{"floor":7,"key":"Matryoshka"},{"floor":9,"key":"Dota2Spire:EchoSabre"},{"floor":9,"key":"Juzu Bracelet"},{"floor":10,"key":"Replay:Towering Pillar of Hats"},{"floor":14,"key":"Dota2Spire:DivineRapier"},{"floor":21,"key":"Nilry\u0027s Codex"},{"floor":24,"key":"Tough Bandages"}],"event_choices":[{"damage_healed":0,"gold_gain":0,"player_choice":"Gave Potion","damage_taken":0,"relics_obtained":["Anchor"],"max_hp_gain":0,"max_hp_loss":0,"event_name":"WeMeetAgain","floor":13,"gold_loss":0},{"damage_healed":0,"gold_gain":0,"player_choice":"Ignored","damage_taken":0,"max_hp_gain":0,"max_hp_loss":0,"event_name":"Ghosts","floor":19,"gold_loss":0},{"damage_healed":0,"gold_gain":0,"player_choice":"Obtained Book","damage_taken":16,"max_hp_gain":0,"max_hp_loss":0,"event_name":"Cursed Tome","floor":21,"gold_loss":0}],"is_beta":false,"boss_relics":[{"not_picked":["Tiny House","ReplayTheSpireMod:DimensionalGlitch"],"picked":"Pandora\u0027s Box"}],"items_purged_floors":[3],"is_endless":false,"potions_floor_spawned":[5,10,14,16,22],"killed_by":"3 Cultists","ascension_level":2}}