{"host":"fujxx38qt1kwucvg","time":1609256847,"event":{"mods":["AchievementEnabler","BaseMod","Colored Powertips","Highlight Path","Lobotomy","Minty Spire (QoL Compilation)","Quick Restart","StSLib"],"gold_per_floor":[110,185,185,202,218,251,265,281,304,304,318,318,334,62,62,62,62],"floor_reached":16,"playtime":636,"items_purged":["Pain"],"score":104,"play_id":"e3e53085-3d70-4e05-8257-6a564237dd3b","local_time":"20201230004727","is_ascension_mode":false,"campfire_choices":[{"floor":10,"key":"REST"},{"floor":12,"key":"REST"},{"data":"Eruption","floor":15,"key":"SMITH"}],"circlet_count":0,"master_deck":["Strike_P","Strike_P","Strike_P","Strike_P+1","Defend_P","Defend_P","Defend_P","Defend_P+1","Eruption+1","Vigilance","Adaptation","TalkToTheHand","TalkToTheHand","Indignation","WheelKick","ClearTheMind","LessonLearned","Thinking Ahead"],"relics":["PureWater","WarpedTongs","HornCleat","Anchor"],"acts_visited":["Exordium"],"potions_floor_usage":[6,6,8],"damage_taken":[{"damage":5,"enemies":"Small Slimes","floor":1,"turns":4},{"damage":2,"enemies":"Cultist","floor":4,"turns":3},{"damage":3,"enemies":"Jaw Worm","floor":5,"turns":3},{"damage":46,"enemies":"3 Sentries","floor":6,"turns":5},{"damage":4,"enemies":"2 Fungi Beasts","floor":7,"turns":4},{"damage":0,"enemies":"3 Louse","floor":8,"turns":4},{"damage":2,"enemies":"Red Slaver","floor":11,"turns":3},{"damage":14,"enemies":"2 Fungi Beasts","floor":13,"turns":3},{"damage":32,"enemies":"Slime Boss","floor":16,"turns":3}],"seed_played":"-1252035687212319582","potions_obtained":[{"floor":1,"key":"Dexterity Potion"},{"floor":5,"key":"SteroidPotion"},{"floor":6,"key":"SkillPotion"},{"floor":13,"key":"SteroidPotion"}],"is_trial":false,"path_per_floor":["M","?","?","M","M","E","M","M","T","R","M","R","M","$","R","B"],"character_chosen":"WATCHER","items_purchased":["Thinking Ahead"],"campfire_rested":2,"item_purchase_floors":[14],"current_hp_per_floor":[67,56,56,54,51,5,1,1,1,22,20,41,27,27,27,0,0],"gold":62,"neow_bonus":"THREE_CARDS","is_daily":false,"chose_seed":false,"campfire_upgraded":1,"win_rate":0.0,"timestamp":1609256847,"path_taken":["M","?","?","M","M","E","M","M","T","R","M","R","M","$","R","BOSS"],"items_purchased_type":["Card"],"build_version":"2020-12-22","purchased_purges":1,"victory":false,"max_hp_per_floor":[72,72,72,72,72,72,72,72,72,72,72,72,72,72,72,72,72],"card_choices":[{"not_picked":["CrushJoints","Worship"],"picked":"Adaptation","floor":0},{"not_picked":["Evaluate","ThirdEye"],"picked":"TalkToTheHand","floor":1},{"not_picked":["ReachHeaven","Collect"],"picked":"TalkToTheHand","floor":4},{"not_picked":["BowlingBash","SashWhip"],"picked":"Indignation","floor":5},{"not_picked":["ThirdEye","CarveReality"],"picked":"WheelKick","floor":6},{"not_picked":["Protect","FlurryOfBlows"],"picked":"ClearTheMind","floor":7},{"not_picked":["EmptyMind","PathToVictory"],"picked":"LessonLearned","floor":8},{"not_picked":["Fasting2","CutThroughFate","PathToVictory"],"picked":"SKIP","floor":11},{"not_picked":["FollowUp","EmptyMind","ThirdEye"],"picked":"SKIP","floor":13}],"player_experience":197863,"relics_obtained":[{"floor":6,"key":"HornCleat"},{"floor":9,"key":"Anchor"}],"event_choices":[{"damage_healed":0,"gold_gain":75,"player_choice":"Gather Gold","damage_taken":11,"max_hp_gain":0,"max_hp_loss":0,"event_name":"World of Goop","floor":2,"gold_loss":0},{"damage_healed":0,"gold_gain":0,"player_choice":"Rummage","damage_taken":0,"relics_obtained":["WarpedTongs"],"max_hp_gain":0,"max_hp_loss":0,"event_name":"Accursed Blacksmith","floor":3,"gold_loss":0,"cards_obtained":["Pain"]}],"is_beta":false,"boss_relics":[],"items_purged_floors":[14],"is_endless":false,"potions_floor_spawned":[1,5,6,13],"killed_by":"Slime Boss","ascension_level":0}}