{"host":"qwp6882a7gaon7u5","time":1609220414,"event":{"mods":["ATMod(°¢èªMod)","BaseMod","BetterRewards","Minty Spire (QoL Compilation)","Red Circlet Mod","Replay The Spire","RumiaBox-Â¶Ã×æ«µÄÉñÃØºÐ×Ó","Spicy Shops","StSLib","¡¾¹¦ÄÜMod¡¿»ìãçÖ®»·ÐÞ¸´²¹¶¡","¡¾ÒÅÎï¿¨ÅÆ¡¿REMEMod"],"gold_per_floor":[110,110,33,33,45,45,107,32,32,32,65,34,36,48,48,149,149,160,171,270,302,202,202,202,77,102,127,152,170,196,196,196,196,196],"floor_reached":33,"playtime":1622,"items_purged":["Strike_G","Languid","CommonCold"],"score":377,"play_id":"1c1ff8a6-2956-4d0d-8a84-b9d423ecf73c","local_time":"20201229134014","is_ascension_mode":true,"campfire_choices":[{"data":"Neutralize","floor":6,"key":"SMITH"},{"floor":15,"key":"REST"},{"floor":32,"key":"REST"}],"circlet_count":0,"master_deck":["Strike_G","Strike_G+1","Strike_G","Defend_G","Defend_G+1","Defend_G","Defend_G","Defend_G","Survivor","Neutralize+1","Outmaneuver+1","Blade Dance","Noxious Fumes","ReplayTheSpireMod:Shiv Toss","Backstab","REME_ShadowForm","Poisoned Stab","Cloak And Dagger","ReplayTheSpireMod:From All Sides","Dagger Spray","Dagger Spray","Dazed","Blade Dance+1","AT_ArcaneSupremacy","AT_TwilightShroud","Footwork"],"relics":["Ring of the Snake","REME_ComplimentaryCards","AT_ATBox","Baka","AddBug","SecretRecord","SecretRecord","SecretRecord"],"acts_visited":["Exordium","TheCity"],"potions_floor_usage":[7,7,14,16,16,29,30],"damage_taken":[{"damage":2,"enemies":"Jaw Worm","floor":1,"turns":6},{"damage":0,"enemies":"Small Slimes","floor":5,"turns":2},{"damage":20,"enemies":"3 Sentries","floor":7,"turns":7},{"damage":8,"enemies":"Lagavulin","floor":11,"turns":6},{"damage":18,"enemies":"2 Louse","floor":13,"turns":2},{"damage":2,"enemies":"Looter","floor":14,"turns":3},{"damage":23,"enemies":"The Guardian","floor":16,"turns":11},{"damage":21,"enemies":"3 Byrds","floor":18,"turns":5},{"damage":9,"enemies":"Chosen","floor":19,"turns":5},{"damage":3,"enemies":"Masked Bandits","floor":21,"turns":3},{"damage":6,"enemies":"Replay:Snechameleon","floor":23,"turns":3},{"damage":2,"enemies":"Gremlin Leader","floor":27,"turns":3},{"damage":13,"enemies":"Centurion and Healer","floor":29,"turns":2},{"damage":0,"enemies":"Replay:Snechameleon","floor":30,"turns":7},{"damage":26,"enemies":"Pondfish","floor":33,"turns":3}],"seed_played":"5049621734148449016","potions_obtained":[{"floor":1,"key":"Block Potion"},{"floor":11,"key":"Doom Potion"},{"floor":19,"key":"AttackPotion"},{"floor":23,"key":"FearPotion"},{"floor":29,"key":"PowerPotion"},{"floor":30,"key":"Strength Potion"}],"is_trial":false,"path_per_floor":["M","?","$","?","M","R","E","$","T","?","E","$","M","M","R","B",null,"M","M","?","?","$","E","?","$","T","E","T","M","E","?","R","B"],"character_chosen":"THE_SILENT","items_purchased":["Outmaneuver+1","Noxious Fumes","Poisoned Stab"],"campfire_rested":2,"item_purchase_floors":[0,3,12],"current_hp_per_floor":[68,68,68,54,54,54,34,34,34,34,26,26,17,15,36,13,70,49,40,40,37,37,31,15,15,15,17,17,4,4,4,25,0,0],"gold":196,"neow_bonus":"","is_daily":false,"chose_seed":false,"campfire_upgraded":1,"win_rate":0.0,"timestamp":1609220414,"path_taken":["M","?","$","?","M","R","E","?","T","?","E","?","?","M","R","BOSS","M","?","?","?","$","E","?","?","T","E","?","M","E","?","R","BOSS"],"items_purchased_type":["Card","Card","Card"],"build_version":"2020-12-22","purchased_purges":3,"victory":false,"max_hp_per_floor":[70,70,70,70,70,70,70,70,70,70,70,70,70,70,70,70,70,70,70,70,70,70,70,70,70,70,70,70,70,70,70,70,70,70],"card_choices":[{"not_picked":["Predator","Distraction"],"picked":"Blade Dance","floor":1},{"not_picked":["Deflect","Bane"],"picked":"ReplayTheSpireMod:Shiv Toss","floor":5},{"not_picked":["Skewer","Footwork"],"picked":"Backstab","floor":7},{"not_picked":["Sneak Up","Backstab"],"picked":"REME_ShadowForm","floor":11},{"not_picked":["Sucker Punch","All Out Attack"],"picked":"Deadly Poison","floor":13},{"not_picked":["Outmaneuver","Distraction"],"picked":"Cloak And Dagger","floor":14},{"not_picked":["Tools of the Trade","Bullet Time"],"picked":"ReplayTheSpireMod:From All Sides","floor":16},{"not_picked":["ReplayTheSpireMod:Scrap Shanks","PiercingWail"],"picked":"Dagger Spray","floor":18},{"not_picked":["Masterful Stab","Backstab","Backflip"],"picked":"SKIP","floor":19},{"not_picked":["Sucker Punch+1","AT_WindFlip+1"],"picked":"Dagger Spray","floor":21},{"not_picked":["Replay:Poison Smokescreen","Distraction"],"picked":"Blade Dance+1","floor":23},{"not_picked":["Unload","Dodge and Roll"],"picked":"AT_ArcaneSupremacy","floor":27},{"not_picked":["Setup+1","Blade Dance"],"picked":"AT_TwilightShroud","floor":29},{"not_picked":["Riddle With Holes","AT_ArcaneSupremacy"],"picked":"Footwork","floor":30}],"player_experience":143532,"relics_obtained":[{"floor":1,"key":"Baka"},{"floor":1,"key":"AddBug"},{"floor":7,"key":"Du-Vu Doll"},{"floor":9,"key":"The Courier"},{"floor":10,"key":"Ring of Fangs"},{"floor":10,"key":"ReplayTheSpireMod:Ring of Collecting"},{"floor":11,"key":"SecretRecord"},{"floor":11,"key":"Bag of Marbles"},{"floor":16,"key":"SecretRecord"},{"floor":21,"key":"Red Mask"},{"floor":23,"key":"Oddly Smooth Stone"},{"floor":24,"key":"Enchiridion"},{"floor":27,"key":"Meat on the Bone"},{"floor":28,"key":"War Paint"},{"floor":30,"key":"Garlic"}],"event_choices":[{"damage_healed":0,"gold_gain":0,"player_choice":"Entered Light","damage_taken":14,"max_hp_gain":0,"max_hp_loss":0,"event_name":"Shining Light","floor":4,"gold_loss":0,"cards_upgraded":["Strike_G","Defend_G"]},{"damage_healed":0,"gold_gain":99,"player_choice":"Stole From Cult","damage_taken":0,"max_hp_gain":0,"max_hp_loss":0,"event_name":"Nest","floor":20,"gold_loss":0},{"damage_healed":0,"gold_gain":0,"player_choice":"Fought Bandits","damage_taken":0,"max_hp_gain":0,"max_hp_loss":0,"event_name":"Masked Bandits","floor":21,"gold_loss":0},{"damage_healed":0,"gold_gain":0,"player_choice":"Obtained Book","damage_taken":16,"max_hp_gain":0,"max_hp_loss":0,"event_name":"Cursed Tome","floor":24,"gold_loss":0},{"damage_healed":0,"gold_gain":0,"player_choice":"Inject Mutagens","damage_taken":0,"relics_obtained":["MutagenicStrength"],"max_hp_gain":0,"max_hp_loss":0,"event_name":"Drug Dealer","floor":31,"gold_loss":0}],"is_beta":false,"boss_relics":[{"not_picked":["ReplayTheSpireMod:DimensionalGlitch","EasyGame_NEW"],"picked":"Replay:Wanted Poster"}],"items_purged_floors":[8,22,25],"is_endless":false,"potions_floor_spawned":[1,11,19,23,29,30],"killed_by":"Pondfish","ascension_level":1}}