{"host":"74rphcgmhz43g39u","time":1609232425,"event":{"mods":["Act Like it!","BaseMod","Colored Powertips","Gensokyo","Marisa£®ÏF”Í°°ƒß¿Ì…≥£©","Minty Spire (QoL Compilation)","Quick Restart","Reimu£®≤©¿ˆ¡È√Œ£©","Remilia£®¿Ÿ√◊¿Ú—«£©","StSLib"],"gold_per_floor":[19,33,133,146,163,163,163,180,228,261,261,261,280,309,309,405,405,423,435,445,463,2,2,22,57,82,82,82,96,96,111,111,206,206,217,129,149,163,178,178,193,193,193,221,221,249,249,283,283,283,283,283,1,33,33],"floor_reached":56,"playtime":4345,"items_purged":["NB:ReiMu"],"score":1421,"play_id":"b9dd733a-3dab-42a8-9fb3-31a7fc637680","local_time":"20201229170025","is_ascension_mode":true,"campfire_choices":[{"data":"Conquer:ReiMu","floor":6.0,"key":"SMITH"},{"data":"ShadowOfCrow2:ReiMu","floor":12.0,"key":"SMITH"},{"data":"OctopathBindingBorder2:ReiMu","floor":15.0,"key":"SMITH"},{"data":"NineCharacters:ReiMu","floor":23.0,"key":"SMITH"},{"data":"Writhe","floor":28.0,"key":"PURGE"},{"floor":30.0,"key":"REST"},{"data":"Strike_Lin:ReiMu","floor":32.0,"key":"PURGE"},{"data":"DependentForm:ReiMu","floor":40,"key":"SMITH"},{"data":"YinYangSign:ReiMu","floor":47,"key":"SMITH"},{"floor":49,"key":"RECALL"},{"data":"Conquer:ReiMu+1","floor":52,"key":"PURGE"}],"circlet_count":0,"master_deck":["Strike_Lin:ReiMu","Defend_Lin:ReiMu","Defend_Lin:ReiMu","Defend_Lin:ReiMu","Stagnation:ReiMu","SpreadBorder2:ReiMu","ShadowOfCrow2:ReiMu+1","SpringWay:ReiMu+1","PrayRite:ReiMu","Meditation:ReiMu","OctopathBindingBorder2:ReiMu+1","Shading:ReiMu","RainPray2:ReiMu","Intuition:ReiMu","NineCharacters:ReiMu+1","SpreadBorder2:ReiMu","DependentForm:ReiMu+1","CurseOfTheBell","WonderfulDomain:ReiMu+1","LearningPray:ReiMu+1","FoulBorder2:ReiMu+1","SpreadBorder2:ReiMu+1","YinYangSign:ReiMu+1","TakeOff:ReiMu","PrepareRite:ReiMu"],"relics":["FlyPower:ReiMu","Gambling Chip","Lantern","Tea:ReiMu","Oddly Smooth Stone","CrownOfHeavens:ReiMu","ClockworkSouvenir","CheatingSign:ReiMu","Orichalcum","Peace Pipe","SkyOrb:ReiMu","Smiling Mask","Mango","Calling Bell","BodyOfKamiR:ReiMu","Salt:ReiMu","Bronze Scales","Calipers","TurtleShell:ReiMu","StrikeDummy","Eternal Feather","Happy Flower","Centennial Puzzle"],"acts_visited":["Exordium","Gensokyo:Gensokyo","Gensokyo:Gensokyoer","TheEnding"],"potions_floor_usage":[55,55],"damage_taken":[{"damage":0.0,"enemies":"Gensokyo:2_Kodama","floor":1.0,"turns":6.0},{"damage":4.0,"enemies":"Gensokyo:Gryphon","floor":2.0,"turns":5.0},{"damage":0.0,"enemies":"Gensokyo:Python","floor":4.0,"turns":4.0},{"damage":0.0,"enemies":"Gensokyo:Kitsune","floor":5.0,"turns":5.0},{"damage":0.0,"enemies":"Gensokyo:LivingMonolith","floor":8.0,"turns":2.0},{"damage":0.0,"enemies":"Gensokyo:Cirno","floor":10.0,"turns":5.0},{"damage":0.0,"enemies":"Gensokyo:Python_and_Kodama","floor":13.0,"turns":2.0},{"damage":4.0,"enemies":"Gensokyo:Aya","floor":14.0,"turns":7.0},{"damage":4.0,"enemies":"Gensokyo:Yukari","floor":16.0,"turns":7.0},{"damage":6.0,"enemies":"Gensokyo:CosmicMonolith","floor":18.0,"turns":5.0},{"damage":1.0,"enemies":"Gensokyo:AngelMirror","floor":19.0,"turns":6.0},{"damage":23.0,"enemies":"Gensokyo:Slime_Group","floor":20.0,"turns":7.0},{"damage":0.0,"enemies":"Gensokyo:3_Gloops","floor":21.0,"turns":4.0},{"damage":28.0,"enemies":"Gensokyo:Wraith","floor":24.0,"turns":11.0},{"damage":17.0,"enemies":"Gensokyo:Reisen","floor":25.0,"turns":8.0},{"damage":7.0,"enemies":"Gensokyo:Slime_Group","floor":29.0,"turns":8.0},{"damage":0.0,"enemies":"Gensokyo:Chomper_and_Gloop","floor":31.0,"turns":6.0},{"damage":19.0,"enemies":"Gensokyo:Kaguya","floor":33.0,"turns":16.0},{"damage":0.0,"enemies":"Gensokyo:3_Boulders","floor":35.0,"turns":5.0},{"damage":8.0,"enemies":"Gensokyo:3_Bats","floor":37.0,"turns":4.0},{"damage":1.0,"enemies":"Gensokyo:Sharpion","floor":38.0,"turns":10.0},{"damage":0,"enemies":"Gensokyo:SeedOfUnknown","floor":39,"turns":6},{"damage":13,"enemies":"Gensokyo:4_Bats","floor":41,"turns":4},{"damage":0,"enemies":"Gensokyo:Doremy","floor":44,"turns":8},{"damage":0,"enemies":"Gensokyo:Marisa","floor":46,"turns":6},{"damage":1,"enemies":"Gensokyo:Doremy","floor":48,"turns":8},{"damage":0,"enemies":"Gensokyo:Shinki","floor":50,"turns":11},{"damage":38,"enemies":"Shield and Spear","floor":54,"turns":6},{"damage":6,"enemies":"The Heart","floor":55,"turns":12}],"seed_played":"2524312985520521130","potions_obtained":[{"floor":4.0,"key":"Dexterity Potion"},{"floor":8.0,"key":"SmokeBomb"},{"floor":10.0,"key":"LiquidMemories"},{"floor":14.0,"key":"SkillPotion"},{"floor":24.0,"key":"FearPotion"},{"floor":25.0,"key":"HakureiPotion:ReiMu"},{"floor":29.0,"key":"Regen Potion"},{"floor":35.0,"key":"Fire Potion"},{"floor":46,"key":"LiquidMemories"}],"is_trial":false,"path_per_floor":["M","M","?","M","M","R","?","M","T","E","T","R","M","E","R","B",null,"M","M","M","M","COS","R","M","E","T","?","R","M","R","M","R","B",null,"M","COS","M","M","M","R","M","?","T","E","?","E","R","E","R","B",null,"R","$","E","B",null],"character_chosen":"REIMU","items_purchased":["Happy Flower","DuplicationPotion"],"campfire_rested":1,"item_purchase_floors":[53,53],"current_hp_per_floor":[65,61,61,61,61,61,61,61,61,61,61,61,61,57,57,53,65,59,58,35,35,35,54,26,9,9,9,9,2,21,50,50,31,79,79,79,71,70,70,70,57,57,57,57,57,57,57,56,71,71,79,79,79,41,35],"gold":33,"neow_bonus":"ONE_RARE_RELIC","is_daily":false,"chose_seed":false,"campfire_upgraded":6,"win_rate":0.0,"timestamp":1609232425,"path_taken":["M","M","?","M","M","R","?","M","T","E","?","R","M","E","R","BOSS","M","M","M","?","COS","R","M","E","T","?","R","M","R","?","R","BOSS","M","COS","M","M","M","R","M","?","T","E","?","E","R","E","R","BOSS","R","$","E","BOSS"],"items_purchased_type":["Relic","Potion"],"build_version":"2020-12-22","purchased_purges":1,"victory":true,"max_hp_per_floor":[65,65,65,65,65,65,65,65,65,65,65,65,65,65,65,65,65,65,65,65,65,65,65,65,65,65,65,65,65,65,79,79,79,79,79,79,79,79,79,79,79,79,79,79,79,79,79,79,79,79,79,79,79,79,79],"card_choices":[{"not_picked":["Intuition:ReiMu","BarrageOfMoneybags:ReiMu","DoubleButterfly:ReiMu"],"picked":"SKIP","floor":1.0},{"not_picked":["WonderfulDomain:ReiMu","Intuition:ReiMu"],"picked":"SpreadBorder2:ReiMu","floor":2.0},{"not_picked":["SubcavityInstant:ReiMu","SubAcupoint:ReiMu"],"picked":"ShadowOfCrow2:ReiMu","floor":4.0},{"not_picked":["Dreaming2:ReiMu","LearningPray:ReiMu"],"picked":"Conquer:ReiMu","floor":5.0},{"not_picked":["Intuition:ReiMu","OrbThrow:ReiMu","CareerPray:ReiMu"],"picked":"SKIP","floor":8.0},{"not_picked":["SealNeedle:ReiMu","FoulBorder2:ReiMu"],"picked":"PrayRite:ReiMu","floor":10.0},{"not_picked":["OrbThrow:ReiMu","TightArray:ReiMu"],"picked":"Meditation:ReiMu","floor":13.0},{"not_picked":["UniversalSpiritual:ReiMu","OrbThrow:ReiMu"],"picked":"OctopathBindingBorder2:ReiMu","floor":14.0},{"not_picked":["OctopathSalyBorderN:ReiMu","BlastKick2:ReiMu"],"picked":"Shading:ReiMu","floor":16.0},{"not_picked":["DoubleButterfly:ReiMu","AirStrike:ReiMu"],"picked":"RainPray2:ReiMu","floor":18.0},{"not_picked":["CareerPray:ReiMu+1","AlertArray:ReiMu"],"picked":"Intuition:ReiMu","floor":19.0},{"not_picked":["SpreadBorder2:ReiMu+1","BarrageOfMoneybags:ReiMu"],"picked":"NineCharacters:ReiMu","floor":20.0},{"not_picked":["Meditation:ReiMu","OrbThrow:ReiMu+1"],"picked":"PassingAway:ReiMu","floor":21.0},{"not_picked":["Enchanting:ReiMu+1","AirStrike:ReiMu","AlertArray:ReiMu"],"picked":"SKIP","floor":24.0},{"not_picked":["HakureiPhantom:ReiMu","Mountainwind:ReiMu","SubAcupoint:ReiMu"],"picked":"SKIP","floor":25.0},{"not_picked":["Conquer:ReiMu","CareerPray:ReiMu+1"],"picked":"SpreadBorder2:ReiMu","floor":29.0},{"not_picked":["SubAcupoint:ReiMu","Intuition:ReiMu","CareerPray:ReiMu"],"picked":"SKIP","floor":31.0},{"not_picked":["HakureiPhantom:ReiMu","Authority:ReiMu"],"picked":"DependentForm:ReiMu","floor":33.0},{"not_picked":["OrbThrow:ReiMu","SpringWay:ReiMu"],"picked":"WonderfulDomain:ReiMu+1","floor":35.0},{"not_picked":["Crusade:ReiMu+1","OrbThrow:ReiMu+1"],"picked":"LearningPray:ReiMu+1","floor":37.0},{"not_picked":["AirStrike:ReiMu+1","WonderfulDomain:ReiMu+1"],"picked":"FoulBorder2:ReiMu+1","floor":38},{"not_picked":["Enchanting:ReiMu","SubcavityInstant:ReiMu","AlertArray:ReiMu"],"picked":"SKIP","floor":39},{"not_picked":["AirStrike:ReiMu","OrbThrow:ReiMu+1"],"picked":"SpreadBorder2:ReiMu+1","floor":41},{"not_picked":["Enchanting:ReiMu+1","Shading:ReiMu"],"picked":"YinYangSign:ReiMu","floor":44},{"not_picked":["Determination:ReiMu","Intuition:ReiMu"],"picked":"TakeOff:ReiMu","floor":46},{"not_picked":["AlertArray:ReiMu","PhosphorusFlame:ReiMu+1","KamiSacrifice:ReiMu+1"],"picked":"SKIP","floor":48},{"not_picked":["Intuition:ReiMu+1","PhosphorusFlame:ReiMu"],"picked":"PrepareRite:ReiMu","floor":54}],"player_experience":1072559,"relics_obtained":[{"floor":9.0,"key":"Lantern"},{"floor":10.0,"key":"Tea:ReiMu"},{"floor":14.0,"key":"Oddly Smooth Stone"},{"floor":25.0,"key":"Peace Pipe"},{"floor":26.0,"key":"SkyOrb:ReiMu"},{"floor":34.0,"key":"BodyOfKamiR:ReiMu"},{"floor":34.0,"key":"Salt:ReiMu"},{"floor":34.0,"key":"Bronze Scales"},{"floor":43,"key":"TurtleShell:ReiMu"},{"floor":46,"key":"StrikeDummy"},{"floor":48,"key":"Eternal Feather"},{"floor":54,"key":"Centennial Puzzle"}],"event_choices":[],"is_beta":false,"boss_relics":[{"not_picked":["SlaversCollar","Snecko Eye"],"picked":"CrownOfHeavens:ReiMu"},{"not_picked":["Black Star","Pandora\u0027s Box"],"picked":"Calling Bell"}],"items_purged_floors":[53],"is_endless":false,"potions_floor_spawned":[4,8,10,14,16,20,24,25,29,35,46,48,54],"ascension_level":1}}