{"host":"jpyc2kczef5p02oc","time":1609217185,"event":{"mods":["ATMod(阿瑾Mod)","BaseMod","Friendly Minions","Hubris","Marisa（F雨　魔理沙）","Minty Spire (QoL Compilation)","StSLib","Td1madao Mod","The Servant 0.9.4","【功能Mod】聪明的最终Boss"],"gold_per_floor":[119,119,67,80,55,88,88,117,117,117,144,161,194,22,22,93,93,107,122,139,139,109,140,140,168,194,207,130,149,168,181,181,260,260,280,291,13,26,73,73,83,118,141,141,278,336,376,133,133,183,183],"floor_reached":50,"playtime":2759,"items_purged":["Strike_R"],"score":1482,"play_id":"4de3d244-de27-4f31-981b-fef56defc44d","local_time":"20201229124625","is_ascension_mode":true,"campfire_choices":[{"data":"AT_BodySlamDance","floor":10.0,"key":"SMITH"},{"data":"AT_FamilyPortrait","floor":15.0,"key":"SMITH"},{"data":"Brutality","floor":24.0,"key":"SMITH"},{"data":"AT_DiedThrough","floor":32,"key":"SMITH"},{"data":"Whirlwind","floor":40,"key":"SMITH"},{"floor":49,"key":"RECALL"}],"circlet_count":0,"master_deck":["AscendersBane","Strike_R","Strike_R","Strike_R","Strike_R","Defend_R","Defend_R","Defend_R","Defend_R","Bash","AT_FamilyPortrait+1","Power Through","AT_BodySlamDance+1","Shrug It Off","Iron Wave","Brutality+1","Flame Barrier","AT_Dispersion","Armaments+1","Whirlwind+1","AT_DiedThrough+1","Headbutt","Metallicize+1","AT_BodySlamDance+1","Evolve+1","AT_BodySlamDance","Fire Breathing","Blood for Blood+1"],"relics":["Burning Blood","AT_ATBox","NeowsBlessing","AT_SunfireAegis","CultistMask","MealTicket","Turnip","Mummified Hand","Kunai","Chemical X","SlaversCollar","Akabeko","AT_RedTearstoneRing","Busted Crown","hubris:TinFlute","hubris:BundleOfHerbs","FossilizedHelix","AT_MibuBalloonWealth","Ginger","AT_SpeedBoots"],"acts_visited":["Exordium","TheCity","TheBeyond"],"potions_floor_usage":[25,31,39,45],"damage_taken":[{"damage":0.0,"enemies":"Jaw Worm","floor":1.0,"turns":1.0},{"damage":0.0,"enemies":"2 Louse","floor":4.0,"turns":1.0},{"damage":0.0,"enemies":"Gremlin Nob","floor":6.0,"turns":1.0},{"damage":18.0,"enemies":"Lagavulin","floor":8.0,"turns":5.0},{"damage":0.0,"enemies":"Gremlin Nob","floor":11.0,"turns":2.0},{"damage":1.0,"enemies":"Cultist","floor":12.0,"turns":2.0},{"damage":8.0,"enemies":"3 Sentries","floor":13.0,"turns":4.0},{"damage":2.0,"enemies":"Slime Boss","floor":16.0,"turns":4.0},{"damage":20.0,"enemies":"2 Thieves","floor":18.0,"turns":3.0},{"damage":12.0,"enemies":"3 Byrds","floor":19.0,"turns":5.0},{"damage":19.0,"enemies":"Snake Plant","floor":20.0,"turns":5.0},{"damage":11.0,"enemies":"Gremlin Leader","floor":23.0,"turns":4.0},{"damage":2,"enemies":"Slavers","floor":25,"turns":3},{"damage":21,"enemies":"Cultist and Chosen","floor":27,"turns":4},{"damage":22,"enemies":"Shelled Parasite and Fungi","floor":29,"turns":4},{"damage":1,"enemies":"Snecko","floor":30,"turns":2},{"damage":3,"enemies":"Cultist and Chosen","floor":31,"turns":4},{"damage":19,"enemies":"hubris:MusketHawk","floor":33,"turns":5},{"damage":2,"enemies":"Orb Walker","floor":35,"turns":3},{"damage":3,"enemies":"3 Darklings","floor":36,"turns":4},{"damage":0,"enemies":"Sphere and 2 Shapes","floor":38,"turns":1},{"damage":38,"enemies":"2 Orb Walkers","floor":39,"turns":4},{"damage":9,"enemies":"Writhing Mass","floor":41,"turns":3},{"damage":29,"enemies":"Giant Head","floor":42,"turns":5},{"damage":16,"enemies":"3 Darklings","floor":45,"turns":3},{"damage":14,"enemies":"Nemesis","floor":46,"turns":3},{"damage":4,"enemies":"Transient","floor":47,"turns":6},{"damage":64,"enemies":"Awakened One","floor":50,"turns":3}],"seed_played":"3995220117960341072","potions_obtained":[{"floor":1.0,"key":"SkillPotion"},{"floor":4.0,"key":"Fire Potion"},{"floor":12.0,"key":"Weak Potion"},{"floor":19.0,"key":"LiquidBronze"},{"floor":22.0,"key":"Ancient Potion"},{"floor":22.0,"key":"FearPotion"},{"floor":23.0,"key":"Swift Potion"},{"floor":29,"key":"Energy Potion"},{"floor":31,"key":"PowerPotion"},{"floor":41,"key":"LiquidBronze"}],"is_trial":false,"path_per_floor":["M","?","$","M","$","E","?","E","T","R","E","M","E","$","R","B",null,"M","M","M","?","?","E","R","E","T","M","$","M","M","M","R","B",null,"M","M","$","M","?","R","M","E","T","?","M","E","M","$","R","B"],"character_chosen":"IRONCLAD","items_purchased":["AT_BodySlamDance","Shrug It Off","Chemical X","AT_DiedThrough","hubris:TinFlute","AT_SpeedBoots"],"campfire_rested":0,"item_purchase_floors":[3,5,14,28,37,48],"current_hp_per_floor":[74,74,74,75,75,75,75,63,63,63,69,74,72,75,75,75,75,61,55,42,42,42,37,37,41,41,26,41,25,30,40,40,27,63,67,70,75,75,43,43,40,17,17,61,51,43,45,60,60,0,0],"gold":183,"neow_bonus":"THREE_ENEMY_KILL","is_daily":false,"chose_seed":false,"campfire_upgraded":5,"win_rate":0.0,"timestamp":1609217185,"path_taken":["M","?","$","M","$","E","?","E","T","R","E","M","E","$","R","BOSS","M","M","M","?","?","E","R","E","T","M","$","?","M","?","R","BOSS","M","M","$","M","?","R","M","E","T","?","M","E","M","$","R","BOSS"],"items_purchased_type":["Card","Card","Relic","Card","Relic","Relic"],"build_version":"2020-12-22","purchased_purges":1,"victory":false,"max_hp_per_floor":[75,75,75,75,75,75,75,75,75,75,75,75,75,75,75,75,75,75,75,75,75,75,75,75,75,75,75,75,75,75,75,75,75,75,75,75,75,75,75,75,75,75,75,61,61,61,61,61,61,61,61],"card_choices":[{"not_picked":["Iron Wave","Cleave"],"picked":"Power Through","floor":1.0},{"not_picked":["Anger","Thunderclap","hubris:CleavingFinish"],"picked":"SKIP","floor":4.0},{"not_picked":["Sword Boomerang","Heavy Blade","Shrug It Off"],"picked":"SKIP","floor":6.0},{"not_picked":["Body Slam","Havoc"],"picked":"Iron Wave","floor":8.0},{"not_picked":["AT_GerminateFire","Spot Weakness"],"picked":"Brutality","floor":11.0},{"not_picked":["Heavy Blade","Intimidate"],"picked":"Flame Barrier","floor":12.0},{"not_picked":["Wild Strike","Hemokinesis","Carnage"],"picked":"SKIP","floor":13.0},{"not_picked":["Corruption","Brutality"],"picked":"AT_Dispersion","floor":16.0},{"not_picked":["Bloodletting","Dropkick","hubris:ReadiedAction"],"picked":"SKIP","floor":18.0},{"not_picked":["Twin Strike","Sever Soul+1"],"picked":"Armaments+1","floor":19.0},{"not_picked":["AT_IchimonjiDouble","True Grit","Iron Wave"],"picked":"SKIP","floor":20.0},{"not_picked":["Carnage","Shrug It Off","Fiend Fire"],"picked":"SKIP","floor":23.0},{"not_picked":["Searing Blow+1","Feel No Pain"],"picked":"Whirlwind","floor":25},{"not_picked":["AT_GerminateFire","Thunderclap+1","Heavy Blade"],"picked":"SKIP","floor":27},{"not_picked":["Headbutt","Sword Boomerang","True Grit"],"picked":"SKIP","floor":29},{"not_picked":["Sword Boomerang","True Grit"],"picked":"Headbutt","floor":29},{"not_picked":["Bloodletting","Iron Wave+1"],"picked":"Metallicize+1","floor":30},{"not_picked":["Blood for Blood","Clash"],"picked":"AT_BodySlamDance+1","floor":31},{"not_picked":[],"picked":"Evolve+1","floor":35},{"not_picked":["Pommel Strike"],"picked":"SKIP","floor":36},{"not_picked":["Armaments"],"picked":"SKIP","floor":38},{"not_picked":["Pummel"],"picked":"SKIP","floor":41},{"not_picked":[],"picked":"AT_BodySlamDance","floor":42},{"not_picked":[],"picked":"Fire Breathing","floor":45},{"not_picked":[],"picked":"Blood for Blood+1","floor":46},{"not_picked":["Sever Soul"],"picked":"SKIP","floor":47}],"player_experience":285248,"relics_obtained":[{"floor":6.0,"key":"AT_SunfireAegis"},{"floor":8.0,"key":"MealTicket"},{"floor":9.0,"key":"Turnip"},{"floor":11.0,"key":"Mummified Hand"},{"floor":13.0,"key":"Kunai"},{"floor":23.0,"key":"Akabeko"},{"floor":25,"key":"AT_RedTearstoneRing"},{"floor":39,"key":"hubris:BundleOfHerbs"},{"floor":42,"key":"FossilizedHelix"},{"floor":43,"key":"AT_MibuBalloonWealth"},{"floor":46,"key":"Ginger"}],"event_choices":[{"damage_healed":0.0,"max_hp_gain":0.0,"max_hp_loss":0.0,"gold_gain":0.0,"event_name":"The Cleric","player_choice":"Leave","floor":2.0,"gold_loss":0.0,"damage_taken":0.0},{"damage_healed":0.0,"max_hp_gain":0.0,"max_hp_loss":0.0,"gold_gain":0.0,"event_name":"FaceTrader","player_choice":"Trade","floor":7.0,"gold_loss":0.0,"damage_taken":0.0,"relics_obtained":["CultistMask"]},{"damage_healed":0.0,"max_hp_gain":0.0,"max_hp_loss":0.0,"gold_gain":0.0,"event_name":"Ghosts","player_choice":"Ignored","floor":21.0,"gold_loss":0.0,"damage_taken":0.0},{"damage_healed":0.0,"max_hp_gain":0.0,"max_hp_loss":0.0,"gold_gain":0.0,"event_name":"The Woman in Blue","player_choice":"Bought 2 Potions","floor":22.0,"gold_loss":0.0,"damage_taken":0.0},{"damage_healed":0,"gold_gain":0,"player_choice":"Fight","damage_taken":0,"max_hp_gain":0,"max_hp_loss":0,"event_name":"Mysterious Sphere","floor":39,"gold_loss":0},{"damage_healed":61,"gold_gain":0,"player_choice":"Heal","damage_taken":0,"max_hp_gain":0,"max_hp_loss":14,"event_name":"The Moai Head","floor":44,"gold_loss":0}],"is_beta":false,"boss_relics":[{"not_picked":["Calling Bell","Runic Pyramid"],"picked":"SlaversCollar"},{"not_picked":["Empty Cage","hubris:GrandSneckoEye"],"picked":"Busted Crown"}],"items_purged_floors":[48],"is_endless":false,"potions_floor_spawned":[1,4,6,12,16,19,23,29,31,38,41,42],"killed_by":"Awakened One","ascension_level":19}}