{"host":"3jjxuhjpio8e4zkv","time":1609232691,"event":{"mods":["BaseMod","Colored Map","Highlight Path","Minty Spire (QoL Compilation)","Permanent Neow","Relic Stats","StSLib"],"gold_per_floor":[119,139,150,163,128,128,155,155,155,175,14,14,78,108,108,181,181,195,206,225,225,225],"floor_reached":21,"playtime":995,"items_purged":["Strike_G"],"score":382,"play_id":"ac558894-3952-43d5-87f4-0e2c822c7d73","local_time":"20201229040451","is_ascension_mode":true,"campfire_choices":[{"data":"Bouncing Flask","floor":6,"key":"SMITH"},{"data":"Catalyst","floor":8,"key":"SMITH"},{"data":"Glass Knife","floor":12,"key":"SMITH"},{"data":"Leg Sweep","floor":15,"key":"SMITH"}],"circlet_count":0,"master_deck":["AscendersBane","Strike_G","Defend_G","Defend_G","Defend_G","Defend_G","Defend_G","Survivor","Neutralize","Riddle With Holes","Terror","Bouncing Flask+1","Catalyst+1","Slice","Glass Knife+1","Noxious Fumes","Leg Sweep+1","Outmaneuver","Malaise","Well Laid Plans+1","Envenom+1","Backflip+1","Venomology","PiercingWail"],"relics":["Ring of the Snake","NeowsBlessing","Eternal Feather","Pantograph","Question Card","Dead Branch","Astrolabe"],"acts_visited":["Exordium","TheCity"],"potions_floor_usage":[7,13,16,20,21,21,21],"damage_taken":[{"damage":0,"enemies":"2 Louse","floor":1,"turns":1},{"damage":0,"enemies":"Small Slimes","floor":2,"turns":1},{"damage":0,"enemies":"Jaw Worm","floor":3,"turns":1},{"damage":15,"enemies":"Large Slime","floor":4,"turns":6},{"damage":48,"enemies":"3 Sentries","floor":7,"turns":10},{"damage":4,"enemies":"Red Slaver","floor":10,"turns":3},{"damage":0,"enemies":"Gremlin Nob","floor":13,"turns":2},{"damage":14,"enemies":"Lagavulin","floor":14,"turns":5},{"damage":26,"enemies":"The Guardian","floor":16,"turns":11},{"damage":13,"enemies":"Shell Parasite","floor":18,"turns":7},{"damage":10,"enemies":"Chosen","floor":19,"turns":5},{"damage":20,"enemies":"Centurion and Healer","floor":20,"turns":8},{"damage":17,"enemies":"Masked Bandits","floor":21,"turns":3}],"seed_played":"-4971664132594698820","potions_obtained":[{"floor":1,"key":"PowerPotion"},{"floor":10,"key":"CunningPotion"},{"floor":13,"key":"Swift Potion"},{"floor":18,"key":"Weak Potion"}],"is_trial":false,"path_per_floor":["M","M","M","M","?","R","E","R","T","M","$","R","?","E","R","B",null,"M","M","M","?"],"character_chosen":"THE_SILENT","items_purchased":["Noxious Fumes"],"campfire_rested":0,"item_purchase_floors":[11],"current_hp_per_floor":[59,59,59,44,60,60,12,21,21,17,17,26,26,12,24,23,55,42,32,12,0,0],"gold":225,"neow_bonus":"THREE_ENEMY_KILL","is_daily":false,"chose_seed":false,"campfire_upgraded":4,"win_rate":0.0,"timestamp":1609232691,"path_taken":["M","M","M","M","?","R","E","R","T","M","$","R","?","E","R","BOSS","M","M","M","?"],"items_purchased_type":["Card"],"build_version":"2020-12-22","purchased_purges":1,"victory":false,"max_hp_per_floor":[66,66,66,66,66,66,66,66,66,66,66,66,66,66,66,66,66,66,66,66,66,66],"relic_stats":{"counters":[13,63],"Pantograph":25,"Dead Branch":[27],"Astrolabe":["Well Laid Plans","Envenom","Backflip"],"Eternal Feather":30,"Question Card":5,"obtain_stats":[{"NeowsBlessing":0,"Pantograph":9,"Dead Branch":14,"Astrolabe":17,"Eternal Feather":7,"Question Card":13,"Ring of the Snake":0},{"NeowsBlessing":0,"Pantograph":5,"Dead Branch":8,"Astrolabe":9,"Eternal Feather":5,"Question Card":7,"Ring of the Snake":0},{"NeowsBlessing":0,"Pantograph":19,"Dead Branch":29,"Astrolabe":40,"Eternal Feather":19,"Question Card":24,"Ring of the Snake":0}],"Ring of the Snake":[26]},"card_choices":[{"not_picked":["Quick Slash","Leg Sweep"],"picked":"Riddle With Holes","floor":1},{"not_picked":["Sucker Punch","Dodge and Roll"],"picked":"Terror","floor":2},{"not_picked":["Calculated Gamble","Quick Slash"],"picked":"Bouncing Flask","floor":3},{"not_picked":["Endless Agony","Deadly Poison"],"picked":"Catalyst","floor":4},{"not_picked":["Outmaneuver","Blur"],"picked":"Slice","floor":7},{"not_picked":["Sucker Punch","Deflect"],"picked":"Glass Knife","floor":10},{"not_picked":["Acrobatics","Deflect"],"picked":"Leg Sweep","floor":13},{"not_picked":["Quick Slash","Blade Dance","Skewer"],"picked":"Outmaneuver","floor":14},{"not_picked":["Unload","After Image","Night Terror"],"picked":"Malaise","floor":16},{"not_picked":["Outmaneuver","Quick Slash","Noxious Fumes","Cloak And Dagger"],"picked":"SKIP","floor":18},{"not_picked":["Outmaneuver","Quick Slash","Noxious Fumes","Cloak And Dagger"],"picked":"SKIP","floor":18},{"not_picked":["Outmaneuver","Quick Slash","Noxious Fumes","Cloak And Dagger"],"picked":"SKIP","floor":18},{"not_picked":["Distraction+1","Deflect","Backflip"],"picked":"Venomology","floor":19},{"not_picked":["Calculated Gamble","Skewer","Blur"],"picked":"PiercingWail","floor":20}],"player_experience":1134224,"relics_obtained":[{"floor":7,"key":"Eternal Feather"},{"floor":9,"key":"Pantograph"},{"floor":13,"key":"Question Card"},{"floor":14,"key":"Dead Branch"}],"event_choices":[{"damage_healed":16,"gold_gain":0,"player_choice":"Healed","damage_taken":0,"max_hp_gain":0,"max_hp_loss":0,"event_name":"The Cleric","floor":5,"gold_loss":35},{"damage_healed":0,"gold_gain":0,"player_choice":"Searched \u00271\u0027 times","damage_taken":0,"max_hp_gain":0,"max_hp_loss":0,"event_name":"Dead Adventurer","floor":13,"gold_loss":0},{"damage_healed":0,"gold_gain":0,"player_choice":"Fought Bandits","damage_taken":0,"max_hp_gain":0,"max_hp_loss":0,"event_name":"Masked Bandits","floor":21,"gold_loss":0}],"is_beta":false,"boss_relics":[{"not_picked":["Ring of the Serpent","Black Star"],"picked":"Astrolabe"}],"items_purged_floors":[11],"is_endless":false,"potions_floor_spawned":[1,10,13,18],"killed_by":"Masked Bandits","ascension_level":20}}