{"host":"963ykkbusvcbqwtq","time":1609246828,"event":{"mods":["2.2 Compatiblity","AchievementEnabler","Arknights The Spire","BaseMod","Colored Map","GifTheSpireLib","GungeonMod","Lobotomy","Luminous","Minty Spire (QoL Compilation)","StSLib","SuperFastMode","The Bug Knight"],"gold_per_floor":[109,34,34,44,63,63,63],"floor_reached":6,"playtime":240,"items_purged":["DemoMod:Strike_Huntress"],"score":36,"play_id":"44df21bd-dbc4-40c2-849e-9afb0a45e189","local_time":"20201229220028","is_ascension_mode":false,"campfire_choices":[],"circlet_count":0,"master_deck":["DemoMod:Strike_Huntress","DemoMod:Strike_Huntress","DemoMod:Defend_Huntress","DemoMod:Defend_Huntress","DemoMod:Defend_Huntress","DemoMod:Defend_Huntress","DemoMod:Roll","DemoMod:ManualReload","DemoMod:RustySidearm","DemoMod:CrossBow","MHz","DemoMod:SniperShot","DemoMod:ConditionalReflex"],"relics":["DemoMod:Dog","CogitoBucket","GremlinMask","HornCleat"],"acts_visited":["Exordium"],"potions_floor_usage":[],"damage_taken":[{"damage":9,"enemies":"Cultist","floor":1,"turns":4},{"damage":8,"enemies":"Small Slimes","floor":4,"turns":4},{"damage":7,"enemies":"Jaw Worm","floor":5,"turns":6},{"damage":63,"enemies":"Gremlin Nob","floor":6,"turns":6}],"seed_played":"-1390728588616134526","potions_obtained":[{"floor":4,"key":"Block Potion"}],"is_trial":false,"path_per_floor":["M","$","?","M","M","E"],"character_chosen":"HUNTRESS","items_purchased":[],"campfire_rested":0,"item_purchase_floors":[],"current_hp_per_floor":[61,61,61,53,46,0,0],"gold":63,"neow_bonus":"","is_daily":false,"chose_seed":false,"campfire_upgraded":0,"win_rate":0.0,"timestamp":1609246828,"path_taken":["M","?","?","?","M","E"],"items_purchased_type":[],"build_version":"2020-12-22","purchased_purges":1,"victory":false,"max_hp_per_floor":[70,70,70,70,70,70,70],"card_choices":[{"not_picked":["SpiderBud","MeatLantern","PunishingBird"],"picked":"Singing Bowl","floor":1},{"not_picked":["Murderer","BlackSwan"],"picked":"MHz","floor":1},{"not_picked":["DemoMod:Unmoved","DemoMod:DoubleSwitch"],"picked":"DemoMod:SniperShot","floor":1},{"not_picked":["LittlePrince","LittleHelper","SpiderBud"],"picked":"Singing Bowl","floor":4},{"not_picked":["DemoMod:Ejector","DemoMod:AC15"],"picked":"DemoMod:DirectionalPad","floor":4},{"not_picked":["CherryBlossoms","Murderer","UniverseFragment"],"picked":"Singing Bowl","floor":5},{"not_picked":["DemoMod:PotionOfGunFriendShip","DemoMod:SAA"],"picked":"DemoMod:ConditionalReflex","floor":5}],"player_experience":191539,"relics_obtained":[{"floor":5,"key":"HornCleat"}],"event_choices":[{"damage_healed":0,"gold_gain":0,"player_choice":"Trade","damage_taken":0,"relics_obtained":["GremlinMask"],"max_hp_gain":0,"max_hp_loss":0,"event_name":"FaceTrader","floor":3,"gold_loss":0}],"is_beta":false,"boss_relics":[],"items_purged_floors":[2],"is_endless":false,"potions_floor_spawned":[4],"killed_by":"Gremlin Nob","ascension_level":0}}