{"host":"3a1ypf1irl30q4k8","time":1609253486,"event":{"mods":["AchievementEnabler","BaseMod","Bestiary","Colored Map","Minty Spire (QoL Compilation)","Relic Stats"],"gold_per_floor":[20,30,49,120,22,49,49,49,49,67,87,103,103,103,103,103,103],"floor_reached":16,"playtime":959,"items_purged":["Strike_G"],"score":117,"play_id":"cb648fbd-6218-41f9-a15a-aa4d07fc7397","local_time":"20201229145126","is_ascension_mode":true,"campfire_choices":[{"floor":7,"key":"REST"},{"data":"Panache","floor":13,"key":"SMITH"},{"data":"Backflip","floor":15,"key":"SMITH"}],"circlet_count":0,"master_deck":["Strike_G","Strike_G","Strike_G","Strike_G","Defend_G","Defend_G","Defend_G","Defend_G","Defend_G","Survivor","Neutralize","Panache+1","Dagger Throw","Backflip+1","Masterful Stab","Quick Slash","Flying Knee","Deflect","Blade Dance+1","Die Die Die"],"relics":["Ring of the Snake","StrikeDummy","Sundial"],"acts_visited":["Exordium"],"potions_floor_usage":[6,16,16],"damage_taken":[{"damage":14,"enemies":"Jaw Worm","floor":1,"turns":6},{"damage":0,"enemies":"Small Slimes","floor":2,"turns":3},{"damage":0,"enemies":"2 Louse","floor":3,"turns":3},{"damage":35,"enemies":"Lagavulin","floor":6,"turns":7},{"damage":3,"enemies":"Looter","floor":10,"turns":2},{"damage":5,"enemies":"Red Slaver","floor":11,"turns":2},{"damage":0,"enemies":"3 Louse","floor":12,"turns":1},{"damage":34,"enemies":"The Guardian","floor":16,"turns":8}],"seed_played":"4684782114121773368","potions_obtained":[{"floor":1,"key":"DuplicationPotion"},{"floor":10,"key":"Poison Potion"},{"floor":12,"key":"AttackPotion"}],"is_trial":false,"path_per_floor":["M","M","M","?","$","E","R","?","T","M","M","M","R","?","R","B"],"character_chosen":"THE_SILENT","items_purchased":["Quick Slash"],"campfire_rested":1,"item_purchase_floors":[5],"current_hp_per_floor":[56,56,56,56,56,21,42,42,42,39,34,34,34,34,34,0,0],"gold":103,"neow_bonus":"RANDOM_COLORLESS_2","is_daily":false,"chose_seed":false,"campfire_upgraded":2,"win_rate":0.0,"timestamp":1609253486,"path_taken":["M","M","M","?","$","E","R","?","T","M","M","M","R","?","R","BOSS"],"items_purchased_type":["Card"],"build_version":"2020-12-22","purchased_purges":1,"victory":false,"max_hp_per_floor":[70,70,70,70,70,70,70,70,70,70,70,70,70,70,70,70,70],"relic_stats":{"counters":[8,32],"Sundial":[0],"obtain_stats":[{"Sundial":9,"StrikeDummy":6,"Ring of the Snake":0},{"Sundial":4,"StrikeDummy":4,"Ring of the Snake":0},{"Sundial":19,"StrikeDummy":19,"Ring of the Snake":0}],"Ring of the Snake":[16]},"card_choices":[{"not_picked":["Secret Weapon","Apotheosis"],"picked":"Panache","floor":0},{"not_picked":["Sucker Punch","Heel Hook"],"picked":"Dagger Throw","floor":1},{"not_picked":["Leg Sweep","Reflex"],"picked":"Backflip","floor":2},{"not_picked":["Calculated Gamble","Underhanded Strike"],"picked":"Masterful Stab","floor":3},{"not_picked":["Night Terror","Deadly Poison"],"picked":"Flying Knee","floor":6},{"not_picked":["Masterful Stab","Deadly Poison"],"picked":"Deflect","floor":10},{"not_picked":["Flying Knee","Acrobatics"],"picked":"Blade Dance","floor":11},{"not_picked":["Bane","Outmaneuver"],"picked":"Die Die Die","floor":12}],"player_experience":903911,"relics_obtained":[{"floor":6,"key":"StrikeDummy"},{"floor":9,"key":"Sundial"}],"event_choices":[{"damage_healed":0,"gold_gain":71,"player_choice":"Gained Gold","damage_taken":0,"max_hp_gain":0,"max_hp_loss":0,"event_name":"Golden Wing","floor":4,"gold_loss":0},{"damage_healed":0,"gold_gain":0,"player_choice":"Searched \u00270\u0027 times","damage_taken":0,"max_hp_gain":0,"max_hp_loss":0,"event_name":"Dead Adventurer","floor":8,"gold_loss":0},{"damage_healed":0,"gold_gain":0,"player_choice":"Grow","damage_taken":0,"max_hp_gain":0,"max_hp_loss":0,"event_name":"Living Wall","floor":14,"gold_loss":0,"cards_upgraded":["Blade Dance"]}],"is_beta":false,"boss_relics":[],"items_purged_floors":[5],"is_endless":false,"potions_floor_spawned":[1,10,12],"killed_by":"The Guardian","ascension_level":3}}