{"host":"BK","time":1609216124,"event":{"mods":["BaseMod","Highlight Path","Minty Spire (QoL Compilation)","StSLib"],"gold_per_floor":[118,118,132,7,7,40,56,56,56,56,88,88,100,100,100,171,171,187,199,218,233,233,258,4,30,30,65,65,96,111,129,129,206,256,276,107,54,64,8,8,38,88,113,113,124,124,124],"floor_reached":46,"playtime":3664,"items_purged":["Strike_P","Strike_P+1"],"score":1372,"play_id":"82d42ad8-8096-48e8-b685-c5eebc3d769d","local_time":"20201228212844","is_ascension_mode":true,"campfire_choices":[{"floor":8,"key":"REST"},{"data":"Conclude","floor":10,"key":"SMITH"},{"data":"CrushJoints","floor":15,"key":"SMITH"},{"data":"WaveOfTheHand","floor":28,"key":"SMITH"},{"floor":32,"key":"REST"},{"data":"Halt","floor":40,"key":"SMITH"},{"data":"MentalFortress","floor":44,"key":"SMITH"}],"circlet_count":0,"master_deck":["AscendersBane","Defend_P+1","Defend_P+1","Defend_P+1","Defend_P+1","Eruption","Vigilance+1","Conclude+1","CrushJoints+1","BowlingBash","FollowUp+1","SandsOfTime+1","CutThroughFate+1","Establishment","FlyingSleeves+1","Vault+1","Tantrum+1","Halt+1","Wireheading","WaveOfTheHand+1","MentalFortress+1","Ragnarok+1","Protect+1","Vault+1","ClearTheMind+1","Ragnarok+1","Writhe","Adaptation+1"],"relics":["Cursed Key","Molten Egg 2","Boot","Oddly Smooth Stone","Velvet Choker","Gambling Chip","Vajra","Regal Pillow","PreservedInsect","Tiny House","DollysMirror","Toy Ornithopter","Lantern"],"acts_visited":["Exordium","TheCity","TheBeyond"],"potions_floor_usage":[6,13,23,25,33,33,46],"damage_taken":[{"damage":12,"enemies":"Small Slimes","floor":1,"turns":3},{"damage":1,"enemies":"Cultist","floor":3,"turns":5},{"damage":5,"enemies":"3 Sentries","floor":6,"turns":6},{"damage":0,"enemies":"2 Louse","floor":7,"turns":2},{"damage":10,"enemies":"Gremlin Nob","floor":11,"turns":3},{"damage":12,"enemies":"Exordium Thugs","floor":13,"turns":4},{"damage":0,"enemies":"Hexaghost","floor":16,"turns":7},{"damage":6,"enemies":"3 Byrds","floor":18,"turns":3},{"damage":0,"enemies":"Chosen","floor":19,"turns":3},{"damage":6,"enemies":"Centurion and Healer","floor":20,"turns":4},{"damage":0,"enemies":"3 Cultists","floor":21,"turns":2},{"damage":1,"enemies":"Book of Stabbing","floor":23,"turns":3},{"damage":0,"enemies":"Slavers","floor":25,"turns":2},{"damage":0,"enemies":"Book of Stabbing","floor":27,"turns":3},{"damage":0,"enemies":"Gremlin Leader","floor":29,"turns":3},{"damage":22,"enemies":"Snake Plant","floor":30,"turns":3},{"damage":0,"enemies":"Cultist and Chosen","floor":31,"turns":4},{"damage":50,"enemies":"Collector","floor":33,"turns":8},{"damage":0,"enemies":"Orb Walker","floor":35,"turns":1},{"damage":15,"enemies":"3 Darklings","floor":38,"turns":4},{"damage":0,"enemies":"Giant Head","floor":41,"turns":4},{"damage":25,"enemies":"Spire Growth","floor":45,"turns":4},{"damage":24,"enemies":"Nemesis","floor":46,"turns":3}],"seed_played":"8467124046426147617","potions_obtained":[{"floor":1,"key":"SteroidPotion"},{"floor":11,"key":"Weak Potion"},{"floor":16,"key":"BottledMiracle"},{"floor":19,"key":"AttackPotion"},{"floor":25,"key":"Block Potion"},{"floor":31,"key":"StancePotion"},{"floor":34,"key":"PowerPotion"}],"is_trial":false,"path_per_floor":["M","?","M","$","?","E","M","R","T","R","E","?","M","?","R","B",null,"M","M","M","M","?","E","$","E","T","E","R","E","M","M","R","B",null,"M","$","?","M","$","R","E","?","T","R","M","E"],"character_chosen":"WATCHER","items_purchased":["BowlingBash","WaveOfTheHand","MentalFortress","DollysMirror","Strength Potion"],"campfire_rested":2,"item_purchase_floors":[4,24,24,36,39],"current_hp_per_floor":[49,49,48,48,28,23,23,43,43,43,33,33,21,21,21,21,56,50,50,44,44,44,43,43,43,43,43,43,43,21,21,56,6,58,58,58,58,43,43,43,43,43,43,43,18,0,0],"gold":124,"neow_bonus":"BOSS_RELIC","is_daily":false,"chose_seed":false,"campfire_upgraded":5,"win_rate":0.0,"timestamp":1609216124,"path_taken":["M","?","?","$","?","E","M","R","T","R","E","?","?","?","R","BOSS","M","M","?","?","?","E","$","E","T","E","R","E","M","M","R","BOSS","M","$","?","?","?","R","E","?","T","R","?","E"],"items_purchased_type":["Card","Card","Card","Relic","Potion"],"build_version":"2020-12-18","purchased_purges":2,"victory":false,"max_hp_per_floor":[68,68,68,68,68,68,68,68,68,68,68,68,68,68,68,68,68,68,68,68,68,68,68,68,68,68,68,68,68,68,68,68,68,73,73,73,73,73,73,73,73,73,73,73,73,73,73],"card_choices":[{"not_picked":["InnerPeace","Protect"],"picked":"Conclude","floor":1},{"not_picked":["DeceiveReality","Fasting2"],"picked":"CrushJoints","floor":3},{"not_picked":["Evaluate","EmptyBody","EmptyMind"],"picked":"SKIP","floor":6},{"not_picked":["Evaluate","Prostrate","PathToVictory"],"picked":"SKIP","floor":7},{"not_picked":["ClearTheMind","Evaluate"],"picked":"FollowUp+1","floor":11},{"not_picked":["Collect","CrushJoints+1"],"picked":"SandsOfTime+1","floor":13},{"not_picked":["LessonLearned+1","Alpha"],"picked":"Establishment","floor":16},{"not_picked":["FlyingSleeves+1","EmptyFist+1","Prostrate"],"picked":"SKIP","floor":18},{"not_picked":["EmptyFist+1","Prostrate"],"picked":"FlyingSleeves+1","floor":18},{"not_picked":["EmptyFist+1","BattleHymn+1"],"picked":"Vault","floor":19},{"not_picked":["BowlingBash+1","EmptyFist+1"],"picked":"Tantrum+1","floor":20},{"not_picked":["PathToVictory","FearNoEvil+1"],"picked":"Halt","floor":21},{"not_picked":["Prostrate","EmptyBody"],"picked":"Wireheading","floor":23},{"not_picked":["Wireheading","ReachHeaven+1"],"picked":"Ragnarok+1","floor":25},{"not_picked":["PathToVictory","Collect","MentalFortress"],"picked":"SKIP","floor":27},{"not_picked":["Crescendo","BowlingBash+1","CrushJoints+1"],"picked":"SKIP","floor":29},{"not_picked":["ThirdEye","Consecrate+1","Nirvana"],"picked":"SKIP","floor":30},{"not_picked":["JustLucky+1","Vengeance","WaveOfTheHand"],"picked":"SKIP","floor":31},{"not_picked":["Halt","InnerPeace+1"],"picked":"Protect+1","floor":35},{"not_picked":["Prostrate+1","WindmillStrike+1"],"picked":"ClearTheMind+1","floor":38},{"not_picked":["Prostrate","FlurryOfBlows+1"],"picked":"Ragnarok+1","floor":41},{"not_picked":["Prostrate","EmptyFist+1"],"picked":"Adaptation+1","floor":45}],"player_experience":2472253,"relics_obtained":[{"floor":6,"key":"Molten Egg 2"},{"floor":9,"key":"Boot"},{"floor":11,"key":"Oddly Smooth Stone"},{"floor":23,"key":"Gambling Chip"},{"floor":25,"key":"Vajra"},{"floor":27,"key":"Regal Pillow"},{"floor":29,"key":"PreservedInsect"},{"floor":41,"key":"Lantern"}],"event_choices":[{"cards_removed":["Strike_P"],"damage_healed":0,"gold_gain":0,"player_choice":"Offered Basic","damage_taken":0,"max_hp_gain":0,"max_hp_loss":0,"event_name":"Bonfire Elementals","floor":2,"gold_loss":0},{"damage_healed":0,"gold_gain":0,"player_choice":"Entered Light","damage_taken":20,"max_hp_gain":0,"max_hp_loss":0,"event_name":"Shining Light","floor":5,"gold_loss":0,"cards_upgraded":["Strike_P","Vigilance"]},{"cards_removed":["Regret"],"damage_healed":0,"gold_gain":0,"player_choice":"Removed Curses","damage_taken":0,"max_hp_gain":0,"max_hp_loss":0,"event_name":"Fountain of Cleansing","floor":12,"gold_loss":0},{"damage_healed":0,"gold_gain":0,"cards_transformed":["Strike_P"],"player_choice":"Transformed","damage_taken":0,"max_hp_gain":0,"max_hp_loss":0,"event_name":"Transmorgrifier","floor":14,"gold_loss":0,"cards_obtained":["CutThroughFate"]},{"damage_healed":0,"gold_gain":0,"player_choice":"Simplicity","damage_taken":0,"max_hp_gain":0,"max_hp_loss":0,"event_name":"Back to Basics","floor":22,"gold_loss":0,"cards_upgraded":["Defend_P","Defend_P","Defend_P","Defend_P"]},{"damage_healed":0,"gold_gain":0,"player_choice":"Paid Gold","damage_taken":0,"relics_obtained":["Toy Ornithopter"],"max_hp_gain":0,"max_hp_loss":0,"event_name":"WeMeetAgain","floor":37,"gold_loss":53},{"damage_healed":0,"gold_gain":50,"player_choice":"Pray","damage_taken":0,"max_hp_gain":0,"max_hp_loss":0,"event_name":"Golden Shrine","floor":42,"gold_loss":0}],"is_beta":true,"boss_relics":[{"not_picked":["Sozu","Runic Pyramid"],"picked":"Velvet Choker"},{"not_picked":["SlaversCollar","Empty Cage"],"picked":"Tiny House"}],"items_purged_floors":[4,24],"is_endless":false,"potions_floor_spawned":[1,11,16,19,20,21,25,31,41],"killed_by":"Nemesis","ascension_level":20}}