{"host":"7rmsgc3rayi00cdt","time":1609263023,"event":{"mods":["BaseMod","Minty Spire (QoL Compilation)"],"gold_per_floor":[119,137,150,225,225,251,251,265,265,265,277,304,304,335,335,409,409,426,406,424,90,90,118,118,137,162,162,5,21,56,69,69,69,69],"floor_reached":33,"playtime":1348,"items_purged":[],"score":657,"play_id":"f9d5f5d6-370e-43f4-9bdc-da87662b624c","local_time":"20201229173023","is_ascension_mode":true,"campfire_choices":[{"floor":10,"key":"REST"},{"data":"Survivor","floor":13,"key":"SMITH"},{"data":"Backflip","floor":15,"key":"SMITH"},{"floor":24,"key":"DIG"},{"floor":27,"key":"REST"},{"floor":32,"key":"REST"}],"circlet_count":0,"master_deck":["AscendersBane","Strike_G+1","Strike_G","Strike_G+1","Strike_G","Defend_G","Defend_G","Defend_G","Defend_G","Survivor+1","Neutralize+1","Blade Dance","Escape Plan","Blade Dance","Endless Agony","Die Die Die","Leg Sweep","Backflip+1","After Image","Cloak And Dagger+1","Masterful Stab","Caltrops","Blade Dance","Finisher+1"],"relics":["Ring of the Snake","Anchor","Shuriken","Mummified Hand","Bottled Lightning","Darkstone Periapt","Empty Cage","Shovel","Molten Egg 2","Potion Belt","Whetstone","Toolbox","The Specimen"],"acts_visited":["Exordium","TheCity"],"potions_floor_usage":[6,12,23,29,29,33],"damage_taken":[{"damage":7,"enemies":"Cultist","floor":1,"turns":5},{"damage":7,"enemies":"Small Slimes","floor":2,"turns":4},{"damage":1,"enemies":"Jaw Worm","floor":3,"turns":5},{"damage":12,"enemies":"Lagavulin","floor":6,"turns":8},{"damage":0,"enemies":"2 Fungi Beasts","floor":8,"turns":2},{"damage":0,"enemies":"Red Slaver","floor":11,"turns":2},{"damage":0,"enemies":"Gremlin Nob","floor":12,"turns":2},{"damage":0,"enemies":"3 Sentries","floor":14,"turns":4},{"damage":1,"enemies":"The Guardian","floor":16,"turns":14},{"damage":4,"enemies":"2 Thieves","floor":18,"turns":3},{"damage":6,"enemies":"Shell Parasite","floor":20,"turns":4},{"damage":10,"enemies":"Slavers","floor":23,"turns":3},{"damage":16,"enemies":"Snecko","floor":25,"turns":5},{"damage":10,"enemies":"Centurion and Healer","floor":29,"turns":5},{"damage":5,"enemies":"Book of Stabbing","floor":30,"turns":4},{"damage":0,"enemies":"3 Cultists","floor":31,"turns":3},{"damage":64,"enemies":"Automaton","floor":33,"turns":6}],"seed_played":"-6222550277653450204","potions_obtained":[{"floor":1,"key":"PowerPotion"},{"floor":2,"key":"CunningPotion"},{"floor":11,"key":"Ancient Potion"},{"floor":12,"key":"AttackPotion"},{"floor":19,"key":"Fire Potion"},{"floor":23,"key":"Fire Potion"},{"floor":29,"key":"SneckoOil"}],"is_trial":false,"path_per_floor":["M","M","M","?","T","E","?","M","T","R","M","E","R","E","R","B",null,"M","?","M","$","?","E","R","M","T","R","$","M","E","M","R","B"],"character_chosen":"THE_SILENT","items_purchased":["Shovel","Toolbox"],"campfire_rested":3,"item_purchase_floors":[21,28],"current_hp_per_floor":[58,51,50,39,39,27,27,27,27,48,48,48,48,48,48,47,66,62,62,56,56,56,46,46,30,30,51,51,41,36,36,57,0,0],"gold":69,"neow_bonus":"TEN_PERCENT_HP_BONUS","is_daily":false,"chose_seed":false,"campfire_upgraded":2,"win_rate":0.0,"timestamp":1609263023,"path_taken":["M","?","M","?","?","E","?","?","T","R","M","E","R","E","R","BOSS","M","?","?","$","?","E","R","M","T","R","$","M","E","M","R","BOSS"],"items_purchased_type":["Relic","Relic"],"build_version":"2020-12-22","purchased_purges":0,"victory":false,"max_hp_per_floor":[72,72,72,72,72,72,72,72,72,72,72,72,72,72,72,72,72,72,72,72,72,72,72,72,72,72,72,72,72,72,72,72,72,72],"card_choices":[{"not_picked":["Infinite Blades","Concentrate"],"picked":"Blade Dance","floor":1},{"not_picked":["Deadly Poison","Deflect"],"picked":"Escape Plan","floor":2},{"not_picked":["Flying Knee","Dagger Throw"],"picked":"Blade Dance","floor":3},{"not_picked":["Bane","Dodge and Roll"],"picked":"Endless Agony","floor":6},{"not_picked":["Bane","Quick Slash"],"picked":"Die Die Die","floor":8},{"not_picked":["Flechettes","Catalyst"],"picked":"Leg Sweep","floor":11},{"not_picked":["Dodge and Roll","Bane","Bouncing Flask"],"picked":"SKIP","floor":12},{"not_picked":["PiercingWail","Terror"],"picked":"Backflip","floor":14},{"not_picked":["Grand Finale","Night Terror"],"picked":"After Image","floor":16},{"not_picked":["Quick Slash","Outmaneuver"],"picked":"Cloak And Dagger+1","floor":18},{"not_picked":["Crippling Poison","Catalyst"],"picked":"Masterful Stab","floor":20},{"not_picked":["Dash+1","Underhanded Strike+1"],"picked":"Caltrops","floor":23},{"not_picked":["Predator+1","PiercingWail","Dodge and Roll"],"picked":"SKIP","floor":25},{"not_picked":["Backflip","Tactician"],"picked":"Blade Dance","floor":29},{"not_picked":["Underhanded Strike+1","Phantasmal Killer"],"picked":"Finisher+1","floor":30},{"not_picked":["Dagger Spray+1","Backflip","Riddle With Holes+1"],"picked":"SKIP","floor":31}],"player_experience":730358,"relics_obtained":[{"floor":5,"key":"Anchor"},{"floor":6,"key":"Shuriken"},{"floor":9,"key":"Mummified Hand"},{"floor":12,"key":"Bottled Lightning"},{"floor":14,"key":"Darkstone Periapt"},{"floor":23,"key":"Molten Egg 2"},{"floor":24,"key":"Potion Belt"},{"floor":26,"key":"Whetstone"},{"floor":30,"key":"The Specimen"}],"event_choices":[{"damage_healed":0,"gold_gain":75,"player_choice":"Gather Gold","damage_taken":11,"max_hp_gain":0,"max_hp_loss":0,"event_name":"World of Goop","floor":4,"gold_loss":0},{"damage_healed":0,"gold_gain":0,"player_choice":"Upgraded","damage_taken":0,"max_hp_gain":0,"max_hp_loss":0,"event_name":"Upgrade Shrine","floor":7,"gold_loss":0,"cards_upgraded":["Neutralize"]},{"damage_healed":0,"gold_gain":0,"player_choice":"Bought 1 Potion","damage_taken":0,"max_hp_gain":0,"max_hp_loss":0,"event_name":"The Woman in Blue","floor":19,"gold_loss":0},{"damage_healed":0,"gold_gain":0,"player_choice":"Ignored","damage_taken":0,"max_hp_gain":0,"max_hp_loss":0,"event_name":"Beggar","floor":22,"gold_loss":0}],"is_beta":false,"boss_relics":[{"not_picked":["Ectoplasm","Coffee Dripper"],"picked":"Empty Cage"}],"items_purged_floors":[],"is_endless":false,"potions_floor_spawned":[1,2,11,12,23,29],"killed_by":"Automaton","ascension_level":17}}