{"host":"f6tqpspb2ou2a4h5","time":1609236348,"event":{"mods":["2.2 Compatiblity","Ascension Unlocker","BaseMod","Colored Map","DeckTracker","Hermit","Highlight Path","KOR Keyword Fix","Keyboard Shortcuts","Minty Spire (QoL Compilation)","Permanent Neow","Quick Restart","Random Character Button","StSLib","SuperFastMode","The Poker Player","everything is the same but u backflip on backflip"],"gold_per_floor":[109,121,141,141,216,216,246,246,270,290,303,303,338,349,349,445,445,460,101,101,63,46,46,72,85,85,95,95,95,126,144,144,247,247,258,272,122,142,157,157,202,202,228,240,265,309,321,344,356,368],"floor_reached":51,"playtime":3938,"items_purged":["Streamline"],"score":704,"play_id":"5c7bf7f9-1a64-4538-be9a-9ad7f08715be","local_time":"20201229190548","is_ascension_mode":false,"campfire_choices":[{"data":"Zap","floor":6.0,"key":"SMITH"},{"data":"Thunder Strike","floor":8.0,"key":"SMITH"},{"floor":15.0,"key":"REST"},{"data":"Defragment","floor":23,"key":"SMITH"},{"floor":29,"key":"REST"},{"data":"Sunder","floor":32,"key":"SMITH"},{"data":"Echo Form","floor":40,"key":"SMITH"},{"data":"Mind Blast","floor":42,"key":"SMITH"},{"data":"Blizzard","floor":47,"key":"SMITH"},{"data":"Aggregate","floor":49,"key":"SMITH"}],"circlet_count":0,"master_deck":["Zap+1","Dualcast","Thunder Strike+1","Cold Snap+1","Ball Lightning+1","Conserve Battery","Consume+1","Self Repair","Coolheaded","Fusion+1","Echo Form+1","Heatsinks","Creative AI","Defragment","Biased Cognition","Sunder+1","Glacier","Self Repair+1","Defragment+1","Mind Blast+1","Biased Cognition","Chill","Hologram","Steam+1","Sweeping Beam+1","Coolheaded+1","Hello World+1","Amplify","Force Field+1","Undo","Blizzard+1","Coolheaded+1","Aggregate+1","Self Repair+1","Conserve Battery+1","Turbo+1"],"relics":["Cracked Core","Blood Vial","Strawberry","Boot","Girya","Pandora\u0027s Box","War Paint","Ornamental Fan","Nunchaku","Enchiridion","White Beast Statue","Nuclear Battery","FossilizedHelix","MawBank","Emotion Chip","Whetstone"],"acts_visited":["Exordium","TheCity","TheBeyond"],"potions_floor_usage":[24,50],"damage_taken":[{"damage":2.0,"enemies":"Small Slimes","floor":1.0,"turns":3.0},{"damage":6.0,"enemies":"Jaw Worm","floor":2.0,"turns":3.0},{"damage":0.0,"enemies":"Cultist","floor":3.0,"turns":3.0},{"damage":5.0,"enemies":"3 Sentries","floor":7.0,"turns":7.0},{"damage":5.0,"enemies":"Looter","floor":10.0,"turns":2.0},{"damage":3.0,"enemies":"Exordium Thugs","floor":11.0,"turns":3.0},{"damage":16.0,"enemies":"Lagavulin","floor":13.0,"turns":8.0},{"damage":8.0,"enemies":"Blue Slaver","floor":14.0,"turns":4.0},{"damage":26.0,"enemies":"Hexaghost","floor":16.0,"turns":10.0},{"damage":12,"enemies":"Chosen","floor":18,"turns":5},{"damage":17,"enemies":"2 Thieves","floor":22,"turns":4},{"damage":41,"enemies":"Slavers","floor":24,"turns":6},{"damage":15,"enemies":"Centurion and Healer","floor":25,"turns":8},{"damage":18,"enemies":"Snake Plant","floor":27,"turns":4},{"damage":9,"enemies":"Book of Stabbing","floor":30,"turns":7},{"damage":9,"enemies":"Snecko","floor":31,"turns":6},{"damage":52,"enemies":"Automaton","floor":33,"turns":8},{"damage":13,"enemies":"Orb Walker","floor":35,"turns":4},{"damage":0,"enemies":"3 Darklings","floor":36,"turns":7},{"damage":0,"enemies":"Transient","floor":38,"turns":5},{"damage":18,"enemies":"Maw","floor":39,"turns":8},{"damage":58,"enemies":"2 Orb Walkers","floor":41,"turns":7},{"damage":0,"enemies":"Sphere and 2 Shapes","floor":45,"turns":7},{"damage":19,"enemies":"Reptomancer","floor":46,"turns":5},{"damage":14,"enemies":"Spire Growth","floor":48,"turns":8},{"damage":120,"enemies":"Donu and Deca","floor":50,"turns":14}],"seed_played":"-1833268174967698232","potions_obtained":[{"floor":2.0,"key":"Dexterity Potion"},{"floor":3.0,"key":"PowerPotion"},{"floor":10.0,"key":"CultistPotion"},{"floor":22,"key":"FairyPotion"},{"floor":30,"key":"DistilledChaos"},{"floor":33,"key":"FairyPotion"},{"floor":35,"key":"PotionOfCapacity"}],"is_trial":false,"path_per_floor":["M","M","M","?","?","R","E","R","T","M","M","?","E","M","R","B",null,"M","$","?","$","M","R","E","M","T","M","?","R","E","M","R","B",null,"M","M","$","M","M","R","?","R","T","T","M","E","R","M","R","B",null],"character_chosen":"DEFECT","items_purchased":["Defragment","Mind Blast","War Paint","Block Potion","Chill","Blizzard"],"campfire_rested":2,"item_purchase_floors":[19,19,19,19,21,37],"current_hp_per_floor":[66,60,60,53,42,42,37,37,44,41,40,33,26,27,49,32,75,70,70,70,70,72,72,43,47,47,41,25,47,54,64,64,24,75,62,75,75,75,75,75,34,34,34,34,60,75,75,75,75,40],"gold":380,"neow_bonus":"THREE_RARE_CARDS","is_daily":false,"chose_seed":false,"campfire_upgraded":8,"win_rate":0.0,"timestamp":1609236348,"path_taken":["M","M","M","?","?","R","E","R","T","M","M","?","E","M","R","BOSS","M","$","?","?","M","R","E","M","T","M","?","R","E","M","R","BOSS","M","M","$","M","M","R","?","R","T","?","M","E","R","M","R","BOSS"],"items_purchased_type":["Card","Card","Relic","Potion","Card","Card"],"build_version":"2020-12-22","purchased_purges":1,"victory":true,"max_hp_per_floor":[68,68,68,68,68,68,68,68,75,75,75,75,75,75,75,75,75,75,75,75,75,75,75,75,75,75,75,75,75,75,75,75,75,75,75,75,75,75,75,75,75,75,75,75,75,75,75,75,75,75],"card_choices":[{"not_picked":["Biased Cognition","Hyperbeam"],"picked":"Thunder Strike","floor":0.0},{"not_picked":["Hologram","FTL"],"picked":"Cold Snap","floor":1.0},{"not_picked":["Go for the Eyes","Streamline"],"picked":"Ball Lightning","floor":2.0},{"not_picked":["Coolheaded","Beam Cell"],"picked":"Conserve Battery","floor":3.0},{"not_picked":["Leap","Steam","Steam Power"],"picked":"SKIP","floor":7.0},{"not_picked":["Redo","Genetic Algorithm"],"picked":"Consume","floor":10.0},{"not_picked":["Cold Snap","Leap"],"picked":"Self Repair","floor":11.0},{"not_picked":["Rainbow","Go for the Eyes"],"picked":"Coolheaded","floor":13.0},{"not_picked":["Steam","FTL"],"picked":"Fusion","floor":14.0},{"not_picked":["Buffer","Machine Learning"],"picked":"Echo Form","floor":16.0},{"not_picked":["Steam","Go for the Eyes"],"picked":"Self Repair+1","floor":18},{"not_picked":["Consume","Steam"],"picked":"Hologram","floor":22},{"not_picked":["Barrage+1","Heatsinks"],"picked":"Steam+1","floor":24},{"not_picked":["Go for the Eyes+1","Chill"],"picked":"Sweeping Beam+1","floor":25},{"not_picked":["Glacier","Hello World","Streamline"],"picked":"SKIP","floor":27},{"not_picked":["Gash+1","Rebound"],"picked":"Coolheaded+1","floor":30},{"not_picked":["Streamline","Consume+1"],"picked":"Hello World+1","floor":31},{"not_picked":["Meteor Strike","Core Surge"],"picked":"Amplify","floor":33},{"not_picked":["Hologram","Ball Lightning"],"picked":"Force Field+1","floor":35},{"not_picked":["Cold Snap","Hello World"],"picked":"Undo","floor":36},{"not_picked":["Stack+1","Buffer"],"picked":"Coolheaded+1","floor":38},{"not_picked":["Redo","Hello World+1","Rebound"],"picked":"SKIP","floor":39},{"not_picked":["Gash+1","Static Discharge+1"],"picked":"Aggregate","floor":41},{"not_picked":["Rebound","Redo+1"],"picked":"Self Repair+1","floor":45},{"not_picked":["Creative AI","Ball Lightning+1"],"picked":"Conserve Battery+1","floor":46},{"not_picked":["Compile Driver","Go for the Eyes+1"],"picked":"Turbo+1","floor":48}],"player_experience":92003,"relics_obtained":[{"floor":7.0,"key":"Blood Vial"},{"floor":9.0,"key":"Strawberry"},{"floor":13.0,"key":"Girya"},{"floor":24,"key":"Ornamental Fan"},{"floor":26,"key":"Nunchaku"},{"floor":28,"key":"Enchiridion"},{"floor":30,"key":"White Beast Statue"},{"floor":41,"key":"FossilizedHelix"},{"floor":43,"key":"MawBank"},{"floor":44,"key":"Emotion Chip"},{"floor":46,"key":"Whetstone"}],"event_choices":[{"cards_removed":["Strike_B"],"damage_healed":0.0,"max_hp_gain":0.0,"max_hp_loss":0.0,"gold_gain":0.0,"event_name":"Golden Wing","player_choice":"Card Removal","floor":4.0,"gold_loss":0.0,"damage_taken":7.0},{"damage_healed":0.0,"max_hp_gain":0.0,"max_hp_loss":0.0,"gold_gain":75.0,"event_name":"World of Goop","player_choice":"Gather Gold","floor":5.0,"gold_loss":0.0,"damage_taken":11.0},{"damage_healed":0.0,"max_hp_gain":0.0,"max_hp_loss":0.0,"gold_gain":0.0,"event_name":"Scrap Ooze","player_choice":"Success","floor":12.0,"gold_loss":0.0,"damage_taken":7.0,"relics_obtained":["Boot"]},{"damage_healed":0,"gold_gain":0,"player_choice":"Copied","damage_taken":0,"max_hp_gain":0,"max_hp_loss":0,"event_name":"Duplicator","floor":20,"gold_loss":0,"cards_obtained":["Biased Cognition"]},{"damage_healed":0,"gold_gain":0,"player_choice":"Obtained Book","damage_taken":16,"max_hp_gain":0,"max_hp_loss":0,"event_name":"Cursed Tome","floor":28,"gold_loss":0},{"damage_healed":0,"gold_gain":0,"player_choice":"Fight","damage_taken":0,"max_hp_gain":0,"max_hp_loss":0,"event_name":"Mysterious Sphere","floor":41,"gold_loss":0}],"is_beta":false,"boss_relics":[{"not_picked":["Snecko Eye","Black Star"],"picked":"Pandora\u0027s Box"},{"not_picked":["Runic Pyramid","SlaversCollar"],"picked":"Nuclear Battery"}],"items_purged_floors":[37],"is_endless":false,"potions_floor_spawned":[2,3,10,22,30,31,33,35,36,38,39,41,45,46,48],"ascension_level":0}}