{"host":"792mtbovsoa03nb3","time":1609216102,"event":{"mods":["BaseMod","Colored Map","Dota2Spire","Downfall","Hubris","Infinite Spire","Minty Spire (QoL Compilation)","Replay The Spire","Spicy Shops","StSLib","The Blue Laboratory","The Jungle"],"gold_per_floor":[116,116,127,52,52,85,85,120,171,182,209,222,241,241,241,345,345,362,362,375,389,405,405,405,415,415,442,454,454,454],"floor_reached":29,"playtime":1005,"items_purged":["Strike_B"],"score":336,"play_id":"915c3d96-f4bd-4269-86a8-3b9cb7995c1c","local_time":"20201228202822","is_ascension_mode":true,"campfire_choices":[{"data":"Echo Form","floor":7,"key":"SMITH"},{"data":"Chaos","floor":15,"key":"SMITH"},{"data":"Electrodynamics","floor":23,"key":"SMITH"}],"circlet_count":0,"master_deck":["Strike_B","Strike_B","Strike_B","Defend_B","Defend_B","Defend_B","Defend_B","Zap","Dualcast","Biased Cognition","Streamline+1","Chill","Echo Form+1","Self Repair","Chaos+1","BasicCrystalCard","ReplaySolidLightProjector","Electrodynamics+1","hubris:PowerSurge","Crystallizer+1","Crystallizer+1","Self Repair","Coolheaded","Turbo+1","Crystallizer"],"relics":["Cracked Core","hubris:Icosahedron","Boot","Happy Flower","ReplayTheSpireMod:Lightbulb","Gambling Chip","hubris:CrystalStatue","Inserter","Replay:Accelerometer","Dota2Spire:ArmletOfMordiggian"],"acts_visited":["Exordium","TheCity"],"potions_floor_usage":[11,16,20,21,22,27,27,29],"damage_taken":[{"damage":0,"enemies":"2 Louse","floor":1,"turns":2},{"damage":0,"enemies":"Cultist","floor":3,"turns":2},{"damage":12,"enemies":"Gremlin Nob","floor":6,"turns":3},{"damage":3,"enemies":"Lagavulin","floor":8,"turns":4},{"damage":0,"enemies":"Small Slimes","floor":10,"turns":3},{"damage":0,"enemies":"3 Sentries","floor":11,"turns":5},{"damage":15,"enemies":"Blue Slaver","floor":12,"turns":3},{"damage":16,"enemies":"Large Slime","floor":13,"turns":4},{"damage":35,"enemies":"Fading Forest","floor":16,"turns":11},{"damage":29,"enemies":"3 Byrds","floor":18,"turns":4},{"damage":12,"enemies":"Shell Parasite","floor":20,"turns":5},{"damage":11,"enemies":"Snake Plant","floor":21,"turns":4},{"damage":29,"enemies":"Shelled Parasite and Fungi","floor":22,"turns":4},{"damage":0,"enemies":"Centurion and Healer","floor":25,"turns":4},{"damage":54,"enemies":"Slavers","floor":27,"turns":3},{"damage":12,"enemies":"Chosen and Byrds","floor":28,"turns":4},{"damage":37,"enemies":"Snake Plant","floor":29,"turns":2}],"seed_played":"-6897153965256764037","potions_obtained":[{"floor":8,"key":"SkillPotion"},{"floor":11,"key":"PowerPotion"},{"floor":12,"key":"PotionOfCapacity"},{"floor":13,"key":"blueLaboratory:NullPotion"},{"floor":18,"key":"LifebloodPotion"},{"floor":20,"key":"blueLaboratory:FruitPunch"},{"floor":22,"key":"Ancient Potion"},{"floor":25,"key":"Explosive Potion"}],"is_trial":false,"path_per_floor":["M","?","M","$","?","E","R","E","T","M","E","M","M","?","R","B",null,"M","?","M","M","M","R","?","M","T","E","M","M"],"character_chosen":"DEFECT","items_purchased":[],"campfire_rested":0,"item_purchase_floors":[],"current_hp_per_floor":[75,75,75,75,75,63,63,60,60,74,75,67,65,65,65,74,75,60,60,62,60,45,45,45,66,66,26,35,0,0],"gold":454,"neow_bonus":"ONE_RANDOM_RARE_CARD","is_daily":false,"chose_seed":false,"campfire_upgraded":3,"win_rate":0.0,"timestamp":1609216102,"path_taken":["M","?","?","$","?","E","R","E","T","M","E","M","M","?","R","BOSS","M","?","?","M","M","R","?","M","T","E","M","M"],"items_purchased_type":[],"build_version":"2020-12-22","purchased_purges":1,"victory":false,"max_hp_per_floor":[75,75,75,75,75,75,75,75,75,75,75,75,75,75,75,75,75,75,75,75,77,77,77,77,77,77,77,77,77,77],"card_choices":[{"not_picked":["ReplayTheSpireMod:Reroute Power","Skim"],"picked":"Streamline","floor":1},{"not_picked":["Hologram","Barrage"],"picked":"Chill","floor":3},{"not_picked":["Beam Cell","BasicCrystalCard"],"picked":"Echo Form","floor":6},{"not_picked":["Time Bomb","Force Field"],"picked":"Self Repair","floor":8},{"not_picked":["Rebound","Hologram"],"picked":"Chaos","floor":10},{"not_picked":["Turbo","Reinforced Body"],"picked":"BasicCrystalCard","floor":11},{"not_picked":["Steam","Cold Snap"],"picked":"ReplaySolidLightProjector","floor":12},{"not_picked":["Steam Power","Sweeping Beam","ReplaySort"],"picked":"SKIP","floor":13},{"not_picked":["Multi-Cast","Fission"],"picked":"Electrodynamics","floor":16},{"not_picked":["Sweeping Beam","Steam"],"picked":"hubris:PowerSurge","floor":18},{"not_picked":["Gash","Leap+1","Recycle+1"],"picked":"SKIP","floor":20},{"not_picked":["Stack","Steam+1"],"picked":"Crystallizer+1","floor":21},{"not_picked":["Redo+1","Streamline"],"picked":"Crystallizer+1","floor":22},{"not_picked":["Streamline","Ball Lightning+1"],"picked":"Coolheaded","floor":25},{"not_picked":["ReplayTheSpireMod:Reroute Power+1","Sweeping Beam"],"picked":"Turbo+1","floor":27},{"not_picked":["Steam+1","Chaos"],"picked":"Crystallizer","floor":28}],"player_experience":817765,"relics_obtained":[{"floor":6,"key":"Boot"},{"floor":8,"key":"Happy Flower"},{"floor":9,"key":"ReplayTheSpireMod:Lightbulb"},{"floor":11,"key":"Gambling Chip"},{"floor":26,"key":"Replay:Accelerometer"},{"floor":27,"key":"Dota2Spire:ArmletOfMordiggian"}],"event_choices":[{"damage_healed":0,"gold_gain":0,"player_choice":"Upgraded","damage_taken":0,"max_hp_gain":0,"max_hp_loss":0,"event_name":"Upgrade Shrine","floor":2,"gold_loss":0,"cards_upgraded":["Streamline"]},{"damage_healed":0,"gold_gain":0,"player_choice":"Box","damage_taken":0,"relics_obtained":["hubris:CrystalStatue"],"max_hp_gain":0,"max_hp_loss":0,"event_name":"Big Fish","floor":14,"gold_loss":0,"cards_obtained":["Regret"]},{"cards_removed":["Regret"],"damage_healed":0,"gold_gain":0,"player_choice":"Card Removal","damage_taken":0,"max_hp_gain":0,"max_hp_loss":0,"event_name":"Wheel of Change","floor":19,"gold_loss":0},{"damage_healed":0,"gold_gain":0,"player_choice":"Copied","damage_taken":0,"max_hp_gain":0,"max_hp_loss":0,"event_name":"Duplicator","floor":24,"gold_loss":0,"cards_obtained":["Self Repair"]}],"is_beta":false,"boss_relics":[{"not_picked":["Snecko Eye","Fusion Hammer"],"picked":"Inserter"}],"items_purged_floors":[4],"is_endless":false,"potions_floor_spawned":[8,11,12,13,18,20,22,25],"killed_by":"Snake Plant","ascension_level":3}}