{"host":"hg4d4z00zcdsq8kr","time":1609253311,"event":{"mods":["BaseMod","Downfall","Hubris","Infinite Spire","Minty Spire (QoL Compilation)","Replay The Spire","StSLib","The Cursed"],"gold_per_floor":[114,114,128,128,128,162,162,5,5,21,41,4,35,35,35,35,35],"floor_reached":16,"playtime":942,"items_purged":["TheCursedMod:Defend_TheCursed"],"score":108,"play_id":"e35361c9-b5fd-4746-bb7e-b64b861d6f2b","local_time":"20201229174831","is_ascension_mode":false,"campfire_choices":[{"floor":7,"key":"REST"},{"floor":15,"key":"REST"}],"circlet_count":0,"master_deck":["TheCursedMod:Strike_TheCursed","TheCursedMod:Strike_TheCursed","TheCursedMod:Strike_TheCursed","TheCursedMod:Strike_TheCursed","TheCursedMod:Defend_TheCursed","TheCursedMod:Defend_TheCursed","TheCursedMod:CursedWand","TheCursedMod:CleanUpWorkshop","TheCursedMod:Dregs","TheCursedMod:ManaCirculation","TheCursedMod:CircleOfCorruption","TheCursedMod:SpitefulStrike","TheCursedMod:CircleOfAbyss","TheCursedMod:RapidMovement","TheCursedMod:HellfireBreathing","TheCursedMod:TroublousMinions","TheCursedMod:FleshFromBone","TheCursedMod:LuckyCharm"],"relics":["TheCursedMod:BlackMagic101","infinitespire:CheckeredPen","Anchor","TheCursedMod:CrystalBall","infinitespire:Broken Mirror"],"acts_visited":["Exordium"],"potions_floor_usage":[6],"damage_taken":[{"damage":0,"enemies":"Jaw Worm","floor":1,"turns":3},{"damage":0,"enemies":"2 Louse","floor":3,"turns":3},{"damage":20,"enemies":"3 Sentries","floor":6,"turns":10},{"damage":15,"enemies":"Cultist","floor":10,"turns":4},{"damage":0,"enemies":"2 Fungi Beasts","floor":11,"turns":3},{"damage":26,"enemies":"Gremlin Nob","floor":13,"turns":5},{"damage":61,"enemies":"The Guardian","floor":16,"turns":13}],"seed_played":"-6149365341232872341","potions_obtained":[{"floor":3,"key":"Fire Potion"}],"is_trial":false,"path_per_floor":["M","?","M","?","?","E","R","$","T","M","M","$","E","?","R","B"],"character_chosen":"THE_CURSED","items_purchased":["TheCursedMod:HellfireBreathing","TheCursedMod:LuckyCharm"],"campfire_rested":2,"item_purchase_floors":[8,12],"current_hp_per_floor":[75,75,75,75,75,55,75,75,75,60,60,60,34,34,56,0,0],"gold":35,"neow_bonus":"ONE_RANDOM_RARE_CARD","is_daily":false,"chose_seed":false,"campfire_upgraded":0,"win_rate":0.0,"timestamp":1609253311,"path_taken":["M","?","M","?","?","E","R","$","T","?","M","$","E","?","R","BOSS"],"items_purchased_type":["Card","Card"],"build_version":"2020-12-22","purchased_purges":1,"victory":false,"max_hp_per_floor":[75,75,75,75,75,75,75,75,75,75,75,75,75,75,75,75,75],"card_choices":[{"not_picked":["TheCursedMod:CursedArmor","TheCursedMod:RavingStaff"],"picked":"TheCursedMod:CircleOfCorruption","floor":1},{"not_picked":["TheCursedMod:SpitefulPray","TheCursedMod:Grudge"],"picked":"TheCursedMod:SpitefulStrike","floor":3},{"not_picked":["TheCursedMod:SmokeScreen","TheCursedMod:WearCloak"],"picked":"TheCursedMod:RapidMovement","floor":6},{"not_picked":["TheCursedMod:CircleOfWindfury","TheCursedMod:CursedStaff"],"picked":"TheCursedMod:TroublousMinions","floor":10},{"not_picked":["TheCursedMod:CircleOfFocus","TheCursedMod:RapidMovement"],"picked":"TheCursedMod:FleshFromBone","floor":11},{"not_picked":["TheCursedMod:ParallelWorld","TheCursedMod:PrepareRite","TheCursedMod:BloodBarrier"],"picked":"SKIP","floor":13}],"player_experience":657947,"relics_obtained":[{"floor":6,"key":"Anchor"},{"floor":9,"key":"TheCursedMod:CrystalBall"},{"floor":13,"key":"infinitespire:Broken Mirror"}],"event_choices":[{"damage_healed":0,"gold_gain":0,"player_choice":"Ignored","damage_taken":0,"max_hp_gain":0,"max_hp_loss":0,"event_name":"Golden Wing","floor":2,"gold_loss":0},{"damage_healed":0,"gold_gain":0,"player_choice":"Box","damage_taken":0,"relics_obtained":["infinitespire:CheckeredPen"],"max_hp_gain":0,"max_hp_loss":0,"event_name":"Big Fish","floor":4,"gold_loss":0,"cards_obtained":["Regret"]},{"damage_healed":0,"gold_gain":0,"cards_transformed":["TheCursedMod:Defend_TheCursed"],"player_choice":"Transformed","damage_taken":0,"max_hp_gain":0,"max_hp_loss":0,"event_name":"Transmorgrifier","floor":5,"gold_loss":0,"cards_obtained":["TheCursedMod:CircleOfAbyss"]},{"cards_removed":["Regret"],"damage_healed":0,"gold_gain":0,"player_choice":"Purged","damage_taken":0,"max_hp_gain":0,"max_hp_loss":0,"event_name":"Purifier","floor":14,"gold_loss":0}],"is_beta":false,"boss_relics":[],"items_purged_floors":[8],"is_endless":false,"potions_floor_spawned":[3],"killed_by":"The Guardian","ascension_level":0}}