{"host":"8rwnpls8n88jrgbg","time":1609217820,"event":{"mods":["AchievementEnabler","BaseMod","Colored Map","Colored Powertips","DeckTracker","Keyboard Shortcuts","Minty Spire (QoL Compilation)","Relic Stats","StSLib","SuperFastMode"],"gold_per_floor":[110,127,52,52,71,71,98,113,113,133,208,224,34,34,34,108,108,118,118,18,35,47,75,75,85,109,129,229,229,229,264,264,340,340,350,350,369,369,369,396,396,429,477,489,522,127,137,148,148,148,148,148],"floor_reached":51,"playtime":4327,"items_purged":["Strike_G","Strike_G","Defend_G"],"score":1804,"play_id":"e0b57815-1b29-41b9-8c6b-c4b69c7e58c4","local_time":"20201229135700","is_ascension_mode":true,"campfire_choices":[{"data":"Poisoned Stab","floor":6.0,"key":"SMITH"},{"data":"Apotheosis","floor":15.0,"key":"SMITH"},{"floor":24.0,"key":"REST"},{"floor":30.0,"key":"REST"},{"data":"1","floor":32.0,"key":"LIFT"},{"floor":41.0,"key":"RECALL"},{"data":"2","floor":49.0,"key":"LIFT"}],"circlet_count":0,"master_deck":["AscendersBane","Defend_G","Defend_G","Defend_G","Survivor","Neutralize","Expertise","Blade Dance","Footwork","Poisoned Stab+1","Backstab","Noxious Fumes","Well Laid Plans","Finisher","Terror","Apotheosis+1","After Image","Acrobatics","Acrobatics+1","Concentrate","Night Terror","Accuracy+1","Blur+1","PiercingWail"],"relics":["Ring of the Snake","FaceOfCleric","Pocketwatch","Shuriken","SlaversCollar","Question Card","Snake Skull","Mango","The Courier","Girya","Coffee Dripper","Du-Vu Doll","Omamori","CeramicFish","White Beast Statue","Medical Kit"],"acts_visited":["Exordium","TheCity","TheBeyond"],"potions_floor_usage":[],"damage_taken":[{"damage":2.0,"enemies":"2 Louse","floor":1.0,"turns":3.0},{"damage":1.0,"enemies":"Cultist","floor":2.0,"turns":4.0},{"damage":0.0,"enemies":"Jaw Worm","floor":5.0,"turns":4.0},{"damage":15.0,"enemies":"Lagavulin","floor":7.0,"turns":5.0},{"damage":6.0,"enemies":"Exordium Wildlife","floor":8.0,"turns":4.0},{"damage":7.0,"enemies":"Red Slaver","floor":10.0,"turns":4.0},{"damage":8.0,"enemies":"3 Louse","floor":12.0,"turns":3.0},{"damage":0.0,"enemies":"The Guardian","floor":16.0,"turns":7.0},{"damage":9.0,"enemies":"2 Thieves","floor":18.0,"turns":4.0},{"damage":0.0,"enemies":"Chosen","floor":21.0,"turns":2.0},{"damage":4.0,"enemies":"3 Cultists","floor":22.0,"turns":4.0},{"damage":36.0,"enemies":"Slavers","floor":23.0,"turns":6.0},{"damage":0.0,"enemies":"Snake Plant","floor":25.0,"turns":1.0},{"damage":0.0,"enemies":"Centurion and Healer","floor":27.0,"turns":5.0},{"damage":25.0,"enemies":"Colosseum Slavers","floor":28.0,"turns":5.0},{"damage":6.0,"enemies":"Colosseum Nobs","floor":28.0,"turns":6.0},{"damage":8.0,"enemies":"Gremlin Leader","floor":31.0,"turns":5.0},{"damage":0.0,"enemies":"Champ","floor":33.0,"turns":6.0},{"damage":21.0,"enemies":"3 Darklings","floor":35.0,"turns":3.0},{"damage":1.0,"enemies":"Orb Walker","floor":37.0,"turns":4.0},{"damage":9.0,"enemies":"Giant Head","floor":40.0,"turns":3.0},{"damage":27.0,"enemies":"Reptomancer","floor":42.0,"turns":4.0},{"damage":5.0,"enemies":"Writhing Mass","floor":44.0,"turns":3.0},{"damage":0.0,"enemies":"Nemesis","floor":45.0,"turns":3.0},{"damage":3.0,"enemies":"4 Shapes","floor":47.0,"turns":6.0},{"damage":0.0,"enemies":"Maw","floor":48.0,"turns":5.0},{"damage":26.0,"enemies":"Time Eater","floor":50.0,"turns":8.0},{"damage":16,"enemies":"Donu and Deca","floor":51,"turns":1}],"seed_played":"4885968777192958703","potions_obtained":[{"floor":1.0,"key":"SteroidPotion"},{"floor":5.0,"key":"Weak Potion"},{"floor":8.0,"key":"FairyPotion"},{"floor":28.0,"key":"GamblersBrew"},{"floor":31.0,"key":"SteroidPotion"},{"floor":35.0,"key":"GamblersBrew"},{"floor":42.0,"key":"AttackPotion"},{"floor":44.0,"key":"AttackPotion"}],"is_trial":false,"path_per_floor":["M","M","$","?","M","R","E","M","T","M","?","M","$","?","R","B",null,"M","T","$","M","M","E","R","M","T","M","?","?","R","E","R","B",null,"M","?","M","?","?","E","R","E","T","M","E","$","M","M","R","B","B"],"character_chosen":"THE_SILENT","items_purchased":["Apotheosis","Medical Kit","Fruit Juice","GamblersBrew","PiercingWail"],"campfire_rested":2,"item_purchase_floors":[13,46,46,46,46],"current_hp_per_floor":[57,56,56,56,57,57,43,38,38,32,21,14,14,14,14,15,53,45,45,45,46,43,8,29,30,30,31,16,27,54,47,47,48,83,63,63,63,63,63,55,55,29,29,25,26,31,29,30,30,5,0,0],"gold":148,"neow_bonus":"TRANSFORM_TWO_CARDS","is_daily":false,"chose_seed":false,"campfire_upgraded":2,"win_rate":0.0,"timestamp":1609217820,"path_taken":["M","M","$","?","?","R","E","M","T","M","?","M","$","?","R","BOSS","M","?","$","M","M","E","R","M","T","M","?","?","R","E","R","BOSS","M","?","?","?","?","E","R","E","T","M","E","$","?","M","R","BOSS","BOSS"],"items_purchased_type":["Card","Relic","Potion","Potion","Card"],"build_version":"2020-12-22","purchased_purges":3,"victory":false,"max_hp_per_floor":[60,60,60,60,61,61,62,63,63,64,64,65,65,65,65,66,66,67,67,67,68,69,70,70,71,71,72,88,93,93,94,94,95,95,96,96,97,97,97,98,98,99,99,100,101,106,107,108,108,109,109,109],"relic_stats":{"FaceOfCleric":25,"counters":[28,118],"Shuriken":[73],"CeramicFish":9,"Snake Skull":[55],"Question Card":13,"Medical Kit":[0],"obtain_stats":[{"Girya":31,"CeramicFish":43,"Mango":28,"Snake Skull":26,"The Courier":28,"Omamori":42,"Question Card":23,"Medical Kit":46,"White Beast Statue":45,"Du-Vu Doll":40,"SlaversCollar":17,"FaceOfCleric":4,"Shuriken":9,"Coffee Dripper":34,"Ring of the Snake":0,"Pocketwatch":7},{"Girya":17,"CeramicFish":22,"Mango":16,"Snake Skull":13,"The Courier":16,"Omamori":22,"Question Card":12,"Medical Kit":24,"White Beast Statue":24,"Du-Vu Doll":21,"SlaversCollar":8,"FaceOfCleric":2,"Shuriken":5,"Coffee Dripper":18,"Ring of the Snake":0,"Pocketwatch":4},{"Girya":72,"CeramicFish":92,"Mango":67,"Snake Skull":51,"The Courier":67,"Omamori":92,"Question Card":50,"Medical Kit":98,"White Beast Statue":98,"Du-Vu Doll":88,"SlaversCollar":34,"FaceOfCleric":7,"Shuriken":20,"Coffee Dripper":78,"Ring of the Snake":0,"Pocketwatch":16}],"Ring of the Snake":[56],"Pocketwatch":[48]},"card_choices":[{"not_picked":["Deadly Poison","Deflect"],"picked":"Footwork","floor":1.0},{"not_picked":["Crippling Poison","Quick Slash"],"picked":"Poisoned Stab","floor":2.0},{"not_picked":["Backflip","Poisoned Stab"],"picked":"Backstab","floor":5.0},{"not_picked":["Sucker Punch","Masterful Stab"],"picked":"Noxious Fumes","floor":7.0},{"not_picked":["Backflip","Slice"],"picked":"Well Laid Plans","floor":8.0},{"not_picked":["Concentrate","Quick Slash"],"picked":"Finisher","floor":10.0},{"not_picked":["Masterful Stab","Backflip"],"picked":"Terror","floor":12.0},{"not_picked":["Glass Knife","Envenom"],"picked":"After Image","floor":16.0},{"not_picked":["Poisoned Stab","Caltrops"],"picked":"Acrobatics","floor":18.0},{"not_picked":["Sucker Punch","Deflect"],"picked":"Acrobatics","floor":21.0},{"not_picked":["Flying Knee","Poisoned Stab","Backstab"],"picked":"SKIP","floor":22.0},{"not_picked":["Flying Knee","Poisoned Stab","Backstab"],"picked":"SKIP","floor":22.0},{"not_picked":["Flying Knee","Poisoned Stab","Backstab"],"picked":"SKIP","floor":22.0},{"not_picked":["Poisoned Stab","Deflect","Noxious Fumes"],"picked":"SKIP","floor":23.0},{"not_picked":["Bouncing Flask","Dodge and Roll","Cloak And Dagger"],"picked":"Concentrate","floor":25.0},{"not_picked":["Dagger Throw","Well Laid Plans","PiercingWail","Flying Knee"],"picked":"SKIP","floor":27.0},{"not_picked":["Deflect","Endless Agony+1","Die Die Die"],"picked":"Night Terror","floor":31.0},{"not_picked":["Masterful Stab+1","Blade Dance","Bane+1"],"picked":"Accuracy+1","floor":35.0},{"not_picked":["Poisoned Stab","Caltrops+1","Bane+1"],"picked":"Blur+1","floor":37.0},{"not_picked":["Well Laid Plans","Poisoned Stab","Crippling Poison","Dash+1"],"picked":"SKIP","floor":40.0},{"not_picked":["Malaise","Backflip","Setup","Deflect"],"picked":"SKIP","floor":42.0},{"not_picked":["Flying Knee","Dodge and Roll+1","Slice","Quick Slash"],"picked":"SKIP","floor":44.0},{"not_picked":["Sucker Punch+1","Quick Slash","Deflect","Cloak And Dagger"],"picked":"SKIP","floor":45.0},{"not_picked":["Cloak And Dagger+1","Dagger Spray","Infinite Blades","Escape Plan"],"picked":"SKIP","floor":47.0},{"not_picked":["Accuracy","Dagger Spray","Dodge and Roll","Poisoned Stab+1"],"picked":"SKIP","floor":48.0}],"player_experience":1469797,"relics_obtained":[{"floor":7.0,"key":"Pocketwatch"},{"floor":9.0,"key":"Shuriken"},{"floor":23.0,"key":"Question Card"},{"floor":26.0,"key":"Snake Skull"},{"floor":28.0,"key":"Mango"},{"floor":28.0,"key":"The Courier"},{"floor":31.0,"key":"Girya"},{"floor":40.0,"key":"Du-Vu Doll"},{"floor":42.0,"key":"Omamori"},{"floor":43.0,"key":"CeramicFish"},{"floor":45.0,"key":"White Beast Statue"}],"event_choices":[{"damage_healed":0.0,"max_hp_gain":0.0,"max_hp_loss":0.0,"gold_gain":0.0,"event_name":"FaceTrader","player_choice":"Trade","floor":4.0,"gold_loss":0.0,"damage_taken":0.0,"relics_obtained":["FaceOfCleric"]},{"damage_healed":0.0,"max_hp_gain":0.0,"max_hp_loss":0.0,"gold_gain":75.0,"event_name":"World of Goop","player_choice":"Gather Gold","floor":11.0,"gold_loss":0.0,"damage_taken":11.0},{"cards_removed":["Strike_G"],"damage_healed":0.0,"max_hp_gain":0.0,"max_hp_loss":0.0,"gold_gain":0.0,"event_name":"Purifier","player_choice":"Purged","floor":14.0,"gold_loss":0.0,"damage_taken":0.0},{"damage_healed":0.0,"max_hp_gain":0.0,"max_hp_loss":0.0,"gold_gain":0.0,"event_name":"Colosseum","player_choice":"Fight","floor":28.0,"gold_loss":0.0,"damage_taken":0.0},{"damage_healed":0.0,"max_hp_gain":0.0,"max_hp_loss":0.0,"gold_gain":0.0,"event_name":"Colosseum","player_choice":"Fought Nobs","floor":28.0,"gold_loss":0.0,"damage_taken":0.0},{"damage_healed":0.0,"max_hp_gain":5.0,"max_hp_loss":0.0,"gold_gain":0.0,"event_name":"Forgotten Altar","player_choice":"Shed Blood","floor":29.0,"gold_loss":0.0,"damage_taken":31.0},{"cards_removed":["Strike_G"],"damage_healed":0.0,"max_hp_gain":0.0,"max_hp_loss":0.0,"gold_gain":0.0,"event_name":"Purifier","player_choice":"Purged","floor":36.0,"gold_loss":0.0,"damage_taken":0.0},{"damage_healed":0.0,"max_hp_gain":0.0,"max_hp_loss":0.0,"gold_gain":0.0,"event_name":"Mysterious Sphere","player_choice":"Ignored","floor":38.0,"gold_loss":0.0,"damage_taken":0.0},{"damage_healed":0.0,"max_hp_gain":0.0,"max_hp_loss":0.0,"gold_gain":0.0,"event_name":"Upgrade Shrine","player_choice":"Upgraded","floor":39.0,"gold_loss":0.0,"damage_taken":0.0,"cards_upgraded":["Acrobatics"]}],"is_beta":false,"boss_relics":[{"not_picked":["Snecko Eye","Velvet Choker"],"picked":"SlaversCollar"},{"not_picked":["Sozu","Ring of the Serpent"],"picked":"Coffee Dripper"}],"items_purged_floors":[3,20,46],"is_endless":false,"potions_floor_spawned":[1,5,8,21,28,31,33,35,42,44,47,48],"killed_by":"Donu and Deca","ascension_level":20}}