{"host":"m77rrhbqzv44va4v","time":1609214617,"event":{"mods":["AchievementEnabler","BaseMod","Colored Map","DeckTracker","Keyboard Shortcuts","Minty Spire (QoL Compilation)","StSLib","SuperFastMode","everything is the same but u backflip on backflip"],"gold_per_floor":[115,126,1,17,33,63,82,82,82,115,115,115,115],"floor_reached":12,"playtime":243,"items_purged":["Strike_R"],"score":158,"play_id":"281c464f-2f90-4eb3-a433-3ba65b948f3b","local_time":"20201229130337","is_ascension_mode":true,"campfire_choices":[{"floor":8,"key":"REST"},{"floor":11,"key":"DIG"}],"circlet_count":0,"master_deck":["AscendersBane","Strike_R","Strike_R","Strike_R","Strike_R","Defend_R","Defend_R","Defend_R","Defend_R","Bash+1","Cleave","Flex","Shrug It Off","Inflame","Evolve","Power Through"],"relics":["Burning Blood","WingedGreaves","Ornamental Fan","Shovel","Blue Candle"],"acts_visited":["Exordium"],"potions_floor_usage":[6,10,12],"damage_taken":[{"damage":6,"enemies":"Cultist","floor":1,"turns":4},{"damage":9,"enemies":"Jaw Worm","floor":2,"turns":3},{"damage":9,"enemies":"2 Louse","floor":4,"turns":2},{"damage":11,"enemies":"Large Slime","floor":5,"turns":7},{"damage":32,"enemies":"Gremlin Nob","floor":6,"turns":4},{"damage":11,"enemies":"2 Fungi Beasts","floor":7,"turns":3},{"damage":24,"enemies":"3 Sentries","floor":10,"turns":7},{"damage":25,"enemies":"Lagavulin","floor":12,"turns":5}],"seed_played":"2180967662769263009","potions_obtained":[{"floor":1,"key":"Ancient Potion"},{"floor":6,"key":"GamblersBrew"},{"floor":7,"key":"Block Potion"}],"is_trial":false,"path_per_floor":["M","M","$","M","M","E","M","R","T","E","R","E"],"character_chosen":"IRONCLAD","items_purchased":["Shrug It Off"],"campfire_rested":1,"item_purchase_floors":[3],"current_hp_per_floor":[68,65,65,62,57,31,26,48,48,30,30,5,5],"gold":115,"neow_bonus":"UPGRADE_CARD","is_daily":false,"chose_seed":false,"campfire_upgraded":0,"win_rate":0.0,"timestamp":1609214617,"path_taken":["M","?","$","M","M","E","M","R","T","E","R","E"],"items_purchased_type":["Card"],"build_version":"2020-12-22","purchased_purges":1,"victory":false,"max_hp_per_floor":[75,75,75,75,75,75,75,75,75,75,75,75,75],"card_choices":[{"not_picked":["Clothesline","Perfected Strike"],"picked":"Cleave","floor":1},{"not_picked":["Shockwave","Heavy Blade"],"picked":"Flex","floor":2},{"not_picked":["Shrug It Off","Hemokinesis"],"picked":"Inflame","floor":4},{"not_picked":["Armaments","Combust","Hemokinesis"],"picked":"SKIP","floor":5},{"not_picked":["True Grit","Reckless Charge"],"picked":"Evolve","floor":6},{"not_picked":["Hemokinesis","Entrench","Headbutt"],"picked":"SKIP","floor":7},{"not_picked":["Body Slam","Wild Strike"],"picked":"Power Through","floor":10}],"player_experience":835730,"relics_obtained":[{"floor":6,"key":"WingedGreaves"},{"floor":9,"key":"Ornamental Fan"},{"floor":10,"key":"Shovel"},{"floor":11,"key":"Blue Candle"}],"event_choices":[],"is_beta":false,"boss_relics":[],"items_purged_floors":[3],"is_endless":false,"potions_floor_spawned":[1,6,7],"killed_by":"Lagavulin","ascension_level":15}}