{"host":"i0avyit1s6jb1siw","time":1609273651,"event":{"mods":["BaseMod","DeckTracker","Dota2Spire","Highlight Path","Minty Spire (QoL Compilation)","Quick Restart","Replay The Spire","StSLib","SuperFastMode"],"gold_per_floor":[113,113,113,113,129,129,164,176,176,187,203,217,278,312,324,407,419,447,8,26,26,26,26,26,26],"floor_reached":24,"playtime":513,"items_purged":["Strike_R"],"score":462,"play_id":"81819f85-5171-4665-b321-68afc208e426","local_time":"20201229212731","is_ascension_mode":true,"campfire_choices":[{"data":"Dropkick","floor":6,"key":"SMITH"},{"data":"Disarm","floor":15,"key":"SMITH"},{"floor":23,"key":"REST"}],"circlet_count":0,"master_deck":["AscendersBane","Strike_R","Strike_R","Strike_R","Defend_R","Defend_R","Defend_R","Defend_R","Bash+1","Flame Barrier","Dropkick+1","Wild Strike","Anger","Dropkick","Battle Trance","Disarm+1","Barricade","Shrug It Off+1","Demon Form","Shrug It Off"],"relics":["Burning Blood","NeowsBlessing","ReplayTheSpireMod:Ninjato","Strawberry","Kunai","MawBank","Black Star","Membership Card","Dota2Spire:ShivaGuard"],"acts_visited":["Exordium","TheCity"],"potions_floor_usage":[13,16,24],"damage_taken":[{"damage":0,"enemies":"Jaw Worm","floor":1,"turns":1},{"damage":0,"enemies":"2 Louse","floor":5,"turns":1},{"damage":0,"enemies":"Replay:BlueRogue","floor":7,"turns":1},{"damage":4,"enemies":"Small Slimes","floor":8,"turns":3},{"damage":9,"enemies":"Red Slaver","floor":10,"turns":3},{"damage":4,"enemies":"Blue Slaver","floor":11,"turns":4},{"damage":11,"enemies":"Looter","floor":12,"turns":2},{"damage":33,"enemies":"3 Sentries","floor":13,"turns":8},{"damage":28,"enemies":"3 Sentries","floor":14,"turns":10},{"damage":10,"enemies":"Hexaghost","floor":16,"turns":8},{"damage":31,"enemies":"Shell Parasite","floor":18,"turns":7},{"damage":18,"enemies":"Spheric Guardian","floor":20,"turns":6},{"damage":54,"enemies":"Book of Stabbing","floor":24,"turns":10}],"seed_played":"-4756922768089892325","potions_obtained":[{"floor":5,"key":"DistilledChaos"},{"floor":8,"key":"Swift Potion"},{"floor":16,"key":"Languid Potion"},{"floor":18,"key":"SpeedPotion"}],"is_trial":false,"path_per_floor":["M","?","?","?","M","R","E","M","T","M","M","M","?","E","R","B",null,"M","$","M","?","T","R","E"],"character_chosen":"IRONCLAD","items_purchased":["Membership Card","Dota2Spire:ShivaGuard","Demon Form"],"campfire_rested":1,"item_purchase_floors":[19,19,19],"current_hp_per_floor":[74,74,74,74,75,75,75,75,82,79,81,76,49,27,27,23,67,42,42,30,30,30,54,0,0],"gold":26,"neow_bonus":"THREE_ENEMY_KILL","is_daily":false,"chose_seed":false,"campfire_upgraded":2,"win_rate":0.0,"timestamp":1609273651,"path_taken":["M","?","?","?","M","R","E","M","T","M","M","?","?","E","R","BOSS","M","$","M","?","?","R","E"],"items_purchased_type":["Relic","Relic","Card"],"build_version":"2020-12-22","purchased_purges":1,"victory":false,"max_hp_per_floor":[75,75,75,75,75,75,75,75,82,82,82,82,82,82,82,82,82,82,82,82,82,82,82,82,82],"card_choices":[{"not_picked":["Replay:Undeath\u0027s Touch","Wild Strike"],"picked":"Flame Barrier","floor":1},{"not_picked":["Wild Strike","Replay:Undeath\u0027s Touch"],"picked":"Dropkick","floor":5},{"not_picked":["ReplayTheSpireMod:Corrosion Curse","Defy Death"],"picked":"Wild Strike","floor":7},{"not_picked":["Defy Death","Armaments","Sword Boomerang"],"picked":"SKIP","floor":8},{"not_picked":["ReplayReversal","Feel No Pain","Run Through"],"picked":"SKIP","floor":10},{"not_picked":["Flex","Sword Boomerang"],"picked":"Anger","floor":11},{"not_picked":["Burning Pact","Flame Barrier"],"picked":"Dropkick","floor":12},{"not_picked":["Iron Wave","Run Through"],"picked":"Battle Trance","floor":13},{"not_picked":["Power Through","Berserk"],"picked":"Disarm","floor":14},{"not_picked":["Exhume","Double Tap"],"picked":"Barricade","floor":16},{"not_picked":["Sentinel+1","Heavy Blade"],"picked":"Shrug It Off+1","floor":18},{"not_picked":["Whirlwind","Heavy Blade"],"picked":"Shrug It Off","floor":20}],"player_experience":2133747,"relics_obtained":[{"floor":7,"key":"ReplayTheSpireMod:Ninjato"},{"floor":9,"key":"Strawberry"},{"floor":13,"key":"Kunai"},{"floor":14,"key":"MawBank"}],"event_choices":[{"cards_removed":["Strike_R"],"damage_healed":0,"gold_gain":0,"player_choice":"Forget","damage_taken":0,"max_hp_gain":0,"max_hp_loss":0,"event_name":"Living Wall","floor":2,"gold_loss":0},{"damage_healed":0,"gold_gain":0,"player_choice":"Upgraded","damage_taken":0,"max_hp_gain":0,"max_hp_loss":0,"event_name":"Upgrade Shrine","floor":4,"gold_loss":0,"cards_upgraded":["Bash"]},{"damage_healed":0,"gold_gain":30,"player_choice":"Searched \u00272\u0027 times","damage_taken":0,"max_hp_gain":0,"max_hp_loss":0,"event_name":"Dead Adventurer","floor":13,"gold_loss":0},{"damage_healed":0,"gold_gain":0,"player_choice":"Ignored","damage_taken":0,"max_hp_gain":0,"max_hp_loss":0,"event_name":"Vampires","floor":21,"gold_loss":0}],"is_beta":false,"boss_relics":[{"not_picked":["Replay:Bronze Core","Snecko Heart"],"picked":"Black Star"}],"items_purged_floors":[19],"is_endless":false,"potions_floor_spawned":[5,8,10,12,16,18,20],"killed_by":"Book of Stabbing","ascension_level":20}}