{"host":"baiuyraednrljtmn","time":1609229358,"event":{"mods":["BaseMod","Colored Map","Colored Powertips","Current Relic Mod","DeckTracker","Hermit","Keyboard Shortcuts","Minty Spire (QoL Compilation)","Relic Stats","StSLib","SuperFastMode","everything is the same but u backflip on backflip"],"gold_per_floor":[119,44,44,44,44,77,77,105,105,118,134,98,159,176,176,247,247,247,247,247,247,187,187,187,187,187,187,187,187],"floor_reached":28,"playtime":613,"items_purged":[],"score":814,"play_id":"a5774689-ac2a-4799-8696-ba6f40b8787b","local_time":"20201229170918","is_ascension_mode":true,"campfire_choices":[{"data":"Uppercut","floor":7.0,"key":"SMITH"},{"data":"Demon Form","floor":15.0,"key":"SMITH"},{"floor":24.0,"key":"REST"}],"circlet_count":0,"master_deck":["AscendersBane","Strike_R+1","Strike_R+1","Strike_R","Strike_R","Defend_R","Defend_R","Defend_R","Bash","Uppercut+1","Demon Form+1","Sword Boomerang","Fire Breathing","Pummel","Limit Break","Reckless Charge","Heavy Blade","Thunderclap"],"relics":["Burning Blood","NeowsBlessing","Mummified Hand","FossilizedHelix","Pocketwatch","Charon\u0027s Ashes","Ectoplasm","MawBank","The Courier","Singing Bowl","Peace Pipe"],"acts_visited":["Exordium","TheCity"],"potions_floor_usage":[27,28],"damage_taken":[{"damage":0.0,"enemies":"Small Slimes","floor":1.0,"turns":1.0},{"damage":0.0,"enemies":"Gremlin Nob","floor":6.0,"turns":1.0},{"damage":0.0,"enemies":"Lagavulin","floor":8.0,"turns":1.0},{"damage":0.0,"enemies":"2 Louse","floor":10.0,"turns":2.0},{"damage":0.0,"enemies":"Cultist","floor":11.0,"turns":3.0},{"damage":11.0,"enemies":"Exordium Thugs","floor":14.0,"turns":2.0},{"damage":0.0,"enemies":"Slime Boss","floor":16.0,"turns":4.0},{"damage":14.0,"enemies":"Shell Parasite","floor":18.0,"turns":3.0},{"damage":22.0,"enemies":"2 Thieves","floor":22.0,"turns":4.0},{"damage":44.0,"enemies":"Book of Stabbing","floor":23.0,"turns":4.0},{"damage":0.0,"enemies":"Gremlin Leader","floor":25.0,"turns":4.0},{"damage":32,"enemies":"Slavers","floor":27,"turns":4},{"damage":33,"enemies":"Snake Plant","floor":28,"turns":3}],"seed_played":"7146588789045437790","potions_obtained":[{"floor":8.0,"key":"DistilledChaos"},{"floor":10.0,"key":"GamblersBrew"},{"floor":16.0,"key":"PowerPotion"},{"floor":23.0,"key":"Fire Potion"},{"floor":25.0,"key":"SteroidPotion"},{"floor":27,"key":"Fruit Juice"}],"is_trial":false,"path_per_floor":["M","?","?","?","T","E","R","E","T","M","M","$","?","M","R","B",null,"M","?","?","$","M","E","R","E","T","E","M"],"character_chosen":"IRONCLAD","items_purchased":["Fire Breathing"],"campfire_rested":1,"item_purchase_floors":[12],"current_hp_per_floor":[74,74,51,56,56,62,62,68,68,74,80,80,80,75,75,80,80,72,72,72,72,56,18,42,48,48,24,0,0],"gold":187,"neow_bonus":"THREE_ENEMY_KILL","is_daily":false,"chose_seed":false,"campfire_upgraded":2,"win_rate":0.0,"timestamp":1609229358,"path_taken":["M","?","?","?","?","E","R","E","T","M","?","?","?","M","R","BOSS","M","?","?","$","?","E","R","E","T","E","M"],"items_purchased_type":["Card"],"build_version":"2020-12-22","purchased_purges":0,"victory":false,"max_hp_per_floor":[75,75,75,80,80,80,80,80,80,80,80,80,80,80,80,80,80,80,80,80,80,80,80,80,80,80,82,87,87],"relic_stats":{"Peace Pipe":0,"Singing Bowl":2,"counters":[13,36],"Mummified Hand":[20],"Charon\u0027s Ashes":[68],"Ectoplasm":246,"MawBank":0,"obtain_stats":[{"Peace Pipe":27,"NeowsBlessing":0,"Singing Bowl":26,"Mummified Hand":5,"Charon\u0027s Ashes":9,"Ectoplasm":17,"The Courier":25,"MawBank":23,"Burning Blood":0,"FossilizedHelix":6,"Pocketwatch":8},{"Peace Pipe":12,"NeowsBlessing":0,"Singing Bowl":11,"Mummified Hand":1,"Charon\u0027s Ashes":3,"Ectoplasm":7,"The Courier":11,"MawBank":10,"Burning Blood":0,"FossilizedHelix":2,"Pocketwatch":3},{"Peace Pipe":33,"NeowsBlessing":0,"Singing Bowl":29,"Mummified Hand":1,"Charon\u0027s Ashes":3,"Ectoplasm":14,"The Courier":29,"MawBank":25,"Burning Blood":0,"FossilizedHelix":2,"Pocketwatch":3}],"Burning Blood":71,"Pocketwatch":[45]},"card_choices":[{"not_picked":["True Grit","Thunderclap","Sever Soul"],"picked":"SKIP","floor":1.0},{"not_picked":["Perfected Strike","True Grit"],"picked":"Uppercut","floor":6.0},{"not_picked":["Reckless Charge","Sentinel"],"picked":"Demon Form","floor":8.0},{"not_picked":["Armaments","Flame Barrier"],"picked":"Sword Boomerang","floor":10.0},{"not_picked":["Clothesline","Warcry","Thunderclap"],"picked":"SKIP","floor":11.0},{"not_picked":["Clothesline","Rampage"],"picked":"Pummel","floor":14.0},{"not_picked":["Brutality","Barricade"],"picked":"Limit Break","floor":16.0},{"not_picked":["Pommel Strike","Evolve"],"picked":"Reckless Charge","floor":18.0},{"not_picked":["Havoc","Inflame+1","Battle Trance"],"picked":"SKIP","floor":22.0},{"not_picked":["Warcry","Uppercut","Clash+1"],"picked":"SKIP","floor":23.0},{"not_picked":["Blood for Blood","Perfected Strike+1"],"picked":"Thunderclap","floor":25.0},{"not_picked":["Shrug It Off+1","Cleave+1","Exhume"],"picked":"Singing Bowl","floor":27}],"player_experience":1434011,"relics_obtained":[{"floor":5.0,"key":"Mummified Hand"},{"floor":6.0,"key":"FossilizedHelix"},{"floor":8.0,"key":"Pocketwatch"},{"floor":9.0,"key":"Charon\u0027s Ashes"},{"floor":23.0,"key":"MawBank"},{"floor":25.0,"key":"The Courier"},{"floor":26.0,"key":"Singing Bowl"},{"floor":27,"key":"Peace Pipe"}],"event_choices":[{"cards_removed":["Strike_R"],"damage_healed":0.0,"max_hp_gain":0.0,"max_hp_loss":0.0,"gold_gain":0.0,"event_name":"The Cleric","player_choice":"Card Removal","floor":2.0,"gold_loss":75.0,"damage_taken":0.0},{"damage_healed":0.0,"max_hp_gain":0.0,"max_hp_loss":0.0,"gold_gain":0.0,"event_name":"Shining Light","player_choice":"Entered Light","floor":3.0,"gold_loss":0.0,"damage_taken":23.0,"cards_upgraded":["Strike_R","Strike_R"]},{"damage_healed":0.0,"max_hp_gain":5.0,"max_hp_loss":0.0,"gold_gain":0.0,"event_name":"Big Fish","player_choice":"Donut","floor":4.0,"gold_loss":0.0,"damage_taken":0.0},{"damage_healed":0.0,"max_hp_gain":0.0,"max_hp_loss":0.0,"gold_gain":61.0,"event_name":"Golden Wing","player_choice":"Gained Gold","floor":13.0,"gold_loss":0.0,"damage_taken":0.0},{"damage_healed":0.0,"max_hp_gain":0.0,"max_hp_loss":0.0,"gold_gain":0.0,"event_name":"The Library","player_choice":"Read","floor":19.0,"gold_loss":0.0,"damage_taken":0.0,"cards_obtained":["Heavy Blade"]},{"cards_removed":["Defend_R"],"damage_healed":0.0,"max_hp_gain":0.0,"max_hp_loss":0.0,"gold_gain":0.0,"event_name":"Purifier","player_choice":"Purged","floor":20.0,"gold_loss":0.0,"damage_taken":0.0}],"is_beta":false,"boss_relics":[{"not_picked":["Cursed Key","Fusion Hammer"],"picked":"Ectoplasm"}],"items_purged_floors":[],"is_endless":false,"potions_floor_spawned":[8,10,16,23,25,27],"killed_by":"Snake Plant","ascension_level":20}}