{"host":"4c7oxphrh4ok8x7u","time":1609259766,"event":{"mods":["2.2 Compatiblity","Act Like it!","Arknights The Spire","Aspiration","BaseMod","Better Skull","Better Vampires","BetterRewards","Challenge The Spire","Conjunction","Conspire","Custom Start","Dota2Spire","Ekko","Evolution","Friendly Minions","FruityMod","GifTheSpireLib","Halation","Hermit","HololiveMod","Hubris","Hyrulean Relics","Jedi Mod","Kratos Character Expansion","Minty Spire (QoL Compilation)","MostiFishMod","Permanent Neow","Prisma Mod","Quarter Circle Forward PUNCH!","RatMod","Replay The Spire","Robot Space Explorer","SCP261 Mod","Shade Mod","Slay the Relics Exporter","Small Relic Pack","Spicy Shops","Spikes Relics","Spires And Sneckos","StSLib","Stuff the Spire","The Animator","The Blue Laboratory","The Death Knight","The Edgeheg","The Exalted","The Fake Hero","The Trickster","TheWitcher","Wandering Minibosses"],"gold_per_floor":[117,117,136,136,155,155,169,201,201,201,221,221,176,251,251,251,251],"floor_reached":16,"playtime":2515,"items_purged":[],"score":100,"play_id":"01a99f94-dad6-4df2-8efc-d3a9d534ac66","local_time":"20201229193606","is_ascension_mode":false,"campfire_choices":[{"data":"ats:Emotion Absorption","floor":6,"key":"SMITH"},{"data":"ats:Healing Drone","floor":10,"key":"SMITH"},{"data":"ats:Counter Healing Mode","floor":12,"key":"SMITH"},{"data":"ats:Healing Drone","floor":15,"key":"SMITH"}],"circlet_count":0,"master_deck":["ats:Strike C","ats:Strike G","ats:Strike S","ats:Strike V","ats:Armor Crushing Shot","ats:Defend","ats:Defend","ats:Defend","ats:Emotion Absorption+1","ats:Revitalization","ats:Revitalization","ats:Blood Oath","ats:Flexible Camouflage","ats:Healing Drone+1","ats:Counter Healing Mode+1","ats:Healing Drone+1"],"relics":["ats:Sanity","EVO:Axolotl","DaveBox","aspiration:Nostalgia","SpiresAndSneckos:StoneHearth","BrkXgEgg","SynthV:TestCard","ats:Originium","ats:Hidden Killer","Peace Pipe"],"acts_visited":["Exordium"],"potions_floor_usage":[8],"damage_taken":[{"damage":16,"enemies":"Jaw Worm","floor":1,"turns":6},{"damage":10,"enemies":"Cultist","floor":3,"turns":4},{"damage":13,"enemies":"Small Slimes","floor":5,"turns":6},{"damage":23,"enemies":"Red Slaver","floor":7,"turns":4},{"damage":45,"enemies":"3 Sentries","floor":8,"turns":12},{"damage":13,"enemies":"Exordium Wildlife","floor":11,"turns":7},{"damage":17,"enemies":"Looter","floor":13,"turns":5},{"damage":129,"enemies":"Hexaghost","floor":16,"turns":14}],"seed_played":"2368292721697431312","potions_obtained":[{"floor":1,"key":"blueLaboratory:AbyssPotion"},{"floor":7,"key":"ColorlessPotion"}],"is_trial":false,"path_per_floor":["M","?","M","$","M","R","M","E","T","R","M","R","M","?","R","B"],"character_chosen":"DOCTOR_CLASS","items_purchased":[],"campfire_rested":0,"item_purchase_floors":[],"current_hp_per_floor":[56,56,51,51,54,54,44,33,33,33,53,53,61,54,54,24,24],"gold":251,"neow_bonus":"NOSTALGIA","is_daily":false,"chose_seed":false,"campfire_upgraded":4,"win_rate":0.0,"timestamp":1609259766,"path_taken":["M","?","M","$","M","R","M","E","T","R","M","R","?","?","R","BOSS"],"items_purchased_type":[],"build_version":"2020-12-22","purchased_purges":0,"victory":false,"max_hp_per_floor":[72,72,72,72,72,72,72,72,72,72,72,72,72,72,72,72,72],"card_choices":[{"not_picked":["ats:Guardian Obelisk","ats:Hammer On"],"picked":"ats:Revitalization","floor":1},{"not_picked":["ats:Explosion Area Strengthen","ats:Directed Diagnosis","ats:Support Order","ats:Soul Absorption"],"picked":"ats:Revitalization","floor":3},{"not_picked":["ats:Consecutive Shot Auto","ats:Apocalypse","ats:Hammer On","ats:Flexible Camouflage"],"picked":"ats:Blood Oath","floor":5},{"not_picked":["ats:Soul Absorption","ats:Explosion Area Strengthen","ats:Cat Scratch","ats:Hammer On"],"picked":"ats:Flexible Camouflage","floor":7},{"not_picked":["ats:Shell Defense","ats:Explosion Area Strengthen","ats:Durian+1","ats:Sunburst"],"picked":"ats:Healing Drone","floor":8},{"not_picked":["ats:Flexible Camouflage","ats:Cat Scratch","ats:Apocalypse","ats:Shell Defense"],"picked":"ats:Counter Healing Mode","floor":11},{"not_picked":["ats:Revitalization","ats:Defend Order","ats:Consecutive Shot Auto","ats:Spore Proliferation"],"picked":"ats:Healing Drone","floor":13}],"player_experience":639795,"relics_obtained":[{"floor":1,"key":"SynthV:TestCard"},{"floor":8,"key":"ats:Originium"},{"floor":8,"key":"ats:Hidden Killer"},{"floor":9,"key":"Peace Pipe"}],"event_choices":[{"cards_removed":["ats:Defend"],"damage_healed":0,"gold_gain":0,"player_choice":"Purged","damage_taken":0,"max_hp_gain":0,"max_hp_loss":0,"event_name":"Purifier","floor":2,"gold_loss":0},{"damage_healed":0,"gold_gain":75,"player_choice":"Touch","damage_taken":7,"max_hp_gain":0,"max_hp_loss":0,"event_name":"FaceTrader","floor":14,"gold_loss":0}],"is_beta":false,"boss_relics":[],"items_purged_floors":[],"is_endless":false,"potions_floor_spawned":[1,7],"killed_by":"Hexaghost","ascension_level":0}}