{"host":"t8l92xzjkmihtain","time":1609241152,"event":{"mods":["AchievementEnabler","BaseMod","Colored Map","Minty Spire (QoL Compilation)","Rare Cards Sparkle","SuperFastMode","everything is the same but u backflip on backflip"],"gold_per_floor":[136,136,136,160,200,276,276,321,321,380,414,414,454,507,507,651,651,685,391,391,316,316,316,216,235,260,260,260,281,304,31,31,160,160,185,208,541,541,541,541,574,585,636,546,560,560,57,67,67,67],"floor_reached":51,"playtime":1750,"items_purged":["Bash","Strike_R","Strike_R","Decay"],"score":785,"play_id":"f0cb5f6e-7696-47ab-8223-c0ed90180cd0","local_time":"20201229202552","is_ascension_mode":true,"campfire_choices":[{"floor":7,"key":"REST"},{"data":"Heavy Blade","floor":12,"key":"SMITH"},{"floor":15,"key":"REST"},{"data":"Heavy Blade","floor":23,"key":"SMITH"},{"floor":27,"key":"REST"},{"floor":32,"key":"REST"},{"floor":46,"key":"REST"},{"floor":49,"key":"REST"}],"circlet_count":0,"master_deck":["Strike_R","Strike_R","Strike_R","Defend_R","HandOfGreed","Flex","Flex","Infernal Blade","Reaper","Heavy Blade+1","Heavy Blade+1","Infernal Blade+1","Reaper","Warcry","Inflame","Twin Strike","Twin Strike","Double Tap","Necronomicurse","Heavy Blade+1","Pummel","Warcry+1","Flex+1"],"relics":["Burning Blood","CultistMask","Red Skull","Mercury Hourglass","Mango","Oddly Smooth Stone","SlaversCollar","Juzu Bracelet","MutagenicStrength","Dream Catcher","Necronomicon","Brimstone","Velvet Choker","Bag of Marbles","Ancient Tea Set","ClockworkSouvenir","Nunchaku"],"acts_visited":["Exordium","TheCity","TheBeyond"],"potions_floor_usage":[6,10,13,14,33,45,50,50],"damage_taken":[{"damage":0,"enemies":"Cultist","floor":1,"turns":2},{"damage":2,"enemies":"Jaw Worm","floor":4,"turns":3},{"damage":0,"enemies":"2 Louse","floor":5,"turns":2},{"damage":19,"enemies":"3 Sentries","floor":6,"turns":7},{"damage":9,"enemies":"Exordium Wildlife","floor":8,"turns":5},{"damage":13,"enemies":"Lagavulin","floor":10,"turns":3},{"damage":11,"enemies":"2 Fungi Beasts","floor":11,"turns":3},{"damage":6,"enemies":"3 Louse","floor":13,"turns":2},{"damage":24,"enemies":"3 Sentries","floor":14,"turns":4},{"damage":77,"enemies":"Slime Boss","floor":16,"turns":8},{"damage":67,"enemies":"Shell Parasite","floor":18,"turns":7},{"damage":6,"enemies":"Chosen","floor":25,"turns":3},{"damage":0,"enemies":"Sentry and Sphere","floor":29,"turns":2},{"damage":49,"enemies":"Shelled Parasite and Fungi","floor":30,"turns":3},{"damage":27,"enemies":"Automaton","floor":33,"turns":4},{"damage":11,"enemies":"Orb Walker","floor":35,"turns":2},{"damage":14,"enemies":"3 Darklings","floor":36,"turns":2},{"damage":71,"enemies":"Nemesis","floor":41,"turns":5},{"damage":6,"enemies":"4 Shapes","floor":42,"turns":2},{"damage":32,"enemies":"Maw","floor":45,"turns":3},{"damage":10,"enemies":"3 Darklings","floor":48,"turns":2},{"damage":17,"enemies":"Time Eater","floor":50,"turns":4}],"seed_played":"3206693675971616809","potions_obtained":[{"floor":4,"key":"Weak Potion"},{"floor":5,"key":"SkillPotion"},{"floor":8,"key":"ColorlessPotion"},{"floor":10,"key":"BlessingOfTheForge"},{"floor":18,"key":"LiquidMemories"},{"floor":29,"key":"FearPotion"},{"floor":35,"key":"ColorlessPotion"},{"floor":41,"key":"Weak Potion"},{"floor":42,"key":"PowerPotion"}],"is_trial":false,"path_per_floor":["M","?","?","M","M","E","R","M","T","E","M","R","M","E","R","B",null,"M","$","?","?","?","R","$","M","T","R","?","M","M","$","R","B",null,"M","M","?","?","?","?","E","M","T","?","M","R","$","M","R","B",null],"character_chosen":"IRONCLAD","items_purchased":["Inflame","Juzu Bracelet","Brimstone","ClockworkSouvenir","Swift Potion","Nunchaku"],"campfire_rested":6,"item_purchase_floors":[19,19,31,47,47,47],"current_hp_per_floor":[62,42,42,46,52,39,63,60,60,67,62,62,62,65,93,22,94,49,49,49,49,49,49,49,49,49,77,61,67,51,51,79,73,94,89,88,88,88,88,88,48,48,48,48,44,70,70,66,89,89],"gold":67,"neow_bonus":"RANDOM_COLORLESS_2","is_daily":false,"chose_seed":false,"campfire_upgraded":2,"win_rate":0.0,"timestamp":1609241152,"path_taken":["M","?","?","?","?","E","R","M","T","E","M","R","M","E","R","BOSS","M","$","?","?","?","R","?","M","T","R","?","M","M","$","R","BOSS","M","M","?","?","?","?","E","M","T","?","M","R","$","M","R","BOSS"],"items_purchased_type":["Card","Relic","Relic","Relic","Potion","Relic"],"build_version":"2020-12-22","purchased_purges":4,"victory":true,"max_hp_per_floor":[80,80,80,80,80,80,80,80,80,94,94,94,94,94,94,94,94,94,94,94,94,94,94,94,94,94,94,94,94,94,94,94,94,94,94,94,94,94,89,89,89,89,89,89,89,89,89,89,89,89],"card_choices":[{"not_picked":["Sadistic Nature","The Bomb"],"picked":"HandOfGreed","floor":0},{"not_picked":["Whirlwind","Sever Soul"],"picked":"Flex","floor":1},{"not_picked":["Ghostly Armor","Cleave"],"picked":"Flex","floor":4},{"not_picked":["Sever Soul","Iron Wave"],"picked":"Infernal Blade","floor":5},{"not_picked":["Perfected Strike","Twin Strike"],"picked":"Reaper","floor":6},{"not_picked":["Second Wind","Evolve"],"picked":"Heavy Blade","floor":8},{"not_picked":["Sever Soul","Combust","Twin Strike"],"picked":"SKIP","floor":10},{"not_picked":["Bloodletting","Ghostly Armor","Burning Pact"],"picked":"SKIP","floor":11},{"not_picked":["Wild Strike","Perfected Strike"],"picked":"Heavy Blade","floor":13},{"not_picked":["Havoc","Immolate"],"picked":"Infernal Blade","floor":14},{"not_picked":["Berserk","Demon Form"],"picked":"Reaper","floor":16},{"not_picked":["Headbutt","Dark Embrace"],"picked":"Warcry","floor":18},{"not_picked":["Thunderclap+1","Hemokinesis"],"picked":"Twin Strike","floor":25},{"not_picked":["Sword Boomerang+1","Disarm"],"picked":"Double Tap","floor":27},{"not_picked":["Clash+1","Seeing Red","Body Slam"],"picked":"SKIP","floor":29},{"not_picked":["Dual Wield","Body Slam","Warcry"],"picked":"SKIP","floor":30},{"not_picked":["Shrug It Off+1","Ghostly Armor"],"picked":"Heavy Blade+1","floor":32},{"not_picked":["Iron Wave","Sword Boomerang","Havoc+1"],"picked":"SKIP","floor":35},{"not_picked":["Sword Boomerang","Warcry","Armaments"],"picked":"SKIP","floor":36},{"not_picked":["Fiend Fire","Whirlwind","Twin Strike"],"picked":"SKIP","floor":41},{"not_picked":["Whirlwind","Uppercut"],"picked":"Pummel","floor":42},{"not_picked":["Headbutt","Sword Boomerang"],"picked":"Warcry+1","floor":45},{"not_picked":["Clash+1","Feel No Pain+1"],"picked":"Flex+1","floor":46},{"not_picked":["Dual Wield+1","Intimidate+1","Iron Wave+1"],"picked":"SKIP","floor":48}],"player_experience":28181,"relics_obtained":[{"floor":6,"key":"Red Skull"},{"floor":9,"key":"Mercury Hourglass"},{"floor":10,"key":"Mango"},{"floor":14,"key":"Oddly Smooth Stone"},{"floor":26,"key":"Dream Catcher"},{"floor":28,"key":"Necronomicon"},{"floor":41,"key":"Bag of Marbles"},{"floor":43,"key":"Ancient Tea Set"}],"event_choices":[{"damage_healed":0,"gold_gain":0,"player_choice":"Take Damage","damage_taken":20,"relics_obtained":["Golden Idol"],"max_hp_gain":0,"max_hp_loss":0,"event_name":"Golden Idol","floor":2,"gold_loss":0},{"damage_healed":0,"gold_gain":0,"player_choice":"Trade","damage_taken":0,"relics_obtained":["CultistMask"],"max_hp_gain":0,"max_hp_loss":0,"event_name":"FaceTrader","floor":3,"gold_loss":0},{"damage_healed":0,"gold_gain":0,"player_choice":"Inject Mutagens","damage_taken":0,"relics_obtained":["MutagenicStrength"],"max_hp_gain":0,"max_hp_loss":0,"event_name":"Drug Dealer","floor":20,"gold_loss":0},{"cards_removed":["Defend_R"],"damage_healed":0,"gold_gain":0,"player_choice":"Gave Gold","damage_taken":0,"max_hp_gain":0,"max_hp_loss":0,"event_name":"Beggar","floor":21,"gold_loss":75},{"damage_healed":0,"gold_gain":0,"player_choice":"Read","damage_taken":0,"max_hp_gain":0,"max_hp_loss":0,"event_name":"The Library","floor":22,"gold_loss":0,"cards_obtained":["Twin Strike"]},{"damage_healed":0,"gold_gain":0,"player_choice":"Obtained Book","damage_taken":16,"max_hp_gain":0,"max_hp_loss":0,"event_name":"Cursed Tome","floor":28,"gold_loss":0},{"damage_healed":0,"gold_gain":333,"player_choice":"Gave Idol","damage_taken":0,"max_hp_gain":0,"max_hp_loss":0,"event_name":"The Moai Head","floor":37,"relics_lost":["Golden Idol"],"gold_loss":0},{"cards_removed":["Defend_R"],"damage_healed":0,"gold_gain":0,"player_choice":"Removed Skill","damage_taken":0,"max_hp_gain":0,"max_hp_loss":0,"event_name":"Falling","floor":38,"gold_loss":0},{"damage_healed":0,"gold_gain":0,"player_choice":"Max HP","damage_taken":0,"max_hp_gain":0,"max_hp_loss":5,"event_name":"Winding Halls","floor":39,"gold_loss":0},{"damage_healed":0,"gold_gain":0,"player_choice":"Cursed","damage_taken":0,"max_hp_gain":0,"max_hp_loss":0,"event_name":"Wheel of Change","floor":40,"gold_loss":0,"cards_obtained":["Decay"]},{"cards_removed":["Defend_R"],"damage_healed":0,"gold_gain":0,"player_choice":"Upgrade and Remove","damage_taken":0,"max_hp_gain":0,"max_hp_loss":0,"event_name":"Designer","floor":44,"gold_loss":90,"cards_upgraded":["Infernal Blade"]}],"is_beta":false,"boss_relics":[{"not_picked":["Runic Cube","Philosopher\u0027s Stone"],"picked":"SlaversCollar"},{"not_picked":["Tiny House","SacredBark"],"picked":"Velvet Choker"}],"items_purged_floors":[19,24,31,47],"is_endless":false,"potions_floor_spawned":[4,5,8,10,18,29,35,41,42],"ascension_level":2}}