{"host":"qxeepl7ydvsgmfdb","time":1609267167,"event":{"mods":["AchievementEnabler","BaseMod","Colored Powertips","Minty Spire (QoL Compilation)","Quick Restart","slay the spire mod where everything is the same but ironclad has a cowboy hat"],"gold_per_floor":[115,115,290,290,309,309,234,234,234,184,200,210,210,228,228,329,329,349,359,370,295,247,247,261,261,288,300,324,336,348,360,372,482,494,526,550,562,574,336,336,349,369,369,382,398,398,409,0,0,0,0],"floor_reached":50,"playtime":2235,"items_purged":["Regret","Writhe"],"score":589,"play_id":"7ff84942-b7a3-46f1-9cb1-df3e4c5e4b05","local_time":"20201229133927","is_ascension_mode":true,"campfire_choices":[{"data":"Backflip","floor":6.0,"key":"SMITH"},{"floor":13.0,"key":"REST"},{"data":"Deadly Poison","floor":15.0,"key":"SMITH"},{"floor":23.0,"key":"REST"},{"data":"After Image","floor":25.0,"key":"SMITH"},{"floor":30.0,"key":"REST"},{"data":"Deadly Poison","floor":32.0,"key":"SMITH"},{"data":"Backstab","floor":40.0,"key":"SMITH"},{"data":"Dagger Spray","floor":49,"key":"SMITH"}],"circlet_count":0,"master_deck":["Strike_G","Strike_G","Strike_G","Defend_G+1","Defend_G","Defend_G+1","Defend_G","Defend_G","Survivor","Neutralize","Backflip+1","Deflect+1","Dagger Throw","Dagger Spray+1","Deadly Poison+1","After Image+1","CurseOfTheBell","Sucker Punch","Blade Dance","Deadly Poison+1","All Out Attack","Poisoned Stab","Necronomicurse","Night Terror","Backstab+1","Deflect+1","Parasite","Doubt"],"relics":["Ring of the Snake","Pen Nib","TungstenRod","Kunai","Calling Bell","Regal Pillow","InkBottle","Prayer Wheel","MawBank","Du-Vu Doll","Necronomicon","WristBlade","Nunchaku","HornCleat","Red Mask"],"acts_visited":["Exordium","TheCity","TheBeyond"],"potions_floor_usage":[50,50],"damage_taken":[{"damage":0.0,"enemies":"Cultist","floor":1.0,"turns":4.0},{"damage":2.0,"enemies":"2 Louse","floor":5.0,"turns":4.0},{"damage":0.0,"enemies":"Small Slimes","floor":11.0,"turns":3.0},{"damage":8.0,"enemies":"Exordium Thugs","floor":12.0,"turns":8.0},{"damage":8.0,"enemies":"Gremlin Gang","floor":14.0,"turns":4.0},{"damage":19.0,"enemies":"The Guardian","floor":16.0,"turns":13.0},{"damage":17.0,"enemies":"Spheric Guardian","floor":18.0,"turns":10.0},{"damage":0.0,"enemies":"3 Byrds","floor":19.0,"turns":3.0},{"damage":9.0,"enemies":"Centurion and Healer","floor":20.0,"turns":11.0},{"damage":12.0,"enemies":"Snecko","floor":24.0,"turns":7.0},{"damage":10.0,"enemies":"Chosen and Byrds","floor":28.0,"turns":6.0},{"damage":48.0,"enemies":"Collector","floor":33.0,"turns":8.0},{"damage":11.0,"enemies":"3 Shapes","floor":35.0,"turns":6.0},{"damage":6.0,"enemies":"Orb Walker","floor":36.0,"turns":3.0},{"damage":26.0,"enemies":"Transient","floor":41.0,"turns":5.0},{"damage":10.0,"enemies":"Sphere and 2 Shapes","floor":42.0,"turns":7.0},{"damage":6.0,"enemies":"Writhing Mass","floor":44.0,"turns":6.0},{"damage":0,"enemies":"4 Shapes","floor":45,"turns":10},{"damage":0,"enemies":"Jaw Worm Horde","floor":47,"turns":4},{"damage":91,"enemies":"Donu and Deca","floor":50,"turns":6}],"seed_played":"1542144074474680533","potions_obtained":[{"floor":1.0,"key":"LiquidBronze"},{"floor":11.0,"key":"GamblersBrew"},{"floor":16.0,"key":"Strength Potion"},{"floor":19.0,"key":"SkillPotion"},{"floor":24.0,"key":"ColorlessPotion"},{"floor":28.0,"key":"DistilledChaos"},{"floor":35.0,"key":"Explosive Potion"},{"floor":42.0,"key":"Poison Potion"},{"floor":45,"key":"Explosive Potion"},{"floor":47,"key":"Regen Potion"}],"is_trial":false,"path_per_floor":["M","?","?","?","M","R","$","?","T","?","M","M","R","M","R","B",null,"M","M","M","?","$","R","M","R","T","T","M","?","R","?","R","B",null,"M","M","?","?","$","R","M","M","T","M","M","?","M","?","R","B"],"character_chosen":"THE_SILENT","items_purchased":["Explosive Potion","Nunchaku"],"campfire_rested":3,"item_purchase_floors":[22,39],"current_hp_per_floor":[63,63,63,50,48,48,48,48,48,48,48,40,61,53,53,34,61,44,44,35,35,35,70,58,58,58,58,48,36,70,70,70,22,58,47,41,59,59,59,59,33,23,23,17,17,70,70,70,70,0,0],"gold":0,"neow_bonus":"RANDOM_COMMON_RELIC","is_daily":false,"chose_seed":false,"campfire_upgraded":6,"win_rate":0.0,"timestamp":1609267167,"path_taken":["M","?","?","?","M","R","$","?","T","?","?","M","R","M","R","BOSS","M","M","?","?","$","R","M","R","T","?","M","?","R","?","R","BOSS","M","?","?","?","$","R","M","?","T","M","M","?","M","?","R","BOSS"],"items_purchased_type":["Potion","Relic"],"build_version":"2020-12-22","purchased_purges":2,"victory":false,"max_hp_per_floor":[70,70,70,70,70,70,70,70,70,70,70,70,70,70,70,70,70,70,70,70,70,70,70,70,70,70,70,70,70,70,70,70,70,70,70,70,70,70,70,70,70,70,70,70,70,70,70,70,70,70,70],"card_choices":[{"not_picked":["Dodge and Roll","Prepared"],"picked":"Backflip","floor":1.0},{"not_picked":["Expertise","Catalyst"],"picked":"Deflect","floor":5.0},{"not_picked":["Outmaneuver","Escape Plan"],"picked":"Dagger Throw","floor":11.0},{"not_picked":["Endless Agony","Venomology"],"picked":"Dagger Spray","floor":12.0},{"not_picked":["Dodge and Roll","Die Die Die"],"picked":"Deadly Poison","floor":14.0},{"not_picked":["Wraith Form v2","Adrenaline"],"picked":"After Image","floor":16.0},{"not_picked":["Underhanded Strike","Dagger Throw"],"picked":"Sucker Punch","floor":18.0},{"not_picked":["Flying Knee","Underhanded Strike","Acrobatics"],"picked":"SKIP","floor":18.0},{"not_picked":["Acrobatics","Slice"],"picked":"Blade Dance","floor":19.0},{"not_picked":["Outmaneuver","Caltrops","Dagger Throw"],"picked":"SKIP","floor":19.0},{"not_picked":["PiercingWail","A Thousand Cuts"],"picked":"Deadly Poison","floor":20.0},{"not_picked":["Blade Dance","Predator","Escape Plan"],"picked":"SKIP","floor":20.0},{"not_picked":["Leg Sweep+1","Well Laid Plans","Escape Plan"],"picked":"SKIP","floor":24.0},{"not_picked":["Predator","Backflip","Skewer+1"],"picked":"SKIP","floor":24.0},{"not_picked":["Dodge and Roll","Backflip+1"],"picked":"All Out Attack","floor":28.0},{"not_picked":["Dodge and Roll","Masterful Stab"],"picked":"Poisoned Stab","floor":28.0},{"not_picked":["Bouncing Flask+1","Well Laid Plans"],"picked":"Backstab","floor":35.0},{"not_picked":["Flying Knee","Reflex+1","Dagger Spray+1"],"picked":"SKIP","floor":35.0},{"not_picked":["Acrobatics+1","Underhanded Strike+1","Crippling Poison+1"],"picked":"SKIP","floor":36.0},{"not_picked":["Accuracy","Outmaneuver+1","Cloak And Dagger"],"picked":"SKIP","floor":36.0},{"not_picked":["Backflip+1","PiercingWail+1","Poisoned Stab"],"picked":"SKIP","floor":41.0},{"not_picked":["Catalyst+1","Sucker Punch","Unload"],"picked":"SKIP","floor":41.0},{"not_picked":["Cloak And Dagger+1","Accuracy"],"picked":"Deflect+1","floor":42.0},{"not_picked":["Dodge and Roll+1","Poisoned Stab","Catalyst"],"picked":"SKIP","floor":42.0},{"not_picked":["Blade Dance+1","Prepared+1","Slice+1"],"picked":"SKIP","floor":44.0},{"not_picked":["Escape Plan+1","Dagger Spray","Distraction"],"picked":"SKIP","floor":44.0},{"not_picked":["Sucker Punch+1","Footwork","Heel Hook+1"],"picked":"SKIP","floor":45},{"not_picked":["Blur+1","Dodge and Roll","Escape Plan+1"],"picked":"SKIP","floor":45},{"not_picked":["PiercingWail+1","Leg Sweep","Underhanded Strike+1"],"picked":"SKIP","floor":47},{"not_picked":["Noxious Fumes","Cloak And Dagger","Deflect+1"],"picked":"SKIP","floor":47}],"player_experience":298829,"relics_obtained":[{"floor":9.0,"key":"Kunai"},{"floor":17.0,"key":"Regal Pillow"},{"floor":17.0,"key":"InkBottle"},{"floor":17.0,"key":"Prayer Wheel"},{"floor":26.0,"key":"MawBank"},{"floor":27.0,"key":"Du-Vu Doll"},{"floor":29.0,"key":"Necronomicon"},{"floor":43.0,"key":"HornCleat"}],"event_choices":[{"damage_healed":0.0,"max_hp_gain":0.0,"max_hp_loss":0.0,"gold_gain":0.0,"event_name":"Big Fish","player_choice":"Box","floor":2.0,"gold_loss":0.0,"damage_taken":0.0,"relics_obtained":["TungstenRod"],"cards_obtained":["Regret"]},{"damage_healed":0.0,"max_hp_gain":0.0,"max_hp_loss":0.0,"gold_gain":175.0,"event_name":"Liars Game","player_choice":"AGREE","floor":3.0,"gold_loss":0.0,"damage_taken":0.0,"cards_obtained":["Doubt"]},{"damage_healed":0.0,"max_hp_gain":0.0,"max_hp_loss":0.0,"gold_gain":0.0,"event_name":"Shining Light","player_choice":"Entered Light","floor":4.0,"gold_loss":0.0,"damage_taken":14.0,"cards_upgraded":["Defend_G","Defend_G"]},{"damage_healed":0.0,"max_hp_gain":0.0,"max_hp_loss":0.0,"gold_gain":0.0,"event_name":"Living Wall","player_choice":"Grow","floor":8.0,"gold_loss":0.0,"damage_taken":0.0,"cards_upgraded":["Deflect"]},{"cards_removed":["Doubt"],"damage_healed":0.0,"max_hp_gain":0.0,"max_hp_loss":0.0,"gold_gain":0.0,"event_name":"The Cleric","player_choice":"Card Removal","floor":10.0,"gold_loss":50.0,"damage_taken":0.0},{"cards_removed":["Strike_G"],"damage_healed":0.0,"max_hp_gain":0.0,"max_hp_loss":0.0,"gold_gain":0.0,"event_name":"Beggar","player_choice":"Gave Gold","floor":21.0,"gold_loss":75.0,"damage_taken":0.0},{"damage_healed":0.0,"max_hp_gain":0.0,"max_hp_loss":0.0,"gold_gain":0.0,"event_name":"Cursed Tome","player_choice":"Obtained Book","floor":29.0,"gold_loss":0.0,"damage_taken":16.0},{"damage_healed":0.0,"max_hp_gain":0.0,"max_hp_loss":0.0,"gold_gain":0.0,"cards_transformed":["Strike_G"],"event_name":"Transmorgrifier","player_choice":"Transformed","floor":31.0,"gold_loss":0.0,"damage_taken":0.0,"cards_obtained":["Night Terror"]},{"damage_healed":18.0,"max_hp_gain":0.0,"max_hp_loss":0.0,"gold_gain":0.0,"event_name":"Winding Halls","player_choice":"Writhe","floor":37.0,"gold_loss":0.0,"damage_taken":0.0,"cards_obtained":["Writhe"]},{"damage_healed":0.0,"max_hp_gain":0.0,"max_hp_loss":0.0,"gold_gain":0.0,"event_name":"SecretPortal","player_choice":"Ignored","floor":38.0,"gold_loss":0.0,"damage_taken":0.0},{"damage_healed":53,"gold_gain":0,"player_choice":"Heal","damage_taken":0,"max_hp_gain":0,"max_hp_loss":0,"event_name":"MindBloom","floor":46,"gold_loss":0,"cards_obtained":["Doubt"]},{"damage_healed":0,"gold_gain":0,"player_choice":"Paid","damage_taken":0,"relics_obtained":["Red Mask"],"max_hp_gain":0,"max_hp_loss":0,"event_name":"Tomb of Lord Red Mask","floor":48,"gold_loss":409}],"is_beta":false,"boss_relics":[{"not_picked":["Runic Pyramid","Busted Crown"],"picked":"Calling Bell"},{"not_picked":["Tiny House","Astrolabe"],"picked":"WristBlade"}],"items_purged_floors":[7,39],"is_endless":false,"potions_floor_spawned":[1,11,16,19,24,28,35,42,45,47],"killed_by":"Donu and Deca","ascension_level":6}}