{"host":"55ootvctf3yuzfpi","time":1609275581,"event":{"mods":["BaseMod","Colored Map","Downfall","Hermit","Highlight Path","Minty Spire (QoL Compilation)","StSLib"],"gold_per_floor":[99,111,123,0,11,21,71,87,105,115,129,142,142,154,174,274,274,274,291,302,249,649,649,649,649],"floor_reached":23,"playtime":9422,"items_purged":[],"score":201,"play_id":"13a3a0d4-a6b9-4f93-b7db-4e9cd9f9bf99","local_time":"20201229175941","is_ascension_mode":true,"campfire_choices":[{"data":"expansioncontent:DashGenerateEvil","floor":1,"key":"SMITH"},{"data":"hexamod:FastForward","floor":13,"key":"SMITH"},{"data":"hexamod:SuperheatedStrike","floor":18,"key":"SMITH"}],"circlet_count":0,"master_deck":["hexamod:Strike","hexamod:Strike","hexamod:Strike","hexamod:Strike","hexamod:Defend","hexamod:Defend","hexamod:Defend","hexamod:Defend","hexamod:Sear","hexamod:Float","expansioncontent:DashGenerateEvil+1","hexamod:Hexaguard","hexamod:HeatShield+1","hexamod:SuperheatedStrike+1","hexamod:EmpoweredFlame","hexamod:NightmareGuise","hexamod:FastForward+1","hexamod:ChargedBarrage","hexamod:SixthSeal","hexamod:SuperheatedStrike"],"relics":["hexamod:SpiritBrand","Vajra","Black Star","Old Coin"],"acts_visited":["Exordium","TheCity"],"potions_floor_usage":[14,16,22,23,23],"damage_taken":[{"damage":0,"enemies":"Cultist","floor":2,"turns":3},{"damage":0,"enemies":"Jaw Worm","floor":3,"turns":2},{"damage":0,"enemies":"downfall:FleeingMerchant","floor":4,"turns":4},{"damage":0,"enemies":"Small Slimes","floor":5,"turns":4},{"damage":0,"enemies":"Blue Slaver","floor":6,"turns":2},{"damage":6,"enemies":"2 Fungi Beasts","floor":8,"turns":5},{"damage":0,"enemies":"Large Slime","floor":9,"turns":5},{"damage":0,"enemies":"Exordium Wildlife","floor":10,"turns":3},{"damage":0,"enemies":"Exordium Thugs","floor":11,"turns":5},{"damage":6,"enemies":"Blue Slaver","floor":12,"turns":3},{"damage":5,"enemies":"Large Slime","floor":14,"turns":6},{"damage":0,"enemies":"Gremlin Gang","floor":15,"turns":6},{"damage":6,"enemies":"downfall:Watcher","floor":16,"turns":6},{"damage":3,"enemies":"Spheric Guardian","floor":19,"turns":4},{"damage":4,"enemies":"Chosen","floor":20,"turns":6},{"damage":0,"enemies":"downfall:FleeingMerchant","floor":21,"turns":4},{"damage":20,"enemies":"downfall:Defect","floor":22,"turns":7},{"damage":36,"enemies":"Slavers","floor":23,"turns":3}],"seed_played":"5523518803553250601","potions_obtained":[{"floor":5,"key":"SpeedPotion"},{"floor":6,"key":"champ:CounterPotion"},{"floor":9,"key":"Dexterity Potion"},{"floor":10,"key":"LiquidBronze"},{"floor":15,"key":"Weak Potion"},{"floor":22,"key":"ColorlessPotion"}],"is_trial":false,"path_per_floor":["R","M","M","$","M","M","T","M","M","M","M","M","R","M","M","B",null,"R","M","M","$","?","E"],"character_chosen":"THE_SPIRIT","items_purchased":["hexamod:SuperheatedStrike","hexamod:EmpoweredFlame","hexamod:SuperheatedStrike"],"campfire_rested":0,"item_purchase_floors":[4,4,21],"current_hp_per_floor":[63,63,63,63,63,63,63,57,57,57,57,51,51,46,46,40,63,63,60,56,56,36,0,0,0],"gold":649,"neow_bonus":"RANDOM_COLORLESS_2","is_daily":false,"chose_seed":false,"campfire_upgraded":3,"win_rate":0.0,"timestamp":1609275581,"path_taken":["R","M","M","?","M","M","T","M","M","M","M","M","R","M","M","BOSS","R","M","M","$","?","E"],"items_purchased_type":["Card","Card","Card"],"build_version":"2020-12-22","purchased_purges":0,"victory":false,"max_hp_per_floor":[63,63,63,63,63,63,63,63,63,63,63,63,63,63,63,63,63,63,63,63,63,63,63,63,63],"card_choices":[{"not_picked":["Apotheosis","Transmutation"],"picked":"expansioncontent:DashGenerateEvil","floor":0},{"not_picked":["hexamod:GhostShield","hexamod:ShieldOfDarkness"],"picked":"hexamod:Hexaguard","floor":2},{"not_picked":["hexamod:ShieldOfDarkness","hexamod:Again"],"picked":"hexamod:HeatShield","floor":3},{"not_picked":["hexamod:ExtraCrispy","hexamod:RainOfEmbers","hexamod:TurnItUp"],"picked":"SKIP","floor":4},{"not_picked":["hexamod:Hexaguard","hexamod:FastForward","hexamod:Firestarter"],"picked":"SKIP","floor":5},{"not_picked":["hexamod:HauntingEcho","hexamod:Firestarter"],"picked":"hexamod:NightmareGuise","floor":6},{"not_picked":["hexamod:SuperheatedStrike","hexamod:RainOfEmbers","hexamod:HauntingEcho"],"picked":"SKIP","floor":8},{"not_picked":["hexamod:Haunt","hexamod:SpectralAdrenaline","hexamod:SecondSeal"],"picked":"SKIP","floor":9},{"not_picked":["hexamod:SwordOfDarkness","hexamod:EmpoweringStance","hexamod:SuperheatedStrike"],"picked":"SKIP","floor":10},{"not_picked":["hexamod:FirstSeal","hexamod:GhostShield"],"picked":"hexamod:FastForward","floor":11},{"not_picked":["hexamod:ThirdSeal","hexamod:GhostShield","hexamod:ThermalTransfer"],"picked":"SKIP","floor":12},{"not_picked":["hexamod:Hexaguard","hexamod:BacktrackSmack","hexamod:SwordOfDarkness"],"picked":"SKIP","floor":14},{"not_picked":["hexamod:BacktrackSmack","hexamod:GhostShield"],"picked":"hexamod:ChargedBarrage","floor":15},{"not_picked":["hexamod:FifthSeal","hexamod:ParanormalForm"],"picked":"hexamod:SixthSeal","floor":16},{"not_picked":["hexamod:Rewind","hexamod:RetreatToShadows+1","hexamod:BacktrackSmack"],"picked":"SKIP","floor":19},{"not_picked":["hexamod:ExtraCrispy","hexamod:BacktrackSmack+1","hexamod:SecondSeal"],"picked":"SKIP","floor":20},{"not_picked":["hexamod:BurningTouch","hexamod:GhostLash+1","hexamod:NightmareGuise"],"picked":"SKIP","floor":21}],"player_experience":1276766,"relics_obtained":[{"floor":7,"key":"Vajra"},{"floor":22,"key":"Old Coin"}],"event_choices":[],"is_beta":false,"boss_relics":[{"not_picked":["Philosopher\u0027s Stone","SacredBark"],"picked":"Black Star"}],"items_purged_floors":[],"is_endless":false,"potions_floor_spawned":[5,6,9,10,12,15,22],"killed_by":"Slavers","ascension_level":1}}