{"host":"kev6uqotw4tlyx8l","time":1609247368,"event":{"mods":["Act Like it!","Aspiration","BaseMod","Colored Powertips","Dota2Spire","Downfall","Hallownest","Infinite Spire","Marisa????????","Minty Spire (QoL Compilation)","Quick Restart","Remilia??????","Replay The Spire","StSLib","The Cursed","The Marked","The Mystic","The Servant 0.9.4"],"gold_per_floor":[110,110,123,103,9,9,21,21,21,55,69,87,107,117,117,216,216,230,249,269,269,269,269,280,280,300,225,274,274,288,288,316,316,316,413,413,428,438,438,438],"floor_reached":39,"playtime":1212,"items_purged":[],"score":425,"play_id":"e8da0867-3f4b-47fc-9118-2c66aae33ed1","local_time":"20201229200928","is_ascension_mode":true,"campfire_choices":[{"data":"Tempest","floor":6,"key":"SMITH"},{"data":"Zap","floor":8,"key":"SMITH"},{"data":"White Noise","floor":15,"key":"SMITH"},{"data":"Sunder","floor":25,"key":"SMITH"},{"data":"Defragment","floor":29,"key":"SMITH"},{"data":"FTL","floor":31,"key":"SMITH"},{"floor":34,"key":"REST"}],"circlet_count":0,"master_deck":["Strike_B","Strike_B","Strike_B","Defend_B","Defend_B","Defend_B","Defend_B","Zap+1","Dualcast","Tempest+1","expansioncontent:BronzeBeam","Undo","Defragment+1","Sunder+1","Genetic Algorithm","Rebound","White Noise+1","Barrage+1","FTL+1","FIFO Queue","FTL","Barrage","CommonCold","Seek","Melter","Redo+1"],"relics":["Cracked Core","aspiration:Nostalgia","m_GuardianBlood","Gremlin Horn","Replay:Towering Pillar of Hats","Dota2Spire:RefresherOrb","Mango","Lantern","Mummified Hand","Ring of Peace"],"acts_visited":["Exordium","TheCity","TheBeyond"],"potions_floor_usage":[10,16,16,20,32,37,39,39],"damage_taken":[{"damage":1,"enemies":"Cultist","floor":1,"turns":3},{"damage":10,"enemies":"Small Slimes","floor":3,"turns":3},{"damage":1,"enemies":"2 Louse","floor":7,"turns":2},{"damage":5,"enemies":"Lagavulin","floor":10,"turns":5},{"damage":16,"enemies":"Large Slime","floor":11,"turns":3},{"damage":0,"enemies":"2 Fungi Beasts","floor":12,"turns":3},{"damage":0,"enemies":"Gremlin Gang","floor":13,"turns":2},{"damage":13,"enemies":"Red Slaver","floor":14,"turns":2},{"damage":59,"enemies":"Hexaghost","floor":16,"turns":8},{"damage":6,"enemies":"Shell Parasite","floor":18,"turns":4},{"damage":1,"enemies":"2 Thieves","floor":19,"turns":3},{"damage":29,"enemies":"Sentry and Sphere","floor":20,"turns":4},{"damage":2,"enemies":"3 Cultists","floor":24,"turns":3},{"damage":16,"enemies":"Cultist and Chosen","floor":26,"turns":4},{"damage":10,"enemies":"Snecko","floor":30,"turns":4},{"damage":3,"enemies":"Nightmare","floor":32,"turns":6},{"damage":49,"enemies":"Automaton","floor":35,"turns":8},{"damage":9,"enemies":"3 Shapes","floor":37,"turns":5},{"damage":38,"enemies":"3 Darklings","floor":38,"turns":4},{"damage":25,"enemies":"infinitespire:Three Voidlings","floor":39,"turns":4},{"damage":43,"enemies":"Nightmare_Alpha","floor":39,"turns":6}],"seed_played":"-6808807683234793988","potions_obtained":[{"floor":1,"key":"champ:CounterPotion"},{"floor":3,"key":"Block Potion"},{"floor":4,"key":"Death Potion"},{"floor":10,"key":"Slimebound:ThreeZeroPotion"},{"floor":26,"key":"Ancient Potion"},{"floor":30,"key":"Adrenaline Potion"},{"floor":35,"key":"Explosive Potion"},{"floor":38,"key":"ColorlessPotion"}],"is_trial":false,"path_per_floor":["M","?","M","?","$","R","M","R","T","E","M","M","M","M","R","B",null,"M","M","M","AVR","PTL","PTL","M","R","M","?","T","R","M","R","NM","?","R","B",null,"M","M","?"],"character_chosen":"DEFECT","items_purchased":["expansioncontent:BronzeBeam"],"campfire_rested":1,"item_purchase_floors":[5],"current_hp_per_floor":[75,75,71,71,71,71,75,75,75,75,65,71,75,68,68,15,75,75,75,52,66,66,66,70,70,60,60,60,60,56,56,59,59,85,42,89,86,54,0,0],"gold":438,"neow_bonus":"NOSTALGIA","is_daily":false,"chose_seed":false,"campfire_upgraded":6,"win_rate":0.0,"timestamp":1609247368,"path_taken":["M","?","M","?","$","R","M","R","T","E","?","M","M","M","R","BOSS","M","M","M","AVR","PTL","PTL","M","R","M","?","T","R","M","R","NM","?","R","BOSS","M","M","?"],"items_purchased_type":["Card"],"build_version":"2020-12-22","purchased_purges":0,"victory":false,"max_hp_per_floor":[75,75,75,75,75,75,75,75,75,75,75,75,75,75,75,75,75,75,75,75,89,89,89,89,89,89,89,89,89,89,89,89,89,89,89,89,89,89,89,89],"card_choices":[{"not_picked":["ReplayTheSpireMod:System Scan","Cold Snap"],"picked":"Tempest","floor":1},{"not_picked":["Body Slam","Reinforced Body","Turbo"],"picked":"SKIP","floor":3},{"not_picked":["Guardian:WalkerClaw","Gash"],"picked":"Undo","floor":7},{"not_picked":["Guardian:WeakpointTargeting","BasicCrystalCard"],"picked":"Defragment","floor":10},{"not_picked":["Flex","Streamline"],"picked":"Sunder","floor":11},{"not_picked":["Force Field","Streamline"],"picked":"Genetic Algorithm","floor":12},{"not_picked":["Heavy Blade","Turbo"],"picked":"Rebound","floor":13},{"not_picked":["Panic Button","Conserve Battery"],"picked":"White Noise","floor":14},{"not_picked":["ReplayTheSpireMod:Reroute Power+1","Doom and Gloom","Gash"],"picked":"SKIP","floor":18},{"not_picked":["Steam","Echo Form"],"picked":"Barrage+1","floor":19},{"not_picked":["Compile Driver","Rip and Tear"],"picked":"FTL","floor":20},{"not_picked":["Heatsinks","Sweeping Beam","ReplayGash"],"picked":"SKIP","floor":24},{"not_picked":["Streamline","Auto Shields"],"picked":"FIFO Queue","floor":26},{"not_picked":["Hello World","Panic Button"],"picked":"FTL","floor":30},{"not_picked":["Chaos","Sweeping Beam"],"picked":"Barrage","floor":32},{"not_picked":["ReplayRNGCard","Reboot"],"picked":"Seek","floor":35},{"not_picked":["Turbo+1","Panic Button+1"],"picked":"Melter","floor":37},{"not_picked":["Blizzard","Barrage+1"],"picked":"Redo+1","floor":38}],"player_experience":46323,"relics_obtained":[{"floor":9,"key":"Gremlin Horn"},{"floor":10,"key":"Replay:Towering Pillar of Hats"},{"floor":28,"key":"Lantern"},{"floor":32,"key":"Mummified Hand"},{"floor":33,"key":"Ring of Peace"}],"event_choices":[{"damage_healed":0,"gold_gain":0,"player_choice":"Bought 1 Potion","damage_taken":0,"max_hp_gain":0,"max_hp_loss":0,"event_name":"The Woman in Blue","floor":4,"gold_loss":0},{"cards_removed":["Strike_B"],"damage_healed":0,"gold_gain":0,"player_choice":"Gave Gold","damage_taken":0,"max_hp_gain":0,"max_hp_loss":0,"event_name":"Beggar","floor":27,"gold_loss":75}],"is_beta":false,"boss_relics":[{"not_picked":["Tiny House","Calling Bell"],"picked":"Dota2Spire:RefresherOrb"},{"not_picked":["Replay:Drink Me","Kintsugi","Runic Pyramid"]}],"items_purged_floors":[],"is_endless":true,"potions_floor_spawned":[1,3,10,12,26,30,35,38,39],"killed_by":"Nightmare_Alpha","ascension_level":1}}