{"host":"78zdngn0u28jm0pp","time":1609215807,"event":{"mods":["BaseMod","Jorbs\u0027s Wanderer Trilogy","Minty Spire (QoL Compilation)","Permanent Neow","Quick Restart","Relic Stats","StSLib","Unceasing Turn Reminder"],"gold_per_floor":[112,132,132,207,187,220,220,249,249,261,271,291,291,291,291,291,291],"floor_reached":16,"playtime":457,"items_purged":[],"score":270,"play_id":"be58d100-d6bd-40af-b1fe-3db5fdfd95d8","local_time":"20201228212327","is_ascension_mode":true,"campfire_choices":[{"data":"Neutralize","floor":7,"key":"SMITH"},{"floor":13,"key":"REST"},{"data":"Strike_G","floor":15,"key":"PURGE"}],"circlet_count":0,"master_deck":["AscendersBane","Strike_G","Strike_G","Strike_G","Defend_G","Defend_G","Defend_G","Defend_G","Defend_G","Survivor","Neutralize+1","Slice","Blade Dance","Backflip","Dagger Spray","Quick Slash","Poisoned Stab"],"relics":["Ring of the Snake","NeowsBlessing","Ice Cream","Art of War","PreservedInsect","Peace Pipe"],"acts_visited":["Exordium"],"potions_floor_usage":[8,8,8,8,16],"damage_taken":[{"damage":0,"enemies":"Cultist","floor":1,"turns":1},{"damage":0,"enemies":"Small Slimes","floor":2,"turns":1},{"damage":0,"enemies":"Gremlin Nob","floor":6,"turns":1},{"damage":22,"enemies":"3 Sentries","floor":8,"turns":12},{"damage":0,"enemies":"2 Louse","floor":10,"turns":2},{"damage":4,"enemies":"Exordium Thugs","floor":11,"turns":5},{"damage":0,"enemies":"Large Slime","floor":12,"turns":4},{"damage":37,"enemies":"Slime Boss","floor":16,"turns":7}],"seed_played":"6602202345343607354","potions_obtained":[{"floor":1,"key":"Regen Potion"},{"floor":2,"key":"EntropicBrew"},{"floor":5,"key":"DistilledChaos"},{"floor":10,"key":"CultistPotion"}],"is_trial":false,"path_per_floor":["M","M","?","?","?","E","R","E","T","M","M","M","R","?","R","B"],"character_chosen":"THE_SILENT","items_purchased":[],"campfire_rested":1,"item_purchase_floors":[],"current_hp_per_floor":[59,59,54,43,43,43,43,21,21,21,17,17,36,36,36,0,0],"gold":291,"neow_bonus":"THREE_ENEMY_KILL","is_daily":false,"chose_seed":false,"campfire_upgraded":1,"win_rate":0.0,"timestamp":1609215807,"path_taken":["M","M","?","?","?","E","R","E","T","?","M","M","R","?","R","BOSS"],"items_purchased_type":[],"build_version":"2020-12-22","purchased_purges":0,"victory":false,"max_hp_per_floor":[66,66,66,66,66,66,66,66,66,66,66,66,66,66,66,66,66],"relic_stats":{"Peace Pipe":1,"counters":[8,33],"PreservedInsect":0,"Art of War":[5],"obtain_stats":[{"Ice Cream":3,"Peace Pipe":9,"NeowsBlessing":0,"PreservedInsect":8,"Art of War":6,"Ring of the Snake":0},{"Ice Cream":2,"Peace Pipe":4,"NeowsBlessing":0,"PreservedInsect":4,"Art of War":3,"Ring of the Snake":0},{"Ice Cream":2,"Peace Pipe":15,"NeowsBlessing":0,"PreservedInsect":15,"Art of War":3,"Ring of the Snake":0}],"Ring of the Snake":[16]},"card_choices":[{"not_picked":["Deflect","Deadly Poison"],"picked":"Slice","floor":1},{"not_picked":["Dagger Spray","Footwork"],"picked":"Blade Dance","floor":2},{"not_picked":["Outmaneuver","Bullet Time","Poisoned Stab"],"picked":"SKIP","floor":6},{"not_picked":["Poisoned Stab","Expertise","Slice"],"picked":"SKIP","floor":8},{"not_picked":["Quick Slash","Underhanded Strike"],"picked":"Backflip","floor":10},{"not_picked":["Sucker Punch","All Out Attack"],"picked":"Dagger Spray","floor":11},{"not_picked":["Outmaneuver","Bane"],"picked":"Quick Slash","floor":12}],"player_experience":704217,"relics_obtained":[{"floor":6,"key":"Art of War"},{"floor":8,"key":"PreservedInsect"},{"floor":9,"key":"Peace Pipe"}],"event_choices":[{"damage_healed":0,"gold_gain":0,"player_choice":"Success","damage_taken":5,"relics_obtained":["Ice Cream"],"max_hp_gain":0,"max_hp_loss":0,"event_name":"Scrap Ooze","floor":3,"gold_loss":0},{"damage_healed":0,"gold_gain":75,"player_choice":"Gather Gold","damage_taken":11,"max_hp_gain":0,"max_hp_loss":0,"event_name":"World of Goop","floor":4,"gold_loss":0},{"damage_healed":0,"gold_gain":0,"player_choice":"Bought 1 Potion","damage_taken":0,"max_hp_gain":0,"max_hp_loss":0,"event_name":"The Woman in Blue","floor":5,"gold_loss":0},{"damage_healed":0,"gold_gain":0,"cards_transformed":["Strike_G"],"player_choice":"Transformed","damage_taken":0,"max_hp_gain":0,"max_hp_loss":0,"event_name":"Transmorgrifier","floor":14,"gold_loss":0,"cards_obtained":["Poisoned Stab"]}],"is_beta":false,"boss_relics":[],"items_purged_floors":[],"is_endless":false,"potions_floor_spawned":[1,2,10],"killed_by":"Slime Boss","ascension_level":20}}