{"host":"ze754j8gfb8asmsl","time":1609233196,"event":{"mods":["BaseMod","Lobotomy","LobotomyExtend","Marisa£¨ìFÓê¡¡Ä§ÀíÉ³£©","Minty Spire (QoL Compilation)","Quick Restart","Relic Stats","Replay The Spire","RumiaBox-Â¶Ã×æ«µÄÉñÃØºÐ×Ó","Shop Mod","StSLib","Yakumo Yukari mod","vexMod","¡¾¹¦ÄÜMod¡¿»ìãçÖ®»·ÐÞ¸´²¹¶¡","¡¾ÒÅÎï¿¨ÅÆ¡¿REMEMod"],"gold_per_floor":[117,123,111,99,88,88,30,30,30,4,10,19,19,27,27,111,111,122,97,22,13,36,36,28,28,78,78,79,96,115,129,129,167,167,153,153,85,77,81,49,50,50,50,46,22,22,22,22,22,-38,-38,-38,-38,-50,-50],"floor_reached":54,"playtime":6091,"items_purged":["Strike_MRS"],"score":1324,"play_id":"e9e61a77-6655-4f78-9fcd-d7fd593f9ba0","local_time":"20201229171316","is_ascension_mode":true,"campfire_choices":[{"data":"Devotion","floor":6.0,"key":"SMITH"},{"floor":13.0,"key":"REST"},{"floor":15.0,"key":"REST"},{"floor":23.0,"key":"REST"},{"floor":27.0,"key":"REST"},{"floor":32.0,"key":"RECALL"},{"floor":42.0,"key":"REST"},{"data":"EscapeVelocity","floor":47.0,"key":"SMITH"},{"floor":49.0,"key":"REST"},{"data":"Orbital","floor":52.0,"key":"SMITH"}],"circlet_count":0,"master_deck":["AscendersBane","Strike_MRS+1","Strike_MRS+1","Strike_MRS+1","Defend_MRS+1","Defend_MRS+1","Defend_MRS+1","Defend_MRS+1","MasterSpark","UpSweep","Devotion+1","Injury","MagicAbsorber","GravityBeat","PowerUp","OortCloud","UnstableBomb","WitchOfGreed","EscapeVelocity+1","EnergyFlow","MilkyWay","6A+1","Acceleration+1","Orbital+1","Decay","PropBag","PowerUp+1","6A","Wraith","ReplayTheSpireMod:Trickstab"],"relics":["MiniHakkero","REME_ComplimentaryCards","Philosopher\u0027s Stone","Baka","AddBug","SecretRecord","SecretRecord","SecretRecord","SecretRecord","SecretRecord","SecretRecord","SecretRecord","SecretRecord","SecretRecord","SecretRecord","SecretRecord"],"acts_visited":["Exordium","TheCity","TheBeyond","TheEnding"],"potions_floor_usage":[],"damage_taken":[{"damage":9.0,"enemies":"Small Slimes","floor":1.0,"turns":3.0},{"damage":0.0,"enemies":"2 Louse","floor":2.0,"turns":2.0},{"damage":0.0,"enemies":"Cultist","floor":3.0,"turns":3.0},{"damage":4.0,"enemies":"Blue Slaver","floor":4.0,"turns":3.0},{"damage":7.0,"enemies":"Looter","floor":5.0,"turns":3.0},{"damage":6.0,"enemies":"Lagavulin","floor":7.0,"turns":6.0},{"damage":0.0,"enemies":"Large Slime","floor":11.0,"turns":3.0},{"damage":11.0,"enemies":"Lots of Slimes","floor":12.0,"turns":3.0},{"damage":15.0,"enemies":"Blue Slaver","floor":14.0,"turns":3.0},{"damage":28.0,"enemies":"Hexaghost","floor":16.0,"turns":4.0},{"damage":31.0,"enemies":"2 Thieves","floor":18.0,"turns":3.0},{"damage":4.0,"enemies":"Chosen","floor":19.0,"turns":5.0},{"damage":12.0,"enemies":"Snake Plant","floor":21.0,"turns":3.0},{"damage":0.0,"enemies":"Centurion and Healer","floor":22.0,"turns":3.0},{"damage":37.0,"enemies":"Book of Stabbing","floor":24.0,"turns":4.0},{"damage":0.0,"enemies":"Gremlin Leader","floor":28.0,"turns":5.0},{"damage":0.0,"enemies":"Cultist and Chosen","floor":29.0,"turns":3.0},{"damage":0.0,"enemies":"Snecko","floor":30.0,"turns":3.0},{"damage":0.0,"enemies":"3 Cultists","floor":31.0,"turns":3.0},{"damage":3.0,"enemies":"Collector","floor":33.0,"turns":5.0},{"damage":0.0,"enemies":"Orb Walker","floor":35.0,"turns":3.0},{"damage":15.0,"enemies":"3 Darklings","floor":38.0,"turns":3.0},{"damage":0.0,"enemies":"Transient","floor":39.0,"turns":4.0},{"damage":7.0,"enemies":"Giant Head","floor":40.0,"turns":5.0},{"damage":27.0,"enemies":"4 Shapes","floor":41.0,"turns":2.0},{"damage":21.0,"enemies":"3 Darklings","floor":44.0,"turns":3.0},{"damage":0.0,"enemies":"Transient","floor":45.0,"turns":3.0},{"damage":16.0,"enemies":"Awakened One","floor":50.0,"turns":5.0},{"damage":60,"enemies":"Shield and Spear","floor":54,"turns":2}],"seed_played":"8089489248231352310","potions_obtained":[{"floor":2.0,"key":"CultistPotion"},{"floor":3.0,"key":"Ancient Potion"},{"floor":14.0,"key":"Strength Potion"},{"floor":14.0,"key":"REME_GoldPotion"},{"floor":16.0,"key":"Regen Potion"},{"floor":19.0,"key":"Reflective Coating"},{"floor":19.0,"key":"Strength Potion"}],"is_trial":false,"path_per_floor":["M","M","M","M","M","R","E","$","T","$","M","M","R","M","R","B",null,"M","M","$","M","M","R","E","?","T","R","E","M","M","M","R","B",null,"M","?","$","M","M","E","M","R","T","M","M","?","R","?","R","B",null,"R","$","E"],"character_chosen":"MARISA","items_purchased":["WitchOfGreed","PropBag"],"campfire_rested":6,"item_purchase_floors":[10,37],"current_hp_per_floor":[54,54,54,50,43,43,37,37,37,37,37,26,47,32,53,25,59,37,33,33,21,21,42,5,5,5,26,26,49,49,49,49,46,64,70,70,70,55,55,48,21,42,42,21,21,21,21,21,42,26,59,59,59,0,0],"gold":-50,"neow_bonus":"CURSED_BOSS_RELIC","is_daily":false,"chose_seed":false,"campfire_upgraded":3,"win_rate":0.0,"timestamp":1609233196,"path_taken":["M","M","M","M","M","R","E","$","T","$","M","M","R","M","R","BOSS","M","M","$","M","M","R","E","?","T","R","E","M","M","M","R","BOSS","M","?","$","M","M","E","M","R","T","M","?","?","R","?","R","BOSS","R","$","E"],"items_purchased_type":["Card","Card"],"build_version":"2020-12-22","purchased_purges":1,"victory":false,"max_hp_per_floor":[70,70,70,70,70,70,70,70,70,70,70,70,70,70,70,70,70,70,70,70,70,70,70,70,70,70,70,70,70,70,70,70,70,70,70,70,70,70,70,70,70,70,70,70,70,70,70,70,70,70,70,70,70,70,70],"relic_stats":{"counters":[29,100],"obtain_stats":[{"Philosopher\u0027s Stone":0,"AddBug":1,"SecretRecord":1,"Baka":1,"MiniHakkero":0,"REME_ComplimentaryCards":0},{"Philosopher\u0027s Stone":0,"AddBug":1,"SecretRecord":1,"Baka":1,"MiniHakkero":0,"REME_ComplimentaryCards":0},{"Philosopher\u0027s Stone":0,"AddBug":3,"SecretRecord":3,"Baka":3,"MiniHakkero":0,"REME_ComplimentaryCards":0}]},"card_choices":[{"not_picked":["ManaConvection","SporeBomb","DarkMatter"],"picked":"SKIP","floor":1.0},{"not_picked":["WitchOfGreed","RefractionSpark"],"picked":"MagicAbsorber","floor":2.0},{"not_picked":["AsteroidBelt","6A"],"picked":"GravityBeat","floor":3.0},{"not_picked":["IllusionStar","DragonMeteor"],"picked":"PowerUp","floor":4.0},{"not_picked":["WitchOfGreed","DC"],"picked":"OortCloud","floor":5.0},{"not_picked":["MeteoricShower","SprinkleStarSeal"],"picked":"UnstableBomb","floor":7.0},{"not_picked":["SporeBomb","WitchOfGreed","AsteroidBelt"],"picked":"SKIP","floor":11.0},{"not_picked":["UnstableBomb","WitchLeyline","TreasureHunter"],"picked":"SKIP","floor":12.0},{"not_picked":["GravityBeat","LuminesStrike","RefractionSpark"],"picked":"SKIP","floor":14.0},{"not_picked":["SuperNova","BinaryStars"],"picked":"EscapeVelocity","floor":16.0},{"not_picked":["GrandCross","ShootingEcho"],"picked":"EnergyFlow","floor":18.0},{"not_picked":["EventHorizon","GravityBeat","AsteroidBelt"],"picked":"SKIP","floor":19.0},{"not_picked":["StarlightTyphoon","OpenUniverse"],"picked":"MilkyWay","floor":21.0},{"not_picked":["AsteroidBelt","SuperPerseids","WitchLeyline"],"picked":"SKIP","floor":22.0},{"not_picked":["IllusionStar","BlazingStar"],"picked":"6A+1","floor":24.0},{"not_picked":["EnergyFlow","ShootingEcho","NonDirectionalLaser+1"],"picked":"SKIP","floor":28.0},{"not_picked":["UnstableBomb","ShootingEcho+1"],"picked":"Acceleration+1","floor":29.0},{"not_picked":["DarkMatter","UnstableBomb","GalacticHalo"],"picked":"SKIP","floor":30.0},{"not_picked":["AsteroidBelt","WitchLeyline","FinalSpark"],"picked":"SKIP","floor":31.0},{"not_picked":["UnstableBomb","OrrerysSun"],"picked":"Orbital","floor":35.0},{"not_picked":["DC","GrandCross"],"picked":"PowerUp+1","floor":38.0},{"not_picked":["PulseMagic","MachineGunSpark","Acceleration"],"picked":"SKIP","floor":39.0},{"not_picked":["StarDustReverie","AlicesGift"],"picked":"6A","floor":40.0},{"not_picked":["DC","IllusionStar","GravityBeat"],"picked":"SKIP","floor":41.0},{"not_picked":["DarkMatter","GravityBeat","ManaConvection"],"picked":"SKIP","floor":44.0},{"not_picked":["GravityBeat","NonDirectionalLaser","PulseMagic"],"picked":"SKIP","floor":45.0},{"not_picked":["Good Instincts","Mind Blast"],"picked":"ReplayTheSpireMod:Trickstab","floor":48.0}],"player_experience":152469,"relics_obtained":[{"floor":1.0,"key":"Baka"},{"floor":1.0,"key":"AddBug"},{"floor":1.0,"key":"LetterFromLob"},{"floor":2.0,"key":"LetterFromLob"},{"floor":3.0,"key":"LetterFromLob"},{"floor":4.0,"key":"LetterFromLob"},{"floor":5.0,"key":"LetterFromLob"},{"floor":7.0,"key":"SecretRecord"},{"floor":7.0,"key":"vexMod:ConsolationPrize"},{"floor":7.0,"key":"LetterFromLob"},{"floor":11.0,"key":"SecretRecord"},{"floor":11.0,"key":"LetterFromLob"},{"floor":12.0,"key":"LetterFromLob"},{"floor":14.0,"key":"LetterFromLob"},{"floor":16.0,"key":"LetterFromLob"},{"floor":18.0,"key":"LetterFromLob"},{"floor":19.0,"key":"SecretRecord"},{"floor":19.0,"key":"LetterFromLob"},{"floor":21.0,"key":"SecretRecord"},{"floor":21.0,"key":"LetterFromLob"},{"floor":22.0,"key":"LetterFromLob"},{"floor":24.0,"key":"Pear"},{"floor":24.0,"key":"LetterFromLob"},{"floor":26.0,"key":"REME_PuzzleBoxRelic"},{"floor":28.0,"key":"Replay:Ringing Soul"},{"floor":28.0,"key":"LetterFromLob"},{"floor":29.0,"key":"LetterFromLob"},{"floor":30.0,"key":"LetterFromLob"},{"floor":31.0,"key":"LetterFromLob"},{"floor":33.0,"key":"SecretRecord"},{"floor":33.0,"key":"LetterFromLob"},{"floor":35.0,"key":"LetterFromLob"},{"floor":38.0,"key":"SecretRecord"},{"floor":38.0,"key":"LetterFromLob"},{"floor":39.0,"key":"SecretRecord"},{"floor":39.0,"key":"LetterFromLob"},{"floor":40.0,"key":"SecretRecord"},{"floor":40.0,"key":"vexMod:MemoryStick"},{"floor":40.0,"key":"LetterFromLob"},{"floor":41.0,"key":"LetterFromLob"},{"floor":43.0,"key":"Dream Catcher"},{"floor":44.0,"key":"SecretRecord"},{"floor":44.0,"key":"LetterFromLob"},{"floor":45.0,"key":"SecretRecord"},{"floor":45.0,"key":"LetterFromLob"}],"event_choices":[{"damage_healed":0.0,"max_hp_gain":0.0,"max_hp_loss":0.0,"gold_gain":0.0,"event_name":"Back to Basics","player_choice":"Simplicity","floor":25.0,"gold_loss":0.0,"damage_taken":0.0,"cards_upgraded":["Strike_MRS","Strike_MRS","Strike_MRS","Defend_MRS","Defend_MRS","Defend_MRS","Defend_MRS"]},{"damage_healed":0.0,"max_hp_gain":0.0,"max_hp_loss":0.0,"gold_gain":0.0,"event_name":"Wheel of Change","player_choice":"Cursed","floor":36.0,"gold_loss":0.0,"damage_taken":0.0,"cards_obtained":["Decay"]},{"damage_healed":0.0,"max_hp_gain":0.0,"max_hp_loss":0.0,"gold_gain":0.0,"event_name":"OrinTheCat","player_choice":"Ignored","floor":46.0,"gold_loss":0.0,"damage_taken":0.0},{"damage_healed":0.0,"max_hp_gain":0.0,"max_hp_loss":0.0,"gold_gain":0.0,"event_name":"SensoryStone","player_choice":"Memory 1","floor":48.0,"gold_loss":0.0,"damage_taken":0.0}],"is_beta":false,"boss_relics":[{"not_picked":["Ring of Chaos","Runic Dome"],"picked":"ExperimentalFamiliar"},{"not_picked":["EasyGame_NEW","vexMod:ImprovementManual"],"picked":"BewitchedHakkero"}],"items_purged_floors":[20],"is_endless":false,"potions_floor_spawned":[2,3,7,11,14,19,22,29,30,38,45],"killed_by":"Shield and Spear","ascension_level":15}}