{"host":"o47f52ks9l6zljgg","time":1609257501,"event":{"mods":["Abigail Mod","Arknights The Spire","BaseMod","Colored Map","Dota2Spire","Friendly Minions","Grow up Mod","Kiyohime£®«Âºß£©","Marisa£®ÏF”Í°°ƒß¿Ì…≥£©","Minty Spire (QoL Compilation)","Relic Stats","StSLib","The Servant 0.9.4","Yakumo Yukari mod","Youmu£®ªÍ∆«—˝√Œ£©","Yuyuko"],"gold_per_floor":[117,135,155,155,155,184,202,229,229,229,239,269,331,350,350,447,447,467,478,28,127,42,42,102,113,140,180,244,290,301,360,360,490,490,507,507,13,59,70,129,129,171,171,228,241,284,59,107,107,137],"floor_reached":51,"playtime":2597,"items_purged":["ats:Defend","ats:Strike S"],"score":868,"play_id":"24fa42c8-37f6-4bb7-b9ba-e3381ef5ffdf","local_time":"20201230005821","is_ascension_mode":false,"campfire_choices":[{"data":"ats:Demon Strength","floor":15.0,"key":"SMITH"},{"data":"ats:Burning Ground","floor":23.0,"key":"SMITH"},{"data":"ats:Emotion Absorption","floor":32.0,"key":"SMITH"},{"data":"ats:Roar Of Ursus","floor":41.0,"key":"SMITH"},{"data":"ats:Curse Doll","floor":49,"key":"SMITH"}],"circlet_count":0,"master_deck":["ats:Strike C+1","ats:Strike G+1","ats:Strike V","ats:Armor Crushing Shot","ats:Emotion Absorption+1","ats:Curse Doll+1","ats:Leaping Hammer","ats:Hammer On","ats:Rapid Magazine","ats:Song Of Battle","ats:Volcano","ats:Explosion Area Strengthen","ats:Poison Spread","ats:Demon Strength+1","ats:Soul Rend","ats:Thermite Blade+1","ats:Consecutive Shot Auto","ats:Burning Ground+1","ats:Ignite","ats:Wolf Pack","ats:Leaping Hammer+1","ats:Sunburst+1","ats:Ignite","ats:Chain Hook","ats:Roar Of Ursus+1","ats:Chain Hook+1","ats:Demon Strength+1","ats:Volcano","ats:Part Time Job+1","ats:Disruption Kick","ats:Burning Ground+1","ats:Hook Shot","ats:Ignite+1"],"relics":["ats:Sanity Plus","NeowsBlessing","Incense Burner","ats:Originium","Mummified Hand","Mercury Hourglass","ats:Lavender","Unceasing Top","Torii","Dota2Spire:HandOfMidas","Pen Nib","Pear","Dota2Spire:LotusOrb","Dota2Spire:Dagon","Question Card","Empty Cage","ats:Military Tradition","Dota2Spire:MonkeyKingBar","Letter Opener","Regal Pillow"],"acts_visited":["Exordium","TheCity","TheBeyond"],"potions_floor_usage":[],"damage_taken":[{"damage":0.0,"enemies":"Cultist","floor":1.0,"turns":1.0},{"damage":0.0,"enemies":"Small Slimes","floor":2.0,"turns":1.0},{"damage":0.0,"enemies":"2 Louse","floor":3.0,"turns":1.0},{"damage":27.0,"enemies":"Gremlin Nob","floor":6.0,"turns":4.0},{"damage":0.0,"enemies":"Large Slime","floor":7.0,"turns":4.0},{"damage":27.0,"enemies":"3 Sentries","floor":8.0,"turns":8.0},{"damage":5.0,"enemies":"Lots of Slimes","floor":11.0,"turns":2.0},{"damage":31.0,"enemies":"Lagavulin","floor":12.0,"turns":5.0},{"damage":23.0,"enemies":"3 Sentries","floor":13.0,"turns":5.0},{"damage":0.0,"enemies":"Exordium Wildlife","floor":14.0,"turns":2.0},{"damage":47.0,"enemies":"Slime Boss","floor":16.0,"turns":7.0},{"damage":8.0,"enemies":"Chosen","floor":18.0,"turns":4.0},{"damage":10.0,"enemies":"Spheric Guardian","floor":19.0,"turns":3.0},{"damage":40.0,"enemies":"Book of Stabbing","floor":24.0,"turns":4.0},{"damage":22.0,"enemies":"Centurion and Healer","floor":25.0,"turns":4.0},{"damage":12.0,"enemies":"Cultist and Chosen","floor":27.0,"turns":4.0},{"damage":28.0,"enemies":"Gremlin Leader","floor":28.0,"turns":4.0},{"damage":47.0,"enemies":"Shelled Parasite and Fungi","floor":29.0,"turns":5.0},{"damage":3.0,"enemies":"Snake Plant","floor":30.0,"turns":2.0},{"damage":40.0,"enemies":"Book of Stabbing","floor":31.0,"turns":5.0},{"damage":128.0,"enemies":"Collector","floor":33.0,"turns":6.0},{"damage":26.0,"enemies":"3 Shapes","floor":35.0,"turns":3.0},{"damage":15.0,"enemies":"Orb Walker","floor":38.0,"turns":2.0},{"damage":8.0,"enemies":"4 Shapes","floor":39.0,"turns":2.0},{"damage":107.0,"enemies":"Reptomancer","floor":40.0,"turns":4.0},{"damage":2,"enemies":"Transient","floor":42,"turns":5},{"damage":44,"enemies":"Giant Head","floor":44,"turns":7},{"damage":0,"enemies":"Jaw Worm Horde","floor":45,"turns":2},{"damage":16,"enemies":"Spire Growth","floor":46,"turns":3},{"damage":1,"enemies":"Maw","floor":48,"turns":5},{"damage":97,"enemies":"Donu and Deca","floor":50,"turns":7}],"seed_played":"8107996029778523299","potions_obtained":[{"floor":2.0,"key":"GamblersBrew"},{"floor":6.0,"key":"PowerPotion"},{"floor":8.0,"key":"Energy Potion"},{"floor":35.0,"key":"Weak Potion"}],"is_trial":false,"path_per_floor":["M","M","M","?","?","E","M","E","T","?","M","E","?","M","R","B",null,"M","M","$","?","?","R","E","M","T","M","E","M","M","E","R","B",null,"M","?","$","M","M","E","R","M","T","E","M","M","$","M","R","B",null],"character_chosen":"DOCTOR_CLASS","items_purchased":["ats:Burning Ground","ats:Ignite","Dota2Spire:HandOfMidas","FairyPotion","ats:Military Tradition","ats:Volcano"],"campfire_rested":0,"item_purchase_floors":[20,20,20,20,37,37],"current_hp_per_floor":[92,102,112,110,96,79,89,72,82,85,92,75,66,78,88,57,252,257,259,269,279,289,299,283,274,284,286,272,239,248,224,234,123,432,417,427,437,433,436,347,357,375,385,368,380,378,388,405,415,347],"gold":137,"neow_bonus":"THREE_ENEMY_KILL","is_daily":false,"chose_seed":false,"campfire_upgraded":5,"win_rate":0.0,"timestamp":1609257501,"path_taken":["M","?","M","?","?","E","M","E","T","?","M","E","?","M","R","BOSS","M","M","$","?","?","R","E","M","T","M","E","M","M","E","R","BOSS","M","?","$","M","M","E","R","M","T","E","M","M","$","M","R","BOSS"],"items_purchased_type":["Card","Card","Relic","Potion","Relic","Card"],"build_version":"2020-12-22","purchased_purges":2,"victory":true,"max_hp_per_floor":[92,102,112,122,132,142,152,162,172,182,192,202,212,222,232,242,252,262,272,282,292,302,312,332,342,352,362,372,382,392,402,412,422,432,442,452,462,472,482,492,502,512,522,532,542,552,562,572,582,592],"relic_stats":{"Regal Pillow":0,"Torii":19,"counters":[31,121],"Mummified Hand":[117],"Pen Nib":[17],"Letter Opener":[0],"Question Card":10,"obtain_stats":[{"Dota2Spire:HandOfMidas":20,"Regal Pillow":44,"ats:Sanity Plus":17,"Pear":24,"NeowsBlessing":0,"Torii":13,"ats:Lavender":9,"Dota2Spire:Dagon":28,"Pen Nib":22,"Incense Burner":4,"Letter Opener":43,"Question Card":31,"Empty Cage":34,"Dota2Spire:LotusOrb":26,"Mercury Hourglass":8,"ats:Originium":6,"Mummified Hand":6,"ats:Sanity":0,"ats:Military Tradition":37,"Dota2Spire:MonkeyKingBar":40,"Unceasing Top":12},{"Dota2Spire:HandOfMidas":13,"Regal Pillow":27,"ats:Sanity Plus":11,"Pear":14,"NeowsBlessing":0,"Torii":9,"ats:Lavender":6,"Dota2Spire:Dagon":17,"Pen Nib":13,"Incense Burner":3,"Letter Opener":26,"Question Card":20,"Empty Cage":21,"Dota2Spire:LotusOrb":15,"Mercury Hourglass":6,"ats:Originium":4,"Mummified Hand":4,"ats:Sanity":0,"ats:Military Tradition":22,"Dota2Spire:MonkeyKingBar":25,"Unceasing Top":8},{"Dota2Spire:HandOfMidas":47,"Regal Pillow":104,"ats:Sanity Plus":40,"Pear":51,"NeowsBlessing":0,"Torii":31,"ats:Lavender":19,"Dota2Spire:Dagon":63,"Pen Nib":47,"Incense Burner":3,"Letter Opener":97,"Question Card":75,"Empty Cage":81,"Dota2Spire:LotusOrb":55,"Mercury Hourglass":19,"ats:Originium":7,"Mummified Hand":7,"ats:Sanity":0,"ats:Military Tradition":84,"Dota2Spire:MonkeyKingBar":92,"Unceasing Top":26}],"Unceasing Top":[24],"Mercury Hourglass":[421]},"card_choices":[{"not_picked":["ats:Childhood Dance","ats:Cat Scratch"],"picked":"ats:Curse Doll","floor":1.0},{"not_picked":["ats:Explosion Area Strengthen","ats:Powerful Strike"],"picked":"ats:Leaping Hammer","floor":2.0},{"not_picked":["ats:Explosion Area Strengthen","ats:Powerful Strike"],"picked":"ats:Hammer On","floor":3.0},{"not_picked":["ats:Hammer On","ats:Childhood Dance"],"picked":"ats:Rapid Magazine","floor":6.0},{"not_picked":["ats:Encircling Forest","ats:Red Shift"],"picked":"ats:Song Of Battle","floor":7.0},{"not_picked":["ats:Ignite","ats:Revitalization"],"picked":"ats:Volcano","floor":8.0},{"not_picked":["ats:Flexible Camouflage","ats:Apocalypse"],"picked":"ats:Explosion Area Strengthen","floor":11.0},{"not_picked":["ats:Apocalypse","ats:Curse Doll","ats:Shell Defense"],"picked":"SKIP","floor":12.0},{"not_picked":["ats:Assault Order","ats:Powerful Strike"],"picked":"ats:Poison Spread","floor":13.0},{"not_picked":["ats:Flexible Camouflage","ats:Hammer On"],"picked":"ats:Demon Strength","floor":14.0},{"not_picked":["ats:Durian","ats:Echo Reverb"],"picked":"ats:Soul Rend","floor":16.0},{"not_picked":["ats:Poison Spread","ats:Curse Doll"],"picked":"ats:Thermite Blade+1","floor":18.0},{"not_picked":["ats:Spore Proliferation","ats:Childhood Dance"],"picked":"ats:Consecutive Shot Auto","floor":19.0},{"not_picked":["ats:Shadow Raid+1","ats:Revitalization"],"picked":"ats:Wolf Pack","floor":24.0},{"not_picked":["ats:Explosion Area Strengthen+1","ats:Consecutive Shot Auto","ats:Cat Scratch"],"picked":"SKIP","floor":25.0},{"not_picked":["ats:Shell Defense","ats:Assault Order","ats:Collapsing Strike"],"picked":"SKIP","floor":27.0},{"not_picked":["ats:Cat Scratch","ats:Explosion Area Strengthen"],"picked":"ats:Leaping Hammer+1","floor":28.0},{"not_picked":["ats:Counter Healing Mode","ats:Curse Doll"],"picked":"ats:Sunburst+1","floor":29.0},{"not_picked":["ats:Flexible Camouflage","ats:Shell Defense"],"picked":"ats:Ignite","floor":30.0},{"not_picked":["ats:Poison Spread","ats:Leaping Hammer"],"picked":"ats:Chain Hook","floor":31.0},{"not_picked":["ats:Nebulous Foxfire","ats:Soul Rend","ats:Volcano"],"picked":"ats:Roar Of Ursus","floor":33.0},{"not_picked":["ats:Overload","ats:Steam Pump+1","ats:Hammer On+1"],"picked":"ats:Chain Hook+1","floor":35.0},{"not_picked":["ats:Childhood Dance","ats:Defend Order","ats:Hammer On","ats:Consecutive Shot Auto"],"picked":"SKIP","floor":38.0},{"not_picked":["ats:Childhood Dance+1","ats:Powerful Strike","ats:Assault Order"],"picked":"ats:Part Time Job+1","floor":39.0},{"not_picked":["ats:Powerful Strike+1","ats:Leaping Hammer","ats:Hammer On"],"picked":"ats:Disruption Kick","floor":40.0},{"not_picked":["ats:Shell Defense","ats:Consecutive Shot Auto","ats:Childhood Dance","ats:Powerful Strike"],"picked":"SKIP","floor":42},{"not_picked":["ats:Wolf Pack","ats:Ignite","ats:Assault Order"],"picked":"ats:Burning Ground+1","floor":44},{"not_picked":["ats:Assault Order+1","ats:Poison Spread","ats:Charging Defense"],"picked":"ats:Hook Shot","floor":45},{"not_picked":["ats:Revitalization","ats:Collapsing Strike","ats:Cat Scratch+1"],"picked":"ats:Ignite+1","floor":46},{"not_picked":["ats:Automatic Cover","ats:Consecutive Shot Auto","ats:Explosion Area Strengthen","ats:Poison Spread+1"],"picked":"SKIP","floor":48}],"player_experience":558104,"relics_obtained":[{"floor":6.0,"key":"ats:Originium"},{"floor":6.0,"key":"Mummified Hand"},{"floor":8.0,"key":"ats:Originium"},{"floor":8.0,"key":"Mercury Hourglass"},{"floor":9.0,"key":"ats:Lavender"},{"floor":12.0,"key":"ats:Originium"},{"floor":12.0,"key":"Unceasing Top"},{"floor":13.0,"key":"Torii"},{"floor":24.0,"key":"ats:Originium"},{"floor":24.0,"key":"Pear"},{"floor":26.0,"key":"Dota2Spire:LotusOrb"},{"floor":28.0,"key":"Dota2Spire:Dagon"},{"floor":31.0,"key":"Question Card"},{"floor":40.0,"key":"Dota2Spire:MonkeyKingBar"},{"floor":43,"key":"Letter Opener"},{"floor":44,"key":"Regal Pillow"}],"event_choices":[{"damage_healed":0.0,"max_hp_gain":0.0,"max_hp_loss":0.0,"gold_gain":0.0,"event_name":"Scrap Ooze","player_choice":"Success","floor":4.0,"gold_loss":0.0,"damage_taken":12.0,"relics_obtained":["Incense Burner"]},{"damage_healed":0.0,"max_hp_gain":0.0,"max_hp_loss":0.0,"gold_gain":0.0,"event_name":"Shining Light","player_choice":"Entered Light","floor":5.0,"gold_loss":0.0,"damage_taken":24.0,"cards_upgraded":["ats:Strike G","ats:Strike C"]},{"cards_removed":["ats:Defend"],"damage_healed":0.0,"max_hp_gain":0.0,"max_hp_loss":0.0,"gold_gain":0.0,"event_name":"Golden Wing","player_choice":"Card Removal","floor":10.0,"gold_loss":0.0,"damage_taken":7.0},{"damage_healed":0.0,"max_hp_gain":0.0,"max_hp_loss":0.0,"gold_gain":0.0,"event_name":"Dead Adventurer","player_choice":"Searched \u00272\u0027 times","floor":13.0,"gold_loss":0.0,"damage_taken":0.0},{"damage_healed":0.0,"max_hp_gain":0.0,"max_hp_loss":0.0,"gold_gain":99.0,"event_name":"Nest","player_choice":"Stole From Cult","floor":21.0,"gold_loss":0.0,"damage_taken":0.0},{"damage_healed":0.0,"max_hp_gain":0.0,"max_hp_loss":0.0,"gold_gain":0.0,"event_name":"Addict","player_choice":"Obtained Relic","floor":22.0,"gold_loss":85.0,"damage_taken":0.0,"relics_obtained":["Pen Nib"]},{"damage_healed":0.0,"max_hp_gain":0.0,"max_hp_loss":0.0,"gold_gain":0.0,"event_name":"Duplicator","player_choice":"Copied","floor":36.0,"gold_loss":0.0,"damage_taken":0.0,"cards_obtained":["ats:Demon Strength"]}],"is_beta":false,"boss_relics":[{"not_picked":["Pandora\u0027s Box","Snecko Eye"],"picked":"ats:Sanity Plus"},{"not_picked":["SlaversCollar","Fusion Hammer"],"picked":"Empty Cage"}],"items_purged_floors":[20,37],"is_endless":false,"potions_floor_spawned":[2,6,8,13,19,24,25,28,30,31,35,42,45],"ascension_level":0}}