{"host":"s1gi8xs3so6zkrm7","time":1609204982,"event":{"mods":["BaseMod","Filter the Spire","Minty Spire (QoL Compilation)"],"gold_per_floor":[112,122,122,136,136,136,163,20,20,34,34,52,67,99,99,194,194,209,209,227,81,97,97,97],"floor_reached":23,"playtime":1308,"items_purged":["Strike_P"],"score":213,"play_id":"b32de195-0f5f-495c-9b9b-4aa7b6f769e2","local_time":"20201228192302","is_ascension_mode":true,"campfire_choices":[{"data":"TalkToTheHand","floor":6.0,"key":"SMITH"},{"data":"WheelKick","floor":11.0,"key":"SMITH"},{"floor":15.0,"key":"REST"}],"circlet_count":0,"master_deck":["Strike_P+1","Strike_P","Strike_P+1","Defend_P+1","Defend_P+1","Defend_P+1","Defend_P+1","Eruption+1","Vigilance+1","ThirdEye","FollowUp","TalkToTheHand+1","WheelKick+1","LessonLearned","Crescendo","DevaForm","WaveOfTheHand","EmptyBody+1","SandsOfTime"],"relics":["Runic Pyramid","Letter Opener","Damaru","Pear","Pantograph","Cursed Key","Oddly Smooth Stone"],"acts_visited":["Exordium","TheCity"],"potions_floor_usage":[23],"damage_taken":[{"damage":18.0,"enemies":"Cultist","floor":1.0,"turns":4.0},{"damage":2.0,"enemies":"Jaw Worm","floor":2.0,"turns":4.0},{"damage":0.0,"enemies":"Small Slimes","floor":4.0,"turns":3.0},{"damage":19.0,"enemies":"Gremlin Nob","floor":7.0,"turns":3.0},{"damage":0.0,"enemies":"Exordium Thugs","floor":10.0,"turns":2.0},{"damage":15.0,"enemies":"Looter","floor":12.0,"turns":2.0},{"damage":0.0,"enemies":"Red Slaver","floor":13.0,"turns":2.0},{"damage":5.0,"enemies":"Lagavulin","floor":14.0,"turns":4.0},{"damage":17.0,"enemies":"The Guardian","floor":16.0,"turns":10.0},{"damage":0.0,"enemies":"Chosen","floor":18.0,"turns":3.0},{"damage":2.0,"enemies":"Spheric Guardian","floor":20.0,"turns":3.0},{"damage":12.0,"enemies":"3 Cultists","floor":22.0,"turns":4.0},{"damage":115,"enemies":"Gremlin Leader","floor":23,"turns":6}],"seed_played":"5103672033389375593","potions_obtained":[{"floor":7.0,"key":"DistilledChaos"},{"floor":12.0,"key":"FearPotion"},{"floor":13.0,"key":"FairyPotion"},{"floor":18.0,"key":"DistilledChaos"}],"is_trial":false,"path_per_floor":["M","M","?","M","T","R","E","$","T","M","R","M","M","E","R","B",null,"M","?","M","$","M","E"],"character_chosen":"WATCHER","items_purchased":["LessonLearned","SandsOfTime"],"campfire_rested":1,"item_purchase_floors":[8,21],"current_hp_per_floor":[54,52,52,52,52,52,33,33,43,43,43,28,28,23,47,55,82,82,82,80,80,68,0,0],"gold":97,"neow_bonus":"BOSS_RELIC","is_daily":false,"chose_seed":false,"campfire_upgraded":2,"win_rate":0.0,"timestamp":1609204982,"path_taken":["M","?","?","M","?","R","E","$","T","?","R","M","M","E","R","BOSS","M","?","M","$","?","E"],"items_purchased_type":["Card","Card"],"build_version":"2020-12-22","purchased_purges":1,"victory":false,"max_hp_per_floor":[72,72,72,72,72,72,72,72,82,82,82,82,82,82,82,82,82,82,82,82,82,82,82,82],"card_choices":[{"not_picked":["Consecrate","SashWhip"],"picked":"ThirdEye","floor":1.0},{"not_picked":["EmptyFist","SashWhip"],"picked":"FollowUp","floor":2.0},{"not_picked":["CrushJoints","Adaptation"],"picked":"TalkToTheHand","floor":4.0},{"not_picked":["LikeWater","ClearTheMind"],"picked":"WheelKick","floor":7.0},{"not_picked":["Sanctity","FlyingSleeves","Halt"],"picked":"SKIP","floor":10.0},{"not_picked":["FollowUp","ClearTheMind"],"picked":"Crescendo","floor":12.0},{"not_picked":["Pray","MasterReality","ThirdEye"],"picked":"SKIP","floor":13.0},{"not_picked":["Pray","MasterReality","ThirdEye"],"picked":"SKIP","floor":13.0},{"not_picked":["Crescendo","WheelKick","BowlingBash"],"picked":"SKIP","floor":14.0},{"not_picked":["Crescendo","WheelKick","BowlingBash"],"picked":"SKIP","floor":14.0},{"not_picked":["DeusExMachina","LessonLearned"],"picked":"DevaForm","floor":16.0},{"not_picked":["FollowUp","Halt+1"],"picked":"WaveOfTheHand","floor":18.0},{"not_picked":["Vengeance","SignatureMove"],"picked":"EmptyBody+1","floor":20.0},{"not_picked":["Protect","JustLucky+1","Study"],"picked":"SKIP","floor":22.0}],"player_experience":202747,"relics_obtained":[{"floor":5.0,"key":"Letter Opener"},{"floor":7.0,"key":"Damaru"},{"floor":9.0,"key":"Pear"},{"floor":14.0,"key":"Pantograph"}],"event_choices":[{"damage_healed":0.0,"max_hp_gain":0.0,"max_hp_loss":0.0,"gold_gain":0.0,"event_name":"Living Wall","player_choice":"Grow","floor":3.0,"gold_loss":0.0,"damage_taken":0.0,"cards_upgraded":["Eruption"]},{"damage_healed":0.0,"max_hp_gain":0.0,"max_hp_loss":0.0,"gold_gain":0.0,"event_name":"WeMeetAgain","player_choice":"Gave Potion","floor":19.0,"gold_loss":0.0,"damage_taken":0.0,"relics_obtained":["Oddly Smooth Stone"]}],"is_beta":false,"boss_relics":[{"not_picked":["Fusion Hammer","Coffee Dripper"],"picked":"Cursed Key"}],"items_purged_floors":[21],"is_endless":false,"potions_floor_spawned":[7,12,13,18],"killed_by":"Gremlin Leader","ascension_level":1}}