{"host":"56792r0r1tfnc9x9","time":1609224642,"event":{"mods":["2.2 Compatiblity","Abigail Mod","AchievementEnabler","Act Like it!","Aspiration","BaseMod","Better Note","Better Third Choice","Better Vampires","BetterRewards","Block Reminder","CapriCore","Colored Map","Colored Powertips","Conspire","Downfall","Elementarium","Emptier Cage","Energized Spire","GifTheSpireLib","Gremlin Mod","Halation","Hermit","Highlight Path","Hubris","Jedi Mod","JesterMod","Jorbs\u0027s Wanderer Trilogy","Marisa????????","Minty Spire (QoL Compilation)","Pale of the Ancients","Potionbrewer","Rare Cards Sparkle","Relic Stats","Replay The Spire","Robot Space Explorer","SacredBarkPlus","Shade Mod","Spicy Shops","StSLib","Stuff the Spire","Synergy Search","The Construct","The Jungle","The Marked","The Runesmith","Waifu the Spire","Wandering Minibosses"],"gold_per_floor":[116,116,16,16,36,65,65,65,91,91,24,38,53,88,88,184,184,201,48,48,48,67,67,92,103,103,129,129,229,244,258,258,354,354,369,25,44,55,103,103,121,121,121,121,33,33,53,72,72,72],"floor_reached":51,"playtime":5574,"items_purged":["theMarked:Strike","theMarked:Strike"],"score":895,"play_id":"f077ca80-d859-4711-93c2-74dd3ab62377","local_time":"20201229005042","is_ascension_mode":false,"campfire_choices":[{"data":"Magnetism","floor":7,"key":"SMITH"},{"data":"theMarked:Improvise","floor":7,"key":"SMITH"},{"data":"theMarked:Static","floor":10,"key":"SMITH"},{"data":"theMarked:SoldierOfQuellstein","floor":10,"key":"SMITH"},{"data":"theMarked:SuspiciousRaven","floor":15,"key":"SMITH"},{"data":"theMarked:Convert","floor":15,"key":"SMITH"},{"data":"theMarked:Static","floor":23,"key":"SMITH"},{"data":"theMarked:Defend","floor":23,"key":"SMITH"},{"data":"theMarked:SummonStrength","floor":32,"key":"SMITH"},{"data":"theMarked:MysticalArsenal","floor":32,"key":"SMITH"},{"data":"theMarked:Defy","floor":40,"key":"SMITH"},{"data":"StuffTheSpire:PlasmaPunch","floor":40,"key":"SMITH"},{"floor":42,"key":"REST"},{"data":"Bandage Up","floor":49,"key":"SMITH"},{"data":"theMarked:SuspiciousRaven","floor":49,"key":"SMITH"}],"circlet_count":0,"master_deck":["theMarked:Strike","theMarked:Strike","theMarked:Defend+1","theMarked:Defend","theMarked:Defend","theMarked:Defend","theMarked:SoldierOfQuellstein+1","Magnetism+1","theMarked:Static+1","theMarked:Improvise+1","theMarked:Static+1","theMarked:Convert+1","theMarked:SuspiciousRaven+1","theMarked:EternalStudent+1","theMarked:ComboAttacks+1","theMarked:TwofoldDefense+1","theMarked:SummonStrength+1","theMarked:MysticalArsenal+1","conspire:NecroticWound","theMarked:SuspiciousRaven+1","theMarked:Aftermath","theMarked:ReduceFriction","theMarked:Overcharge","theMarked:Defy+1","theMarked:Reabsorb+1","StuffTheSpire:PlasmaPunch+1","theMarked:MysticalArsenal+1","Parasite","stsjorbsmod:Amnesia","Bandage Up+1","theMarked:LightningStrikesTwice+1","theMarked:StartUp+1"],"relics":["StuffTheSpire:OccultApparatus","Quantum Egg","Replay:Arrowhead","Cauldron","halation:KoshaPiece","Centennial Puzzle","Orichalcum","StuffTheSpire:OldFever","Cursed Key","halation:LettersToHer","TungstenRod","Mercury Hourglass","Happy Flower","Pantograph","hubris:BundleOfHerbs","Replay:Ringing Soul","hubris:GrandSneckoEye","theMarked:NailFile","StuffTheSpire:Rhapsscallions","aspiration:FrozenJewel"],"acts_visited":["Exordium","TheCity","TheBeyond"],"potions_floor_usage":[1,13,16,24,27,33,41,41],"damage_taken":[{"damage":0,"enemies":"2 Louse","floor":1,"turns":3},{"damage":1,"enemies":"Jaw Worm","floor":5,"turns":3},{"damage":4,"enemies":"Replay:BlueRogue","floor":6,"turns":5},{"damage":1,"enemies":"conspire:RoseBush","floor":12,"turns":3},{"damage":2,"enemies":"Blue Slaver","floor":13,"turns":2},{"damage":27,"enemies":"Gremlin Nob","floor":14,"turns":4},{"damage":11,"enemies":"Hexaghost","floor":16,"turns":7},{"damage":4,"enemies":"3 Byrds","floor":18,"turns":3},{"damage":5,"enemies":"Shell Parasite","floor":22,"turns":4},{"damage":6,"enemies":"Slavers","floor":24,"turns":3},{"damage":2,"enemies":"Snecko","floor":25,"turns":4},{"damage":4,"enemies":"conspire:Head Lice","floor":27,"turns":2},{"damage":7,"enemies":"Colosseum Slavers","floor":29,"turns":4},{"damage":22,"enemies":"Colosseum Nobs","floor":29,"turns":5},{"damage":7,"enemies":"conspire:HollyBat","floor":30,"turns":6},{"damage":12,"enemies":"Snake Plant","floor":31,"turns":2},{"damage":18,"enemies":"Pondfish","floor":33,"turns":8},{"damage":0,"enemies":"3 Darklings","floor":35,"turns":3},{"damage":1,"enemies":"Orb Walker","floor":37,"turns":4},{"damage":2,"enemies":"Spire Growth","floor":38,"turns":3},{"damage":12,"enemies":"Writhing Mass","floor":41,"turns":5},{"damage":4,"enemies":"Sphere and 2 Shapes","floor":47,"turns":4},{"damage":7,"enemies":"Jaw Worm Horde","floor":48,"turns":3},{"damage":99,"enemies":"Awakened One","floor":50,"turns":7}],"seed_played":"3257771746626603950","potions_obtained":[{"floor":0,"key":"Swift Potion"},{"floor":0,"key":"potionbrewer:EndurancePotion"},{"floor":0,"key":"FairyPotion"},{"floor":5,"key":"Doom Potion"},{"floor":12,"key":"jedi:mysterypotion"},{"floor":14,"key":"PowerPotion"},{"floor":18,"key":"jedi:tentaclejuice"},{"floor":25,"key":"AttackPotion"},{"floor":29,"key":"Toxic Potion"},{"floor":33,"key":"Elixir"},{"floor":38,"key":"potionbrewer:AcidPotion"}],"is_trial":false,"path_per_floor":["M","?","$","?","M","E","R","T","T","R","$","M","M","E","R","B",null,"M","$","?","?","M","R","E","M","T","E","?","?","M","M","R_BF","B",null,"M","$","M","M","?","R","M","R","T","?","$","$","M","M","R","B",null],"character_chosen":"THE_DEFAULT","items_purchased":["Quantum Egg","Replay:Arrowhead","Cauldron","Magnetism","theMarked:SummonStrength","theMarked:Static","theMarked:Convert","halation:LettersToHer","StuffTheSpire:PlasmaPunch","theMarked:NailFile","Bandage Up"],"campfire_rested":1,"item_purchase_floors":[0,0,0,0,0,0,11,19,36,36,45],"current_hp_per_floor":[38,38,38,80,79,75,75,75,75,75,75,74,72,45,45,46,80,76,76,76,76,71,71,65,63,63,59,59,33,39,30,30,40,92,95,98,97,95,77,77,68,99,102,102,105,105,108,108,108,40],"gold":72,"neow_bonus":"","is_daily":false,"chose_seed":false,"campfire_upgraded":14,"win_rate":0.0,"timestamp":1609224642,"path_taken":["M","?","$","?","?","E","R","?","T","R","?","M","M","E","R","BOSS","M","$","?","?","M","R","E","M","T","E","?","?","M","?","R_BF","BOSS","M","$","M","M","?","R","M","R","T","?","?","$","M","M","R","BOSS"],"items_purchased_type":["Relic","Relic","Relic","Card","Card","Card","Card","Relic","Card","Relic","Card"],"build_version":"2020-12-22","purchased_purges":2,"victory":true,"max_hp_per_floor":[70,70,70,80,80,80,80,80,80,80,80,80,80,80,80,80,80,80,80,80,80,80,80,80,80,80,80,80,83,86,89,89,92,92,95,98,98,98,103,103,106,106,109,109,112,112,115,118,118,118],"relic_stats":{"Centennial Puzzle":[60],"Happy Flower":[18],"counters":[243,1107],"Pantograph":35,"Orichalcum":[138],"Cursed Key":2,"obtain_stats":[{"StuffTheSpire:Rhapsscallions":39,"Runesmith:Locket":0,"StuffTheSpire:BottledEssence":35,"Bottled Tornado":19,"Old Coin":46,"StuffTheSpire:SapphireSignet":33,"Replay:Ringing Soul":29,"MealTicket":14,"Fusion Hammer":17,"Kunai":8,"hubris:TinFlute":31,"halation:QuantumPhysicsTextbook":0,"Eternal Feather":26,"aspiration:FrozenJewel":43,"aspiration:SilentSkillbook":34,"aspiration:Lifesprig":0,"Torii":17,"Blue Doll":7,"champ:ChampionCrown":0,"StuffTheSpire:GrapeVine":27,"Cursed Key":17,"jesterMod:MirrorMask":19,"StuffTheSpire:OccultApparatus":44,"StuffTheSpire:Gunfinga":39,"Matryoshka":11,"hubris:Backtick":17,"SlimeboundClassic:AbsorbEndCombat":0,"hubris:CuriousFeather":0,"InkBottle":32,"theMarked:NailFile":36,"Lee\u0027s Waffle":0,"halation:BottledLove":25,"Golden Idol":3,"StuffTheSpire:Saxophone":35,"jedi:gremlinknob":19,"The Courier":26,"jedi:crownofsimplicity":0,"Ring of Greed":4,"hubris:Towel":2,"halation:SelfBoilingWater":9,"Replay:Arrowhead":0,"StuffTheSpire:Mouthbags":6,"Ornamental Fan":9,"Art of War":0,"halation:LostSnail":0,"halation:PinkSoulGem":15,"CeramicFish":33,"potionbrewer:SalesContract":31,"Sozu":34,"potionbrewer:RamsHorn":13,"Centennial Puzzle":23,"HornCleat":0,"FaceOfCleric":30,"aspiration:ArtOfWarUpgrade":23,"halation:KoshaPiece":6,"Toxic Egg 2":0,"hexamod:SpiritBrand":0,"wanderingMiniBosses:ThiefScarf":30,"Happy Flower":26,"Oddly Smooth Stone":7,"hexamod:TheBrokenSeal":37,"potionbrewer:MortarAndPestle":25,"conspire:Boomerang":0,"Letter Opener":28,"aspiration:SeaSaltIceCream":42,"potionbrewer:ToyAutogyro":0,"Du-Vu Doll":6,"Replay:Baseball":42,"wanderingMiniBosses:Blackblade":35,"ReplayTheSpireMod:Shallot":45,"Bronze Scales":0,"hubris:PeanutButter":0,"Mirror":8,"StuffTheSpire:OldFever":9,"conspire:SpecialSausage":17,"jedi:Pinwheel":39,"Empty Cage":34,"SsserpentHead":7,"hubris:Icosahedron":12,"energizedSpire:CursedPentagram":17,"Mummified Hand":11,"Pantograph":24,"StuffTheSpire:Nightcore":36,"halation:LettersToHer":19,"Gremlin Food":9,"Quantum Egg":0,"halation:IllGainedPizza":4,"Replay:WaspNest":9,"Orichalcum":9,"Mercury Hourglass":24,"Strange Spoon":0,"Cauldron":0,"halation:EternalFortune":19,"aspiration:KaomsHeart":36,"Ring of Fury":4,"hubris:BundleOfHerbs":29,"StuffTheSpire:RubySignet":9,"Bag of Marbles":13,"StuffTheSpire:Kangaroo":17,"hubris:GrandSneckoEye":34,"Membership Card":0,"hubris:OldNail":0,"TungstenRod":21},{"StuffTheSpire:Rhapsscallions":239,"Runesmith:Locket":178,"StuffTheSpire:BottledEssence":145,"Bottled Tornado":214,"Old Coin":172,"StuffTheSpire:SapphireSignet":144,"Replay:Ringing Soul":233,"MealTicket":159,"Fusion Hammer":160,"Kunai":131,"hubris:TinFlute":143,"halation:QuantumPhysicsTextbook":154,"Eternal Feather":218,"aspiration:FrozenJewel":201,"aspiration:SilentSkillbook":195,"aspiration:Lifesprig":175,"Torii":117,"Blue Doll":122,"champ:ChampionCrown":0,"StuffTheSpire:GrapeVine":164,"Cursed Key":226,"jesterMod:MirrorMask":214,"StuffTheSpire:OccultApparatus":240,"StuffTheSpire:Gunfinga":199,"Matryoshka":114,"hubris:Backtick":117,"SlimeboundClassic:AbsorbEndCombat":0,"hubris:CuriousFeather":154,"InkBottle":194,"theMarked:NailFile":237,"Lee\u0027s Waffle":178,"halation:BottledLove":191,"Golden Idol":207,"StuffTheSpire:Saxophone":145,"jedi:gremlinknob":214,"The Courier":191,"jedi:crownofsimplicity":119,"Ring of Greed":207,"hubris:Towel":176,"halation:SelfBoilingWater":122,"Replay:Arrowhead":219,"StuffTheSpire:Mouthbags":113,"Ornamental Fan":157,"Art of War":178,"halation:LostSnail":178,"halation:PinkSoulGem":133,"CeramicFish":144,"potionbrewer:SalesContract":143,"Sozu":145,"potionbrewer:RamsHorn":123,"Centennial Puzzle":163,"HornCleat":126,"FaceOfCleric":165,"aspiration:ArtOfWarUpgrade":190,"halation:KoshaPiece":222,"Toxic Egg 2":154,"hexamod:SpiritBrand":0,"wanderingMiniBosses:ThiefScarf":143,"Happy Flower":230,"Oddly Smooth Stone":182,"hexamod:TheBrokenSeal":198,"potionbrewer:MortarAndPestle":140,"conspire:Boomerang":175,"Letter Opener":192,"aspiration:SeaSaltIceCream":201,"potionbrewer:ToyAutogyro":178,"Du-Vu Doll":130,"Replay:Baseball":201,"wanderingMiniBosses:Blackblade":168,"ReplayTheSpireMod:Shallot":203,"Bronze Scales":206,"hubris:PeanutButter":175,"Mirror":208,"StuffTheSpire:OldFever":208,"conspire:SpecialSausage":134,"jedi:Pinwheel":199,"Empty Cage":167,"SsserpentHead":113,"hubris:Icosahedron":132,"energizedSpire:CursedPentagram":213,"Mummified Hand":183,"Pantograph":164,"StuffTheSpire:Nightcore":168,"halation:LettersToHer":227,"Gremlin Food":113,"Quantum Egg":219,"halation:IllGainedPizza":207,"Replay:WaspNest":182,"Orichalcum":222,"Mercury Hourglass":229,"Strange Spoon":154,"Cauldron":219,"halation:EternalFortune":118,"aspiration:KaomsHeart":146,"Ring of Fury":207,"hubris:BundleOfHerbs":233,"StuffTheSpire:RubySignet":131,"Bag of Marbles":133,"StuffTheSpire:Kangaroo":187,"hubris:GrandSneckoEye":236,"Membership Card":206,"hubris:OldNail":175,"TungstenRod":227},{"StuffTheSpire:Rhapsscallions":1088,"Runesmith:Locket":847,"StuffTheSpire:BottledEssence":685,"Bottled Tornado":992,"Old Coin":819,"StuffTheSpire:SapphireSignet":679,"Replay:Ringing Soul":1063,"MealTicket":761,"Fusion Hammer":768,"Kunai":605,"hubris:TinFlute":674,"halation:QuantumPhysicsTextbook":739,"Eternal Feather":1010,"aspiration:FrozenJewel":954,"aspiration:SilentSkillbook":932,"aspiration:Lifesprig":837,"Torii":535,"Blue Doll":558,"champ:ChampionCrown":0,"StuffTheSpire:GrapeVine":789,"Cursed Key":1039,"jesterMod:MirrorMask":992,"StuffTheSpire:OccultApparatus":1093,"StuffTheSpire:Gunfinga":946,"Matryoshka":510,"hubris:Backtick":535,"SlimeboundClassic:AbsorbEndCombat":0,"hubris:CuriousFeather":739,"InkBottle":924,"theMarked:NailFile":1082,"Lee\u0027s Waffle":847,"halation:BottledLove":911,"Golden Idol":971,"StuffTheSpire:Saxophone":685,"jedi:gremlinknob":992,"The Courier":911,"jedi:crownofsimplicity":549,"Ring of Greed":971,"hubris:Towel":841,"halation:SelfBoilingWater":558,"Replay:Arrowhead":1012,"StuffTheSpire:Mouthbags":506,"Ornamental Fan":749,"Art of War":847,"halation:LostSnail":847,"halation:PinkSoulGem":616,"CeramicFish":679,"potionbrewer:SalesContract":674,"Sozu":685,"potionbrewer:RamsHorn":567,"Centennial Puzzle":785,"HornCleat":581,"FaceOfCleric":793,"aspiration:ArtOfWarUpgrade":905,"halation:KoshaPiece":1023,"Toxic Egg 2":739,"hexamod:SpiritBrand":0,"wanderingMiniBosses:ThiefScarf":674,"Happy Flower":1053,"Oddly Smooth Stone":863,"hexamod:TheBrokenSeal":942,"potionbrewer:MortarAndPestle":658,"conspire:Boomerang":837,"Letter Opener":916,"aspiration:SeaSaltIceCream":954,"potionbrewer:ToyAutogyro":847,"Du-Vu Doll":601,"Replay:Baseball":954,"wanderingMiniBosses:Blackblade":808,"ReplayTheSpireMod:Shallot":961,"Bronze Scales":969,"hubris:PeanutButter":837,"Mirror":972,"StuffTheSpire:OldFever":972,"conspire:SpecialSausage":629,"jedi:Pinwheel":946,"Empty Cage":803,"SsserpentHead":506,"hubris:Icosahedron":610,"energizedSpire:CursedPentagram":989,"Mummified Hand":869,"Pantograph":789,"StuffTheSpire:Nightcore":808,"halation:LettersToHer":1042,"Gremlin Food":506,"Quantum Egg":1012,"halation:IllGainedPizza":971,"Replay:WaspNest":863,"Orichalcum":1023,"Mercury Hourglass":1049,"Strange Spoon":739,"Cauldron":1012,"halation:EternalFortune":544,"aspiration:KaomsHeart":689,"Ring of Fury":971,"hubris:BundleOfHerbs":1063,"StuffTheSpire:RubySignet":605,"Bag of Marbles":616,"StuffTheSpire:Kangaroo":893,"hubris:GrandSneckoEye":1079,"Membership Card":969,"hubris:OldNail":837,"TungstenRod":1042}],"TungstenRod":49,"Mercury Hourglass":[234]},"card_choices":[{"not_picked":["theMarked:LightningStrikesTwice","theMarked:TwofoldDefense"],"picked":"theMarked:Improvise","floor":1},{"not_picked":["theMarked:Electrocute","theMarked:Parkour","theMarked:ResourceFulStrike"],"picked":"SKIP","floor":5},{"not_picked":["theMarked:BanishingStrike","theMarked:Frustration"],"picked":"theMarked:Static","floor":6},{"not_picked":["theMarked:ContemptForTheProud","theMarked:MaelstromOfLightning"],"picked":"theMarked:SuspiciousRaven","floor":12},{"not_picked":["theMarked:ResourceFulStrike","theMarked:Overthink","theMarked:Frustration"],"picked":"SKIP","floor":13},{"not_picked":["theMarked:Static","theMarked:Electrocute","theMarked:Aftermath"],"picked":"SKIP","floor":14},{"not_picked":["theMarked:Challenge","theMarked:SoldierForm"],"picked":"theMarked:EternalStudent","floor":16},{"not_picked":["theMarked:WastefulAttack","theMarked:Static+1"],"picked":"theMarked:ComboAttacks+1","floor":18},{"not_picked":["theMarked:ContemptForTheProud","theMarked:Electrocute"],"picked":"theMarked:TwofoldDefense+1","floor":22},{"not_picked":["theMarked:Overcharge+1","theMarked:Aftermath"],"picked":"theMarked:SummonStrength","floor":24},{"not_picked":["theMarked:ResourceFulStrike","theMarked:WastefulAttack"],"picked":"theMarked:MysticalArsenal","floor":25},{"not_picked":["theMarked:Electrocute","theMarked:Parkour"],"picked":"theMarked:SuspiciousRaven","floor":27},{"not_picked":["theMarked:Electrocute","theMarked:EmpowerWeapon"],"picked":"theMarked:Aftermath","floor":29},{"not_picked":["theMarked:Frustration+1","theMarked:Parkour+1"],"picked":"theMarked:ReduceFriction","floor":30},{"not_picked":["theMarked:Static+1","theMarked:Parkour"],"picked":"theMarked:Overcharge","floor":31},{"not_picked":["theMarked:BindingBlade","theMarked:SoldierForm"],"picked":"theMarked:Defy","floor":33},{"not_picked":["theMarked:ContemptForTheProud","theMarked:ComboAttacks+1"],"picked":"theMarked:Reabsorb+1","floor":35},{"not_picked":["theMarked:Convert+1","theMarked:ChainLightning+1","theMarked:Frustration+1"],"picked":"SKIP","floor":37},{"not_picked":["theMarked:Parkour","theMarked:Frustration+1","theMarked:EmpowerWeapon+1"],"picked":"SKIP","floor":38},{"not_picked":["theMarked:Frustration","theMarked:RepellingDischarge+1"],"picked":"theMarked:MysticalArsenal+1","floor":39},{"not_picked":["theMarked:Seal","theMarked:ReduceFriction+1","theMarked:EnhanceMovement"],"picked":"SKIP","floor":41},{"not_picked":["theMarked:ElectricStrings+1","theMarked:Static"],"picked":"theMarked:LightningStrikesTwice+1","floor":47},{"not_picked":["theMarked:BanishingWave+1","theMarked:PowerFlow+1"],"picked":"theMarked:StartUp+1","floor":48}],"player_experience":920159,"relics_obtained":[{"floor":6,"key":"halation:KoshaPiece"},{"floor":8,"key":"Centennial Puzzle"},{"floor":9,"key":"Orichalcum"},{"floor":14,"key":"StuffTheSpire:OldFever"},{"floor":24,"key":"Mercury Hourglass"},{"floor":26,"key":"halation:LettersToHer"},{"floor":26,"key":"Happy Flower"},{"floor":27,"key":"Pantograph"},{"floor":29,"key":"hubris:BundleOfHerbs"},{"floor":29,"key":"Replay:Ringing Soul"},{"floor":39,"key":"StuffTheSpire:Rhapsscallions"},{"floor":43,"key":"halation:LettersToHer"},{"floor":43,"key":"aspiration:FrozenJewel"}],"event_choices":[{"cards_removed":["theMarked:SummonStrength"],"damage_healed":32,"gold_gain":0,"player_choice":"Offered Rare","damage_taken":0,"max_hp_gain":10,"max_hp_loss":0,"event_name":"Bonfire Elementals","floor":4,"gold_loss":0},{"damage_healed":0,"gold_gain":0,"player_choice":"Upgraded","damage_taken":0,"max_hp_gain":0,"max_hp_loss":0,"event_name":"Upgrade Shrine","floor":20,"gold_loss":0,"cards_upgraded":["theMarked:EternalStudent"]},{"damage_healed":0,"gold_gain":0,"player_choice":"Gave Potion","damage_taken":0,"relics_obtained":["TungstenRod"],"max_hp_gain":0,"max_hp_loss":0,"event_name":"WeMeetAgain","floor":21,"gold_loss":0},{"cards_removed":["theMarked:Strike"],"damage_healed":0,"gold_gain":0,"player_choice":"Give","damage_taken":0,"max_hp_gain":0,"max_hp_loss":0,"event_name":"betterNote:BetterNote","floor":28,"gold_loss":0,"cards_obtained":["champ:Strike"]},{"damage_healed":0,"gold_gain":0,"player_choice":"Fight","damage_taken":0,"max_hp_gain":0,"max_hp_loss":0,"event_name":"Colosseum","floor":29,"gold_loss":0},{"damage_healed":0,"gold_gain":0,"player_choice":"Fought Nobs","damage_taken":0,"max_hp_gain":0,"max_hp_loss":0,"event_name":"Colosseum","floor":29,"gold_loss":0}],"is_beta":false,"boss_relics":[{"not_picked":["energizedSpire:CursedPentagram","hubris:ScarierMask"],"picked":"Cursed Key"},{"not_picked":["Replay:Fungal Core","energizedSpire:EnergizedDie"],"picked":"hubris:GrandSneckoEye"}],"items_purged_floors":[0,3],"is_endless":false,"potions_floor_spawned":[5,12,14,18,25,29,33,38],"ascension_level":0}}