{"host":"dpbezu80jg8zk7un","time":1609282519,"event":{"mods":["BaseMod","Colored Map","Colored Powertips","Custom Start","DeckTracker","Minty Spire (QoL Compilation)","Quick Restart","StSLib","SuperFastMode"],"gold_per_floor":[113,38,55,74,89,89,101,101,101,121,121,156,81,110,110,182,182,200,100,119,119,99,124,124,137,162,179,179,179,179],"floor_reached":29,"playtime":653,"items_purged":["Strike_P","Defend_P"],"score":556,"play_id":"e40f0b23-bb57-493d-9293-ec6cfaeabf43","local_time":"20201230075519","is_ascension_mode":true,"campfire_choices":[{"data":"Eruption","floor":6.0,"key":"SMITH"},{"data":"CarveReality","floor":8.0,"key":"SMITH"},{"data":"Adaptation","floor":15.0,"key":"SMITH"},{"data":"Scrawl","floor":24,"key":"SMITH"},{"floor":28,"key":"REST"}],"circlet_count":0,"master_deck":["AscendersBane","Strike_P","Strike_P+1","Strike_P+1","Defend_P","Defend_P","Eruption+1","Vigilance","CarveReality+1","Adaptation+1","MentalFortress","Vault","Adaptation","Scrawl+1"],"relics":["PureWater","NeowsBlessing","Odd Mushroom","Whetstone","Du-Vu Doll","Sozu","Girya","Toy Ornithopter"],"acts_visited":["Exordium","TheCity"],"potions_floor_usage":[],"damage_taken":[{"damage":0.0,"enemies":"2 Louse","floor":1.0,"turns":1.0},{"damage":0.0,"enemies":"Jaw Worm","floor":3.0,"turns":1.0},{"damage":0.0,"enemies":"Cultist","floor":4.0,"turns":1.0},{"damage":0.0,"enemies":"Exordium Wildlife","floor":5.0,"turns":3.0},{"damage":3.0,"enemies":"Blue Slaver","floor":7.0,"turns":4.0},{"damage":6.0,"enemies":"The Mushroom Lair","floor":10.0,"turns":4.0},{"damage":44.0,"enemies":"3 Sentries","floor":12.0,"turns":10.0},{"damage":0.0,"enemies":"Lagavulin","floor":14.0,"turns":4.0},{"damage":13.0,"enemies":"Slime Boss","floor":16.0,"turns":7.0},{"damage":3.0,"enemies":"Shell Parasite","floor":18.0,"turns":3.0},{"damage":0.0,"enemies":"Chosen","floor":20.0,"turns":2.0},{"damage":34,"enemies":"Slavers","floor":23,"turns":8},{"damage":0,"enemies":"Snake Plant","floor":25,"turns":3},{"damage":6,"enemies":"Centurion and Healer","floor":27,"turns":5},{"damage":41,"enemies":"Shelled Parasite and Fungi","floor":29,"turns":4}],"seed_played":"-6558078373972153739","potions_obtained":[{"floor":1.0,"key":"Energy Potion"},{"floor":4.0,"key":"LiquidMemories"},{"floor":7.0,"key":"DuplicationPotion"},{"floor":10.0,"key":"Regen Potion"},{"floor":14.0,"key":"SneckoOil"}],"is_trial":false,"path_per_floor":["M","?","M","M","M","R","M","R","T","?","?","E","$","E","R","B",null,"M","$","M","?","?","E","R","M","T","M","R","M"],"character_chosen":"WATCHER","items_purchased":[],"campfire_rested":1,"item_purchase_floors":[],"current_hp_per_floor":[61,61,61,61,61,61,58,58,58,52,52,23,23,23,23,10,54,51,51,51,51,51,17,17,17,17,11,31,0,0],"gold":179,"neow_bonus":"THREE_ENEMY_KILL","is_daily":false,"chose_seed":false,"campfire_upgraded":4,"win_rate":0.0,"timestamp":1609282519,"path_taken":["M","?","M","M","M","R","M","R","T","?","?","E","?","E","R","BOSS","M","$","M","?","?","E","R","?","T","M","R","M"],"items_purchased_type":[],"build_version":"2020-12-22","purchased_purges":2,"victory":false,"max_hp_per_floor":[68,68,68,68,68,68,68,68,68,68,68,68,68,68,68,68,68,68,68,68,68,68,68,68,68,68,68,68,68,68],"card_choices":[{"not_picked":["Perseverance","Worship","ThirdEye"],"picked":"SKIP","floor":1.0},{"not_picked":["Prostrate","BowlingBash","Weave"],"picked":"SKIP","floor":3.0},{"not_picked":["Halt","Vengeance","CutThroughFate"],"picked":"SKIP","floor":4.0},{"not_picked":["WindmillStrike","SignatureMove"],"picked":"CarveReality","floor":5.0},{"not_picked":["TalkToTheHand","Consecrate","ClearTheMind"],"picked":"SKIP","floor":7.0},{"not_picked":["WaveOfTheHand","WindmillStrike"],"picked":"Adaptation","floor":12.0},{"not_picked":["Consecrate","Blasphemy"],"picked":"MentalFortress","floor":14.0},{"not_picked":["Establishment","ConjureBlade"],"picked":"Vault","floor":16.0},{"not_picked":["LikeWater","Halt","FlyingSleeves"],"picked":"SKIP","floor":18.0},{"not_picked":["Halt+1","WindmillStrike","MentalFortress"],"picked":"SKIP","floor":20.0},{"not_picked":["FollowUp","PathToVictory+1"],"picked":"Scrawl","floor":23},{"not_picked":["FlyingSleeves","ClearTheMind","Perseverance"],"picked":"SKIP","floor":25},{"not_picked":["SashWhip","Evaluate","Brilliance"],"picked":"SKIP","floor":27}],"player_experience":2801392,"relics_obtained":[{"floor":10.0,"key":"Odd Mushroom"},{"floor":12.0,"key":"Whetstone"},{"floor":14.0,"key":"Du-Vu Doll"},{"floor":23,"key":"Girya"},{"floor":26,"key":"Toy Ornithopter"}],"event_choices":[{"cards_removed":["Defend_P"],"damage_healed":0.0,"max_hp_gain":0.0,"max_hp_loss":0.0,"gold_gain":0.0,"event_name":"The Cleric","player_choice":"Card Removal","floor":2.0,"gold_loss":75.0,"damage_taken":0.0},{"damage_healed":0.0,"max_hp_gain":0.0,"max_hp_loss":0.0,"gold_gain":0.0,"event_name":"Mushrooms","player_choice":"Fought Mushrooms","floor":10.0,"gold_loss":0.0,"damage_taken":0.0},{"damage_healed":0.0,"max_hp_gain":0.0,"max_hp_loss":0.0,"gold_gain":0.0,"event_name":"Scrap Ooze","player_choice":"Fled","floor":11.0,"gold_loss":0.0,"damage_taken":0.0},{"damage_healed":0.0,"max_hp_gain":0.0,"max_hp_loss":0.0,"gold_gain":0.0,"event_name":"The Library","player_choice":"Read","floor":21.0,"gold_loss":0.0,"damage_taken":0.0,"cards_obtained":["Adaptation"]},{"damage_healed":0.0,"max_hp_gain":0.0,"max_hp_loss":0.0,"gold_gain":0.0,"event_name":"The Woman in Blue","player_choice":"Bought 1 Potion","floor":22.0,"gold_loss":0.0,"damage_taken":0.0}],"is_beta":false,"boss_relics":[{"not_picked":["Ectoplasm","SlaversCollar"],"picked":"Sozu"}],"items_purged_floors":[13,19],"is_endless":false,"potions_floor_spawned":[1,4,7,10,14,18,23],"killed_by":"Shelled Parasite and Fungi","ascension_level":20}}