{"host":"zig6x0mxqzam82fb","time":1609210799,"event":{"mods":["BaseMod","Block Reminder","Colored Map","Colored Powertips","Marisa????????","Minty Spire (QoL Compilation)","Relic Stats","StSLib","The Cursed","The Marked","Waifu the Spire"],"gold_per_floor":[116,135,135,170,209,209,254,254,254,254,254,285,40,68,68,213,213,234,0,29,29,86,86,125,224,224,224,243,243,259,291,291,335,335],"floor_reached":33,"playtime":3805,"items_purged":["Regret"],"score":251,"play_id":"6f0cfbfe-ca23-48ac-a29b-b3c9a9270c09","local_time":"20201228215959","is_ascension_mode":false,"campfire_choices":[{"data":"GasGiant","floor":6,"key":"SMITH"},{"floor":10,"key":"REST"},{"floor":15,"key":"REST"},{"floor":23,"key":"REST"},{"floor":29,"key":"REST"},{"floor":32,"key":"REST"}],"circlet_count":0,"master_deck":["Strike_MRS+1","Strike_MRS+1","Strike_MRS+1","Strike_MRS+1","Defend_MRS+1","Defend_MRS+1","Defend_MRS+1","Defend_MRS+1","MasterSpark","UpSweep","WitchLeyline","Robbery","Acceleration","GasGiant+1","EarthLightRay","ShootingEcho","EventHorizon","Orbital","SatelliteIllusion","AsteroidBelt","Singularity","Swift Strike","LuminesStrike","LuminesStrike+1","AsteroidBelt","LuminesStrike","DeepEcoloBomb","StarlightTyphoon"],"relics":["MiniHakkero","Golden Idol","HandmadeGrimoire","White Beast Statue","Letter Opener","Smiling Mask","Oddly Smooth Stone","SacredBark","Membership Card","Peace Pipe","Sundial"],"acts_visited":["Exordium","TheCity"],"potions_floor_usage":[7,16,18,20,22,22,22,24,28,30,31,31,33,33],"damage_taken":[{"damage":0,"enemies":"Small Slimes","floor":1,"turns":3},{"damage":3,"enemies":"2 Louse","floor":2,"turns":2},{"damage":6,"enemies":"Cultist","floor":4,"turns":3},{"damage":15,"enemies":"2 Fungi Beasts","floor":5,"turns":3},{"damage":27,"enemies":"Gremlin Nob","floor":7,"turns":5},{"damage":20,"enemies":"Large Slime","floor":12,"turns":6},{"damage":1,"enemies":"Blue Slaver","floor":14,"turns":3},{"damage":17,"enemies":"Slime Boss","floor":16,"turns":9},{"damage":16,"enemies":"Spheric Guardian","floor":18,"turns":5},{"damage":23,"enemies":"3 Byrds","floor":20,"turns":4},{"damage":47,"enemies":"3 Cultists","floor":22,"turns":6},{"damage":15,"enemies":"Snake Plant","floor":24,"turns":4},{"damage":14,"enemies":"Centurion and Healer","floor":28,"turns":4},{"damage":22,"enemies":"Shelled Parasite and Fungi","floor":30,"turns":5},{"damage":1,"enemies":"Cultist and Chosen","floor":31,"turns":6},{"damage":94,"enemies":"Collector","floor":33,"turns":12}],"seed_played":"6019187268703165375","potions_obtained":[{"floor":1,"key":"Weak Potion"},{"floor":2,"key":"SpeedPotion"},{"floor":5,"key":"ShroomBrew"},{"floor":12,"key":"SpeedPotion"},{"floor":14,"key":"EntropicBrew"},{"floor":16,"key":"Energy Potion"},{"floor":18,"key":"AttackPotion"},{"floor":20,"key":"Strength Potion"},{"floor":22,"key":"Swift Potion"},{"floor":24,"key":"BottledSpark"},{"floor":28,"key":"SneckoOil"},{"floor":30,"key":"DistilledChaos"},{"floor":31,"key":"Ancient Potion"}],"is_trial":false,"path_per_floor":["M","M","?","M","M","R","E","?","T","R","?","M","$","M","R","B",null,"M","$","M","?","M","R","M","?","T","T","M","R","M","M","R","B"],"character_chosen":"MARISA","items_purchased":["EventHorizon","Oddly Smooth Stone","Membership Card","Singularity","Swift Strike"],"campfire_rested":5,"item_purchase_floors":[13,13,19,19,19],"current_hp_per_floor":[82,79,76,70,55,55,28,28,28,50,50,34,34,37,59,50,76,60,60,41,41,45,67,56,56,56,56,46,68,50,53,75,0,0],"gold":335,"neow_bonus":"TEN_PERCENT_HP_BONUS","is_daily":false,"chose_seed":false,"campfire_upgraded":1,"win_rate":0.0,"timestamp":1609210799,"path_taken":["M","M","?","M","M","R","E","?","T","R","?","?","$","M","R","BOSS","M","$","M","?","M","R","M","?","T","?","M","R","M","M","R","BOSS"],"items_purchased_type":["Card","Relic","Relic","Card","Card"],"build_version":"2020-12-22","purchased_purges":1,"victory":false,"max_hp_per_floor":[82,82,76,76,76,76,76,76,76,76,76,76,76,76,76,76,76,76,76,76,76,76,76,76,76,76,76,76,76,76,76,76,76,76],"relic_stats":{"Peace Pipe":0,"counters":[16,80],"Golden Idol":77,"Sundial":[2],"Letter Opener":[55],"Smiling Mask":25,"obtain_stats":[{"Peace Pipe":26,"Golden Idol":3,"Sundial":27,"SacredBark":17,"Oddly Smooth Stone":13,"HandmadeGrimoire":7,"MiniHakkero":0,"Letter Opener":9,"Membership Card":19,"Smiling Mask":11,"White Beast Statue":8},{"Peace Pipe":12,"Golden Idol":2,"Sundial":12,"SacredBark":8,"Oddly Smooth Stone":6,"HandmadeGrimoire":5,"MiniHakkero":0,"Letter Opener":5,"Membership Card":9,"Smiling Mask":5,"White Beast Statue":5},{"Peace Pipe":53,"Golden Idol":5,"Sundial":53,"SacredBark":34,"Oddly Smooth Stone":22,"HandmadeGrimoire":16,"MiniHakkero":0,"Letter Opener":16,"Membership Card":39,"Smiling Mask":16,"White Beast Statue":16}]},"card_choices":[{"not_picked":["MagicChant","GravityBeat"],"picked":"WitchLeyline","floor":1},{"not_picked":["PowerUp","WitchOfGreed"],"picked":"Robbery","floor":2},{"not_picked":["StarlightTyphoon","6A"],"picked":"Acceleration","floor":4},{"not_picked":["StarlightTyphoon","LuminesStrike"],"picked":"GasGiant","floor":5},{"not_picked":["MilkyWay","BlazeAway"],"picked":"EarthLightRay","floor":7},{"not_picked":["Orbital","GalacticHalo"],"picked":"ShootingEcho","floor":12},{"not_picked":["UnstableBomb","NonDirectionalLaser"],"picked":"Orbital","floor":14},{"not_picked":["ManaRampage","TreasureHunter"],"picked":"SatelliteIllusion","floor":16},{"not_picked":["GrandCross","ShootingEcho"],"picked":"AsteroidBelt","floor":18},{"not_picked":["MysteriousBeam","ChargingUp"],"picked":"LuminesStrike","floor":20},{"not_picked":["WitchOfGreed","EnergyFlow"],"picked":"LuminesStrike+1","floor":22},{"not_picked":["NonDirectionalLaser","ChargeUpSpray"],"picked":"AsteroidBelt","floor":24},{"not_picked":["ChargeUpSpray+1","DoubleSpark"],"picked":"LuminesStrike","floor":28},{"not_picked":["DC","DragonMeteor"],"picked":"DeepEcoloBomb","floor":30},{"not_picked":["6A","DoubleSpark"],"picked":"StarlightTyphoon","floor":31}],"player_experience":386686,"relics_obtained":[{"floor":7,"key":"HandmadeGrimoire"},{"floor":9,"key":"Letter Opener"},{"floor":26,"key":"Peace Pipe"},{"floor":27,"key":"Sundial"}],"event_choices":[{"damage_healed":0,"gold_gain":0,"player_choice":"Lose Max HP","damage_taken":0,"relics_obtained":["Golden Idol"],"max_hp_gain":0,"max_hp_loss":6,"event_name":"Golden Idol","floor":3,"gold_loss":0},{"damage_healed":0,"gold_gain":0,"player_choice":"Box","damage_taken":0,"relics_obtained":["White Beast Statue"],"max_hp_gain":0,"max_hp_loss":0,"event_name":"Big Fish","floor":8,"gold_loss":0,"cards_obtained":["Regret"]},{"damage_healed":0,"gold_gain":0,"player_choice":"Gave Potion","damage_taken":0,"relics_obtained":["Smiling Mask"],"max_hp_gain":0,"max_hp_loss":0,"event_name":"WeMeetAgain","floor":11,"gold_loss":0},{"damage_healed":0,"gold_gain":0,"player_choice":"Simplicity","damage_taken":0,"max_hp_gain":0,"max_hp_loss":0,"event_name":"Back to Basics","floor":21,"gold_loss":0,"cards_upgraded":["Strike_MRS","Strike_MRS","Strike_MRS","Strike_MRS","Defend_MRS","Defend_MRS","Defend_MRS","Defend_MRS"]},{"damage_healed":0,"gold_gain":99,"player_choice":"Stole From Cult","damage_taken":0,"max_hp_gain":0,"max_hp_loss":0,"event_name":"Nest","floor":25,"gold_loss":0}],"is_beta":false,"boss_relics":[{"not_picked":["Coffee Dripper","Velvet Choker"],"picked":"SacredBark"}],"items_purged_floors":[13],"is_endless":false,"potions_floor_spawned":[1,2,5,12,14,16,18,20,22,24,28,30,31],"killed_by":"Collector","ascension_level":0}}