{"host":"h4lp0eeso8a0ssq0","time":1609283256,"event":{"mods":["2.2 Compatiblity","AchievementEnabler","Astrologer","BaseMod","CapriCore","Colored Map","Downfall","Hermit","Lobotomy","Marisa£¨Ùöéë¡¡Øª×âÞÞ£©","Minty Spire (QoL Compilation)","StSLib","SuperFastMode","The Cursed","The Hierophant","The Immortal"],"gold_per_floor":[14,14,14,25,35,64,78,90,90,122,136,136,147,147,147,248,248,268,268,193,8,20,20,20,20,20,20,36,51,77,88,88,184,184,194,208,208,208,220,255,274,274,274],"floor_reached":42,"playtime":2165,"items_purged":["Defend_MRS"],"score":511,"play_id":"8f22fc19-da81-4b94-8ba4-5f76f7fdf10a","local_time":"20201230080736","is_ascension_mode":true,"campfire_choices":[{"data":"AsteroidBelt","floor":12.0,"key":"SMITH"},{"data":"FairyDestructionRay","floor":15.0,"key":"SMITH"},{"data":"MysteriousBeam","floor":23.0,"key":"SMITH"},{"data":"MilkyWay","floor":25.0,"key":"SMITH"},{"data":"UltimateShortwave","floor":27.0,"key":"SMITH"},{"data":"GrandCross","floor":32.0,"key":"SMITH"}],"circlet_count":0,"master_deck":["Defend_MRS","Defend_MRS","MasterSpark+1","UpSweep","PulseMagic","DC","FairyDestructionRay+1","GrandCross+1","AsteroidBelt+1","EarthLightRay","GrandCross","UltimateShortwave+1","MysteriousBeam+1","MilkyWay+1","PulseMagic+1","AlicesGift","EarthLightRay+1","EnergyFlow+1","SporeBomb+1","Panacea","Acceleration+1","MilkyWay+1"],"relics":["MiniHakkero","Toy Ornithopter","The Courier","Bronze Scales","Philosopher\u0027s Stone","Happy Flower","Question Card","Thread and Needle","Black Star","Vajra","Bird Faced Urn"],"acts_visited":["Exordium","TheCity","TheBeyond"],"potions_floor_usage":[33],"damage_taken":[{"damage":0.0,"enemies":"2 Louse","floor":1.0,"turns":2.0},{"damage":4.0,"enemies":"Small Slimes","floor":4.0,"turns":3.0},{"damage":1.0,"enemies":"Cultist","floor":5.0,"turns":3.0},{"damage":9.0,"enemies":"3 Sentries","floor":6.0,"turns":4.0},{"damage":6.0,"enemies":"Large Slime","floor":7.0,"turns":2.0},{"damage":2.0,"enemies":"Blue Slaver","floor":8.0,"turns":3.0},{"damage":23.0,"enemies":"Lagavulin","floor":10.0,"turns":4.0},{"damage":0.0,"enemies":"3 Louse","floor":11.0,"turns":1.0},{"damage":0.0,"enemies":"Looter","floor":13.0,"turns":2.0},{"damage":18.0,"enemies":"Slime Boss","floor":16.0,"turns":8.0},{"damage":7.0,"enemies":"2 Thieves","floor":18.0,"turns":3.0},{"damage":0.0,"enemies":"Chosen","floor":22.0,"turns":3.0},{"damage":7.0,"enemies":"3 Cultists","floor":28.0,"turns":3.0},{"damage":0.0,"enemies":"Snecko","floor":29.0,"turns":3.0},{"damage":0.0,"enemies":"Gremlin Leader","floor":30.0,"turns":4.0},{"damage":8.0,"enemies":"Cultist and Chosen","floor":31.0,"turns":3.0},{"damage":46,"enemies":"Collector","floor":33,"turns":7},{"damage":1,"enemies":"Orb Walker","floor":35,"turns":3},{"damage":26,"enemies":"3 Shapes","floor":36,"turns":3},{"damage":54,"enemies":"Spire Growth","floor":39,"turns":5},{"damage":22,"enemies":"Giant Head","floor":40,"turns":6},{"damage":15,"enemies":"Maw","floor":41,"turns":5},{"damage":26,"enemies":"Sphere and 2 Shapes","floor":42,"turns":2}],"seed_played":"5852842418972958665","potions_obtained":[{"floor":1.0,"key":"PowerPotion"},{"floor":5.0,"key":"PowerPotion"},{"floor":6.0,"key":"StarNLove"},{"floor":7.0,"key":"Regen Potion"},{"floor":13.0,"key":"Weak Potion"},{"floor":33,"key":"FairyPotion"}],"is_trial":false,"path_per_floor":["M","?","?","M","M","E","M","M","T","E","M","R","M","?","R","B",null,"M","?","?","$","M","R","?","R","T","R","M","M","E","M","R","B",null,"M","M","?","?","M","E","M","M"],"character_chosen":"MARISA","items_purchased":["Happy Flower"],"campfire_rested":0,"item_purchase_floors":[21],"current_hp_per_floor":[75,68,68,64,63,54,48,46,46,27,31,31,35,35,35,21,75,68,68,68,68,72,72,72,72,72,72,65,69,73,67,67,49,75,75,55,55,55,11,16,13,0,0],"gold":274,"neow_bonus":"REMOVE_TWO","is_daily":false,"chose_seed":false,"campfire_upgraded":6,"win_rate":0.0,"timestamp":1609283256,"path_taken":["M","?","?","?","M","E","M","M","T","E","M","R","M","?","R","BOSS","M","?","?","$","M","R","?","R","T","R","M","M","E","M","R","BOSS","M","M","?","?","M","E","?","M"],"items_purchased_type":["Relic"],"build_version":"2020-12-22","purchased_purges":1,"victory":false,"max_hp_per_floor":[75,75,75,75,75,75,75,75,75,75,75,75,75,75,75,75,75,75,75,75,75,75,75,75,75,75,75,75,75,75,75,75,75,75,75,75,75,75,75,75,75,75,75],"card_choices":[{"not_picked":["UnstableBomb","Robbery"],"picked":"PulseMagic","floor":1.0},{"not_picked":["WitchOfGreed","DC","OrrerysSun"],"picked":"SKIP","floor":4.0},{"not_picked":["WitchOfGreed","OrrerysSun"],"picked":"DC","floor":4.0},{"not_picked":["MilkyWay","WitchLeyline"],"picked":"FairyDestructionRay","floor":5.0},{"not_picked":["SporeBomb","LuminesStrike"],"picked":"GrandCross","floor":6.0},{"not_picked":["CasketOfStar","EnergyRecoil"],"picked":"AsteroidBelt","floor":7.0},{"not_picked":["WitchLeyline","MilkyWay"],"picked":"EarthLightRay","floor":8.0},{"not_picked":["ShootTheMoon","ChargingUp"],"picked":"GrandCross","floor":10.0},{"not_picked":["Singularity","DC","ShootTheMoon"],"picked":"SKIP","floor":11.0},{"not_picked":["PowerUp","GravityBeat","MagicChant"],"picked":"SKIP","floor":13.0},{"not_picked":["BigCrunch","JA"],"picked":"UltimateShortwave","floor":16.0},{"not_picked":["DarkSpark","ChargingUp"],"picked":"MysteriousBeam","floor":18.0},{"not_picked":["LuminesStrike+1","PropBag"],"picked":"MilkyWay","floor":22.0},{"not_picked":["DoubleSpark","DC+1","DarkMatter"],"picked":"PulseMagic+1","floor":28.0},{"not_picked":["StarlightTyphoon+1","DC","DeepEcoloBomb+1"],"picked":"AlicesGift","floor":29.0},{"not_picked":["DragonMeteor","UltimateShortwave","WitchOfGreed"],"picked":"EarthLightRay+1","floor":30.0},{"not_picked":["NonDirectionalLaser","WitchOfGreed","DragonMeteor+1","ShootTheMoon"],"picked":"SKIP","floor":31.0},{"not_picked":["EnergyRecoil+1","ChargeUpSpray+1","DarkMatter+1"],"picked":"EnergyFlow+1","floor":35},{"not_picked":["GravityBeat","6A+1","DeepEcoloBomb"],"picked":"SporeBomb+1","floor":36},{"not_picked":["Enlightenment","Dark Shackles","Good Instincts"],"picked":"Panacea","floor":37},{"not_picked":["IllusionStar","GalacticHalo","6A"],"picked":"Acceleration+1","floor":39},{"not_picked":["DoubleSpark+1","StarDustReverie","GalacticHalo+1"],"picked":"MilkyWay+1","floor":40},{"not_picked":["GravityBeat","ShootingEcho+1","NonDirectionalLaser","OpenUniverse"],"picked":"SKIP","floor":41}],"player_experience":35581,"relics_obtained":[{"floor":6.0,"key":"Toy Ornithopter"},{"floor":9.0,"key":"The Courier"},{"floor":10.0,"key":"Bronze Scales"},{"floor":26.0,"key":"Question Card"},{"floor":30.0,"key":"Thread and Needle"},{"floor":40,"key":"Vajra"},{"floor":40,"key":"Bird Faced Urn"}],"event_choices":[{"cards_removed":["Strike_MRS"],"damage_healed":0.0,"max_hp_gain":0.0,"max_hp_loss":0.0,"gold_gain":0.0,"event_name":"Golden Wing","player_choice":"Card Removal","floor":2.0,"gold_loss":0.0,"damage_taken":7.0},{"damage_healed":0.0,"max_hp_gain":0.0,"max_hp_loss":0.0,"gold_gain":0.0,"event_name":"Upgrade Shrine","player_choice":"Upgraded","floor":3.0,"gold_loss":0.0,"damage_taken":0.0,"cards_upgraded":["MasterSpark"]},{"cards_removed":["Strike_MRS"],"damage_healed":0.0,"max_hp_gain":0.0,"max_hp_loss":0.0,"gold_gain":0.0,"event_name":"Living Wall","player_choice":"Forget","floor":14.0,"gold_loss":0.0,"damage_taken":0.0},{"damage_healed":0.0,"max_hp_gain":0.0,"max_hp_loss":0.0,"gold_gain":0.0,"event_name":"Ghosts","player_choice":"Ignored","floor":19.0,"gold_loss":0.0,"damage_taken":0.0},{"cards_removed":["Strike_MRS"],"damage_healed":0.0,"max_hp_gain":0.0,"max_hp_loss":0.0,"gold_gain":0.0,"event_name":"Beggar","player_choice":"Gave Gold","floor":20.0,"gold_loss":75.0,"damage_taken":0.0},{"damage_healed":0.0,"max_hp_gain":0.0,"max_hp_loss":0.0,"gold_gain":0.0,"event_name":"Vampires","player_choice":"Ignored","floor":24.0,"gold_loss":0.0,"damage_taken":0.0},{"damage_healed":0,"gold_gain":0,"player_choice":"Memory 1","damage_taken":0,"max_hp_gain":0,"max_hp_loss":0,"event_name":"SensoryStone","floor":37,"gold_loss":0},{"damage_healed":0,"gold_gain":0,"player_choice":"Ignored","damage_taken":0,"max_hp_gain":0,"max_hp_loss":0,"event_name":"SecretPortal","floor":38,"gold_loss":0}],"is_beta":false,"boss_relics":[{"not_picked":["Empty Cage","Snecko Eye"],"picked":"Philosopher\u0027s Stone"},{"not_picked":["Cursed Key","BewitchedHakkero"],"picked":"Black Star"}],"items_purged_floors":[21],"is_endless":false,"potions_floor_spawned":[1,5,6,7,13,28,30,31,33,35],"killed_by":"Sphere and 2 Shapes","ascension_level":1}}