{"host":"dhyczjm99amxd3qx","time":1609262217,"event":{"mods":["BaseMod","Colored Map","Googly Eyes","Highlight Path","Minty Spire (QoL Compilation)","Quick Restart","StSLib"],"gold_per_floor":[119,119,140,140,161,161,199,199,223,254,279,322,322,341,341,341,341],"floor_reached":16,"playtime":961,"items_purged":[],"score":132,"play_id":"e071fe1e-ffe0-42c9-a552-ddbd7e8422b7","local_time":"20201229121657","is_ascension_mode":true,"campfire_choices":[{"data":"Zap","floor":6.0,"key":"SMITH"},{"data":"Double Energy","floor":8,"key":"SMITH"},{"floor":15,"key":"REST"}],"circlet_count":0,"master_deck":["Strike_B+1","Strike_B","Strike_B+1","Defend_B","Defend_B","Defend_B","Defend_B","Zap+1","Dualcast","Coolheaded","Coolheaded","Double Energy+1","Ball Lightning","FTL","Fission"],"relics":["Cracked Core","Golden Idol","Lantern","Pen Nib","Whetstone","Omamori"],"acts_visited":["Exordium"],"potions_floor_usage":[7,10],"damage_taken":[{"damage":13.0,"enemies":"Small Slimes","floor":1.0,"turns":3.0},{"damage":1.0,"enemies":"2 Louse","floor":3.0,"turns":4.0},{"damage":2.0,"enemies":"Cultist","floor":5.0,"turns":3.0},{"damage":25,"enemies":"Lagavulin","floor":7,"turns":10},{"damage":19,"enemies":"3 Sentries","floor":10,"turns":14},{"damage":6,"enemies":"3 Louse","floor":11,"turns":3},{"damage":14,"enemies":"Lagavulin","floor":12,"turns":4},{"damage":0,"enemies":"Exordium Wildlife","floor":14,"turns":2},{"damage":26,"enemies":"The Guardian","floor":16,"turns":9}],"seed_played":"-4994401176605980456","potions_obtained":[{"floor":5.0,"key":"SkillPotion"},{"floor":7,"key":"Swift Potion"},{"floor":11,"key":"FearPotion"}],"is_trial":false,"path_per_floor":["M","?","M","?","M","R","E","R","T","E","M","E","?","M","R","B"],"character_chosen":"DEFECT","items_purchased":[],"campfire_rested":1,"item_purchase_floors":[],"current_hp_per_floor":[69,69,68,68,66,66,41,41,41,22,16,2,2,2,24,0,0],"gold":341,"neow_bonus":"TEN_PERCENT_HP_BONUS","is_daily":false,"chose_seed":false,"campfire_upgraded":2,"win_rate":0.0,"timestamp":1609262217,"path_taken":["M","?","M","?","M","R","E","R","T","E","?","E","?","M","R","BOSS"],"items_purchased_type":[],"build_version":"2020-12-22","purchased_purges":0,"victory":false,"max_hp_per_floor":[82,76,76,76,76,76,76,76,76,76,76,76,76,76,76,76,76],"card_choices":[{"not_picked":["Skim","Leap"],"picked":"Coolheaded","floor":1.0},{"not_picked":["Stack","Recycle"],"picked":"Coolheaded","floor":3.0},{"not_picked":["Aggregate","Sweeping Beam","Steam"],"picked":"SKIP","floor":5.0},{"not_picked":["Ball Lightning","Steam Power"],"picked":"Double Energy","floor":7},{"not_picked":["Rebound","Reprogram"],"picked":"Ball Lightning","floor":10},{"not_picked":["Streamline","Rebound"],"picked":"FTL","floor":11},{"not_picked":["Hologram","Barrage"],"picked":"Fission","floor":12},{"not_picked":["Leap","Sweeping Beam","Steam"],"picked":"SKIP","floor":14}],"player_experience":168670,"relics_obtained":[{"floor":7,"key":"Lantern"},{"floor":9,"key":"Pen Nib"},{"floor":10,"key":"Whetstone"},{"floor":12,"key":"Omamori"}],"event_choices":[{"damage_healed":0.0,"max_hp_gain":0.0,"max_hp_loss":6.0,"gold_gain":0.0,"event_name":"Golden Idol","player_choice":"Lose Max HP","floor":2.0,"gold_loss":0.0,"damage_taken":0.0,"relics_obtained":["Golden Idol"]},{"cards_removed":["Strike_B"],"damage_healed":0.0,"max_hp_gain":0.0,"max_hp_loss":0.0,"gold_gain":0.0,"event_name":"Bonfire Elementals","player_choice":"Offered Basic","floor":4.0,"gold_loss":0.0,"damage_taken":0.0},{"damage_healed":0,"gold_gain":0,"player_choice":"Ignored","damage_taken":0,"max_hp_gain":0,"max_hp_loss":0,"event_name":"Liars Game","floor":13,"gold_loss":0}],"is_beta":false,"boss_relics":[],"items_purged_floors":[],"is_endless":false,"potions_floor_spawned":[5,7,11],"killed_by":"The Guardian","ascension_level":2}}