{"host":"xrbxyo513dr24h85","time":1609203896,"event":{"mods":["BaseMod","Better Third Choice","Colored Map","Downfall","Googly Eyes","Halation","Hubris","Lobotomy","Minty Spire (QoL Compilation)","Random Character Button","Relic Stats","Replay The Spire","Retaliation","StSLib","The Blue Laboratory"],"gold_per_floor":[111,111,111,111,129,129,158,158,158,172,191,208,227,253,253,353,353,372,390,235,235,235,235,250,250,250,264,278,310,310,328,328,328,328],"floor_reached":33,"playtime":899,"items_purged":[],"score":279,"play_id":"4e6ed2ca-eb6e-4da6-9a66-12f6de5efae6","local_time":"20201228170456","is_ascension_mode":false,"campfire_choices":[{"data":"Zap","floor":6,"key":"SMITH"},{"data":"Dualcast","floor":8,"key":"SMITH"},{"floor":15,"key":"REST"},{"data":"Defragment","floor":23,"key":"SMITH"},{"data":"Chill","floor":25,"key":"SMITH"},{"floor":30,"key":"REST"}],"circlet_count":0,"master_deck":["Strike_B","Strike_B","Strike_B","Strike_B","Defend_B","Defend_B","Defend_B","Defend_B","Zap+1","Dualcast+1","All For One","Stack","Static Discharge","Electrodynamics","hubris:PowerSurge","FIFO Queue","Defragment+1","Echo Form","Echo Form","Glacier+1","Cold Snap","Chill+1","hubris:Sloth","ReplaySolidLightProjector+1"],"relics":["Cracked Core","Turnip","hubris:OldNail","Orichalcum","Cursed Key","Replay:Frozen Program","Sundial","Singing Bowl"],"acts_visited":["Exordium","TheCity"],"potions_floor_usage":[7,29,33,33],"damage_taken":[{"damage":7,"enemies":"Jaw Worm","floor":1,"turns":4},{"damage":6,"enemies":"Small Slimes","floor":5,"turns":4},{"damage":30,"enemies":"Lagavulin","floor":7,"turns":6},{"damage":1,"enemies":"Cultist","floor":10,"turns":3},{"damage":25,"enemies":"Exordium Wildlife","floor":11,"turns":4},{"damage":0,"enemies":"2 Fungi Beasts","floor":12,"turns":3},{"damage":0,"enemies":"Large Slime","floor":13,"turns":3},{"damage":4,"enemies":"3 Sentries","floor":14,"turns":3},{"damage":21,"enemies":"Fading Forest","floor":16,"turns":11},{"damage":14,"enemies":"Spheric Guardian","floor":18,"turns":4},{"damage":5,"enemies":"Chosen","floor":19,"turns":3},{"damage":12,"enemies":"Snecko","floor":24,"turns":4},{"damage":10,"enemies":"Snake Plant","floor":27,"turns":5},{"damage":0,"enemies":"3 Cultists","floor":28,"turns":3},{"damage":11,"enemies":"Slavers","floor":29,"turns":3},{"damage":0,"enemies":"Shelled Parasite and Fungi","floor":31,"turns":5},{"damage":81,"enemies":"Collector","floor":33,"turns":7}],"seed_played":"5937017393072182585","potions_obtained":[{"floor":5,"key":"Venom Potion"},{"floor":10,"key":"blueLaboratory:Moonshine"},{"floor":11,"key":"blueLaboratory:CorrosionFlask"},{"floor":12,"key":"FearPotion"},{"floor":28,"key":"blueLaboratory:RelayPotion"},{"floor":31,"key":"Fire Potion"}],"is_trial":false,"path_per_floor":["M","?","?","?","M","R","E","R","T","M","M","M","M","E","R","B",null,"M","M","$","?","$","R","M","R","T","M","M","E","R","M","R_BF","B"],"character_chosen":"DEFECT","items_purchased":["Replay:Frozen Program"],"campfire_rested":2,"item_purchase_floors":[20],"current_hp_per_floor":[68,68,68,68,62,62,32,32,32,31,6,6,6,2,24,25,75,61,56,56,56,56,56,44,44,44,34,34,25,48,50,73,0,0],"gold":328,"neow_bonus":"ONE_RANDOM_RARE_CARD","is_daily":false,"chose_seed":false,"campfire_upgraded":4,"win_rate":0.0,"timestamp":1609203896,"path_taken":["M","?","?","?","M","R","E","R","T","M","?","M","M","E","R","BOSS","M","M","$","?","$","R","M","R","T","M","M","E","R","M","R_BF","BOSS"],"items_purchased_type":["Relic"],"build_version":"2020-12-22","purchased_purges":0,"victory":false,"max_hp_per_floor":[75,75,75,75,75,75,75,75,75,75,75,75,75,75,75,75,75,75,75,75,75,75,75,75,75,75,75,75,77,77,79,79,79,79],"relic_stats":{"Singing Bowl":4,"counters":[17,75],"Sundial":[2],"Turnip":[14],"Orichalcum":[126],"Cursed Key":1,"obtain_stats":[{"Replay:Frozen Program":20,"Singing Bowl":29,"Sundial":26,"Turnip":3,"Orichalcum":14,"Cracked Core":0,"Cursed Key":17,"hubris:OldNail":7},{"Replay:Frozen Program":11,"Singing Bowl":15,"Sundial":12,"Turnip":1,"Orichalcum":8,"Cracked Core":0,"Cursed Key":9,"hubris:OldNail":3},{"Replay:Frozen Program":48,"Singing Bowl":63,"Sundial":52,"Turnip":4,"Orichalcum":30,"Cracked Core":0,"Cursed Key":41,"hubris:OldNail":14}]},"card_choices":[{"not_picked":["Turbo","BasicCrystalCard"],"picked":"Stack","floor":1},{"not_picked":["Rebound","Hello World"],"picked":"Static Discharge","floor":5},{"not_picked":["Redo","ReplaySolidLightProjector","Hello World"],"picked":"SKIP","floor":7},{"not_picked":["Leap","ReplayTheSpireMod:System Scan"],"picked":"Electrodynamics","floor":10},{"not_picked":["Gash","BasicCrystalCard"],"picked":"hubris:PowerSurge","floor":11},{"not_picked":["hubris:Ukulele","Aggregate"],"picked":"FIFO Queue","floor":12},{"not_picked":["Conserve Battery","Turbo"],"picked":"Defragment","floor":13},{"not_picked":["ReplaySolidLightProjector","Compile Driver"],"picked":"Echo Form","floor":14},{"not_picked":["Thunder Strike","All For One"],"picked":"Echo Form","floor":16},{"not_picked":["Coolheaded+1","Hologram"],"picked":"Glacier","floor":18},{"not_picked":["ReplayTheSpireMod:System Scan","Rebound"],"picked":"Cold Snap","floor":19},{"not_picked":["Consume","Turbo"],"picked":"Chill","floor":24},{"not_picked":["Multi-Cast","Gash","Conserve Battery+1"],"picked":"SKIP","floor":27},{"not_picked":["Hologram","ReplayTheSpireMod:GoodbyeWorld"],"picked":"ReplaySolidLightProjector+1","floor":28},{"not_picked":["Compile Driver","Ball Lightning+1","Redo"],"picked":"Singing Bowl","floor":29},{"not_picked":["Melter","Rebound","Coolheaded+1"],"picked":"Singing Bowl","floor":31}],"player_experience":1151746,"relics_obtained":[{"floor":7,"key":"hubris:OldNail"},{"floor":14,"key":"Orichalcum"},{"floor":26,"key":"Sundial"},{"floor":29,"key":"Singing Bowl"}],"event_choices":[{"damage_healed":0,"gold_gain":0,"player_choice":"Box","damage_taken":0,"relics_obtained":["Turnip"],"max_hp_gain":0,"max_hp_loss":0,"event_name":"Big Fish","floor":3,"gold_loss":0,"cards_obtained":["Regret"]},{"cards_removed":["Regret"],"damage_healed":0,"gold_gain":0,"player_choice":"Removed Curses","damage_taken":0,"max_hp_gain":0,"max_hp_loss":0,"event_name":"Fountain of Cleansing","floor":4,"gold_loss":0}],"is_beta":false,"boss_relics":[{"not_picked":["hubris:ScarierMask","halation:CatFaceCupcake"],"picked":"Cursed Key"}],"items_purged_floors":[],"is_endless":false,"potions_floor_spawned":[5,10,11,12,14,19,28,31],"killed_by":"Collector","ascension_level":0}}