{"host":"Krakhan","time":1609248996,"event":{"mods":["AchievementEnabler","BaseMod","Colored Map","Colored Powertips","Faster Ascension Climbing","Highlight Path","Minty Spire (QoL Compilation)","Rare Cards Sparkle","Relic Stats","StSLib"],"gold_per_floor":[113,113,123,134,134,163,163,188,188,188,206,206,216,229,229,305,305,323,351,19,30,48,79,79,79,104,120,147,166,166,216,216,295,295,311,311,311,326,344,369,382,382,405,432,432,484,484,518,518,518,518,518,518,36,70,70,70],"floor_reached":56,"playtime":3950,"items_purged":["Strike_R","Strike_R"],"score":2045,"play_id":"9bc2008b-5957-4995-9e4d-71bb7b25554f","local_time":"20201229083636","is_ascension_mode":true,"campfire_choices":[{"floor":7.0,"key":"REST"},{"floor":10.0,"key":"REST"},{"data":"Metallicize","floor":12.0,"key":"SMITH"},{"data":"Power Through","floor":15.0,"key":"SMITH"},{"floor":24.0,"key":"REST"},{"data":"Metallicize","floor":30.0,"key":"SMITH"},{"data":"Shockwave","floor":32.0,"key":"SMITH"},{"floor":42,"key":"REST"},{"data":"Demon Form","floor":45,"key":"SMITH"},{"floor":47,"key":"REST"},{"floor":49,"key":"RECALL"},{"floor":53,"key":"REST"}],"circlet_count":0,"master_deck":["AscendersBane","Strike_R","Strike_R","Defend_R","Defend_R","Defend_R","Bash","Combust","Anger","Metallicize+1","Spot Weakness","Clothesline+1","Uppercut+1","Pommel Strike+1","Bludgeon+1","Cleave+1","Flame Barrier","Heavy Blade+1","Shrug It Off","Reaper+1","Metallicize+1","Shockwave+1","Shrug It Off","Shrug It Off+1","Immolate+1","Demon Form+1","Disarm","Reaper+1","Burning Pact+1","Dual Wield"],"relics":["Runic Cube","Regal Pillow","Molten Egg 2","Singing Bowl","SlaversCollar","Red Mask","Lee\u0027s Waffle","TungstenRod","Thread and Needle","Snecko Eye","Ornamental Fan","Oddly Smooth Stone","Blood Vial","Ginger","CeramicFish","Orrery","Lantern","Shuriken"],"acts_visited":["Exordium","TheCity","TheBeyond","TheEnding"],"potions_floor_usage":[44,46,56],"damage_taken":[{"damage":6.0,"enemies":"Small Slimes","floor":1.0,"turns":4.0},{"damage":11.0,"enemies":"Jaw Worm","floor":3.0,"turns":3.0},{"damage":11.0,"enemies":"2 Louse","floor":4.0,"turns":2.0},{"damage":18.0,"enemies":"Gremlin Nob","floor":6.0,"turns":4.0},{"damage":31.0,"enemies":"Lagavulin","floor":8.0,"turns":7.0},{"damage":11.0,"enemies":"Blue Slaver","floor":11.0,"turns":3.0},{"damage":3.0,"enemies":"Exordium Wildlife","floor":13.0,"turns":3.0},{"damage":9.0,"enemies":"3 Louse","floor":14.0,"turns":3.0},{"damage":33.0,"enemies":"The Guardian","floor":16.0,"turns":10.0},{"damage":5.0,"enemies":"Spheric Guardian","floor":18.0,"turns":4.0},{"damage":44.0,"enemies":"Masked Bandits","floor":19.0,"turns":4.0},{"damage":14.0,"enemies":"Chosen","floor":21.0,"turns":5.0},{"damage":28.0,"enemies":"Snake Plant","floor":22.0,"turns":5.0},{"damage":27.0,"enemies":"Slavers","floor":23.0,"turns":6.0},{"damage":17.0,"enemies":"Shelled Parasite and Fungi","floor":27.0,"turns":11.0},{"damage":18.0,"enemies":"Book of Stabbing","floor":28.0,"turns":5.0},{"damage":0.0,"enemies":"Snecko","floor":29.0,"turns":6.0},{"damage":47.0,"enemies":"Automaton","floor":33.0,"turns":9.0},{"damage":10.0,"enemies":"Orb Walker","floor":35.0,"turns":4.0},{"damage":15.0,"enemies":"3 Shapes","floor":38.0,"turns":3.0},{"damage":21.0,"enemies":"Maw","floor":39.0,"turns":8.0},{"damage":67.0,"enemies":"Giant Head","floor":40.0,"turns":8.0},{"damage":17,"enemies":"Jaw Worm Horde","floor":41,"turns":4},{"damage":31,"enemies":"Reptomancer","floor":44,"turns":6},{"damage":29,"enemies":"2 Orb Walkers","floor":46,"turns":5},{"damage":0,"enemies":"Giant Head","floor":48,"turns":5},{"damage":74,"enemies":"Awakened One","floor":50,"turns":14},{"damage":37,"enemies":"Time Eater","floor":51,"turns":8},{"damage":122,"enemies":"Shield and Spear","floor":55,"turns":11},{"damage":58,"enemies":"The Heart","floor":56,"turns":3}],"seed_played":"1216547334554899974","potions_obtained":[{"floor":3.0,"key":"BloodPotion"},{"floor":6.0,"key":"Explosive Potion"},{"floor":11.0,"key":"Regen Potion"},{"floor":19.0,"key":"DistilledChaos"},{"floor":23.0,"key":"Strength Potion"},{"floor":29.0,"key":"HeartOfIron"},{"floor":38.0,"key":"PowerPotion"},{"floor":44,"key":"SmokeBomb"},{"floor":55,"key":"BloodPotion"}],"is_trial":false,"path_per_floor":["M","?","M","M","?","E","R","E","T","R","M","R","M","M","R","B",null,"M","?","$","M","M","E","R","?","T","M","E","M","R","?","R","B",null,"M","?","?","M","M","E","M","R","T","E","R","?","R","E","R","B","B",null,"R","$","E","B"],"character_chosen":"IRONCLAD","items_purchased":["Lee\u0027s Waffle","Flame Barrier","Heavy Blade+1","Reaper+1","Orrery","Lantern"],"campfire_rested":6,"item_purchase_floors":[20,20,20,54,54,54],"current_hp_per_floor":[62,55,44,33,33,15,52,21,21,58,47,47,44,37,37,4,59,54,24,86,72,44,30,71,71,71,68,50,55,55,55,55,44,77,81,81,81,89,77,35,25,69,69,53,53,28,73,75,75,64,29,82,100,106,31,0,0],"gold":70,"neow_bonus":"BOSS_RELIC","is_daily":false,"chose_seed":false,"campfire_upgraded":5,"win_rate":0.0,"timestamp":1609248996,"path_taken":["M","?","M","M","?","E","R","E","T","R","M","R","M","M","R","BOSS","M","?","$","M","M","E","R","?","T","M","E","?","R","?","R","BOSS","M","?","?","M","M","E","?","R","T","E","R","?","R","E","R","BOSS","BOSS","R","$","E","BOSS"],"items_purchased_type":["Relic","Card","Card","Card","Relic","Relic"],"build_version":"2020-12-18","purchased_purges":2,"victory":false,"max_hp_per_floor":[75,75,75,75,75,75,75,75,75,75,75,75,75,77,77,77,77,77,79,86,86,86,88,88,88,88,88,88,88,88,88,88,88,88,90,90,90,92,94,96,98,98,98,98,98,100,100,100,100,100,100,100,100,106,108,108,108],"relic_stats":{"Regal Pillow":75,"Lee\u0027s Waffle":62,"Singing Bowl":26,"counters":[30,173],"CeramicFish":36,"Ginger":[5],"Blood Vial":10,"Ornamental Fan":[44],"Shuriken":[1],"Snecko Eye":[134,161,163,157],"obtain_stats":[{"Regal Pillow":6,"Lee\u0027s Waffle":20,"Lantern":54,"Singing Bowl":9,"CeramicFish":48,"Oddly Smooth Stone":43,"Thread and Needle":28,"Ginger":46,"Burning Blood":0,"Blood Vial":44,"SlaversCollar":17,"Ornamental Fan":40,"Shuriken":55,"Snecko Eye":34,"Orrery":54,"Molten Egg 2":8,"Red Mask":19,"TungstenRod":23,"Runic Cube":0},{"Regal Pillow":4,"Lee\u0027s Waffle":11,"Lantern":28,"Singing Bowl":5,"CeramicFish":26,"Oddly Smooth Stone":23,"Thread and Needle":16,"Ginger":25,"Burning Blood":0,"Blood Vial":24,"SlaversCollar":9,"Ornamental Fan":22,"Shuriken":29,"Snecko Eye":18,"Orrery":28,"Molten Egg 2":5,"Red Mask":11,"TungstenRod":14,"Runic Cube":0},{"Regal Pillow":13,"Lee\u0027s Waffle":47,"Lantern":159,"Singing Bowl":20,"CeramicFish":137,"Oddly Smooth Stone":121,"Thread and Needle":79,"Ginger":132,"Burning Blood":0,"Blood Vial":127,"SlaversCollar":39,"Ornamental Fan":117,"Shuriken":170,"Snecko Eye":94,"Orrery":159,"Molten Egg 2":20,"Red Mask":47,"TungstenRod":63,"Runic Cube":0}],"TungstenRod":107,"Runic Cube":[139]},"card_choices":[{"not_picked":["Warcry","Body Slam"],"picked":"Combust","floor":1.0},{"not_picked":["Iron Wave","Rage"],"picked":"Anger","floor":3.0},{"not_picked":["Disarm","Combust"],"picked":"Metallicize","floor":4.0},{"not_picked":["Combust","Heavy Blade"],"picked":"Spot Weakness","floor":6.0},{"not_picked":["Heavy Blade+1","Shrug It Off"],"picked":"Clothesline+1","floor":8.0},{"not_picked":["Warcry","Dark Embrace"],"picked":"Uppercut+1","floor":11.0},{"not_picked":["Flex","Headbutt+1"],"picked":"Pommel Strike+1","floor":13.0},{"not_picked":["Reckless Charge+1","Cleave+1","Exhume"],"picked":"Singing Bowl","floor":14.0},{"not_picked":["Juggernaut","Berserk"],"picked":"Bludgeon+1","floor":16.0},{"not_picked":["Shrug It Off","Hemokinesis+1"],"picked":"Cleave+1","floor":18.0},{"not_picked":["Clothesline+1","Burning Pact+1","Searing Blow+1"],"picked":"Singing Bowl","floor":19.0},{"not_picked":["Headbutt+1","Iron Wave+1"],"picked":"Shrug It Off","floor":21.0},{"not_picked":["Heavy Blade+1","Flex"],"picked":"Reaper+1","floor":22.0},{"not_picked":["Headbutt+1","Havoc","Infernal Blade"],"picked":"Singing Bowl","floor":23.0},{"not_picked":["Metallicize","Feel No Pain"],"picked":"Shockwave","floor":27.0},{"not_picked":["Bloodletting","Wild Strike+1"],"picked":"Shrug It Off","floor":28.0},{"not_picked":["Twin Strike+1","True Grit+1"],"picked":"Shrug It Off+1","floor":29.0},{"not_picked":["Offering","Brutality"],"picked":"Immolate+1","floor":33.0},{"not_picked":["Perfected Strike+1","Rampage+1","Clash+1"],"picked":"Singing Bowl","floor":35.0},{"not_picked":["Flex+1","Burning Pact","Heavy Blade+1"],"picked":"Singing Bowl","floor":38.0},{"not_picked":["Flex","Dropkick+1","Intimidate"],"picked":"Singing Bowl","floor":39.0},{"not_picked":["Ghostly Armor","Battle Trance+1","Double Tap"],"picked":"Singing Bowl","floor":40.0},{"not_picked":["Cleave+1","Clash+1","Bloodletting+1"],"picked":"Singing Bowl","floor":41},{"not_picked":["Armaments","Pommel Strike+1"],"picked":"Demon Form","floor":44},{"not_picked":["Cleave+1","Shrug It Off","Flex"],"picked":"Singing Bowl","floor":46},{"not_picked":["Cleave+1","Rupture"],"picked":"Disarm","floor":48},{"not_picked":["Clothesline+1","Sword Boomerang+1"],"picked":"Burning Pact+1","floor":54},{"not_picked":["Body Slam+1","Shockwave","Hemokinesis+1"],"picked":"Singing Bowl","floor":54},{"not_picked":["Heavy Blade+1","Brutality","Headbutt+1"],"picked":"Singing Bowl","floor":54},{"not_picked":["Iron Wave+1","Clash+1","Thunderclap+1"],"picked":"Singing Bowl","floor":54},{"not_picked":["Disarm","Whirlwind+1"],"picked":"Dual Wield","floor":54},{"not_picked":["Thunderclap+1","Headbutt+1","Flex"],"picked":"Singing Bowl","floor":55}],"player_experience":1251534,"relics_obtained":[{"floor":6.0,"key":"Regal Pillow"},{"floor":8.0,"key":"Molten Egg 2"},{"floor":9.0,"key":"Singing Bowl"},{"floor":19.0,"key":"Red Mask"},{"floor":23.0,"key":"TungstenRod"},{"floor":28.0,"key":"Thread and Needle"},{"floor":40.0,"key":"Ornamental Fan"},{"floor":43,"key":"Oddly Smooth Stone"},{"floor":44,"key":"Blood Vial"},{"floor":46,"key":"Ginger"},{"floor":48,"key":"CeramicFish"},{"floor":55,"key":"Shuriken"}],"event_choices":[{"cards_removed":["Defend_R"],"damage_healed":0.0,"max_hp_gain":0.0,"max_hp_loss":0.0,"gold_gain":0.0,"event_name":"Golden Wing","player_choice":"Card Removal","floor":2.0,"gold_loss":0.0,"damage_taken":7.0},{"damage_healed":0.0,"max_hp_gain":0.0,"max_hp_loss":0.0,"gold_gain":0.0,"cards_transformed":["Strike_R"],"event_name":"Living Wall","player_choice":"Change","floor":5.0,"gold_loss":0.0,"damage_taken":0.0,"cards_obtained":["Power Through"]},{"damage_healed":0.0,"max_hp_gain":0.0,"max_hp_loss":0.0,"gold_gain":0.0,"event_name":"Masked Bandits","player_choice":"Fought Bandits","floor":19.0,"gold_loss":0.0,"damage_taken":0.0},{"damage_healed":0.0,"max_hp_gain":0.0,"max_hp_loss":0.0,"gold_gain":0.0,"event_name":"The Library","player_choice":"Read","floor":25.0,"gold_loss":0.0,"damage_taken":0.0,"cards_obtained":["Metallicize"]},{"damage_healed":0.0,"max_hp_gain":0.0,"max_hp_loss":0.0,"gold_gain":50.0,"event_name":"Nest","player_choice":"Stole From Cult","floor":31.0,"gold_loss":0.0,"damage_taken":0.0},{"cards_removed":["Power Through"],"damage_healed":0.0,"max_hp_gain":0.0,"max_hp_loss":0.0,"gold_gain":0.0,"event_name":"Falling","player_choice":"Removed Skill","floor":36.0,"gold_loss":0.0,"damage_taken":0.0},{"damage_healed":0.0,"max_hp_gain":0.0,"max_hp_loss":0.0,"gold_gain":0.0,"event_name":"SecretPortal","player_choice":"Ignored","floor":37.0,"gold_loss":0.0,"damage_taken":0.0},{"damage_healed":0,"gold_gain":0,"player_choice":"Fight","damage_taken":0,"max_hp_gain":0,"max_hp_loss":0,"event_name":"Mysterious Sphere","floor":46,"gold_loss":0}],"is_beta":true,"boss_relics":[{"not_picked":["Runic Dome","Black Star"],"picked":"SlaversCollar"},{"not_picked":["Coffee Dripper","Cursed Key"],"picked":"Snecko Eye"}],"items_purged_floors":[20,54],"is_endless":false,"potions_floor_spawned":[3,6,8,11,16,19,23,27,29,38,41,44,55],"killed_by":"The Heart","ascension_level":20}}