{"host":"fbp95xufh0f10z1z","time":1609226104,"event":{"mods":["AchievementEnabler","BaseMod","Emptier Cage","Infinite Spire","Minty Spire (QoL Compilation)","Permanent Neow","Quick Restart","Relic Filter","Relic Sorter","Spire Exporter","StSLib"],"gold_per_floor":[14,30,130,141,159,189,189,217,217,217,167,167,186,200,200,301,301,312,312,10,10,23,58,69,69,69,103,120,154,79,95,95,103,103],"floor_reached":33,"playtime":2056,"items_purged":[],"score":521,"play_id":"2e1c7b0b-5ba5-4db4-b097-d5daa3ec3231","local_time":"20201229071504","is_ascension_mode":true,"campfire_choices":[{"data":"Genetic Algorithm","floor":7.0,"key":"SMITH"},{"floor":10.0,"key":"REST"},{"floor":12.0,"key":"REST"},{"data":"Barrage","floor":15.0,"key":"SMITH"},{"data":"Streamline","floor":25,"key":"SMITH"},{"floor":32,"key":"REST"}],"circlet_count":0,"master_deck":["Strike_B","Strike_B","Strike_B","Defend_B","Defend_B","Defend_B","Zap","Dualcast","Genetic Algorithm+1","Sweeping Beam","Cold Snap","Ball Lightning","Reinforced Body","Barrage+1","Electrodynamics+1","Necronomicurse","BootSequence+1","Streamline+1","Skim+1","Loop","Defragment+1","Heatsinks"],"relics":["Cracked Core","Lizard Tail","infinitespire:ShieldingShard","Dream Catcher","Unceasing Top","Cursed Key","Necronomicon","Bird Faced Urn","Art of War","Oddly Smooth Stone","infinitespire:Midas Blood"],"acts_visited":["Exordium","TheCity"],"potions_floor_usage":[23,27,27,28,33],"damage_taken":[{"damage":1.0,"enemies":"Cultist","floor":1.0,"turns":3.0},{"damage":7.0,"enemies":"2 Louse","floor":2.0,"turns":2.0},{"damage":12.0,"enemies":"Jaw Worm","floor":4.0,"turns":3.0},{"damage":7.0,"enemies":"2 Fungi Beasts","floor":5.0,"turns":3.0},{"damage":28.0,"enemies":"Lagavulin","floor":6.0,"turns":8.0},{"damage":16.0,"enemies":"3 Sentries","floor":8.0,"turns":5.0},{"damage":10.0,"enemies":"Gremlin Gang","floor":13.0,"turns":5.0},{"damage":0.0,"enemies":"Large Slime","floor":14.0,"turns":4.0},{"damage":26.0,"enemies":"Hexaghost","floor":16.0,"turns":10.0},{"damage":8.0,"enemies":"Shell Parasite","floor":18.0,"turns":5.0},{"damage":0,"enemies":"3 Byrds","floor":22,"turns":1},{"damage":17,"enemies":"Slavers","floor":23,"turns":4},{"damage":13,"enemies":"Snecko","floor":24,"turns":4},{"damage":8,"enemies":"Book of Stabbing","floor":27,"turns":5},{"damage":6,"enemies":"Chosen and Byrds","floor":28,"turns":4},{"damage":17,"enemies":"Gremlin Leader","floor":29,"turns":6},{"damage":9,"enemies":"Centurion and Healer","floor":31,"turns":5},{"damage":74,"enemies":"Champ","floor":33,"turns":10}],"seed_played":"8508085004125662636","potions_obtained":[{"floor":2.0,"key":"PowerPotion"},{"floor":4.0,"key":"Swift Potion"},{"floor":6.0,"key":"Weak Potion"},{"floor":13.0,"key":"FearPotion"},{"floor":16.0,"key":"LiquidMemories"},{"floor":22,"key":"Weak Potion"},{"floor":23,"key":"Block Potion"},{"floor":29,"key":"Fire Potion"}],"is_trial":false,"path_per_floor":["M","M","?","M","M","E","R","E","T","R","?","R","M","M","R","B",null,"M","?","$","?","M","E","M","R","T","E","M","E","?","M","R","B"],"character_chosen":"DEFECT","items_purchased":["Bird Faced Urn"],"campfire_rested":3,"item_purchase_floors":[20],"current_hp_per_floor":[74,67,67,55,48,20,20,4,4,26,26,48,38,38,38,12,59,51,35,35,35,37,22,11,11,11,5,1,29,29,24,46,0,0],"gold":103,"neow_bonus":"ONE_RARE_RELIC","is_daily":false,"chose_seed":false,"campfire_upgraded":3,"win_rate":0.0,"timestamp":1609226104,"path_taken":["M","M","?","?","M","E","R","E","T","R","?","R","M","M","R","BOSS","M","?","$","?","M","E","M","R","T","E","?","E","?","M","R","BOSS"],"items_purchased_type":["Relic"],"build_version":"2020-12-22","purchased_purges":0,"victory":false,"max_hp_per_floor":[75,75,75,75,75,75,75,75,75,75,75,75,75,75,75,75,75,75,75,75,75,75,75,75,75,75,75,75,75,75,75,75,75,75],"card_choices":[{"not_picked":["Barrage","Stack"],"picked":"Genetic Algorithm","floor":1.0},{"not_picked":["Steam Power","Conserve Battery"],"picked":"Sweeping Beam","floor":2.0},{"not_picked":["Steam","Redo","White Noise"],"picked":"SKIP","floor":4.0},{"not_picked":["Steam","Hello World"],"picked":"Cold Snap","floor":5.0},{"not_picked":["Barrage","Streamline"],"picked":"Ball Lightning","floor":6.0},{"not_picked":["Beam Cell","Rip and Tear"],"picked":"Reinforced Body","floor":8.0},{"not_picked":["Reinforced Body","Hologram"],"picked":"Barrage","floor":12.0},{"not_picked":["Steam Power","Skim","Beam Cell"],"picked":"SKIP","floor":13.0},{"not_picked":["Barrage","Auto Shields","Turbo"],"picked":"SKIP","floor":14.0},{"not_picked":["Buffer","Machine Learning"],"picked":"Electrodynamics","floor":16.0},{"not_picked":["Double Energy","Ball Lightning","Hello World"],"picked":"SKIP","floor":18.0},{"not_picked":["Fusion","Scrape+1","Stack"],"picked":"SKIP","floor":22},{"not_picked":["Fusion","Scrape+1","Stack"],"picked":"SKIP","floor":22},{"not_picked":["Turbo","Reprogram"],"picked":"BootSequence+1","floor":23},{"not_picked":["Undo","Leap"],"picked":"Streamline","floor":24},{"not_picked":["Genetic Algorithm","Barrage","Rebound"],"picked":"SKIP","floor":27},{"not_picked":["Hologram","Gash+1"],"picked":"Skim+1","floor":28},{"not_picked":["Meteor Strike","Rip and Tear"],"picked":"Loop","floor":29},{"not_picked":["Gash","Conserve Battery"],"picked":"Defragment+1","floor":31},{"not_picked":["Scrape+1","Rebound"],"picked":"Heatsinks","floor":32}],"player_experience":415491,"relics_obtained":[{"floor":6.0,"key":"infinitespire:ShieldingShard"},{"floor":8.0,"key":"Dream Catcher"},{"floor":9.0,"key":"Unceasing Top"},{"floor":19,"key":"Necronomicon"},{"floor":23,"key":"Art of War"},{"floor":27,"key":"Oddly Smooth Stone"},{"floor":29,"key":"infinitespire:Midas Blood"}],"event_choices":[{"damage_healed":0.0,"max_hp_gain":0.0,"max_hp_loss":0.0,"gold_gain":100.0,"event_name":"Golden Shrine","player_choice":"Pray","floor":3.0,"gold_loss":0.0,"damage_taken":0.0},{"cards_removed":["Defend_B"],"damage_healed":0.0,"max_hp_gain":0.0,"max_hp_loss":0.0,"gold_gain":0.0,"event_name":"The Cleric","player_choice":"Card Removal","floor":11.0,"gold_loss":50.0,"damage_taken":0.0},{"damage_healed":0,"gold_gain":0,"player_choice":"Obtained Book","damage_taken":16,"max_hp_gain":0,"max_hp_loss":0,"event_name":"Cursed Tome","floor":19,"gold_loss":0},{"damage_healed":0,"gold_gain":0,"player_choice":"Upgraded","damage_taken":0,"max_hp_gain":0,"max_hp_loss":0,"event_name":"Upgrade Shrine","floor":21,"gold_loss":0,"cards_upgraded":["Electrodynamics"]},{"cards_removed":["Strike_B"],"damage_healed":0,"gold_gain":0,"player_choice":"Gave Gold","damage_taken":0,"max_hp_gain":0,"max_hp_loss":0,"event_name":"Beggar","floor":30,"gold_loss":75}],"is_beta":false,"boss_relics":[{"not_picked":["SlaversCollar","Fusion Hammer"],"picked":"Cursed Key"}],"items_purged_floors":[],"is_endless":false,"potions_floor_spawned":[2,4,6,13,16,22,23,29],"killed_by":"Champ","ascension_level":5}}