{"host":"hfxahm4y1ssattqc","time":1609209210,"event":{"mods":["2.2 Compatiblity","Act Like it!","BaseMod","Beaked The Cultist","BetterRewards","Colored Map","Colored Powertips","Custom Start","Googly Eyes","Halation","Hallownest","Highlight Path","Hubris","Mimic Mod","Minty Spire (QoL Compilation)","Shop Mod","Spikes Relics","StSLib","The Bug Knight","The IronCluck","The Jungle","Unknown Chances","slay the spire mod where everything is the same but ironclad has a cowboy hat"],"gold_per_floor":[110,129,129,144,157,157,185,208,208,222,236,79,109,109,109,213,213,233,253,253,178,193,193,193],"floor_reached":23,"playtime":643,"items_purged":[],"score":303,"play_id":"8bc3c1d0-022b-472c-9afc-e027942c0178","local_time":"20201228183330","is_ascension_mode":false,"campfire_choices":[{"data":"Armaments","floor":6.0,"key":"SMITH"},{"data":"Disarm","floor":15.0,"key":"SMITH"}],"circlet_count":0,"master_deck":["Strike_R","Strike_R","Strike_R","Strike_R","Defend_R","Defend_R","Defend_R","Bash","Whirlwind","Armaments+1","Inflame","Anger","Cleave","Disarm+1","beaked:KnowThyFoe","Inflame+1"],"relics":["Burning Blood","RollingBoulder","Tiny Chest","halation:Sosunser","hubris:ChampionShield","ClockworkSouvenir","hubris:DisguiseKit","Odd Mushroom","Lantern","Medical Kit","Omamori","Frozen Egg 2","Mark of Pain"],"acts_visited":["Exordium","TheCity"],"potions_floor_usage":[16,16,23,23,23],"damage_taken":[{"damage":6.0,"enemies":"Cultist","floor":1.0,"turns":3.0},{"damage":0.0,"enemies":"2 Louse","floor":2.0,"turns":1.0},{"damage":10.0,"enemies":"Small Slimes","floor":4.0,"turns":2.0},{"damage":8.0,"enemies":"Exordium Thugs","floor":5.0,"turns":3.0},{"damage":6.0,"enemies":"Lagavulin","floor":7.0,"turns":6.0},{"damage":0.0,"enemies":"The Mushroom Lair","floor":8.0,"turns":3.0},{"damage":2.0,"enemies":"Blue Slaver","floor":10.0,"turns":3.0},{"damage":10.0,"enemies":"Looter","floor":11.0,"turns":3.0},{"damage":19.0,"enemies":"Gremlin Nob","floor":13.0,"turns":4.0},{"damage":39,"enemies":"Slime Boss","floor":16,"turns":10},{"damage":15,"enemies":"Spheric Guardian","floor":18,"turns":4},{"damage":37,"enemies":"2 Thieves","floor":19,"turns":4},{"damage":7,"enemies":"Snake Plant","floor":22,"turns":3},{"damage":40,"enemies":"Slavers","floor":23,"turns":4}],"seed_played":"4492885057188467633","potions_obtained":[{"floor":4.0,"key":"PowerPotion"},{"floor":5.0,"key":"Fire Potion"},{"floor":10.0,"key":"Regen Potion"},{"floor":11.0,"key":"Block Potion"},{"floor":16,"key":"AttackPotion"},{"floor":19,"key":"GamblersBrew"}],"is_trial":false,"path_per_floor":["M","M","?","M","M","R","E","?","T","M","M","$","E","T","R","B",null,"M","M","?","?","M","E"],"character_chosen":"IRONCLAD","items_purchased":["RollingBoulder","Tiny Chest","halation:Sosunser","hubris:ChampionShield","ClockworkSouvenir","Medical Kit"],"campfire_rested":0,"item_purchase_floors":[0,0,0,0,0,12],"current_hp_per_floor":[80,80,80,76,74,74,74,80,80,80,76,76,63,63,63,45,80,71,40,40,40,39,0,0],"gold":193,"neow_bonus":"","is_daily":false,"chose_seed":false,"campfire_upgraded":2,"win_rate":0.0,"timestamp":1609209210,"path_taken":["M","?","?","M","M","R","E","?","T","M","M","$","E","?","R","BOSS","M","M","?","?","M","E"],"items_purchased_type":["Relic","Relic","Relic","Relic","Relic","Relic"],"build_version":"2020-12-22","purchased_purges":0,"victory":false,"max_hp_per_floor":[80,80,80,80,80,80,80,80,80,80,80,80,80,80,80,80,80,80,80,80,80,80,80,80],"card_choices":[{"not_picked":["Pummel","Warcry"],"picked":"Armaments","floor":1.0},{"not_picked":["Dual Wield","Iron Wave"],"picked":"Inflame","floor":2.0},{"not_picked":["Wild Strike","Perfected Strike","hubris:CleavingFinish"],"picked":"SKIP","floor":4.0},{"not_picked":["Absolvement","Uppercut","Twin Strike"],"picked":"SKIP","floor":5.0},{"not_picked":["Immolate","Heavy Blade"],"picked":"Anger","floor":7.0},{"not_picked":["Uppercut","Headbutt","Twin Strike","beaked:Brace"],"picked":"SKIP","floor":10.0},{"not_picked":["True Grit","Clash","beaked:Molting"],"picked":"Cleave","floor":11.0},{"not_picked":["Havoc","Disarm","Burning Pact","beaked:DigDeep"],"picked":"SKIP","floor":13.0},{"not_picked":["Havoc","Burning Pact","beaked:DigDeep"],"picked":"Disarm","floor":13.0},{"not_picked":["Feed","Corruption+1","Exhume"],"picked":"beaked:KnowThyFoe","floor":16},{"not_picked":["Second Wind","Battle Trance","Iron Wave","beaked:HuntressSpirit"],"picked":"SKIP","floor":18},{"not_picked":["Burning Pact","Anger","Dual Wield","beaked:Replenish"],"picked":"SKIP","floor":19},{"not_picked":["Body Slam","Cleave","beaked:BloodForTheGods"],"picked":"Inflame+1","floor":22}],"player_experience":843860,"relics_obtained":[{"floor":7.0,"key":"hubris:DisguiseKit"},{"floor":8.0,"key":"Odd Mushroom"},{"floor":9.0,"key":"Lantern"},{"floor":13.0,"key":"Omamori"},{"floor":14.0,"key":"Frozen Egg 2"}],"event_choices":[{"damage_healed":0.0,"max_hp_gain":0.0,"max_hp_loss":0.0,"gold_gain":0.0,"event_name":"Golden Wing","player_choice":"Ignored","floor":3.0,"gold_loss":0.0,"damage_taken":0.0},{"damage_healed":0.0,"max_hp_gain":0.0,"max_hp_loss":0.0,"gold_gain":0.0,"event_name":"Mushrooms","player_choice":"Fought Mushrooms","floor":8.0,"gold_loss":0.0,"damage_taken":0.0},{"damage_healed":0,"gold_gain":0,"player_choice":"Ignored","damage_taken":0,"max_hp_gain":0,"max_hp_loss":0,"event_name":"Ghosts","floor":20,"gold_loss":0},{"cards_removed":["Strike_R"],"damage_healed":0,"gold_gain":0,"player_choice":"Gave Gold","damage_taken":0,"max_hp_gain":0,"max_hp_loss":0,"event_name":"Beggar","floor":21,"gold_loss":75}],"is_beta":false,"boss_relics":[{"not_picked":["halation:Risk","halation:MonkeysPaw"],"picked":"Mark of Pain"}],"items_purged_floors":[],"is_endless":false,"potions_floor_spawned":[4,5,10,11,16,19],"killed_by":"Slavers","ascension_level":0}}