{"host":"bjzqjr1ycgj8gt55","time":1609204491,"event":{"mods":["BaseMod","Block Reminder","Colored Map","Colored Powertips","Downfall","GifTheSpireLib","Minty Spire (QoL Compilation)","Rare Cards Sparkle","Spicy Shops","StSLib","Waifu the Spire"],"gold_per_floor":[99,116,128,141,141,9,36,36,186,36,36,136,136,11,24,119,169,169,181,181,14,43,62,85,85,85,70,87,87,170,182,198,300,300,300,320,320,170,181,181,181,181,181,181,181,206,131,131,142,142,142,175,15,15,15],"floor_reached":56,"playtime":2815,"items_purged":["Guardian:Strike_Guardian","Slimebound:Icky","Writhe","Guardian:Strike_Guardian"],"score":1253,"play_id":"09d4ca71-7655-4341-bccd-7700681af033","local_time":"20201228191451","is_ascension_mode":true,"campfire_choices":[{"floor":1.0,"key":"RECALL"},{"data":"Guardian:DecasProtection","floor":10.0,"key":"SMITH"},{"data":"Guardian:CurlUp","floor":13.0,"key":"SMITH"},{"data":"Guardian:GemFinder","floor":18.0,"key":"SMITH"},{"data":"Guardian:GemFire","floor":25.0,"key":"SMITH"},{"data":"Guardian:WalkerClaw","floor":29.0,"key":"SMITH"},{"data":"Guardian:GemFire","floor":35.0,"key":"SMITH"},{"data":"Guardian:Harden","floor":40.0,"key":"SMITH"},{"data":"Guardian:CrystalBeam","floor":44.0,"key":"SMITH"},{"floor":47.0,"key":"REST"},{"floor":54.0,"key":"REST"}],"circlet_count":0,"master_deck":["Guardian:Strike_Guardian+1","Guardian:Defend_Guardian","Guardian:Defend_Guardian","Guardian:Defend_Guardian","Guardian:Defend_Guardian","Guardian:CurlUp+1","Guardian:TwinSlam","Guardian:CrystalBeam+1","Guardian:PrimingBeam","Guardian:CrystalBeam+1","Guardian:DecasProtection+1","Guardian:PrimingBeam+1","Guardian:BronzeArmor","Guardian:DonusPower","Guardian:Harden+1","Guardian:GemFinder+1","Guardian:ShieldSpikes+1","Guardian:PiercingHide+1","Guardian:WalkerClaw+1","Guardian:GemFire+1","Guardian:StasisField","Guardian:DecasProtection+1","Guardian:GemFire+1","Guardian:PiercingHide+1","Guardian:VentSteam+1","Guardian:WalkerClaw+1","Guardian:Gem_Green","Guardian:Gem_Red","Guardian:ExploitGems"],"relics":["Velvet Choker","downfall:HeartBlessingBlue","downfall:HeartBlessingRed","Potion Belt","Tiny House","Red Mask","Juzu Bracelet","Tiny Chest","ClockworkSouvenir","Guardian:StasisSlotReductionRelic","Whetstone","StoneCalendar","downfall:HeartBlessingGreen","Sundial","Happy Flower"],"acts_visited":["Exordium","TheCity","TheBeyond","TheEnding"],"potions_floor_usage":[55,55,55],"damage_taken":[{"damage":0.0,"enemies":"Cultist","floor":2.0,"turns":3.0},{"damage":0.0,"enemies":"Small Slimes","floor":3.0,"turns":3.0},{"damage":1.0,"enemies":"Jaw Worm","floor":4.0,"turns":3.0},{"damage":0.0,"enemies":"downfall:FleeingMerchant","floor":6.0,"turns":4.0},{"damage":22.0,"enemies":"downfall:LadyInBlue","floor":12.0,"turns":9.0},{"damage":0.0,"enemies":"downfall:FleeingMerchant","floor":14.0,"turns":4.0},{"damage":0.0,"enemies":"2 Fungi Beasts","floor":15.0,"turns":2.0},{"damage":68.0,"enemies":"downfall:Defect","floor":16.0,"turns":8.0},{"damage":12.0,"enemies":"Shell Parasite","floor":19.0,"turns":7.0},{"damage":1.0,"enemies":"downfall:FleeingMerchant","floor":21.0,"turns":4.0},{"damage":11.0,"enemies":"Masked Bandits","floor":22.0,"turns":5.0},{"damage":1.0,"enemies":"Sentry and Sphere","floor":23.0,"turns":5.0},{"damage":5.0,"enemies":"downfall:FleeingMerchant","floor":27.0,"turns":4.0},{"damage":10.0,"enemies":"Snecko","floor":28.0,"turns":4.0},{"damage":0.0,"enemies":"downfall:FleeingMerchant","floor":30.0,"turns":2.0},{"damage":12.0,"enemies":"Centurion and Healer","floor":31.0,"turns":5.0},{"damage":0.0,"enemies":"Cultist and Chosen","floor":32.0,"turns":2.0},{"damage":52.0,"enemies":"downfall:Silent","floor":33.0,"turns":7.0},{"damage":0.0,"enemies":"Orb Walker","floor":36.0,"turns":2.0},{"damage":19.0,"enemies":"3 Shapes","floor":39.0,"turns":6.0},{"damage":13.0,"enemies":"Reptomancer","floor":46.0,"turns":6.0},{"damage":0.0,"enemies":"Spire Growth","floor":49.0,"turns":1.0},{"damage":0.0,"enemies":"downfall:Ironclad","floor":50.0,"turns":4.0},{"damage":60.0,"enemies":"downfall:CharBossMerchant","floor":52.0,"turns":7.0},{"damage":90,"enemies":"downfall:NeowBoss","floor":55,"turns":34}],"seed_played":"4610000954590196219","potions_obtained":[{"floor":3.0,"key":"ColorlessPotion"},{"floor":4.0,"key":"SteroidPotion"},{"floor":12.0,"key":"FairyPotion"},{"floor":12.0,"key":"hexamod:EctoCoolerPotion"},{"floor":12.0,"key":"LiquidMemories"},{"floor":17.0,"key":"Slimebound:ThreeZeroPotion"},{"floor":19.0,"key":"Guardian:DefensiveModePotion"},{"floor":28.0,"key":"Fire Potion"},{"floor":32.0,"key":"Dexterity Potion"},{"floor":33.0,"key":"SpeedPotion"},{"floor":36.0,"key":"LiquidBronze"},{"floor":46.0,"key":"EssenceOfSteel"}],"is_trial":false,"path_per_floor":["R","M","M","M","?","$","T","?","?","R","?","?","R","$","M","B",null,"R","M","?","$","?","M","T","R","?","$","M","R","$","M","M","B",null,"R","M","?","$","M","R","T","$","?","R","?","E","R","T","M","B",null,"E","$","R","B",null],"character_chosen":"GUARDIAN","items_purchased":["Guardian:PrimingBeam","Guardian:BronzeArmor","Guardian:DonusPower","Guardian:WalkerClaw","ClockworkSouvenir","Guardian:ExploitGems"],"campfire_rested":2,"item_purchase_floors":[6,6,14,21,30,53],"current_hp_per_floor":[80,80,80,79,84,84,84,84,84,94,94,72,72,72,72,4,100,100,88,93,92,81,80,80,80,80,75,65,65,65,53,53,1,100,100,100,100,100,81,81,81,81,81,81,81,68,98,98,98,98,100,40,40,70,29],"gold":15,"neow_bonus":"BOSS_RELIC","is_daily":false,"chose_seed":false,"campfire_upgraded":8,"win_rate":0.0,"timestamp":1609204491,"path_taken":["R","M","?","M","?","$","T","?","?","R","?","?","R","$","M","BOSS","R","M","?","?","?","M","T","R","?","$","M","R","$","M","M","BOSS","R","M","?","$","M","R","T","$","?","R","?","E","R","?","M","BOSS","E","$","R","BOSS"],"items_purchased_type":["Card","Card","Card","Card","Relic","Card"],"build_version":"2020-12-22","purchased_purges":4,"victory":true,"max_hp_per_floor":[80,80,80,80,85,85,85,85,85,95,95,95,95,95,95,95,100,100,100,100,100,100,100,100,100,100,100,100,100,100,100,100,100,100,100,100,100,100,100,100,100,100,100,100,100,100,100,100,100,100,100,100,100,100,100],"card_choices":[{"not_picked":["Guardian:TemporalStrike","Guardian:FuturePlans"],"picked":"Guardian:CrystalBeam","floor":2.0},{"not_picked":["Guardian:PrismaticBarrier","Guardian:WalkerClaw"],"picked":"Guardian:PrimingBeam","floor":3.0},{"not_picked":["Guardian:GuardianWhirl","Guardian:Reroute"],"picked":"Guardian:CrystalBeam","floor":4.0},{"not_picked":["Guardian:ShieldCharger","Guardian:ArmoredProtocol"],"picked":"Guardian:DecasProtection","floor":6.0},{"not_picked":["Guardian:Suspension","Guardian:FuturePlans"],"picked":"Guardian:Gem_Purple","floor":12.0},{"not_picked":["Guardian:TemporalStrike","Guardian:Gem_Cyan"],"picked":"Guardian:Gem_Lightblue","floor":14.0},{"not_picked":["Guardian:SphericShield","Guardian:DecasProtection"],"picked":"Guardian:Harden","floor":15.0},{"not_picked":["Guardian:Gem_Orange","Guardian:StasisEngine"],"picked":"Guardian:GemFinder","floor":16.0},{"not_picked":["Guardian:ChargeCore","Guardian:SpikerProtocol"],"picked":"Guardian:RollAttack","floor":17.0},{"not_picked":["Guardian:Emergency","Guardian:TimeBomb+1"],"picked":"Guardian:ShieldSpikes+1","floor":19.0},{"not_picked":["Guardian:Gem_Lightblue","Guardian:Gem_Green"],"picked":"Guardian:Gem_Red","floor":19.0},{"not_picked":["Guardian:ShieldCharger","Guardian:Gem_Red"],"picked":"Guardian:PiercingHide+1","floor":21.0},{"not_picked":["Guardian:FuturePlans","Guardian:PiercingHide+1"],"picked":"Guardian:Gem_Crimson","floor":22.0},{"not_picked":["Guardian:Incinerate","Guardian:DonusPower"],"picked":"Guardian:GemFire","floor":23.0},{"not_picked":["Guardian:Gem_Lightblue","Guardian:Gem_Cyan"],"picked":"Guardian:Gem_Green","floor":23.0},{"not_picked":["Guardian:Reroute","Guardian:Gem_White"],"picked":"Guardian:Gem_Red","floor":27.0},{"not_picked":["Guardian:Gem_Lightblue","Guardian:Gem_Cyan"],"picked":"Guardian:StasisField","floor":28.0},{"not_picked":["Guardian:Gem_Lightblue","Guardian:Gem_Cyan"],"picked":"Guardian:Gem_Red","floor":28.0},{"not_picked":["Guardian:Harden+1","Guardian:GuardianWhirl+1"],"picked":"Guardian:DecasProtection+1","floor":30.0},{"not_picked":["Guardian:Gem_Lightblue","Guardian:Gem_Green"],"picked":"Guardian:Gem_Red","floor":31.0},{"not_picked":["Guardian:BronzeArmor","Guardian:DecasProtection","Guardian:Emergency"],"picked":"SKIP","floor":31.0},{"not_picked":["Guardian:Repulse","Guardian:TemporalShield","Guardian:DecasProtection"],"picked":"SKIP","floor":32.0},{"not_picked":["Guardian:HyperBeam_Guardian","Guardian:StasisStrike"],"picked":"Guardian:GemFire","floor":33.0},{"not_picked":["Guardian:Gem_Green","Guardian:Gem_Cyan"],"picked":"Guardian:Gem_Red","floor":33.0},{"not_picked":["Guardian:DonusPower","Guardian:CrystalBeam+1"],"picked":"Guardian:PiercingHide+1","floor":36.0},{"not_picked":["Guardian:Gem_Lightblue","Guardian:Gem_Green"],"picked":"Guardian:Gem_Red","floor":39.0},{"not_picked":["Guardian:ChargeCore","Guardian:Gem_Red"],"picked":"Guardian:VentSteam+1","floor":39.0},{"not_picked":["Guardian:Gem_Green","Guardian:Gem_Lightblue"],"picked":"Guardian:Gem_Red","floor":46.0},{"not_picked":["Guardian:TimeSifter","Guardian:ShieldCharger","Guardian:ChargeCore+1"],"picked":"SKIP","floor":46.0},{"not_picked":["Guardian:Gem_Red","Guardian:Gem_Green"],"picked":"Guardian:WalkerClaw+1","floor":49.0},{"not_picked":["Guardian:Gem_Cyan","Guardian:Gem_Lightblue"],"picked":"Guardian:Gem_Green","floor":52.0},{"not_picked":["Guardian:RollAttack","Guardian:Gem_Purple"],"picked":"Guardian:Gem_Red","floor":52.0}],"player_experience":112807,"relics_obtained":[{"floor":12.0,"key":"Potion Belt"},{"floor":22.0,"key":"Red Mask"},{"floor":24.0,"key":"Juzu Bracelet"},{"floor":41.0,"key":"Whetstone"},{"floor":46.0,"key":"StoneCalendar"},{"floor":48.0,"key":"Sundial"},{"floor":52.0,"key":"Happy Flower"}],"event_choices":[{"damage_healed":0.0,"max_hp_gain":5.0,"max_hp_loss":0.0,"gold_gain":0.0,"event_name":"Big Fish","player_choice":"Donut","floor":5.0,"gold_loss":0.0,"damage_taken":0.0},{"cards_removed":["Guardian:RollAttack"],"damage_healed":5.0,"max_hp_gain":0.0,"max_hp_loss":0.0,"gold_gain":0.0,"event_name":"Bonfire Elementals","player_choice":"Offered Common","floor":20.0,"gold_loss":0.0,"damage_taken":0.0},{"cards_removed":["Guardian:RollAttack"],"damage_healed":5.0,"max_hp_gain":0.0,"max_hp_loss":0.0,"gold_gain":0.0,"event_name":"Bonfire Elementals","player_choice":"Offered Special","floor":20.0,"gold_loss":0.0,"damage_taken":0.0},{"damage_healed":0.0,"max_hp_gain":0.0,"max_hp_loss":0.0,"gold_gain":0.0,"event_name":"Masked Bandits","player_choice":"Fought Bandits","floor":22.0,"gold_loss":0.0,"damage_taken":0.0}],"is_beta":false,"boss_relics":[{"not_picked":["Runic Dome","Runic Pyramid"],"picked":"Tiny House"},{"not_picked":["Black Star","Astrolabe"],"picked":"Guardian:StasisSlotReductionRelic"}],"items_purged_floors":[14,21,30,38],"is_endless":false,"potions_floor_spawned":[3,4,19,28,32,33,36,46],"ascension_level":1}}