{"host":"x5a6cvihdukvwm3n","time":1609268740,"event":{"mods":["Act Like it!","AlwaysNeverKeys","Aspiration","BaseMod","Beaked The Cultist","Better Altar","Better Match","Better Note","Better Sensory Stone","Better Skull","Better Third Choice","BetterRewards","Colored Map","Colored Powertips","Conspire","Curses Come First","Downfall","Friendly Minions","Gensokyo","GifTheSpireLib","Halation","Hallownest","Hermit","Highlight Path","Hubris","Jorbs\u0027s Wanderer Trilogy","Minty Spire (QoL Compilation)","Permanent Neow","Replay The Spire","Robot Space Explorer","Shade Mod","Shop Mod","Spicy Shops","StSLib","Stuff the Spire","SuperFastMode","Synergy Search","The Blue Laboratory","The Cursed","The Jungle","The Marked","vexMod"],"gold_per_floor":[118,118,133,33,48,48,6,37,37,37,37,37,37,48,48,153,153,172,172,172,48,63,63,63,63],"floor_reached":24,"playtime":732,"items_purged":[],"score":182,"play_id":"2e5930c9-c1cb-49c7-b8bd-d90da1cad2da","local_time":"20201229200540","is_ascension_mode":false,"campfire_choices":[{"data":"Shade:SkeletonArmy","floor":6,"key":"SMITH"},{"data":"Shade:FreshBones","floor":13,"key":"SMITH"},{"data":"Shade:FreshBones","floor":15,"key":"SMITH"},{"floor":23,"key":"REST"}],"circlet_count":0,"master_deck":["Shade:Strike_Shade","Shade:Strike_Shade","Shade:Strike_Shade","Shade:Strike_Shade","Shade:Defend_Shade","Shade:Defend_Shade","Shade:Defend_Shade","Shade:Defend_Shade","Shade:AnimateDead","Shade:CarefulCut","Shade:WallOfFlesh","Shade:FreshBones+1","Shade:SkeletonArmy+1","Shade:FreshBones+1","Shade:Bite_Shade","Shade:SoulPierce","Shade:PressTheAttack+1"],"relics":["Shade:YorickSkull","aspiration:Nostalgia","StuffTheSpire:OccultApparatus","The Courier","StuffTheSpire:GrapeVine","Letter Opener","halation:StarCompass","aspiration:ChemicalBlood","conspire:RoyalGoblet","conspire:TopHat","halation:LostSnail"],"acts_visited":["Exordium","Gensokyo:Gensokyo"],"potions_floor_usage":[18,18,24],"damage_taken":[{"damage":8,"enemies":"Gensokyo:2_Kodama","floor":1,"turns":4},{"damage":0,"enemies":"Gensokyo:3_Fairies","floor":3,"turns":4},{"damage":3,"enemies":"Gensokyo:Python","floor":5,"turns":4},{"damage":1,"enemies":"conspire:MimicChest","floor":8,"turns":4},{"damage":10,"enemies":"Gensokyo:Gryphon_and_Rabbit","floor":14,"turns":3},{"damage":8,"enemies":"Gensokyo:Yukari","floor":16,"turns":7},{"damage":60,"enemies":"Gensokyo:3_Dogs","floor":18,"turns":7},{"damage":0,"enemies":"Gensokyo:AngelMirror","floor":22,"turns":4},{"damage":30,"enemies":"Gensokyo:Slime_Group","floor":24,"turns":3}],"seed_played":"8090938591906286996","potions_obtained":[{"floor":8,"key":"hexamod:EctoCoolerPotion"},{"floor":14,"key":"blueLaboratory:AbyssPotion"},{"floor":16,"key":"SkillPotion"},{"floor":18,"key":"blueLaboratory:Moonshine"},{"floor":18,"key":"SpeedPotion"},{"floor":22,"key":"Adrenaline Potion"},{"floor":24,"key":"SkillPotion"}],"is_trial":false,"path_per_floor":["M","?","M","?","M","R","COS","?","T","$","?","$","R","M","R","B",null,"M","?","?","$","M","R","M"],"character_chosen":"SHADE","items_purchased":["conspire:TopHat","halation:LostSnail"],"campfire_rested":1,"item_purchase_floors":[21,21],"current_hp_per_floor":[57,57,57,57,54,54,54,53,53,53,53,53,53,43,43,39,65,7,7,7,7,9,28,0,0],"gold":63,"neow_bonus":"NOSTALGIA","is_daily":false,"chose_seed":false,"campfire_upgraded":3,"win_rate":0.0,"timestamp":1609268740,"path_taken":["M","?","M","?","M","R","COS","?","T","?","?","$","R","M","R","BOSS","M","?","?","$","M","R","M"],"items_purchased_type":["Relic","Relic"],"build_version":"2020-12-22","purchased_purges":0,"victory":false,"max_hp_per_floor":[65,65,65,65,65,65,65,65,65,65,65,65,65,65,65,65,65,65,65,65,65,65,65,65,65],"card_choices":[{"not_picked":["Shade:ClawBack","Shade:GreyBargain"],"picked":"Shade:WallOfFlesh","floor":1},{"not_picked":["Shade:FleshToFlesh","Shade:BoneShards"],"picked":"Shade:FreshBones","floor":3},{"not_picked":["Shade:FuneraryJewels","Shade:AncientSpear"],"picked":"Shade:SkeletonArmy","floor":5},{"not_picked":["Shade:SoulToxin","Shade:SkeletonHug"],"picked":"Shade:FreshBones","floor":8},{"not_picked":["Shade:CloudOfShrapnel","Shade:FleshToFlesh"],"picked":"Shade:Bite_Shade","floor":14},{"not_picked":["Shade:LoseControl","Shade:DarkOfNight"],"picked":"Shade:LichForm","floor":16},{"not_picked":["Shade:FeralStrike","Shade:GreyBargain+1"],"picked":"Shade:SoulPierce","floor":18},{"not_picked":["Shade:Doomsay+1","Shade:PotionOfRestlessness"],"picked":"Shade:PressTheAttack+1","floor":22}],"player_experience":275912,"relics_obtained":[{"floor":8,"key":"StuffTheSpire:GrapeVine"},{"floor":9,"key":"Letter Opener"}],"event_choices":[],"is_beta":false,"boss_relics":[{"not_picked":["vexMod:MegatonBomb","vexMod:RockOfEvil"],"picked":"conspire:RoyalGoblet"}],"items_purged_floors":[],"is_endless":false,"potions_floor_spawned":[8,14,16,22],"killed_by":"Gensokyo:Slime_Group","ascension_level":0}}