{"host":"sxnl403xm2xmiyj1","time":1609236609,"event":{"mods":["AchievementEnabler","BaseMod","Colored Map","Keyboard Shortcuts","Minty Spire (QoL Compilation)","Quick Restart","StSLib","SuperFastMode"],"gold_per_floor":[15,30,44,54,72,72,102,102,126,157,170,204,215,265,265,337,337,357,18,38,38,38,65,65,92,143,58,69,69,69,84,84,157,157,173,173,191,191,191],"floor_reached":38,"playtime":816,"items_purged":["Strike_B"],"score":971,"play_id":"a6b3e22a-99e1-41a8-b2e4-d8ec513c0882","local_time":"20201229191009","is_ascension_mode":true,"campfire_choices":[{"data":"Zap","floor":6.0,"key":"SMITH"},{"data":"Fusion","floor":15.0,"key":"SMITH"},{"data":"Capacitor","floor":24.0,"key":"SMITH"},{"data":"Thunder Strike","floor":32.0,"key":"SMITH"}],"circlet_count":0,"master_deck":["AscendersBane","Defend_B","Defend_B+1","Defend_B","Zap+1","Dualcast","Genetic Algorithm","Self Repair","Ball Lightning+1","FTL+1","Hologram+1","Gash","Fusion+1","Electrodynamics","Streamline","Thunder Strike+1","Gash","Capacitor+1","Compile Driver","Beam Cell","Hologram+1","Heatsinks","Rebound","Ball Lightning","Thunder Strike","Ball Lightning","Madness","Madness","Rebound+1"],"relics":["Cracked Core","Whetstone","MealTicket","Happy Flower","PreservedInsect","Coffee Dripper","War Paint","Centennial Puzzle","Bottled Lightning","Oddly Smooth Stone","Bag of Preparation","Black Star"],"acts_visited":["Exordium","TheCity","TheBeyond"],"potions_floor_usage":[35],"damage_taken":[{"damage":1.0,"enemies":"2 Louse","floor":1.0,"turns":2.0},{"damage":7.0,"enemies":"Small Slimes","floor":2.0,"turns":3.0},{"damage":7.0,"enemies":"Cultist","floor":3.0,"turns":4.0},{"damage":10.0,"enemies":"2 Fungi Beasts","floor":4.0,"turns":3.0},{"damage":1.0,"enemies":"Exordium Thugs","floor":5.0,"turns":4.0},{"damage":1.0,"enemies":"Lagavulin","floor":7.0,"turns":5.0},{"damage":32.0,"enemies":"3 Sentries","floor":10.0,"turns":7.0},{"damage":4.0,"enemies":"3 Louse","floor":11.0,"turns":3.0},{"damage":8.0,"enemies":"Gremlin Nob","floor":12.0,"turns":3.0},{"damage":6.0,"enemies":"Looter","floor":13.0,"turns":2.0},{"damage":0.0,"enemies":"Slime Boss","floor":16.0,"turns":7.0},{"damage":27.0,"enemies":"Shell Parasite","floor":18.0,"turns":4.0},{"damage":26.0,"enemies":"2 Thieves","floor":20.0,"turns":3.0},{"damage":17.0,"enemies":"Book of Stabbing","floor":23.0,"turns":4.0},{"damage":0.0,"enemies":"Gremlin Leader","floor":25.0,"turns":4.0},{"damage":9.0,"enemies":"Centurion and Healer","floor":28.0,"turns":5.0},{"damage":6.0,"enemies":"Cultist and Chosen","floor":31.0,"turns":5.0},{"damage":53.0,"enemies":"Automaton","floor":33.0,"turns":8.0},{"damage":0,"enemies":"3 Shapes","floor":35,"turns":4},{"damage":49,"enemies":"3 Darklings","floor":37,"turns":4},{"damage":13,"enemies":"Mind Bloom Boss Battle","floor":38,"turns":5}],"seed_played":"7596074542146396279","potions_obtained":[{"floor":3.0,"key":"Energy Potion"},{"floor":4.0,"key":"PowerPotion"},{"floor":11.0,"key":"PowerPotion"},{"floor":16.0,"key":"Regen Potion"},{"floor":20.0,"key":"Regen Potion"},{"floor":28.0,"key":"PotionOfCapacity"},{"floor":33.0,"key":"Explosive Potion"},{"floor":37,"key":"SneckoOil"}],"is_trial":false,"path_per_floor":["M","M","M","M","M","R","E","?","T","E","M","E","M","?","R","B",null,"M","$","M","?","$","E","R","E","T","?","M","?","$","M","R","B",null,"M","?","M","?"],"character_chosen":"DEFECT","items_purchased":["Capacitor","War Paint","Compile Driver"],"campfire_rested":0,"item_purchase_floors":[19,19,19],"current_hp_per_floor":[63,56,56,53,59,59,65,58,58,33,36,35,29,29,29,36,62,42,57,40,40,55,57,57,64,64,64,62,62,71,71,71,25,60,67,54,12,0,0],"gold":191,"neow_bonus":"REMOVE_TWO","is_daily":false,"chose_seed":false,"campfire_upgraded":4,"win_rate":0.0,"timestamp":1609236609,"path_taken":["M","M","M","M","M","R","E","?","T","E","M","E","M","?","R","BOSS","M","$","?","?","?","E","R","E","T","?","M","?","?","M","R","BOSS","M","?","M","?"],"items_purchased_type":["Card","Relic","Card"],"build_version":"2020-12-22","purchased_purges":1,"victory":false,"max_hp_per_floor":[71,71,71,71,71,71,71,71,71,71,71,71,71,71,71,71,71,71,71,71,71,71,71,71,71,71,71,71,71,71,71,71,71,71,71,71,71,71,71],"card_choices":[{"not_picked":["Ball Lightning","Heatsinks"],"picked":"Genetic Algorithm","floor":1.0},{"not_picked":["Steam","Steam Power"],"picked":"Self Repair","floor":2.0},{"not_picked":["Double Energy","Sweeping Beam"],"picked":"Ball Lightning","floor":3.0},{"not_picked":["Reprogram","Steam Power","Ball Lightning"],"picked":"SKIP","floor":4.0},{"not_picked":["Go for the Eyes","Hologram"],"picked":"FTL","floor":5.0},{"not_picked":["Meteor Strike","Ball Lightning"],"picked":"Hologram","floor":7.0},{"not_picked":["Genetic Algorithm","Beam Cell"],"picked":"Gash","floor":10.0},{"not_picked":["Meteor Strike","Blizzard"],"picked":"Fusion","floor":11.0},{"not_picked":["Ball Lightning","Consume"],"picked":"Electrodynamics","floor":12.0},{"not_picked":["Sweeping Beam","Steam Power"],"picked":"Streamline","floor":13.0},{"not_picked":["Rainbow","Biased Cognition"],"picked":"Thunder Strike","floor":16.0},{"not_picked":["Rebound","Conserve Battery"],"picked":"Gash","floor":18.0},{"not_picked":["Turbo","Fusion"],"picked":"Beam Cell","floor":20.0},{"not_picked":["Steam","Gash"],"picked":"Hologram+1","floor":23.0},{"not_picked":["Doom and Gloom","Reprogram+1"],"picked":"Heatsinks","floor":25.0},{"not_picked":["Beam Cell","Steam+1"],"picked":"Rebound","floor":28.0},{"not_picked":["Darkness","Leap+1"],"picked":"Ball Lightning","floor":31.0},{"not_picked":["Echo Form","Creative AI"],"picked":"Thunder Strike","floor":33.0},{"not_picked":["Leap","Cold Snap"],"picked":"Ball Lightning","floor":35},{"not_picked":["Hologram","Rainbow"],"picked":"Rebound+1","floor":37}],"player_experience":136768,"relics_obtained":[{"floor":7.0,"key":"Whetstone"},{"floor":9.0,"key":"MealTicket"},{"floor":10.0,"key":"Happy Flower"},{"floor":12.0,"key":"PreservedInsect"},{"floor":23.0,"key":"Centennial Puzzle"},{"floor":25.0,"key":"Bottled Lightning"},{"floor":26.0,"key":"Oddly Smooth Stone"}],"event_choices":[{"cards_removed":["Strike_B"],"damage_healed":0.0,"max_hp_gain":0.0,"max_hp_loss":0.0,"gold_gain":0.0,"event_name":"Golden Wing","player_choice":"Card Removal","floor":8.0,"gold_loss":0.0,"damage_taken":7.0},{"damage_healed":0.0,"max_hp_gain":0.0,"max_hp_loss":0.0,"gold_gain":50.0,"event_name":"Golden Shrine","player_choice":"Pray","floor":14.0,"gold_loss":0.0,"damage_taken":0.0},{"damage_healed":0.0,"max_hp_gain":0.0,"max_hp_loss":0.0,"gold_gain":0.0,"event_name":"Ghosts","player_choice":"Ignored","floor":21.0,"gold_loss":0.0,"damage_taken":0.0},{"damage_healed":0.0,"max_hp_gain":0.0,"max_hp_loss":0.0,"gold_gain":0.0,"event_name":"Addict","player_choice":"Obtained Relic","floor":27.0,"gold_loss":85.0,"damage_taken":0.0,"relics_obtained":["Bag of Preparation"]},{"cards_removed":["Strike_B"],"damage_healed":0.0,"max_hp_gain":0.0,"max_hp_loss":0.0,"gold_gain":0.0,"event_name":"Back to Basics","player_choice":"Elegance","floor":29.0,"gold_loss":0.0,"damage_taken":0.0},{"damage_healed":0,"gold_gain":0,"player_choice":"Embrace Madness","damage_taken":13,"max_hp_gain":0,"max_hp_loss":0,"event_name":"Winding Halls","floor":36,"gold_loss":0,"cards_obtained":["Madness","Madness"]},{"damage_healed":0,"gold_gain":0,"player_choice":"Fight","damage_taken":0,"max_hp_gain":0,"max_hp_loss":0,"event_name":"MindBloom","floor":38,"gold_loss":0}],"is_beta":false,"boss_relics":[{"not_picked":["Cursed Key","Fusion Hammer"],"picked":"Coffee Dripper"},{"not_picked":["Pandora\u0027s Box","FrozenCore"],"picked":"Black Star"}],"items_purged_floors":[19],"is_endless":false,"potions_floor_spawned":[3,4,5,11,16,20,28,33,37],"killed_by":"Mind Bloom Boss Battle","ascension_level":18}}