{"host":"s1gi8xs3so6zkrm7","time":1609275929,"event":{"mods":["BaseMod","Filter the Spire","Minty Spire (QoL Compilation)"],"gold_per_floor":[112,62,77,152,152,152,179,179,227,227,261,261,286,310,310,440,440,461,461,477,507,523,523,549,6,6,26,26,26,26,26,26],"floor_reached":31,"playtime":1436,"items_purged":["Berserk"],"score":404,"play_id":"c9953d5b-17e9-4fd5-8a35-fc92cf3bae48","local_time":"20201229150529","is_ascension_mode":true,"campfire_choices":[{"floor":6.0,"key":"REST"},{"floor":12.0,"key":"REST"},{"floor":15.0,"key":"REST"},{"floor":23.0,"key":"REST"},{"floor":28.0,"key":"REST"}],"circlet_count":0,"master_deck":["Strike_R","Strike_R+1","Strike_R","Strike_R","Defend_R+1","Defend_R","Defend_R+1","Defend_R+1","Bash","Berserk","Dual Wield+1","Clash","Pommel Strike+1","Inflame","Clash","Flex","Offering","Cleave+1","Demon Form","Apotheosis","Clash"],"relics":["Burning Blood","Self Forming Clay","Pen Nib","War Paint","Potion Belt","Black Star","Nloth\u0027s Gift","Red Mask","Pantograph","Ice Cream","Gremlin Horn","Whetstone"],"acts_visited":["Exordium","TheCity"],"potions_floor_usage":[],"damage_taken":[{"damage":18.0,"enemies":"Small Slimes","floor":1.0,"turns":3.0},{"damage":18.0,"enemies":"2 Louse","floor":3.0,"turns":4.0},{"damage":22.0,"enemies":"Gremlin Nob","floor":7.0,"turns":4.0},{"damage":19.0,"enemies":"3 Sentries","floor":11.0,"turns":9.0},{"damage":12.0,"enemies":"Jaw Worm","floor":13.0,"turns":2.0},{"damage":21.0,"enemies":"Red Slaver","floor":14.0,"turns":4.0},{"damage":0.0,"enemies":"Slime Boss","floor":16.0,"turns":5.0},{"damage":22.0,"enemies":"3 Byrds","floor":18.0,"turns":5.0},{"damage":30.0,"enemies":"Shell Parasite","floor":20.0,"turns":3.0},{"damage":15.0,"enemies":"Masked Bandits","floor":21.0,"turns":3.0},{"damage":9.0,"enemies":"Centurion and Healer","floor":22.0,"turns":4.0},{"damage":39.0,"enemies":"Book of Stabbing","floor":24.0,"turns":5.0},{"damage":7.0,"enemies":"Cultist and Chosen","floor":27.0,"turns":4.0},{"damage":29,"enemies":"Gremlin Leader","floor":31,"turns":2}],"seed_played":"-1837151518865450111","potions_obtained":[{"floor":3.0,"key":"Swift Potion"},{"floor":11.0,"key":"Swift Potion"},{"floor":14.0,"key":"Swift Potion"},{"floor":20.0,"key":"SpeedPotion"},{"floor":21.0,"key":"Fire Potion"},{"floor":22.0,"key":"BloodPotion"}],"is_trial":false,"path_per_floor":["M","?","M","?","?","R","E","?","T","?","E","R","M","M","R","B",null,"M","?","M","?","M","R","E","$","T","M","R","$","$","E"],"character_chosen":"IRONCLAD","items_purchased":["Apotheosis","Gremlin Horn","Clash"],"campfire_rested":5,"item_purchase_floors":[25,25,25],"current_hp_per_floor":[60,60,48,37,23,44,28,28,28,28,15,35,29,14,34,40,60,44,44,20,11,21,41,8,8,8,7,27,27,27,0,0],"gold":26,"neow_bonus":"THREE_RARE_CARDS","is_daily":false,"chose_seed":false,"campfire_upgraded":0,"win_rate":0.0,"timestamp":1609275929,"path_taken":["M","?","M","?","?","R","E","?","T","?","E","R","M","M","R","BOSS","M","?","?","?","M","R","E","$","T","M","R","?","$","E"],"items_purchased_type":["Card","Relic","Card"],"build_version":"2020-12-22","purchased_purges":1,"victory":false,"max_hp_per_floor":[72,72,72,72,72,72,72,72,72,67,67,67,67,67,67,67,67,67,67,67,67,67,67,67,67,67,67,67,67,67,67,67],"card_choices":[{"not_picked":["Corruption","Barricade"],"picked":"Berserk","floor":0.0},{"not_picked":["Headbutt","Combust"],"picked":"Dual Wield","floor":1.0},{"not_picked":["Heavy Blade","Burning Pact"],"picked":"Clash","floor":3.0},{"not_picked":["Bloodletting","Exhume"],"picked":"Pommel Strike","floor":7.0},{"not_picked":["Flex","Thunderclap"],"picked":"Inflame","floor":11.0},{"not_picked":["Pommel Strike","Metallicize"],"picked":"Clash","floor":13.0},{"not_picked":["Exhume","Body Slam"],"picked":"Flex","floor":14.0},{"not_picked":["Exhume","Corruption"],"picked":"Offering","floor":16.0},{"not_picked":["Iron Wave","Anger+1","Combust"],"picked":"SKIP","floor":18.0},{"not_picked":["Cleave+1","Pommel Strike","Havoc"],"picked":"SKIP","floor":20.0},{"not_picked":["Sentinel+1","Havoc"],"picked":"Berserk","floor":21.0},{"not_picked":["Iron Wave","Exhume"],"picked":"Cleave+1","floor":22.0},{"not_picked":["Body Slam","Pommel Strike"],"picked":"Demon Form","floor":24.0},{"not_picked":["Rampage","Sentinel+1","Clothesline"],"picked":"SKIP","floor":27.0}],"player_experience":222778,"relics_obtained":[{"floor":7.0,"key":"Self Forming Clay"},{"floor":9.0,"key":"War Paint"},{"floor":11.0,"key":"Potion Belt"},{"floor":21.0,"key":"Red Mask"},{"floor":24.0,"key":"Pantograph"},{"floor":24.0,"key":"Ice Cream"},{"floor":26.0,"key":"Whetstone"}],"event_choices":[{"cards_removed":["Strike_R"],"damage_healed":0.0,"max_hp_gain":0.0,"max_hp_loss":0.0,"gold_gain":0.0,"event_name":"The Cleric","player_choice":"Card Removal","floor":2.0,"gold_loss":50.0,"damage_taken":0.0},{"damage_healed":0.0,"max_hp_gain":0.0,"max_hp_loss":0.0,"gold_gain":75.0,"event_name":"World of Goop","player_choice":"Gather Gold","floor":4.0,"gold_loss":0.0,"damage_taken":11.0},{"damage_healed":0.0,"max_hp_gain":0.0,"max_hp_loss":0.0,"gold_gain":0.0,"event_name":"Shining Light","player_choice":"Entered Light","floor":5.0,"gold_loss":0.0,"damage_taken":14.0,"cards_upgraded":["Defend_R","Defend_R"]},{"damage_healed":0.0,"max_hp_gain":0.0,"max_hp_loss":0.0,"gold_gain":0.0,"event_name":"Dead Adventurer","player_choice":"Searched \u00271\u0027 times","floor":8.0,"gold_loss":0.0,"damage_taken":0.0,"relics_obtained":["Pen Nib"]},{"damage_healed":0.0,"max_hp_gain":0.0,"max_hp_loss":5.0,"gold_gain":0.0,"event_name":"Golden Idol","player_choice":"Lose Max HP","floor":10.0,"gold_loss":0.0,"damage_taken":0.0,"relics_obtained":["Golden Idol"]},{"damage_healed":0.0,"max_hp_gain":0.0,"max_hp_loss":0.0,"gold_gain":0.0,"event_name":"N\u0027loth","player_choice":"Traded Relic","floor":19.0,"relics_lost":["Golden Idol"],"gold_loss":0.0,"damage_taken":0.0,"relics_obtained":["Nloth\u0027s Gift"]},{"damage_healed":0.0,"max_hp_gain":0.0,"max_hp_loss":0.0,"gold_gain":0.0,"event_name":"Masked Bandits","player_choice":"Fought Bandits","floor":21.0,"gold_loss":0.0,"damage_taken":0.0}],"is_beta":false,"boss_relics":[{"not_picked":["Coffee Dripper","Sozu"],"picked":"Black Star"}],"items_purged_floors":[25],"is_endless":false,"potions_floor_spawned":[3,11,14,20,21,22],"killed_by":"Gremlin Leader","ascension_level":6}}