{"host":"s1gi8xs3so6zkrm7","time":1609208432,"event":{"mods":["BaseMod","Filter the Spire","Minty Spire (QoL Compilation)"],"gold_per_floor":[118,293,308,328,403,403,422,422,448,481,495,495,524,449,449,552,552,570,0,19,19,19,19,19,39,39,57,57,57,57,67,67,170,170,189,539,539,550,568,568,594,594,594,619,639,649,649,679,679,679],"floor_reached":51,"playtime":2915,"items_purged":["Strike_P","Worship"],"score":831,"play_id":"48dbe9ab-f704-4e43-97a7-8a99b3c1e248","local_time":"20201228202032","is_ascension_mode":true,"campfire_choices":[{"data":"Eruption","floor":6.0,"key":"SMITH"},{"data":"ThirdEye","floor":8.0,"key":"SMITH"},{"floor":12.0,"key":"REST"},{"floor":15.0,"key":"REST"},{"floor":24.0,"key":"REST"},{"floor":28.0,"key":"REST"},{"data":"Vault","floor":30.0,"key":"SMITH"},{"floor":32.0,"key":"REST"},{"floor":40.0,"key":"REST"},{"data":"Establishment","floor":42.0,"key":"SMITH"},{"floor":49.0,"key":"REST"}],"circlet_count":0,"master_deck":["Defend_P","Defend_P","Defend_P","Eruption+1","Vigilance","Alpha+1","CrushJoints+1","SandsOfTime+1","ThirdEye+1","ClearTheMind","Crescendo","EmptyMind","Vault+1","InnerPeace","Bite","Bite","Bite","Bite","Bite","CutThroughFate","Establishment+1","FlurryOfBlows+1","EmptyMind+1","Perseverance+1","Doubt","Ragnarok","MentalFortress+1","Halt+1"],"relics":["Astrolabe","Toy Ornithopter","Regal Pillow","Gambling Chip","VioletLotus","Happy Flower","Potion Belt","Bottled Flame","Cursed Key","Old Coin","Blood Vial","Pantograph","Sundial","Pear"],"acts_visited":["Exordium","TheCity","TheBeyond"],"potions_floor_usage":[],"damage_taken":[{"damage":10.0,"enemies":"2 Louse","floor":1.0,"turns":3.0},{"damage":10.0,"enemies":"Small Slimes","floor":3.0,"turns":4.0},{"damage":1.0,"enemies":"Jaw Worm","floor":4.0,"turns":3.0},{"damage":4.0,"enemies":"Large Slime","floor":7.0,"turns":4.0},{"damage":32.0,"enemies":"Gremlin Nob","floor":10.0,"turns":4.0},{"damage":2.0,"enemies":"Blue Slaver","floor":11.0,"turns":4.0},{"damage":17.0,"enemies":"3 Sentries","floor":13.0,"turns":4.0},{"damage":15.0,"enemies":"The Guardian","floor":16.0,"turns":9.0},{"damage":48.0,"enemies":"2 Thieves","floor":18.0,"turns":4.0},{"damage":27.0,"enemies":"Spheric Guardian","floor":20.0,"turns":4.0},{"damage":42.0,"enemies":"Snake Plant","floor":25.0,"turns":4.0},{"damage":10.0,"enemies":"3 Cultists","floor":27.0,"turns":3.0},{"damage":22.0,"enemies":"Sentry and Sphere","floor":31.0,"turns":5.0},{"damage":33.0,"enemies":"Collector","floor":33.0,"turns":6.0},{"damage":27.0,"enemies":"Orb Walker","floor":35.0,"turns":4.0},{"damage":24.0,"enemies":"Mind Bloom Boss Battle","floor":36.0,"turns":8.0},{"damage":10.0,"enemies":"3 Darklings","floor":38.0,"turns":3.0},{"damage":0.0,"enemies":"Sphere and 2 Shapes","floor":39.0,"turns":2.0},{"damage":30.0,"enemies":"Giant Head","floor":41.0,"turns":5.0},{"damage":27.0,"enemies":"Reptomancer","floor":44.0,"turns":5.0},{"damage":19.0,"enemies":"Maw","floor":45.0,"turns":5.0},{"damage":21.0,"enemies":"Spire Growth","floor":46.0,"turns":4.0},{"damage":13.0,"enemies":"Giant Head","floor":48.0,"turns":7.0},{"damage":66,"enemies":"Donu and Deca","floor":50,"turns":8}],"seed_played":"1752514949184043162","potions_obtained":[{"floor":4.0,"key":"Swift Potion"},{"floor":7.0,"key":"Regen Potion"},{"floor":13.0,"key":"Weak Potion"},{"floor":16.0,"key":"Explosive Potion"},{"floor":25.0,"key":"DuplicationPotion"},{"floor":33.0,"key":"Ambrosia"},{"floor":35.0,"key":"ColorlessPotion"},{"floor":38.0,"key":"SneckoOil"},{"floor":44.0,"key":"DistilledChaos"},{"floor":45.0,"key":"PowerPotion"},{"floor":48.0,"key":"EssenceOfSteel"}],"is_trial":false,"path_per_floor":["M","?","M","M","?","R","M","R","T","E","M","R","E","$","R","B",null,"M","$","M","?","$","?","R","M","T","M","R","$","R","M","R","B",null,"M","?","?","M","M","R","E","R","T","E","M","M","?","E","R","B",null],"character_chosen":"WATCHER","items_purchased":["InnerPeace","Happy Flower","Potion Belt","FairyPotion"],"campfire_rested":7,"item_purchase_floors":[19,19,19,19],"current_hp_per_floor":[62,62,52,51,40,40,36,36,36,4,2,38,21,21,57,47,72,24,24,21,21,21,21,50,22,22,21,50,50,50,34,50,27,50,31,13,13,14,21,50,33,33,33,27,27,17,17,26,59,6],"gold":679,"neow_bonus":"BOSS_RELIC","is_daily":false,"chose_seed":false,"campfire_upgraded":4,"win_rate":0.0,"timestamp":1609208432,"path_taken":["M","?","M","M","?","R","?","R","T","E","M","R","E","$","R","BOSS","M","$","M","?","$","?","R","M","T","M","R","$","R","M","R","BOSS","M","?","?","?","M","R","E","R","T","E","M","M","?","E","R","BOSS"],"items_purchased_type":["Card","Relic","Relic","Potion"],"build_version":"2020-12-22","purchased_purges":2,"victory":true,"max_hp_per_floor":[72,72,72,72,72,72,72,72,72,72,72,72,72,72,72,72,72,72,72,72,72,72,50,50,50,50,50,50,50,50,50,50,50,50,50,50,50,50,50,50,50,50,50,50,50,50,50,60,60,60],"card_choices":[{"not_picked":["PathToVictory","SignatureMove","Prostrate"],"picked":"SKIP","floor":1.0},{"not_picked":["Consecrate","Halt"],"picked":"ThirdEye","floor":3.0},{"not_picked":["Adaptation","Halt"],"picked":"ClearTheMind","floor":4.0},{"not_picked":["Prostrate","PathToVictory","Indignation"],"picked":"SKIP","floor":7.0},{"not_picked":["Consecrate","FlurryOfBlows"],"picked":"Worship","floor":10.0},{"not_picked":["PathToVictory","FollowUp"],"picked":"Crescendo","floor":11.0},{"not_picked":["WreathOfFlame","Evaluate"],"picked":"EmptyMind","floor":13.0},{"not_picked":["Brilliance","Omniscience"],"picked":"Vault","floor":16.0},{"not_picked":["Fasting2+1","PathToVictory+1","BowlingBash"],"picked":"SKIP","floor":18.0},{"not_picked":["Prostrate","Consecrate","FlyingSleeves"],"picked":"SKIP","floor":20.0},{"not_picked":["CrushJoints","Meditate"],"picked":"CutThroughFate","floor":25.0},{"not_picked":["EmptyFist","ForeignInfluence","PathToVictory+1"],"picked":"SKIP","floor":27.0},{"not_picked":["JustLucky","Pray","Tantrum"],"picked":"SKIP","floor":31.0},{"not_picked":["Devotion","LessonLearned"],"picked":"Establishment","floor":33.0},{"not_picked":["Evaluate+1","DeceiveReality","EmptyFist"],"picked":"SKIP","floor":35.0},{"not_picked":["SashWhip+1","ThirdEye+1"],"picked":"FlurryOfBlows+1","floor":36.0},{"not_picked":["Protect","FlyingSleeves+1","Halt+1"],"picked":"SKIP","floor":38.0},{"not_picked":["SignatureMove+1","Tantrum+1","TalkToTheHand+1"],"picked":"SKIP","floor":39.0},{"not_picked":["EmptyMind+1","MentalFortress"],"picked":"Perseverance+1","floor":41.0},{"not_picked":["BowlingBash","Judgement"],"picked":"Ragnarok","floor":44.0},{"not_picked":["FearNoEvil+1","WaveOfTheHand+1"],"picked":"MentalFortress+1","floor":45.0},{"not_picked":["FlyingSleeves+1","JustLucky+1","EmptyFist"],"picked":"SKIP","floor":46.0},{"not_picked":["Prostrate+1","Swivel"],"picked":"Halt+1","floor":48.0}],"player_experience":204055,"relics_obtained":[{"floor":9.0,"key":"Toy Ornithopter"},{"floor":10.0,"key":"Regal Pillow"},{"floor":13.0,"key":"Gambling Chip"},{"floor":26.0,"key":"Bottled Flame"},{"floor":36.0,"key":"Old Coin"},{"floor":41.0,"key":"Blood Vial"},{"floor":43.0,"key":"Pantograph"},{"floor":44.0,"key":"Sundial"},{"floor":48.0,"key":"Pear"}],"event_choices":[{"damage_healed":0.0,"max_hp_gain":0.0,"max_hp_loss":0.0,"gold_gain":175.0,"event_name":"Liars Game","player_choice":"AGREE","floor":2.0,"gold_loss":0.0,"damage_taken":0.0,"cards_obtained":["Doubt"]},{"damage_healed":0.0,"max_hp_gain":0.0,"max_hp_loss":0.0,"gold_gain":75.0,"event_name":"World of Goop","player_choice":"Gather Gold","floor":5.0,"gold_loss":0.0,"damage_taken":11.0},{"cards_removed":["Doubt"],"damage_healed":0.0,"max_hp_gain":0.0,"max_hp_loss":0.0,"gold_gain":0.0,"event_name":"Back to Basics","player_choice":"Elegance","floor":21.0,"gold_loss":0.0,"damage_taken":0.0},{"damage_healed":0.0,"max_hp_gain":0.0,"max_hp_loss":22.0,"gold_gain":0.0,"event_name":"Vampires","player_choice":"Became a vampire","floor":23.0,"gold_loss":0.0,"damage_taken":0.0,"cards_obtained":["Bite","Bite","Bite","Bite","Bite"]},{"damage_healed":0.0,"max_hp_gain":0.0,"max_hp_loss":0.0,"gold_gain":0.0,"event_name":"MindBloom","player_choice":"Fight","floor":36.0,"gold_loss":0.0,"damage_taken":0.0},{"damage_healed":0.0,"max_hp_gain":0.0,"max_hp_loss":0.0,"gold_gain":0.0,"event_name":"Duplicator","player_choice":"Copied","floor":37.0,"gold_loss":0.0,"damage_taken":0.0,"cards_obtained":["EmptyMind"]},{"damage_healed":0.0,"max_hp_gain":0.0,"max_hp_loss":0.0,"gold_gain":0.0,"event_name":"Upgrade Shrine","player_choice":"Upgraded","floor":47.0,"gold_loss":0.0,"damage_taken":0.0,"cards_upgraded":["EmptyMind"]}],"is_beta":false,"boss_relics":[{"not_picked":["Snecko Eye","Calling Bell"],"picked":"VioletLotus"},{"not_picked":["Black Star","Tiny House"],"picked":"Cursed Key"}],"items_purged_floors":[14,19],"is_endless":false,"potions_floor_spawned":[4,7,13,16,25,33,35,38,44,45,48],"ascension_level":1}}