{"host":"867cnhxguf2bzj4x","time":1609283297,"event":{"mods":["BaseMod","Downfall","GifTheSpireLib","Minty Spire (QoL Compilation)","StSLib"],"gold_per_floor":[116,116,129,79,79,79,96,109,158,170,210,222,253,284,296,404,416,448,460,485,510,216,216,247,247,247,247,247],"floor_reached":27,"playtime":1024,"items_purged":["Havoc"],"score":245,"play_id":"3a7ee6a9-f3ab-4c71-ac64-3b502828586b","local_time":"20201230000817","is_ascension_mode":true,"campfire_choices":[{"data":"Burning Pact","floor":6,"key":"SMITH"},{"data":"Havoc","floor":12,"key":"SMITH"},{"data":"Metallicize","floor":15,"key":"SMITH"},{"floor":23,"key":"REST"}],"circlet_count":0,"master_deck":["Strike_R","Strike_R","Strike_R","Strike_R","Strike_R","Defend_R","Defend_R","Defend_R","Defend_R","Burning Pact+1","Fire Breathing+1","Power Through","Havoc+1","Pommel Strike+1","Metallicize+1","expansioncontent:Torchfire","Regret","Feel No Pain","expansioncontent:GuardianWhirl"],"relics":["Burning Blood","MawBank","Tiny Chest","Velvet Choker","Vajra","Letter Opener"],"acts_visited":["Exordium","TheCity"],"potions_floor_usage":[16,24,27,27],"damage_taken":[{"damage":7,"enemies":"Small Slimes","floor":1,"turns":5},{"damage":1,"enemies":"2 Louse","floor":3,"turns":3},{"damage":12,"enemies":"Jaw Worm","floor":7,"turns":6},{"damage":13,"enemies":"Large Slime","floor":8,"turns":5},{"damage":17,"enemies":"3 Sentries","floor":11,"turns":4},{"damage":15,"enemies":"Red Slaver","floor":13,"turns":5},{"damage":4,"enemies":"Blue Slaver","floor":14,"turns":4},{"damage":24,"enemies":"The Guardian","floor":16,"turns":10},{"damage":18,"enemies":"Chosen","floor":18,"turns":6},{"damage":22,"enemies":"Shell Parasite","floor":20,"turns":7},{"damage":23,"enemies":"3 Cultists","floor":21,"turns":5},{"damage":46,"enemies":"Book of Stabbing","floor":24,"turns":7},{"damage":25,"enemies":"Slavers","floor":27,"turns":2}],"seed_played":"-4515867643762357976","potions_obtained":[{"floor":1,"key":"BlessingOfTheForge"},{"floor":7,"key":"hexamod:EctoCoolerPotion"},{"floor":13,"key":"hexamod:EctoCoolerPotion"},{"floor":20,"key":"DuplicationPotion"},{"floor":24,"key":"SteroidPotion"}],"is_trial":false,"path_per_floor":["M","?","M","?","?","R","M","M","T","$","E","R","M","M","R","B",null,"M","?","M","M","$","R","E","?","T","E"],"character_chosen":"IRONCLAD","items_purchased":["Vajra","expansioncontent:GuardianWhirl"],"campfire_rested":1,"item_purchase_floors":[22,22],"current_hp_per_floor":[79,84,85,85,85,85,79,72,72,72,61,61,52,54,54,36,85,73,73,57,40,40,65,25,25,25,0,0],"gold":247,"neow_bonus":"THREE_CARDS","is_daily":false,"chose_seed":false,"campfire_upgraded":3,"win_rate":0.0,"timestamp":1609283297,"path_taken":["M","?","M","?","?","R","M","M","T","?","E","R","M","M","R","BOSS","M","?","?","M","$","R","E","?","T","E"],"items_purchased_type":["Relic","Card"],"build_version":"2020-12-22","purchased_purges":1,"victory":false,"max_hp_per_floor":[80,85,85,85,85,85,85,85,85,85,85,85,85,85,85,85,85,85,85,85,85,85,85,85,85,85,85,85],"card_choices":[{"not_picked":["Entrench","Flex"],"picked":"Burning Pact","floor":0},{"not_picked":["Shockwave","Cleave","Clothesline"],"picked":"SKIP","floor":1},{"not_picked":["Flex","Headbutt"],"picked":"Fire Breathing","floor":3},{"not_picked":["Clothesline","Pommel Strike"],"picked":"Power Through","floor":7},{"not_picked":["Cleave","Shrug It Off"],"picked":"Havoc","floor":8},{"not_picked":["Rage","Clash","Carnage"],"picked":"SKIP","floor":11},{"not_picked":["Uppercut","Immolate"],"picked":"Pommel Strike","floor":13},{"not_picked":["Clash","Thunderclap"],"picked":"Metallicize","floor":14},{"not_picked":["Clothesline+1","Shockwave+1","Twin Strike"],"picked":"SKIP","floor":18},{"not_picked":["Heavy Blade","Thunderclap","Bloodletting+1"],"picked":"SKIP","floor":20},{"not_picked":["Anger+1","Seeing Red+1"],"picked":"Feel No Pain","floor":21},{"not_picked":["Second Wind+1","Body Slam","Hemokinesis"],"picked":"SKIP","floor":24}],"player_experience":64206,"relics_obtained":[{"floor":9,"key":"MawBank"},{"floor":11,"key":"Tiny Chest"},{"floor":24,"key":"Letter Opener"}],"event_choices":[{"damage_healed":0,"gold_gain":0,"player_choice":"Donut","damage_taken":0,"max_hp_gain":5,"max_hp_loss":0,"event_name":"Big Fish","floor":2,"gold_loss":0},{"cards_removed":["Bash"],"damage_healed":0,"gold_gain":0,"player_choice":"Card Removal","damage_taken":0,"max_hp_gain":0,"max_hp_loss":0,"event_name":"The Cleric","floor":4,"gold_loss":50},{"damage_healed":0,"gold_gain":0,"player_choice":"Grow","damage_taken":0,"max_hp_gain":0,"max_hp_loss":0,"event_name":"Living Wall","floor":5,"gold_loss":0,"cards_upgraded":["Fire Breathing"]},{"damage_healed":0,"gold_gain":0,"player_choice":"3 cards matched","damage_taken":0,"max_hp_gain":0,"max_hp_loss":0,"event_name":"Match and Keep!","floor":19,"gold_loss":0,"cards_obtained":["expansioncontent:Torchfire","Havoc","Regret"]},{"damage_healed":0,"gold_gain":0,"player_choice":"Upgraded","damage_taken":0,"max_hp_gain":0,"max_hp_loss":0,"event_name":"Upgrade Shrine","floor":25,"gold_loss":0,"cards_upgraded":["Pommel Strike"]}],"is_beta":false,"boss_relics":[{"not_picked":["Pandora\u0027s Box","Ectoplasm"],"picked":"Velvet Choker"}],"items_purged_floors":[22],"is_endless":false,"potions_floor_spawned":[1,7,13,14,20,21,24],"killed_by":"Slavers","ascension_level":1}}