{"host":"q4axc00jr2bozlh9","time":1609234954,"event":{"mods":["AchievementEnabler","BaseMod","Bestiary","Colored Map","Colored Powertips","Curses Come First","Minty Spire (QoL Compilation)","Relic Stats","StSLib","SuperFastMode"],"gold_per_floor":[116,116,116,116,129,129,129,163,163,229,229,249,378,79,79,202,202,252,302,352,416,68,68,106,106,175,225,225,275,275],"floor_reached":29,"playtime":1283,"items_purged":["Strike_R","Strike_R"],"score":218,"play_id":"84b70303-6062-4905-82f5-5cc5b8ad3e52","local_time":"20201229104234","is_ascension_mode":false,"campfire_choices":[{"data":"Armaments","floor":6,"key":"SMITH"},{"data":"Armaments","floor":11,"key":"SMITH"},{"floor":15,"key":"REST"},{"floor":23,"key":"REST"},{"floor":25,"key":"REST"},{"data":"Barricade","floor":28,"key":"SMITH"}],"circlet_count":0,"master_deck":["Strike_R","Strike_R","Defend_R","Defend_R","Defend_R","Defend_R","Bash","Armaments+1","Cleave","Armaments+1","Carnage","Shrug It Off","Pommel Strike","Magnetism","Finesse","Barricade+1","Forethought","Thinking Ahead"],"relics":["Burning Blood","Oddly Smooth Stone","PreservedInsect","Spirit Poop","SsserpentHead","WingedGreaves","Ornamental Fan","Kunai","SlaversCollar","MutagenicStrength","Toxic Egg 2","Nloth\u0027s Gift"],"acts_visited":["Exordium","TheCity"],"potions_floor_usage":[16,16],"damage_taken":[{"damage":4,"enemies":"Small Slimes","floor":1,"turns":4},{"damage":0,"enemies":"2 Louse","floor":5,"turns":3},{"damage":27,"enemies":"3 Sentries","floor":8,"turns":7},{"damage":12,"enemies":"Cultist","floor":10,"turns":5},{"damage":13,"enemies":"Blue Slaver","floor":12,"turns":3},{"damage":15,"enemies":"Gremlin Nob","floor":13,"turns":4},{"damage":33,"enemies":"Slime Boss","floor":16,"turns":14},{"damage":16,"enemies":"Shell Parasite","floor":18,"turns":8},{"damage":57,"enemies":"3 Byrds","floor":21,"turns":8},{"damage":19,"enemies":"Shelled Parasite and Fungi","floor":24,"turns":9},{"damage":64,"enemies":"Cultist and Chosen","floor":29,"turns":6}],"seed_played":"6381283998786635140","potions_obtained":[{"floor":8,"key":"SteroidPotion"},{"floor":12,"key":"SkillPotion"},{"floor":16,"key":"BlessingOfTheForge"},{"floor":24,"key":"SmokeBomb"}],"is_trial":false,"path_per_floor":["M","?","?","?","M","R","?","E","T","M","R","M","?","$","R","B",null,"M","?","?","M","$","R","M","R","T","?","R","M"],"character_chosen":"IRONCLAD","items_purchased":["Magnetism","Finesse","Forethought","Thinking Ahead"],"campfire_rested":3,"item_purchase_floors":[14,14,22,22],"current_hp_per_floor":[80,80,60,60,66,66,66,45,45,39,39,32,23,23,47,20,80,70,70,70,19,19,43,30,54,54,54,54,0,0],"gold":275,"neow_bonus":"RANDOM_COMMON_RELIC","is_daily":false,"chose_seed":false,"campfire_upgraded":3,"win_rate":0.0,"timestamp":1609234954,"path_taken":["M","?","?","?","?","R","?","E","T","?","R","M","?","?","R","BOSS","M","?","?","?","$","R","M","R","T","?","R","?"],"items_purchased_type":["Card","Card","Card","Card"],"build_version":"2020-12-22","purchased_purges":2,"victory":false,"max_hp_per_floor":[80,80,80,80,80,80,80,80,80,80,80,80,80,80,80,80,80,80,80,80,80,80,80,80,80,80,80,80,80,80],"relic_stats":{"SsserpentHead":400,"counters":[11,71],"Ornamental Fan":[4],"PreservedInsect":53,"Nloth\u0027s Gift":0,"Kunai":[1],"obtain_stats":[{"Golden Idol":3,"Oddly Smooth Stone":0,"Spirit Poop":4,"PreservedInsect":2,"Burning Blood":0,"SsserpentHead":7,"SlaversCollar":17,"Ornamental Fan":9,"MutagenicStrength":20,"WingedGreaves":8,"Nloth\u0027s Gift":27,"Kunai":13,"Toxic Egg 2":26},{"Golden Idol":1,"Oddly Smooth Stone":0,"Spirit Poop":1,"PreservedInsect":1,"Burning Blood":0,"SsserpentHead":2,"SlaversCollar":7,"Ornamental Fan":3,"MutagenicStrength":8,"WingedGreaves":3,"Nloth\u0027s Gift":10,"Kunai":6,"Toxic Egg 2":10},{"Golden Idol":4,"Oddly Smooth Stone":0,"Spirit Poop":4,"PreservedInsect":4,"Burning Blood":0,"SsserpentHead":7,"SlaversCollar":40,"Ornamental Fan":14,"MutagenicStrength":48,"WingedGreaves":14,"Nloth\u0027s Gift":65,"Kunai":26,"Toxic Egg 2":65}],"Burning Blood":58},"card_choices":[{"not_picked":["Cleave","Flex"],"picked":"Armaments","floor":1},{"not_picked":["Battle Trance","Seeing Red"],"picked":"Cleave","floor":5},{"not_picked":["Cleave","Body Slam"],"picked":"Armaments","floor":8},{"not_picked":["Uppercut","Iron Wave"],"picked":"Carnage","floor":10},{"not_picked":["True Grit","Combust"],"picked":"Shrug It Off","floor":12},{"not_picked":["Clothesline","Second Wind"],"picked":"Pommel Strike","floor":13},{"not_picked":["Reaper","Exhume"],"picked":"Barricade","floor":16},{"not_picked":["Armaments","Pommel Strike","Dropkick"],"picked":"SKIP","floor":18},{"not_picked":["Carnage+1","Cleave","Combust"],"picked":"SKIP","floor":21},{"not_picked":["True Grit+1","Dropkick","Havoc"],"picked":"SKIP","floor":24}],"player_experience":168012,"relics_obtained":[{"floor":8,"key":"WingedGreaves"},{"floor":9,"key":"Ornamental Fan"},{"floor":13,"key":"Kunai"},{"floor":26,"key":"Toxic Egg 2"}],"event_choices":[{"damage_healed":0,"gold_gain":0,"player_choice":"Box","damage_taken":0,"relics_obtained":["PreservedInsect"],"max_hp_gain":0,"max_hp_loss":0,"event_name":"Big Fish","floor":2,"gold_loss":0,"cards_obtained":["Regret"]},{"damage_healed":0,"gold_gain":0,"player_choice":"Take Damage","damage_taken":20,"relics_obtained":["Golden Idol"],"max_hp_gain":0,"max_hp_loss":0,"event_name":"Golden Idol","floor":3,"gold_loss":0},{"cards_removed":["Regret"],"damage_healed":0,"gold_gain":0,"player_choice":"Offered Curse","damage_taken":0,"relics_obtained":["Spirit Poop"],"max_hp_gain":0,"max_hp_loss":0,"event_name":"Bonfire Elementals","floor":4,"gold_loss":0},{"damage_healed":0,"gold_gain":0,"player_choice":"Trade","damage_taken":0,"relics_obtained":["SsserpentHead"],"max_hp_gain":0,"max_hp_loss":0,"event_name":"FaceTrader","floor":7,"gold_loss":0},{"damage_healed":0,"gold_gain":0,"player_choice":"Searched \u00271\u0027 times","damage_taken":0,"max_hp_gain":0,"max_hp_loss":0,"event_name":"Dead Adventurer","floor":13,"gold_loss":0},{"cards_removed":["Strike_R"],"damage_healed":0,"gold_gain":0,"player_choice":"Elegance","damage_taken":0,"max_hp_gain":0,"max_hp_loss":0,"event_name":"Back to Basics","floor":19,"gold_loss":0},{"damage_healed":0,"gold_gain":0,"player_choice":"Inject Mutagens","damage_taken":0,"relics_obtained":["MutagenicStrength"],"max_hp_gain":0,"max_hp_loss":0,"event_name":"Drug Dealer","floor":20,"gold_loss":0},{"damage_healed":0,"gold_gain":0,"player_choice":"Traded Relic","damage_taken":0,"relics_obtained":["Nloth\u0027s Gift"],"max_hp_gain":0,"max_hp_loss":0,"event_name":"N\u0027loth","floor":27,"relics_lost":["Golden Idol"],"gold_loss":0}],"is_beta":false,"boss_relics":[{"not_picked":["Runic Pyramid","Mark of Pain"],"picked":"SlaversCollar"}],"items_purged_floors":[14,22],"is_endless":false,"potions_floor_spawned":[8,12,16,24],"killed_by":"Cultist and Chosen","ascension_level":0}}