{"host":"wy5pcbg592uilh9l","time":1609216580,"event":{"mods":["AchievementEnabler","BaseMod","BetterRewards","Hubris","Infinite Spire","Minty Spire (QoL Compilation)","Permanent Neow","Replay The Spire","StSLib","The Servant 0.9.4"],"gold_per_floor":[115,21,21,37,37,71,91,106,133,133,148,167,192,211,211,308,308,321,517,517,517,529,529,529,529],"floor_reached":24,"playtime":1050,"items_purged":[],"score":303,"play_id":"81860d66-3d67-4763-a46a-aa8df5020b9a","local_time":"20201228223620","is_ascension_mode":true,"campfire_choices":[{"floor":15,"key":"REST"},{"floor":23,"key":"REST"}],"circlet_count":0,"master_deck":["Strike_B","Strike_B","Strike_B","Strike_B","Defend_B","Defend_B","Defend_B","Defend_B","Zap","Dualcast","Ball Lightning","Mind Blast","Beam Cell","Ball Lightning","Thunder Strike","Pain","Capacitor","Go for the Eyes","Conserve Battery","Beam Cell","ReplayRNGCard","Crystallizer+1","ReplayTheSpireMod:Splinters","Capacitor","hubris:InfiniteBlow","Gash"],"relics":["Sizzling Blood","NeowsBlessing","infinitespire:Cubic Diamond","Incense Burner","InkBottle","WarpedTongs","hubris:CuriousFeather","Fusion Hammer","hubris:Icosahedron"],"acts_visited":["Exordium","TheCity"],"potions_floor_usage":[8,13,13],"damage_taken":[{"damage":0,"enemies":"Cultist","floor":1,"turns":1},{"damage":0,"enemies":"Jaw Worm","floor":4,"turns":1},{"damage":0,"enemies":"Lagavulin","floor":6,"turns":1},{"damage":7,"enemies":"2 Louse","floor":7,"turns":2},{"damage":9,"enemies":"Red Slaver","floor":8,"turns":3},{"damage":2,"enemies":"Large Slime","floor":11,"turns":3},{"damage":10,"enemies":"2 Fungi Beasts","floor":12,"turns":3},{"damage":19,"enemies":"Gremlin Nob","floor":13,"turns":3},{"damage":7,"enemies":"Exordium Wildlife","floor":14,"turns":4},{"damage":56,"enemies":"The Guardian","floor":16,"turns":9},{"damage":18,"enemies":"Spheric Guardian","floor":18,"turns":4},{"damage":14,"enemies":"Chosen","floor":22,"turns":3},{"damage":46,"enemies":"Masked Bandits","floor":24,"turns":3}],"seed_played":"-3314988191161657633","potions_obtained":[{"floor":6,"key":"AttackPotion"},{"floor":7,"key":"Fruit Juice"},{"floor":11,"key":"Strength Potion"},{"floor":13,"key":"Venom Potion"},{"floor":18,"key":"BlessingOfTheForge"}],"is_trial":false,"path_per_floor":["M","$","?","M","?","E","M","M","T","?","M","M","E","M","R","B",null,"M","?","?","?","M","R","?"],"character_chosen":"DEFECT","items_purchased":["Mind Blast"],"campfire_rested":2,"item_purchase_floors":[2],"current_hp_per_floor":[68,68,68,72,72,75,72,72,72,72,74,68,53,50,74,22,66,52,52,52,32,22,46,0,0],"gold":529,"neow_bonus":"THREE_ENEMY_KILL","is_daily":false,"chose_seed":false,"campfire_upgraded":0,"win_rate":0.0,"timestamp":1609216580,"path_taken":["M","$","?","M","?","E","M","?","T","?","M","?","E","M","R","BOSS","M","?","?","?","M","R","?"],"items_purchased_type":["Card"],"build_version":"2020-12-22","purchased_purges":0,"victory":false,"max_hp_per_floor":[75,75,75,75,75,75,75,80,80,80,80,80,80,80,80,80,80,80,80,80,80,80,80,80,80],"card_choices":[{"not_picked":["ReplayTheSpireMod:Calculation Training","Barrage"],"picked":"Ball Lightning","floor":1},{"not_picked":["Leap","Turbo"],"picked":"Beam Cell","floor":4},{"not_picked":["Skim","Sunder"],"picked":"Beam Cell","floor":6},{"not_picked":["Conserve Battery","Turbo"],"picked":"Ball Lightning","floor":7},{"not_picked":["Rebound","Leap"],"picked":"Thunder Strike","floor":8},{"not_picked":["Stack","Conserve Battery"],"picked":"Capacitor","floor":11},{"not_picked":["Compile Driver","Panic Button"],"picked":"Go for the Eyes","floor":12},{"not_picked":["Multi-Cast","Turbo"],"picked":"Conserve Battery","floor":13},{"not_picked":["Steam","Melter"],"picked":"Beam Cell","floor":14},{"not_picked":["Multi-Cast","hubris:DoWhile"],"picked":"ReplayRNGCard","floor":16},{"not_picked":["Gash","Reinforced Body"],"picked":"Crystallizer+1","floor":18},{"not_picked":["Sweeping Beam","Scrape+1"],"picked":"Capacitor","floor":19},{"not_picked":["infinitespire:Menacing","hubris:Fate"],"picked":"hubris:InfiniteBlow","floor":21},{"not_picked":["Streamline","Panic Button"],"picked":"Gash","floor":22}],"player_experience":184406,"relics_obtained":[{"floor":6,"key":"InkBottle"},{"floor":13,"key":"hubris:CuriousFeather"}],"event_choices":[{"cards_removed":["Beam Cell"],"damage_healed":0,"gold_gain":0,"player_choice":"Gave Card","damage_taken":0,"relics_obtained":["Incense Burner"],"max_hp_gain":0,"max_hp_loss":0,"event_name":"WeMeetAgain","floor":5,"gold_loss":0},{"damage_healed":0,"gold_gain":0,"player_choice":"Rummage","damage_taken":0,"relics_obtained":["WarpedTongs"],"max_hp_gain":0,"max_hp_loss":0,"event_name":"Accursed Blacksmith","floor":10,"gold_loss":0,"cards_obtained":["Pain"]},{"damage_healed":0,"gold_gain":0,"player_choice":"Fought Bandits","damage_taken":0,"max_hp_gain":0,"max_hp_loss":0,"event_name":"Masked Bandits","floor":24,"gold_loss":0}],"is_beta":false,"boss_relics":[{"not_picked":["hubris:CrackedHourglass","hubris:RunicObelisk"],"picked":"Fusion Hammer"}],"items_purged_floors":[],"is_endless":false,"potions_floor_spawned":[6,7,11,13,18],"killed_by":"Masked Bandits","ascension_level":6}}