{"host":"v0byp44r5syn346h","time":1609252593,"event":{"mods":["2.2 Compatiblity","AchievementEnabler","Act Like it!","AlwaysNeverKeys","Aspiration","BaseMod","Bestiary","Better Match","Better Note","Better Skull","Better Third Choice","Better Vampires","BetterRewards","Card Filter","Colored Map","Colored Powertips","Conspire","Defuse TimeMaze Blight","Displayed Cursed Tome","Downfall","Friendly Minions","Gremlin Skip","Halation","Highlight Path","Hubris","Infinite Spire","Minty Spire (QoL Compilation)","Pale of the Ancients","Quarter Circle Forward PUNCH!","Quick Restart","Random Character Button","Rare Cards Sparkle","Relic Filter","Relic Stats","Reorder Act Four","Replay The Spire","Reworked Bosses","Shop Mod","Spicy Shops","Spikes Relics","StSLib","SuperFastMode","The Blue Laboratory","The Construct","The Cursed","The Hierophant","The Jungle","Thieving Mod","Trackpad","Unknown Chances","egg","vexMod"],"gold_per_floor":[118,118,18,18,18,18,44,44,44,54,54,54,0,0,0,78,78,89,105,115,115,115],"floor_reached":21,"playtime":562,"items_purged":["Strike_B","Strike_B"],"score":375,"play_id":"a1e4b5f9-5e2f-4ab0-8859-28dda11b3a78","local_time":"20201229153633","is_ascension_mode":true,"campfire_choices":[{"data":"Zap","floor":6,"key":"SMITH"},{"data":"hubris:Counter","floor":12,"key":"SMITH"},{"data":"Enlightenment","floor":15,"key":"SMITH"}],"circlet_count":0,"master_deck":["AscendersBane","conspire:GhostlyStrike","conspire:GhostlyDefend","conspire:GhostlyDefend","Zap+1","Dualcast","FTL+1","FTL+1","Deadly Poison","ReplayTheSpireMod:Speed Training","hubris:Counter+1","Conserve Battery+1","Compile Driver+1","Enlightenment+1","Scrawl","Hyperbeam","Cold Snap","Evaluate+1","Scrape","Toxin Wave+1","Scrape+1"],"relics":["Cracked Core","Ring of Chaos","Gambling Chip","halation:Komachan","qcfpunch:Fighting_Gloves","hubris:Towel","halation:PinkSoulGem","qcfpunch:School_Backpack","Onion Ring","Replay:Antivirus Software","qcfpunch:Crimson_Sash"],"acts_visited":["Exordium","TheCity"],"potions_floor_usage":[],"damage_taken":[{"damage":5,"enemies":"Small Slimes","floor":1,"turns":2},{"damage":20,"enemies":"Lagavulin","floor":7,"turns":4},{"damage":0,"enemies":"2 Louse","floor":10,"turns":1},{"damage":1,"enemies":"Slime Boss","floor":16,"turns":5},{"damage":6,"enemies":"3 Byrds","floor":18,"turns":3},{"damage":0,"enemies":"conspire:FuzzyDice","floor":19,"turns":3},{"damage":34,"enemies":"Shelled Parasite and Fungi","floor":20,"turns":3},{"damage":28,"enemies":"Centurion and Healer","floor":21,"turns":2}],"seed_played":"7894836427507794385","potions_obtained":[],"is_trial":false,"path_per_floor":["M","?","$","?","?","R","E","?","T","M","?","R","?","T","R","B",null,"M","M","M","M"],"character_chosen":"DEFECT","items_purchased":["FTL","Gambling Chip","halation:Komachan"],"campfire_rested":0,"item_purchase_floors":[0,0,0],"current_hp_per_floor":[59,59,59,59,59,59,39,44,44,44,44,44,50,50,50,49,62,56,56,22,0,0],"gold":115,"neow_bonus":"","is_daily":false,"chose_seed":false,"campfire_upgraded":3,"win_rate":0.0,"timestamp":1609252593,"path_taken":["M","?","$","?","?","R","E","?","T","?","?","R","?","?","R","BOSS","M","?","?","?"],"items_purchased_type":["Card","Relic","Relic"],"build_version":"2020-12-22","purchased_purges":2,"victory":false,"max_hp_per_floor":[71,71,71,71,71,71,71,76,76,76,76,76,82,82,82,82,82,82,82,82,82,82],"relic_stats":{"counters":[12,31],"Gambling Chip":[8],"obtain_stats":[{"Golden Idol":4,"Circlet":0,"Ring of Chaos":0,"halation:Komachan":0,"hubris:Towel":2,"qcfpunch:Crimson_Sash":17,"hubris:Zylophone":0,"hubris:Icosahedron":5,"qcfpunch:School_Backpack":7,"Gambling Chip":0,"qcfpunch:Fighting_Gloves":0,"Onion Ring":9,"CosmicIsotope":0,"Chemical X":0,"Replay:Antivirus Software":14,"Cracked Core":0,"halation:PinkSoulGem":5},{"Golden Idol":3,"Circlet":0,"Ring of Chaos":4,"halation:Komachan":4,"hubris:Towel":5,"qcfpunch:Crimson_Sash":8,"hubris:Zylophone":0,"hubris:Icosahedron":3,"qcfpunch:School_Backpack":6,"Gambling Chip":4,"qcfpunch:Fighting_Gloves":4,"Onion Ring":6,"CosmicIsotope":4,"Chemical X":0,"Replay:Antivirus Software":7,"Cracked Core":0,"halation:PinkSoulGem":5},{"Golden Idol":6,"Circlet":0,"Ring of Chaos":8,"halation:Komachan":8,"hubris:Towel":10,"qcfpunch:Crimson_Sash":20,"hubris:Zylophone":0,"hubris:Icosahedron":6,"qcfpunch:School_Backpack":14,"Gambling Chip":8,"qcfpunch:Fighting_Gloves":8,"Onion Ring":14,"CosmicIsotope":8,"Chemical X":0,"Replay:Antivirus Software":15,"Cracked Core":0,"halation:PinkSoulGem":10}]},"card_choices":[{"not_picked":["Barrage","Panic Button"],"picked":"FTL","floor":1},{"not_picked":["Turbo","DiskWipe"],"picked":"Conserve Battery","floor":7},{"not_picked":["Leap","Hello World"],"picked":"Compile Driver","floor":10},{"not_picked":["MentalFortress","Crescendo","Consecrate"],"picked":"SKIP","floor":10},{"not_picked":["Judgement","Establishment"],"picked":"Scrawl","floor":16},{"not_picked":["All For One","Meteor Strike"],"picked":"Hyperbeam","floor":16},{"not_picked":["Compile Driver","Hologram+1"],"picked":"Cold Snap","floor":18},{"not_picked":["Outmaneuver","Eviscerate","ReplayTheSpireMod:The Works"],"picked":"SKIP","floor":18},{"not_picked":["Consecrate","Replay:ManipulateFuture"],"picked":"Evaluate+1","floor":19},{"not_picked":["ReplayTheSpireMod:GoodbyeWorld","Go for the Eyes"],"picked":"Scrape","floor":19},{"not_picked":["Bane","Bouncing Flask"],"picked":"Toxin Wave+1","floor":20},{"not_picked":["Rebound","RefreshScreen+1"],"picked":"Scrape+1","floor":20}],"player_experience":847084,"relics_obtained":[{"floor":7,"key":"qcfpunch:School_Backpack"},{"floor":9,"key":"Onion Ring"},{"floor":14,"key":"Replay:Antivirus Software"}],"event_choices":[{"damage_healed":0,"gold_gain":0,"player_choice":"Donut","damage_taken":0,"max_hp_gain":5,"max_hp_loss":0,"event_name":"Big Fish","floor":8,"gold_loss":0},{"damage_healed":0,"gold_gain":0,"player_choice":"Agree","damage_taken":0,"max_hp_gain":0,"max_hp_loss":0,"event_name":"conspire:LoneGhost","floor":11,"gold_loss":0},{"damage_healed":0,"gold_gain":0,"player_choice":"RENOUNCE","damage_taken":54,"max_hp_gain":0,"max_hp_loss":0,"event_name":"betterThird:BetterSerpent","floor":13,"gold_loss":54,"cards_obtained":["Enlightenment"]}],"is_beta":false,"boss_relics":[{"not_picked":["Sandwich","Replay:Fungal Core"],"picked":"qcfpunch:Crimson_Sash"}],"items_purged_floors":[0,3],"is_endless":false,"potions_floor_spawned":[],"killed_by":"Centurion and Healer","ascension_level":20}}