{"host":"ecaj4hn004xnnrw9","time":1609205731,"event":{"mods":["AchievementEnabler","BaseMod","Hermit","Minty Spire (QoL Compilation)","Quick Restart","Replay The Spire","Shop Mod","StSLib","The Jungle"],"gold_per_floor":[115,115,132,132,132,145,145,175,175,175,191,226,244,259,259,384,384,402,452,470,138,65,65,108,108,108],"floor_reached":25,"playtime":764,"items_purged":["Strike_R"],"score":298,"play_id":"701c0ee3-ece0-4d0a-852c-f0a63b114164","local_time":"20201229013531","is_ascension_mode":true,"campfire_choices":[{"data":"Eruption","floor":7,"key":"SMITH"},{"data":"Heavy Blade","floor":10,"key":"SMITH"},{"floor":15,"key":"REST"},{"floor":23,"key":"REST"}],"circlet_count":0,"master_deck":["Strike_R","Strike_R","Strike_R","Strike_R","Defend_R+1","Defend_R+1","Defend_R","Defend_R","Eruption+1","Halt","Heavy Blade+1","Hemokinesis","Shrug It Off","Cleave+1","Metallicize","Ragnarok+1","Sword Boomerang+1","Inflame","Shrug It Off","Pommel Strike+1","ReplayTheSpireMod:Limb From Limb+1"],"relics":["NeowsBlessing","Replay:M_SmolderingBlood","War Paint","Golden Idol","Calipers","Turnip","Molten Egg 2","Sozu","Vajra","Darkstone Periapt","StrikeDummy"],"acts_visited":["Exordium","Exordium"],"potions_floor_usage":[16,16],"damage_taken":[{"damage":0,"enemies":"2 Louse","floor":1,"turns":1},{"damage":0,"enemies":"Small Slimes","floor":3,"turns":1},{"damage":0,"enemies":"Jaw Worm","floor":6,"turns":1},{"damage":9,"enemies":"2 Fungi Beasts","floor":11,"turns":3},{"damage":25,"enemies":"3 Sentries","floor":12,"turns":8},{"damage":2,"enemies":"Large Slime","floor":13,"turns":4},{"damage":16,"enemies":"3 Louse","floor":14,"turns":3},{"damage":11,"enemies":"Fading Forest","floor":16,"turns":11},{"damage":31,"enemies":"theJungle:MUSHROOMGANG","floor":18,"turns":3},{"damage":3,"enemies":"Shell Parasite","floor":20,"turns":4},{"damage":28,"enemies":"theJungle:Cassacara","floor":24,"turns":5},{"damage":36,"enemies":"theJungle:2_Flameangoes","floor":25,"turns":2}],"seed_played":"1746509682469758533","potions_obtained":[{"floor":1,"key":"SpeedPotion"},{"floor":13,"key":"DuplicationPotion"}],"is_trial":false,"path_per_floor":["M","?","M","?","?","M","R","?","T","R","M","E","M","M","R","B",null,"M","?","M","$","?","R","E","M"],"character_chosen":"IRONCLAD","items_purchased":["Vajra","Shrug It Off","Pommel Strike+1"],"campfire_rested":2,"item_purchase_floors":[21,21,21],"current_hp_per_floor":[78,78,78,71,71,71,71,71,71,71,62,37,35,19,41,38,65,34,24,21,21,21,43,15,0,0],"gold":108,"neow_bonus":"THREE_ENEMY_KILL","is_daily":false,"chose_seed":false,"campfire_upgraded":2,"win_rate":0.0,"timestamp":1609205731,"path_taken":["M","?","M","?","?","M","R","?","T","R","M","E","M","M","R","BOSS","M","?","M","$","?","R","E","?"],"items_purchased_type":["Relic","Card","Card"],"build_version":"2020-12-22","purchased_purges":1,"victory":false,"max_hp_per_floor":[80,80,80,80,74,74,74,74,74,74,74,74,74,74,74,74,74,74,74,74,74,74,74,74,74,74],"card_choices":[{"not_picked":["ReplayTheSpireMod:Corrosion Curse","Entrench","Flex"],"picked":"SKIP","floor":1},{"not_picked":["Iron Wave","Crescendo"],"picked":"Halt","floor":3},{"not_picked":["Hemokinesis","Entrench"],"picked":"Heavy Blade","floor":6},{"not_picked":["Perfected Strike","Armaments"],"picked":"Hemokinesis","floor":11},{"not_picked":["ReplayTheSpireMod:LeadingStrike+1","Combust"],"picked":"Shrug It Off","floor":12},{"not_picked":["Shrug It Off","Headbutt+1"],"picked":"Cleave+1","floor":13},{"not_picked":["Blood for Blood+1","Warcry"],"picked":"Metallicize","floor":14},{"not_picked":["Demonic Infusion","Corruption"],"picked":"Ragnarok+1","floor":16},{"not_picked":["Perfected Strike+1","Flex"],"picked":"Sword Boomerang+1","floor":18},{"not_picked":["Wild Strike+1","Entrench"],"picked":"Inflame","floor":20},{"not_picked":["Double Tap","Bludgeon+1"],"picked":"ReplayTheSpireMod:Limb From Limb+1","floor":24}],"player_experience":200130,"relics_obtained":[{"floor":9,"key":"Turnip"},{"floor":12,"key":"Molten Egg 2"},{"floor":24,"key":"StrikeDummy"}],"event_choices":[{"damage_healed":0,"gold_gain":0,"player_choice":"Success","damage_taken":7,"relics_obtained":["War Paint"],"max_hp_gain":0,"max_hp_loss":0,"event_name":"Scrap Ooze","floor":4,"gold_loss":0},{"damage_healed":0,"gold_gain":0,"player_choice":"Lose Max HP","damage_taken":0,"relics_obtained":["Golden Idol"],"max_hp_gain":0,"max_hp_loss":6,"event_name":"Golden Idol","floor":5,"gold_loss":0},{"damage_healed":0,"gold_gain":30,"player_choice":"Searched \u00273\u0027 times","damage_taken":0,"relics_obtained":["Calipers"],"max_hp_gain":0,"max_hp_loss":0,"event_name":"Dead Adventurer","floor":8,"gold_loss":0},{"damage_healed":0,"gold_gain":0,"player_choice":"Paid Gold","damage_taken":0,"relics_obtained":["Darkstone Periapt"],"max_hp_gain":0,"max_hp_loss":0,"event_name":"WeMeetAgain","floor":22,"gold_loss":73}],"is_beta":false,"boss_relics":[{"not_picked":["Honey Jar","Empty Cage"],"picked":"Sozu"}],"items_purged_floors":[21],"is_endless":false,"potions_floor_spawned":[1,13,20],"killed_by":"theJungle:2_Flameangoes","ascension_level":7}}