{"host":"kiauivt48syq9iz6","time":1609260493,"event":{"mods":["BaseMod","Conspire","Downfall","Hermit","Minty Spire (QoL Compilation)","Replay The Spire","SIMod","StSLib","The Animator","The Construct","The Cursed","The Runesmith","The Servant 0.9.4"],"gold_per_floor":[99,99,99,99,38,38,38,57,71,83,99,199,234,248,263,364,364,289,305,316,329,25,25,25,58,58,111,111,24,124,179,194,194,194,194],"floor_reached":33,"playtime":1860,"items_purged":[],"score":335,"play_id":"417508bc-885a-4134-a01a-58f8e6b33b97","local_time":"20201229094813","is_ascension_mode":false,"campfire_choices":[{"floor":1,"key":"RECALL"},{"data":"champ:Duel","floor":6,"key":"SMITH"},{"data":"champ:Improvising","floor":18,"key":"SMITH"},{"floor":23,"key":"REST"}],"circlet_count":0,"master_deck":["champ:Strike","champ:Strike","champ:Defend","champ:Defend","champ:Defend","champ:Defend","champ:Execute","champ:Taunt","champ:ShieldSigil","champ:Duel+1","champ:Shatter","champ:ViciousMockery+1","champ:DefensiveShout+1","champ:BringItOn+1","champ:ArenaPreparation+1","champ:DefensiveShout+1","champ:ViciousMockery+1","champ:IronFortress","champ:TornadoPunch","champ:CheapShot","champ:Improvising+1","champ:SkillfulDodge+1","champ:SwordSigil+1","champ:FlashCut","champ:ShieldWall","champ:Circumvent+1","champ:Haymaker+1","HandOfGreed","GreatAndPowerful+1","Replay:SS_fish_2+1","champ:Devastate","champ:FlashCut","RitualDagger","champ:FlashCut","champ:TornadoPunch+1","champ:IronFortress","champ:CrookedStrike","champ:StanceDance+1","champ:ShieldThrow"],"relics":["champ:ChampionCrown","downfall:HeartsMalice","Toxic Egg 2","Replay:PocketPolymizer","Runesmith:UraniumAnvil","downfall:HeartBlessingRed","ReplayTheSpireMod:ShopPack","champ:DefensiveTrainingManual","Meat on the Bone","Anchor","Lantern","champ:BlackKnightHelmet","Gremlin Horn","Vajra"],"acts_visited":["Exordium","TheCity"],"potions_floor_usage":[13,16,25,30,31],"damage_taken":[{"damage":0,"enemies":"conspire:RoseBush","floor":2,"turns":1},{"damage":0,"enemies":"Jaw Worm","floor":4,"turns":1},{"damage":0,"enemies":"downfall:FleeingMerchant","floor":5,"turns":1},{"damage":5,"enemies":"Small Slimes","floor":8,"turns":3},{"damage":0,"enemies":"3 Louse","floor":9,"turns":4},{"damage":28,"enemies":"2 Fungi Beasts","floor":10,"turns":5},{"damage":25,"enemies":"Large Slime","floor":11,"turns":6},{"damage":25,"enemies":"3 Sentries","floor":13,"turns":7},{"damage":5,"enemies":"3 Louse","floor":14,"turns":5},{"damage":31,"enemies":"Gremlin Gang","floor":15,"turns":6},{"damage":12,"enemies":"downfall:Watcher","floor":16,"turns":11},{"damage":25,"enemies":"conspire:FuzzyDice","floor":19,"turns":7},{"damage":29,"enemies":"Shelled Parasite and Fungi","floor":20,"turns":5},{"damage":15,"enemies":"Snake Plant","floor":21,"turns":4},{"damage":10,"enemies":"downfall:FleeingMerchant","floor":22,"turns":5},{"damage":23,"enemies":"Slavers","floor":25,"turns":5},{"damage":20,"enemies":"conspire:Head Lice","floor":27,"turns":8},{"damage":5,"enemies":"downfall:FleeingMerchant","floor":29,"turns":5},{"damage":23,"enemies":"downfall:FleeingMerchant","floor":30,"turns":7},{"damage":43,"enemies":"conspire:MimicChest","floor":31,"turns":6},{"damage":15,"enemies":"Snecko","floor":32,"turns":5},{"damage":78,"enemies":"downfall:Silent","floor":33,"turns":9}],"seed_played":"4204755341800425191","potions_obtained":[{"floor":9,"key":"SpeedPotion"},{"floor":10,"key":"sneckomod:MuddlingPotion"},{"floor":11,"key":"champ:CounterPotion"},{"floor":14,"key":"champ:CounterPotion"},{"floor":15,"key":"Languid Potion"},{"floor":16,"key":"FearPotion"},{"floor":19,"key":"sneckomod:MuddlingPotion"},{"floor":21,"key":"champ:TechniquePotion"},{"floor":27,"key":"DuplicationPotion"},{"floor":31,"key":"Elixir"},{"floor":32,"key":"champ:CounterPotion"}],"is_trial":false,"path_per_floor":["R","M","?","M","$","R","T","M","M","M","M","?","E","M","M","B",null,"R","M","M","M","$","R","T","E","?","E","?","$","?","?","M","B"],"character_chosen":"THE_CHAMP","items_purchased":["champ:ViciousMockery+1","champ:ShieldWall","champ:Circumvent+1","ReplayTheSpireMod:ShopPack","champ:Haymaker+1","champ:IronFortress"],"campfire_rested":1,"item_purchase_floors":[5,22,22,22,22,29],"current_hp_per_floor":[90,90,95,95,95,95,95,90,90,67,67,67,59,59,54,50,95,95,95,87,77,77,95,95,86,80,84,84,95,77,61,60,0,0,0],"gold":194,"neow_bonus":"THREE_ENEMY_KILL","is_daily":false,"chose_seed":false,"campfire_upgraded":2,"win_rate":0.0,"timestamp":1609260493,"path_taken":["R","M","?","M","$","R","T","M","M","M","M","?","E","M","M","BOSS","R","M","M","M","$","R","T","E","?","E","?","$","?","?","M","BOSS"],"items_purchased_type":["Card","Card","Card","Relic","Card","Card"],"build_version":"2020-12-22","purchased_purges":0,"victory":false,"max_hp_per_floor":[90,90,95,95,95,95,95,95,95,95,95,95,95,95,95,95,95,95,95,95,95,95,95,95,95,95,95,95,95,95,95,95,95,95,95],"card_choices":[{"not_picked":["champ:HeartStrike","champ:PerfectedStrike"],"picked":"champ:ShieldSigil","floor":2},{"not_picked":["champ:Circumvent","champ:DefensiveShout"],"picked":"champ:Duel","floor":4},{"not_picked":["champ:RecklessLeap","champ:MurderStrike"],"picked":"champ:Shatter","floor":5},{"not_picked":["champ:PerfectedStrike","champ:BladeFlurry"],"picked":"champ:DefensiveShout+1","floor":8},{"not_picked":["champ:PreciseThrust","champ:BerserkersShout+1"],"picked":"champ:BringItOn+1","floor":9},{"not_picked":["champ:DeathBlow","champ:PerfectedStrike"],"picked":"champ:ArenaPreparation+1","floor":10},{"not_picked":["champ:AdrenalArmor+1","champ:ShieldSigil+1"],"picked":"champ:DefensiveShout+1","floor":11},{"not_picked":["champ:ShieldSigil+1","champ:FightOn"],"picked":"champ:ViciousMockery+1","floor":13},{"not_picked":["champ:FocusedBerserking+1","champ:TornadoPunch"],"picked":"champ:IronFortress","floor":14},{"not_picked":["champ:Backstep+1","champ:BerserkersShout+1"],"picked":"champ:TornadoPunch","floor":15},{"not_picked":["champ:MurderStrike","champ:PerfectForm"],"picked":"champ:CheapShot","floor":16},{"not_picked":["champ:GutPunch","champ:PreciseThrust+1"],"picked":"champ:SkillfulDodge+1","floor":19},{"not_picked":["champ:AdrenalArmor+1","champ:RageSigil+1"],"picked":"champ:SwordSigil+1","floor":20},{"not_picked":["champ:Haymaker","champ:ArenaPreparation+1","champ:AdrenalArmor+1"],"picked":"SKIP","floor":21},{"not_picked":["champ:FocusedGladiator+1","champ:CrookedStrike"],"picked":"champ:FlashCut","floor":22},{"not_picked":["Sadistic Nature","Crow Ritual"],"picked":"HandOfGreed","floor":22},{"not_picked":["Dramatic Entrance","Madness"],"picked":"GreatAndPowerful","floor":22},{"not_picked":["ReplayTheSpireMod:Private Reserves","expansioncontent:Torchfire"],"picked":"Replay:SS_fish_2","floor":22},{"not_picked":["champ:FightOn","champ:PerfectedStrike"],"picked":"champ:FlashCut","floor":25},{"not_picked":["champ:CrookedStrike","champ:LastStand"],"picked":"champ:FlashCut","floor":27},{"not_picked":["champ:BerserkersShout+1","champ:GladiatorsShout+1"],"picked":"champ:TornadoPunch+1","floor":29},{"not_picked":["champ:FightOn","champ:Shatter"],"picked":"champ:CrookedStrike","floor":30},{"not_picked":["champ:GladiatorsShout+1","champ:TornadoPunch"],"picked":"champ:StanceDance+1","floor":31},{"not_picked":["champ:BladeFlurry+1","champ:StanceDance+1"],"picked":"champ:ShieldThrow","floor":32}],"player_experience":114004,"relics_obtained":[{"floor":7,"key":"Toxic Egg 2"},{"floor":13,"key":"Replay:PocketPolymizer"},{"floor":24,"key":"champ:DefensiveTrainingManual"},{"floor":25,"key":"Meat on the Bone"},{"floor":27,"key":"Anchor"},{"floor":30,"key":"champ:BlackKnightHelmet"},{"floor":30,"key":"Gremlin Horn"},{"floor":31,"key":"Vajra"}],"event_choices":[{"damage_healed":0,"gold_gain":0,"player_choice":"Donut","damage_taken":0,"max_hp_gain":5,"max_hp_loss":0,"event_name":"Big Fish","floor":3,"gold_loss":0}],"is_beta":false,"boss_relics":[{"not_picked":["ReplayTheSpireMod:DimensionalGlitch","conspire:RunicOctahedron"],"picked":"Runesmith:UraniumAnvil"}],"items_purged_floors":[],"is_endless":false,"potions_floor_spawned":[9,10,11,14,15,16,19,21,27,31,32],"killed_by":"downfall:Silent","ascension_level":0}}