{"host":"71akxjf7cjo3bhmj","time":1609281086,"event":{"mods":["AchievementEnabler","BaseMod","Colored Powertips","Minty Spire (QoL Compilation)"],"gold_per_floor":[118,118,20,20,31,31,31,66,66,81,98,98,114,127,127,228,228,243,257,257,2,2,2,2],"floor_reached":23,"playtime":1212,"items_purged":["Strike_R","Barricade"],"score":241,"play_id":"23ebab5d-6eb8-4572-9caa-e57e3cdf5969","local_time":"20201229233126","is_ascension_mode":false,"campfire_choices":[{"data":"Heavy Blade","floor":6,"key":"SMITH"},{"floor":12,"key":"RECALL"},{"data":"Double Tap","floor":15,"key":"SMITH"}],"circlet_count":0,"master_deck":["Strike_R","Strike_R","Strike_R","Defend_R","Defend_R","Defend_R+1","Defend_R","Bash","Anger+1","Heavy Blade+1","Double Tap+1","Anger","Anger","Anger+1"],"relics":["Burning Blood","NeowsBlessing","Du-Vu Doll","Black Star","Juzu Bracelet","MutagenicStrength"],"acts_visited":["Exordium","TheCity"],"potions_floor_usage":[11,11,13,16,18,23],"damage_taken":[{"damage":0,"enemies":"Small Slimes","floor":1,"turns":1},{"damage":0,"enemies":"Cultist","floor":5,"turns":1},{"damage":0,"enemies":"Gremlin Nob","floor":8,"turns":1},{"damage":1,"enemies":"Jaw Worm","floor":10,"turns":4},{"damage":0,"enemies":"Gremlin Gang","floor":11,"turns":3},{"damage":0,"enemies":"Looter","floor":13,"turns":1},{"damage":2,"enemies":"Blue Slaver","floor":14,"turns":3},{"damage":32,"enemies":"Hexaghost","floor":16,"turns":8},{"damage":10,"enemies":"3 Byrds","floor":18,"turns":5},{"damage":19,"enemies":"Shell Parasite","floor":19,"turns":5},{"damage":65,"enemies":"Slavers","floor":23,"turns":4}],"seed_played":"1210326038474267709","potions_obtained":[{"floor":1,"key":"DistilledChaos"},{"floor":2,"key":"Block Potion"},{"floor":2,"key":"Fire Potion"},{"floor":11,"key":"SteroidPotion"},{"floor":16,"key":"SneckoOil"},{"floor":19,"key":"CultistPotion"}],"is_trial":false,"path_per_floor":["M","?","$","?","M","R","?","E","T","M","M","R","M","M","R","B",null,"M","M","?","$","?","E"],"character_chosen":"IRONCLAD","items_purchased":["Heavy Blade","Juzu Bracelet"],"campfire_rested":0,"item_purchase_floors":[3,21],"current_hp_per_floor":[80,80,80,80,80,80,64,70,70,75,80,80,80,80,80,54,80,76,63,63,63,63,0,0],"gold":2,"neow_bonus":"THREE_ENEMY_KILL","is_daily":false,"chose_seed":false,"campfire_upgraded":2,"win_rate":0.0,"timestamp":1609281086,"path_taken":["M","?","?","?","?","R","?","E","T","M","M","R","M","M","R","BOSS","M","M","?","$","?","E"],"items_purchased_type":["Card","Relic"],"build_version":"2020-12-22","purchased_purges":2,"victory":false,"max_hp_per_floor":[80,80,80,80,80,80,80,80,80,80,80,80,80,80,80,80,80,80,80,80,80,80,80,80],"card_choices":[{"not_picked":["Clothesline","Iron Wave"],"picked":"Anger","floor":1},{"not_picked":["Havoc","Cleave","Armaments"],"picked":"SKIP","floor":5},{"not_picked":["Sword Boomerang","Headbutt","Dark Embrace"],"picked":"SKIP","floor":8},{"not_picked":["Second Wind","True Grit","Headbutt"],"picked":"SKIP","floor":10},{"not_picked":["Havoc","Bloodletting"],"picked":"Double Tap","floor":11},{"not_picked":["Wild Strike","Dark Embrace"],"picked":"Anger","floor":13},{"not_picked":["Pommel Strike","Havoc","Pummel"],"picked":"SKIP","floor":14},{"not_picked":["Impervious","Offering"],"picked":"Barricade","floor":16},{"not_picked":["Sword Boomerang","Reckless Charge"],"picked":"Anger","floor":18},{"not_picked":["Combust","Cleave"],"picked":"Anger+1","floor":19}],"player_experience":113145,"relics_obtained":[{"floor":8,"key":"Du-Vu Doll"}],"event_choices":[{"damage_healed":0,"gold_gain":0,"player_choice":"Got Potions","damage_taken":0,"max_hp_gain":0,"max_hp_loss":0,"event_name":"Lab","floor":2,"gold_loss":0},{"cards_removed":["Strike_R"],"damage_healed":0,"gold_gain":0,"player_choice":"Offered Basic","damage_taken":0,"max_hp_gain":0,"max_hp_loss":0,"event_name":"Bonfire Elementals","floor":4,"gold_loss":0},{"damage_healed":0,"gold_gain":0,"player_choice":"Entered Light","damage_taken":16,"max_hp_gain":0,"max_hp_loss":0,"event_name":"Shining Light","floor":7,"gold_loss":0,"cards_upgraded":["Anger","Defend_R"]},{"damage_healed":0,"gold_gain":0,"player_choice":"Ignored","damage_taken":0,"max_hp_gain":0,"max_hp_loss":0,"event_name":"Vampires","floor":20,"gold_loss":0},{"damage_healed":0,"gold_gain":0,"player_choice":"Inject Mutagens","damage_taken":0,"relics_obtained":["MutagenicStrength"],"max_hp_gain":0,"max_hp_loss":0,"event_name":"Drug Dealer","floor":22,"gold_loss":0}],"is_beta":false,"boss_relics":[{"not_picked":["Sozu","Mark of Pain"],"picked":"Black Star"}],"items_purged_floors":[3,21],"is_endless":false,"potions_floor_spawned":[1,5,11,16,19],"killed_by":"Slavers","ascension_level":0}}