{"host":"5hj512uv6i1x1iks","time":1609223239,"event":{"mods":["BaseMod","Bestiary","Colored Powertips","Highlight Path","Minty Spire (QoL Compilation)","Random Character Button","Rare Cards Sparkle","Relic Stats","StSLib"],"gold_per_floor":[111,123,143,155,41,41,66,78,78,113,113,171,171,188,188,263,263,274,199,31,31,48,82,82,6,6,6,16,51,51,51,51,125,125,136,136,146,162,181,181,200,200,200,200,255,280,280,313,313,313],"floor_reached":51,"playtime":1922,"items_purged":[],"score":1669,"play_id":"3dc47298-7d61-448b-b249-94527f29b405","local_time":"20201229002719","is_ascension_mode":true,"campfire_choices":[{"data":"CrushJoints","floor":6.0,"key":"SMITH"},{"data":"Vigilance","floor":11.0,"key":"SMITH"},{"data":"Eruption","floor":15.0,"key":"SMITH"},{"data":"Vault","floor":24.0,"key":"SMITH"},{"data":"TalkToTheHand","floor":27.0,"key":"SMITH"},{"data":"Wallop","floor":30.0,"key":"SMITH"},{"data":"Consecrate","floor":32.0,"key":"SMITH"},{"data":"Tantrum","floor":40.0,"key":"SMITH"},{"data":"EmptyFist","floor":42,"key":"SMITH"},{"data":"Halt","floor":49,"key":"SMITH"}],"circlet_count":0,"master_deck":["AscendersBane","Defend_P+1","Defend_P+1","Defend_P+1","Eruption+1","Vigilance+1","CutThroughFate+1","CarveReality+1","Wallop+1","EmptyFist+1","Protect","CrushJoints+1","Evaluate","Halt+1","FlurryOfBlows","Brilliance","Consecrate+1","Wallop+1","Vault+1","LikeWater+1","TalkToTheHand+1","Tantrum+1","InnerPeace+1"],"relics":["Astrolabe","Frozen Egg 2","Matryoshka","CaptainsWheel","Singing Bowl","Coffee Dripper","Sling","Regal Pillow","Shuriken","PreservedInsect","Gremlin Horn","Philosopher\u0027s Stone","Yang","White Beast Statue","Pocketwatch","Bird Faced Urn","The Courier"],"acts_visited":["Exordium","TheCity","TheBeyond"],"potions_floor_usage":[41,50,50],"damage_taken":[{"damage":0.0,"enemies":"Cultist","floor":1.0,"turns":3.0},{"damage":0.0,"enemies":"2 Louse","floor":2.0,"turns":2.0},{"damage":0.0,"enemies":"Small Slimes","floor":3.0,"turns":2.0},{"damage":9.0,"enemies":"Exordium Wildlife","floor":4.0,"turns":3.0},{"damage":0.0,"enemies":"Lagavulin","floor":7.0,"turns":3.0},{"damage":12.0,"enemies":"Exordium Thugs","floor":8.0,"turns":4.0},{"damage":9.0,"enemies":"3 Sentries","floor":10.0,"turns":7.0},{"damage":0.0,"enemies":"Gremlin Nob","floor":12.0,"turns":4.0},{"damage":6.0,"enemies":"3 Louse","floor":14.0,"turns":4.0},{"damage":0.0,"enemies":"Slime Boss","floor":16.0,"turns":4.0},{"damage":4.0,"enemies":"2 Thieves","floor":18.0,"turns":4.0},{"damage":4.0,"enemies":"Shell Parasite","floor":22.0,"turns":5.0},{"damage":18.0,"enemies":"Slavers","floor":23.0,"turns":6.0},{"damage":5.0,"enemies":"Centurion and Healer","floor":28.0,"turns":6.0},{"damage":0.0,"enemies":"Gremlin Leader","floor":29.0,"turns":5.0},{"damage":0.0,"enemies":"Automaton","floor":33.0,"turns":6.0},{"damage":0.0,"enemies":"3 Darklings","floor":35.0,"turns":5.0},{"damage":6.0,"enemies":"3 Shapes","floor":37.0,"turns":3.0},{"damage":1.0,"enemies":"Jaw Worm Horde","floor":38.0,"turns":4.0},{"damage":12.0,"enemies":"Maw","floor":39.0,"turns":7.0},{"damage":5,"enemies":"Writhing Mass","floor":41,"turns":5},{"damage":10,"enemies":"2 Orb Walkers","floor":45,"turns":3},{"damage":0,"enemies":"Mind Bloom Boss Battle","floor":46,"turns":3},{"damage":0,"enemies":"Reptomancer","floor":48,"turns":3},{"damage":24,"enemies":"Awakened One","floor":50,"turns":9}],"seed_played":"8792266089394723820","potions_obtained":[{"floor":2.0,"key":"SkillPotion"},{"floor":7.0,"key":"Strength Potion"},{"floor":28.0,"key":"LiquidMemories"},{"floor":38.0,"key":"Explosive Potion"},{"floor":41,"key":"PowerPotion"}],"is_trial":false,"path_per_floor":["M","M","M","M","$","R","E","M","T","E","R","?","?","M","R","B",null,"M","?","$","?","M","E","R","$","T","R","M","E","R","?","R","B",null,"M","?","M","M","M","R","M","R","T","?","?","?","?","E","R","B",null],"character_chosen":"WATCHER","items_purchased":["Halt","FlurryOfBlows","Sling","TalkToTheHand"],"campfire_rested":0,"item_purchase_floors":[5,5,20,25],"current_hp_per_floor":[61,61,61,52,52,52,52,40,40,31,31,31,31,27,27,27,59,55,55,55,55,53,37,37,37,37,37,34,36,36,36,36,38,70,72,72,68,67,57,57,54,54,54,56,48,50,36,38,38,18],"gold":313,"neow_bonus":"BOSS_RELIC","is_daily":false,"chose_seed":false,"campfire_upgraded":10,"win_rate":0.0,"timestamp":1609223239,"path_taken":["M","M","M","M","?","R","E","M","T","E","R","?","?","?","R","BOSS","M","?","$","?","M","E","R","?","T","R","?","E","R","?","R","BOSS","M","?","M","M","?","R","M","R","T","?","?","?","?","E","R","BOSS"],"items_purchased_type":["Card","Card","Relic","Card"],"build_version":"2020-12-22","purchased_purges":0,"victory":true,"max_hp_per_floor":[68,68,68,68,68,68,68,68,68,68,68,68,68,70,70,70,70,70,70,70,70,72,74,74,74,74,74,76,78,78,78,78,80,80,82,82,84,84,86,86,88,88,88,90,92,94,94,94,94,94],"relic_stats":{"Regal Pillow":0,"Singing Bowl":26,"Gremlin Horn":[17,17],"counters":[25,110],"Shuriken":[41],"Astrolabe":["CutThroughFate","CarveReality","Wallop"],"Bird Faced Urn":[6],"Yang":[58],"PreservedInsect":109,"obtain_stats":[{"Regal Pillow":23,"Singing Bowl":12,"Gremlin Horn":29,"Astrolabe":0,"Yang":43,"PreservedInsect":26,"The Courier":48,"Frozen Egg 2":7,"Sling":20,"White Beast Statue":43,"CaptainsWheel":10,"Matryoshka":9,"Shuriken":26,"Bird Faced Urn":46,"Philosopher\u0027s Stone":34,"Coffee Dripper":17,"PureWater":0,"Pocketwatch":45},{"Regal Pillow":13,"Singing Bowl":8,"Gremlin Horn":15,"Astrolabe":0,"Yang":21,"PreservedInsect":13,"The Courier":24,"Frozen Egg 2":5,"Sling":11,"White Beast Statue":21,"CaptainsWheel":7,"Matryoshka":6,"Shuriken":13,"Bird Faced Urn":23,"Philosopher\u0027s Stone":16,"Coffee Dripper":10,"PureWater":0,"Pocketwatch":22},{"Regal Pillow":51,"Singing Bowl":28,"Gremlin Horn":62,"Astrolabe":0,"Yang":92,"PreservedInsect":51,"The Courier":101,"Frozen Egg 2":13,"Sling":40,"White Beast Statue":92,"CaptainsWheel":24,"Matryoshka":17,"Shuriken":51,"Bird Faced Urn":98,"Philosopher\u0027s Stone":68,"Coffee Dripper":36,"PureWater":0,"Pocketwatch":95}],"Pocketwatch":[9]},"card_choices":[{"not_picked":["JustLucky","PathToVictory"],"picked":"EmptyFist","floor":1.0},{"not_picked":["EmptyFist","Evaluate"],"picked":"Protect","floor":2.0},{"not_picked":["Consecrate","Collect"],"picked":"CrushJoints","floor":3.0},{"not_picked":["CutThroughFate","CrushJoints"],"picked":"Evaluate","floor":4.0},{"not_picked":["ThirdEye","Nirvana+1","Fasting2+1"],"picked":"SKIP","floor":7.0},{"not_picked":["SashWhip","Fasting2+1","CrushJoints"],"picked":"SKIP","floor":8.0},{"not_picked":["Weave","BattleHymn+1"],"picked":"Brilliance","floor":10.0},{"not_picked":["CrushJoints","Indignation"],"picked":"Consecrate","floor":12.0},{"not_picked":["Indignation","PathToVictory","Evaluate"],"picked":"Singing Bowl","floor":14.0},{"not_picked":["Alpha","SpiritShield"],"picked":"Vault","floor":16.0},{"not_picked":["FlyingSleeves","Protect"],"picked":"LikeWater+1","floor":18.0},{"not_picked":["EmptyBody+1","ReachHeaven","ClearTheMind"],"picked":"Singing Bowl","floor":22.0},{"not_picked":["JustLucky","SashWhip","EmptyBody"],"picked":"Singing Bowl","floor":23.0},{"not_picked":["Consecrate+1","CrushJoints","EmptyFist+1"],"picked":"Singing Bowl","floor":28.0},{"not_picked":["CutThroughFate","FlurryOfBlows","JustLucky"],"picked":"Singing Bowl","floor":29.0},{"not_picked":["Judgement","ConjureBlade","SpiritShield"],"picked":"Singing Bowl","floor":33.0},{"not_picked":["WaveOfTheHand","Crescendo","Nirvana+1"],"picked":"Singing Bowl","floor":35.0},{"not_picked":["Evaluate","Consecrate+1","ThirdEye"],"picked":"Singing Bowl","floor":37.0},{"not_picked":["BowlingBash","Weave"],"picked":"Tantrum","floor":38.0},{"not_picked":["Pray+1","Crescendo","Study+1"],"picked":"Singing Bowl","floor":39.0},{"not_picked":["ClearTheMind+1","CutThroughFate","Prostrate"],"picked":"Singing Bowl","floor":41},{"not_picked":["Impatience","Mind Blast","Swift Strike"],"picked":"Singing Bowl","floor":44},{"not_picked":["FlurryOfBlows","Judgement","Consecrate"],"picked":"Singing Bowl","floor":45},{"not_picked":["Protect","PathToVictory","Adaptation+1"],"picked":"Singing Bowl","floor":46},{"not_picked":["WaveOfTheHand","FollowUp+1"],"picked":"InnerPeace+1","floor":48}],"player_experience":527845,"relics_obtained":[{"floor":7.0,"key":"Frozen Egg 2"},{"floor":9.0,"key":"Matryoshka"},{"floor":10.0,"key":"CaptainsWheel"},{"floor":12.0,"key":"Singing Bowl"},{"floor":23.0,"key":"Regal Pillow"},{"floor":26.0,"key":"Shuriken"},{"floor":26.0,"key":"PreservedInsect"},{"floor":29.0,"key":"Gremlin Horn"},{"floor":43,"key":"Yang"},{"floor":43,"key":"White Beast Statue"},{"floor":45,"key":"Pocketwatch"},{"floor":46,"key":"Bird Faced Urn"},{"floor":48,"key":"The Courier"}],"event_choices":[{"damage_healed":0.0,"max_hp_gain":0.0,"max_hp_loss":0.0,"gold_gain":0.0,"event_name":"Dead Adventurer","player_choice":"Searched \u00271\u0027 times","floor":12.0,"gold_loss":0.0,"damage_taken":0.0},{"damage_healed":0.0,"max_hp_gain":0.0,"max_hp_loss":0.0,"gold_gain":0.0,"cards_transformed":["Strike_P"],"event_name":"Transmorgrifier","player_choice":"Transformed","floor":13.0,"gold_loss":0.0,"damage_taken":0.0,"cards_obtained":["Wallop"]},{"cards_removed":["Strike_P"],"damage_healed":0.0,"max_hp_gain":0.0,"max_hp_loss":0.0,"gold_gain":0.0,"event_name":"Beggar","player_choice":"Gave Gold","floor":19.0,"gold_loss":75.0,"damage_taken":0.0},{"damage_healed":0.0,"max_hp_gain":0.0,"max_hp_loss":0.0,"gold_gain":0.0,"event_name":"Vampires","player_choice":"Ignored","floor":21.0,"gold_loss":0.0,"damage_taken":0.0},{"damage_healed":0.0,"max_hp_gain":0.0,"max_hp_loss":0.0,"gold_gain":0.0,"event_name":"Back to Basics","player_choice":"Simplicity","floor":31.0,"gold_loss":0.0,"damage_taken":0.0,"cards_upgraded":["Defend_P","Defend_P","Defend_P"]},{"damage_healed":0.0,"max_hp_gain":0.0,"max_hp_loss":0.0,"gold_gain":0.0,"event_name":"Purifier","player_choice":"Ignored","floor":36.0,"gold_loss":0.0,"damage_taken":0.0},{"damage_healed":0,"gold_gain":0,"player_choice":"Memory 1","damage_taken":0,"max_hp_gain":0,"max_hp_loss":0,"event_name":"SensoryStone","floor":44,"gold_loss":0},{"damage_healed":0,"gold_gain":0,"player_choice":"Fight","damage_taken":0,"max_hp_gain":0,"max_hp_loss":0,"event_name":"Mysterious Sphere","floor":45,"gold_loss":0},{"damage_healed":0,"gold_gain":0,"player_choice":"Fight","damage_taken":0,"max_hp_gain":0,"max_hp_loss":0,"event_name":"MindBloom","floor":46,"gold_loss":0},{"damage_healed":0,"gold_gain":0,"player_choice":"Damaged","damage_taken":14,"max_hp_gain":0,"max_hp_loss":0,"event_name":"Wheel of Change","floor":47,"gold_loss":0}],"is_beta":false,"boss_relics":[{"not_picked":["Runic Dome","Tiny House"],"picked":"Coffee Dripper"},{"not_picked":["Empty Cage","Velvet Choker"],"picked":"Philosopher\u0027s Stone"}],"items_purged_floors":[],"is_endless":false,"potions_floor_spawned":[2,7,8,10,12,16,22,28,38,39,41,45,46,48],"ascension_level":17}}