{"host":"kiauivt48syq9iz6","time":1609265608,"event":{"mods":["BaseMod","Conspire","Downfall","Hermit","Minty Spire (QoL Compilation)","Replay The Spire","SIMod","StSLib","The Animator","The Construct","The Cursed","The Runesmith","The Servant 0.9.4"],"gold_per_floor":[99,99,179,3,3,3,28,28,28,53,88,188,188,202,212,309,309,234,245,258,4,4,4,27,43,54,66,66,79,79,6,24,126,126,191,201,28,76,76,86,86,86,105,124,124,124,124],"floor_reached":45,"playtime":1859,"items_purged":["champ:Defend"],"score":461,"play_id":"62c4a347-650a-4717-9628-bf20145d215c","local_time":"20201229111328","is_ascension_mode":false,"campfire_choices":[{"floor":1,"key":"RECALL"},{"data":"champ:ShieldWall","floor":6,"key":"SMITH"},{"data":"Blind","floor":9,"key":"SMITH"},{"floor":18,"key":"DIG"},{"data":"champ:SkillfulDodge","floor":23,"key":"SMITH"},{"data":"champ:StrikeOfGenius","floor":28,"key":"SMITH"},{"data":"champ:ShieldWall","floor":30,"key":"SMITH"},{"floor":42,"key":"REST"}],"circlet_count":0,"master_deck":["champ:Strike","champ:Strike","champ:Defend","champ:Defend","champ:Defend","champ:Execute","champ:Taunt","champ:Duel","champ:Backstep","champ:ShieldWall+1","champ:FlashCut+1","Blind+1","champ:FlashCut","Pot Of Greed","Pot Of Greed","champ:RageSigil","champ:BringItOn","champ:FanOfKnives","champ:Improvising","CurseOfTheBell","champ:CrookedStrike+1","champ:EnGarde","champ:SkillfulDodge+1","Pot Of Greed","champ:Circumvent","champ:Circumvent","champ:TornadoPunch+1","champ:ShieldSigil+1","champ:Backstep+1","champ:StrikeOfGenius+1","champ:ShieldWall+1","champ:IronFortress","champ:IronFortress","champ:PerfectForm","champ:Improvising","champ:ShieldWall","Pot Of Greed","champ:BladeFlurry+1","champ:CalledShot","champ:DefensiveShout","champ:Haymaker+1","champ:FocusedDefense","champ:DefensiveShout+1","champ:RisingSlash+1","expansioncontent:AwakenDeath","champ:SkillfulDodge+1","champ:GladiatorsShout+1","champ:DefensiveStyle+1"],"relics":["champ:ChampionCrown","downfall:HeartsMalice","Grinning Jar","Centennial Puzzle","Mummified Hand","MealTicket","Calling Bell","ReplayTheSpireMod:Lightbulb","Molten Egg 2","Torii","downfall:HeartBlessingRed","Happy Flower","Membership Card","Gremlin Food","champ:FightingForDummies","SacredBark","Orrery","Blue Doll","Quantum Egg","Toxic Egg 2"],"acts_visited":["Exordium","TheCity","TheBeyond"],"potions_floor_usage":[16,16,36,36,43,44],"damage_taken":[{"damage":0,"enemies":"Cultist","floor":2,"turns":1},{"damage":0,"enemies":"downfall:FleeingMerchant","floor":4,"turns":1},{"damage":0,"enemies":"conspire:RoseBush","floor":5,"turns":1},{"damage":12,"enemies":"Gremlin Nob","floor":11,"turns":4},{"damage":0,"enemies":"2 Louse","floor":14,"turns":3},{"damage":10,"enemies":"Large Slime","floor":15,"turns":4},{"damage":13,"enemies":"downfall:Silent","floor":16,"turns":8},{"damage":1,"enemies":"Shell Parasite","floor":19,"turns":4},{"damage":0,"enemies":"3 Byrds","floor":20,"turns":3},{"damage":0,"enemies":"downfall:FleeingMerchant","floor":21,"turns":4},{"damage":10,"enemies":"Centurion and Healer","floor":25,"turns":9},{"damage":14,"enemies":"Sentry and Sphere","floor":26,"turns":5},{"damage":6,"enemies":"Chosen and Byrds","floor":27,"turns":5},{"damage":19,"enemies":"Cultist and Chosen","floor":29,"turns":6},{"damage":15,"enemies":"downfall:FleeingMerchant","floor":31,"turns":4},{"damage":2,"enemies":"Snake Plant","floor":32,"turns":4},{"damage":39,"enemies":"downfall:Ironclad","floor":33,"turns":9},{"damage":35,"enemies":"Orb Walker","floor":36,"turns":5},{"damage":1,"enemies":"downfall:FleeingMerchant","floor":37,"turns":4},{"damage":26,"enemies":"3 Shapes","floor":40,"turns":7},{"damage":70,"enemies":"Transient","floor":43,"turns":5},{"damage":14,"enemies":"Writhing Mass","floor":44,"turns":6},{"damage":18,"enemies":"Jaw Worm Horde","floor":45,"turns":3}],"seed_played":"-7083341495256984813","potions_obtained":[{"floor":11,"key":"Cursed Concoction"},{"floor":15,"key":"Elixir"},{"floor":20,"key":"sneckomod:MuddlingPotion"},{"floor":25,"key":"construct:ShiftPotion"},{"floor":32,"key":"PowerPotion"},{"floor":33,"key":"Regen Potion"},{"floor":40,"key":"construct:ShiftPotion"},{"floor":43,"key":"Adrenaline Potion"}],"is_trial":false,"path_per_floor":["R","M","?","$","M","R","T","?","R","T","E","?","T","M","M","B",null,"R","M","M","$","?","R","T","M","M","M","R","M","R","$","M","B",null,"R","M","$","T","T","M","T","R","M","M","M"],"character_chosen":"THE_CHAMP","items_purchased":["champ:ShieldWall","champ:FlashCut","Blind","Membership Card","Gremlin Food","champ:Circumvent","champ:IronFortress","Orrery","champ:RisingSlash+1","expansioncontent:AwakenDeath"],"campfire_rested":1,"item_purchase_floors":[4,4,4,21,21,21,31,37,37,37],"current_hp_per_floor":[90,90,90,90,90,90,90,90,90,90,78,78,78,78,73,65,90,90,89,89,90,90,90,90,89,88,87,87,79,79,87,85,58,90,90,87,89,89,89,63,63,90,23,9,0,0,0],"gold":124,"neow_bonus":"THREE_ENEMY_KILL","is_daily":false,"chose_seed":false,"campfire_upgraded":5,"win_rate":0.0,"timestamp":1609265608,"path_taken":["R","M","?","$","M","R","T","?","R","?","E","?","?","M","M","BOSS","R","M","M","$","?","R","T","M","M","M","R","M","R","?","M","BOSS","R","M","$","?","?","M","T","R","M","?","M"],"items_purchased_type":["Card","Card","Card","Relic","Relic","Card","Card","Relic","Card","Card"],"build_version":"2020-12-22","purchased_purges":1,"victory":false,"max_hp_per_floor":[90,90,90,90,90,90,90,90,90,90,90,90,90,90,90,90,90,90,90,90,90,90,90,90,90,90,90,90,90,90,90,90,90,90,90,90,90,90,90,90,90,90,90,90,90,90,90],"card_choices":[{"not_picked":["champ:IronFortress","champ:DefensiveStyle"],"picked":"champ:Duel","floor":2},{"not_picked":["champ:RageSigil","champ:RapidStrikes"],"picked":"champ:Backstep","floor":4},{"not_picked":["champ:GutPunch","champ:ShieldSigil"],"picked":"champ:FlashCut","floor":5},{"not_picked":["champ:GutPunch","champ:BladeFlurry"],"picked":"champ:RageSigil","floor":11},{"not_picked":["champ:StanceDance","champ:ShieldSigil"],"picked":"champ:BringItOn","floor":14},{"not_picked":["champ:BladeFlurry","champ:GladiatorsShout"],"picked":"champ:FanOfKnives","floor":15},{"not_picked":["champ:CrownThrow","champ:Devastate"],"picked":"champ:Improvising","floor":16},{"not_picked":["champ:ShieldSigil","champ:Circumvent"],"picked":"champ:CrookedStrike+1","floor":19},{"not_picked":["champ:BladeFlurry+1","champ:FocusedDefense"],"picked":"champ:EnGarde","floor":20},{"not_picked":["champ:Backstep","champ:CrookedStrike+1"],"picked":"champ:SkillfulDodge","floor":21},{"not_picked":["champ:Control","champ:BerserkersShout"],"picked":"champ:ShieldSigil+1","floor":25},{"not_picked":["champ:GutPunch+1","champ:EnragedBash+1"],"picked":"champ:Backstep+1","floor":26},{"not_picked":["champ:FlashCut+1","champ:BladeFlurry+1"],"picked":"champ:StrikeOfGenius","floor":27},{"not_picked":["champ:Lariat+1","champ:FlashCut+1"],"picked":"champ:ShieldWall","floor":29},{"not_picked":["champ:Lariat","champ:BerserkersShout"],"picked":"champ:IronFortress","floor":31},{"not_picked":["champ:PerfectedStrike+1","champ:TornadoPunch+1"],"picked":"champ:PerfectForm","floor":32},{"not_picked":["champ:HeavySlash+1","champ:DancingMaster"],"picked":"champ:Improvising","floor":33},{"not_picked":["champ:BerserkersShout","champ:DefensiveShout"],"picked":"champ:ShieldWall","floor":36},{"not_picked":["champ:RageSigil","champ:Circumvent"],"picked":"champ:BladeFlurry+1","floor":37},{"not_picked":["champ:StanceDance","champ:BringItOn+1"],"picked":"champ:CalledShot","floor":37},{"not_picked":["champ:FocusedGladiator+1","champ:BladeFlurry+1"],"picked":"champ:DefensiveShout","floor":37},{"not_picked":["champ:Aggression+1","champ:DefensiveShout"],"picked":"champ:Haymaker+1","floor":37},{"not_picked":["champ:ShieldThrow+1","champ:Backstep+1"],"picked":"champ:FocusedDefense","floor":37},{"not_picked":["champ:Haymaker+1","champ:Balance+1"],"picked":"champ:DefensiveShout+1","floor":37},{"not_picked":["champ:FocusedBerserking","champ:CrookedStrike+1"],"picked":"champ:SkillfulDodge+1","floor":40},{"not_picked":["champ:Backstep+1","champ:DefensiveShout+1"],"picked":"champ:GladiatorsShout+1","floor":43},{"not_picked":["champ:FanOfKnives+1","champ:Backstep+1"],"picked":"champ:DefensiveStyle+1","floor":44}],"player_experience":115864,"relics_obtained":[{"floor":7,"key":"Grinning Jar"},{"floor":10,"key":"Centennial Puzzle"},{"floor":11,"key":"Mummified Hand"},{"floor":13,"key":"MealTicket"},{"floor":17,"key":"ReplayTheSpireMod:Lightbulb"},{"floor":17,"key":"Molten Egg 2"},{"floor":17,"key":"Torii"},{"floor":18,"key":"Happy Flower"},{"floor":24,"key":"champ:FightingForDummies"},{"floor":38,"key":"Blue Doll"},{"floor":39,"key":"Quantum Egg"},{"floor":41,"key":"Toxic Egg 2"}],"event_choices":[{"damage_healed":0,"gold_gain":0,"cards_transformed":["champ:Strike"],"player_choice":"Transformed","damage_taken":0,"max_hp_gain":0,"max_hp_loss":0,"event_name":"Transmorgrifier","floor":22,"gold_loss":0,"cards_obtained":["champ:TornadoPunch"]}],"is_beta":false,"boss_relics":[{"not_picked":["Runesmith:UraniumAnvil","Replay:Bronze Core"],"picked":"Calling Bell"},{"not_picked":["Coffee Dripper","Runic Dome"],"picked":"SacredBark"}],"items_purged_floors":[31],"is_endless":false,"potions_floor_spawned":[11,15,20,25,32,33,40,43],"killed_by":"Jaw Worm Horde","ascension_level":0}}