{"host":"6pgtslebjnyv5xmi","time":1609223464,"event":{"mods":["AchievementEnabler","BaseMod","Colored Map","Minty Spire (QoL Compilation)","Rare Cards Sparkle","StSLib","SuperFastMode","everything is the same but u backflip on backflip"],"gold_per_floor":[111,111,286,236,125,125,150,150,150,150,193,211,227,240,240,240,240],"floor_reached":16,"playtime":529,"items_purged":["Defend_B"],"score":156,"play_id":"ace144ec-6f7d-4266-8078-e2fd66813711","local_time":"20201229153104","is_ascension_mode":true,"campfire_choices":[{"floor":15,"key":"REST"}],"circlet_count":0,"master_deck":["Strike_B","Strike_B","Defend_B","Defend_B","Defend_B","Zap+1","Dualcast+1","Sunder","Loop","Coolheaded"],"relics":["Cracked Core","NeowsBlessing","Golden Idol","White Beast Statue","Sundial"],"acts_visited":["Exordium"],"potions_floor_usage":[16,16,16],"damage_taken":[{"damage":0.0,"enemies":"2 Louse","floor":1.0,"turns":1.0},{"damage":0.0,"enemies":"Jaw Worm","floor":7.0,"turns":1.0},{"damage":0.0,"enemies":"3 Sentries","floor":11.0,"turns":1.0},{"damage":5,"enemies":"Small Slimes","floor":12,"turns":2},{"damage":4,"enemies":"Looter","floor":13,"turns":3},{"damage":12,"enemies":"Exordium Wildlife","floor":14,"turns":5},{"damage":38,"enemies":"Hexaghost","floor":16,"turns":11}],"seed_played":"6357685573976158618","potions_obtained":[{"floor":1.0,"key":"Explosive Potion"},{"floor":11.0,"key":"SteroidPotion"},{"floor":12,"key":"DuplicationPotion"},{"floor":13,"key":"BlessingOfTheForge"},{"floor":14,"key":"EssenceOfSteel"}],"is_trial":false,"path_per_floor":["M","?","?","?","$","?","M","?","T","?","E","M","M","M","R","B"],"character_chosen":"DEFECT","items_purchased":["Loop"],"campfire_rested":1,"item_purchase_floors":[5],"current_hp_per_floor":[75,68,68,68,68,50,50,50,50,35,35,30,26,14,36,0,0],"gold":240,"neow_bonus":"THREE_ENEMY_KILL","is_daily":false,"chose_seed":false,"campfire_upgraded":0,"win_rate":0.0,"timestamp":1609223464,"path_taken":["M","?","?","?","$","?","?","?","T","?","E","M","M","M","R","BOSS"],"items_purchased_type":["Card"],"build_version":"2020-12-22","purchased_purges":1,"victory":false,"max_hp_per_floor":[75,75,75,75,75,75,75,75,75,75,75,75,75,75,75,75,75],"card_choices":[{"not_picked":["Heatsinks","Hologram"],"picked":"Sunder","floor":1.0},{"not_picked":["Heatsinks","Genetic Algorithm","Sweeping Beam"],"picked":"SKIP","floor":7.0},{"not_picked":["Rip and Tear","Streamline","Scrape"],"picked":"SKIP","floor":11.0},{"not_picked":["Tempest","Go for the Eyes","Coolheaded"],"picked":"SKIP","floor":12},{"not_picked":["Coolheaded","Leap","Compile Driver"],"picked":"SKIP","floor":13},{"not_picked":["Reprogram","Aggregate","Darkness"],"picked":"SKIP","floor":14}],"player_experience":567306,"relics_obtained":[{"floor":9.0,"key":"White Beast Statue"},{"floor":11.0,"key":"Sundial"}],"event_choices":[{"cards_removed":["Strike_B"],"damage_healed":0.0,"max_hp_gain":0.0,"max_hp_loss":0.0,"gold_gain":0.0,"event_name":"Golden Wing","player_choice":"Card Removal","floor":2.0,"gold_loss":0.0,"damage_taken":7.0},{"damage_healed":0.0,"max_hp_gain":0.0,"max_hp_loss":0.0,"gold_gain":175.0,"event_name":"Liars Game","player_choice":"AGREE","floor":3.0,"gold_loss":0.0,"damage_taken":0.0,"cards_obtained":["Doubt"]},{"cards_removed":["Doubt"],"damage_healed":0.0,"max_hp_gain":0.0,"max_hp_loss":0.0,"gold_gain":0.0,"event_name":"The Cleric","player_choice":"Card Removal","floor":4.0,"gold_loss":50.0,"damage_taken":0.0},{"damage_healed":0.0,"max_hp_gain":0.0,"max_hp_loss":0.0,"gold_gain":0.0,"event_name":"Golden Idol","player_choice":"Take Damage","floor":6.0,"gold_loss":0.0,"damage_taken":18.0,"relics_obtained":["Golden Idol"]},{"damage_healed":0.0,"max_hp_gain":0.0,"max_hp_loss":0.0,"gold_gain":0.0,"cards_transformed":["Strike_B"],"event_name":"Living Wall","player_choice":"Change","floor":8.0,"gold_loss":0.0,"damage_taken":0.0,"cards_obtained":["Coolheaded"]},{"damage_healed":0.0,"max_hp_gain":0.0,"max_hp_loss":0.0,"gold_gain":0.0,"event_name":"Shining Light","player_choice":"Entered Light","floor":10.0,"gold_loss":0.0,"damage_taken":15.0,"cards_upgraded":["Dualcast","Zap"]}],"is_beta":false,"boss_relics":[],"items_purged_floors":[5],"is_endless":false,"potions_floor_spawned":[1,11,12,13,14],"killed_by":"Hexaghost","ascension_level":5}}