{"host":"daa8jqyg4gqfaysm","time":1609230624,"event":{"mods":["BaseMod","Colored Powertips","Minty Spire (QoL Compilation)","StSLib"],"gold_per_floor":[114,124,144,144,163,163,192,209,209,209,209,227,192,221,221,292,292,309,309,309],"floor_reached":19,"playtime":617,"items_purged":[],"score":358,"play_id":"a2554462-d71c-4539-85d5-b683d2047caa","local_time":"20201229163024","is_ascension_mode":true,"campfire_choices":[{"data":"Bash","floor":6,"key":"SMITH"},{"data":"Disarm","floor":11,"key":"SMITH"},{"data":"Immolate","floor":15,"key":"SMITH"}],"circlet_count":0,"master_deck":["AscendersBane","Strike_R","Strike_R","Strike_R","Strike_R","Strike_R","Defend_R","Defend_R","Defend_R","Defend_R","Bash+1","Cleave+1","Disarm+1","Clothesline","Sentinel","Iron Wave","Immolate+1","Offering","Feel No Pain"],"relics":["Burning Blood","MealTicket","Ice Cream","Vajra","Tiny Chest","Black Star"],"acts_visited":["Exordium","TheCity"],"potions_floor_usage":[8,12,14,16,16],"damage_taken":[{"damage":12,"enemies":"Cultist","floor":1,"turns":4},{"damage":3,"enemies":"2 Louse","floor":2,"turns":3},{"damage":8,"enemies":"Small Slimes","floor":3,"turns":4},{"damage":6,"enemies":"Looter","floor":5,"turns":4},{"damage":24,"enemies":"Gremlin Nob","floor":7,"turns":4},{"damage":24,"enemies":"Large Slime","floor":8,"turns":7},{"damage":4,"enemies":"2 Fungi Beasts","floor":12,"turns":3},{"damage":23,"enemies":"Lagavulin","floor":14,"turns":5},{"damage":19,"enemies":"Slime Boss","floor":16,"turns":8},{"damage":49,"enemies":"3 Byrds","floor":18,"turns":4},{"damage":19,"enemies":"Chosen","floor":19,"turns":3}],"seed_played":"2043977958245222259","potions_obtained":[{"floor":1,"key":"Weak Potion"},{"floor":4,"key":"SneckoOil"},{"floor":8,"key":"LiquidMemories"},{"floor":12,"key":"PowerPotion"},{"floor":14,"key":"HeartOfIron"}],"is_trial":false,"path_per_floor":["M","M","M","?","M","R","E","M","T","?","R","M","?","E","R","B",null,"M","M"],"character_chosen":"IRONCLAD","items_purchased":[],"campfire_rested":0,"item_purchase_floors":[],"current_hp_per_floor":[62,65,63,63,63,63,45,27,27,27,27,29,47,30,30,17,61,18,0,0],"gold":309,"neow_bonus":"RANDOM_COMMON_RELIC","is_daily":false,"chose_seed":false,"campfire_upgraded":3,"win_rate":0.0,"timestamp":1609230624,"path_taken":["M","M","?","?","M","R","E","?","T","?","R","M","?","E","R","BOSS","M","M"],"items_purchased_type":[],"build_version":"2020-12-22","purchased_purges":0,"victory":false,"max_hp_per_floor":[75,75,75,75,75,75,75,75,75,75,75,75,75,75,75,75,75,75,75,75],"card_choices":[{"not_picked":["Flame Barrier","Sword Boomerang"],"picked":"Cleave","floor":1},{"not_picked":["Clash","Wild Strike"],"picked":"Disarm","floor":2},{"not_picked":["Shrug It Off","True Grit"],"picked":"Clothesline","floor":3},{"not_picked":["Dual Wield","Rampage"],"picked":"Sentinel","floor":5},{"not_picked":["Perfected Strike","Clash"],"picked":"Iron Wave","floor":7},{"not_picked":["Warcry","Wild Strike","Flex"],"picked":"SKIP","floor":8},{"not_picked":["Iron Wave","Searing Blow","Dark Embrace"],"picked":"SKIP","floor":12},{"not_picked":["Disarm","Searing Blow"],"picked":"Immolate","floor":14},{"not_picked":["Limit Break","Impervious"],"picked":"Offering","floor":16},{"not_picked":["Wild Strike","Anger"],"picked":"Feel No Pain","floor":18}],"player_experience":751150,"relics_obtained":[{"floor":7,"key":"Ice Cream"},{"floor":9,"key":"Vajra"},{"floor":14,"key":"Tiny Chest"}],"event_choices":[{"damage_healed":0,"gold_gain":0,"player_choice":"Got Potions","damage_taken":0,"max_hp_gain":0,"max_hp_loss":0,"event_name":"Lab","floor":4,"gold_loss":0},{"damage_healed":0,"gold_gain":0,"player_choice":"Grow","damage_taken":0,"max_hp_gain":0,"max_hp_loss":0,"event_name":"Living Wall","floor":10,"gold_loss":0,"cards_upgraded":["Cleave"]},{"damage_healed":18,"gold_gain":0,"player_choice":"Healed","damage_taken":0,"max_hp_gain":0,"max_hp_loss":0,"event_name":"The Cleric","floor":13,"gold_loss":35}],"is_beta":false,"boss_relics":[{"not_picked":["Ectoplasm","SlaversCollar"],"picked":"Black Star"}],"items_purged_floors":[],"is_endless":false,"potions_floor_spawned":[1,8,12,14],"killed_by":"Chosen","ascension_level":20}}