{"host":"0fm1w3v00gid44jl","time":1609276788,"event":{"mods":["AchievementEnabler","BaseMod","Colored Map","Colored Powertips","Displayed Cursed Tome","Downfall","Googly Eyes","Highlight Path","Minty Spire (QoL Compilation)","Permanent Neow","Relic Stats","StSLib","SuperFastMode","slay the spire mod where everything is the same but ironclad has a cowboy hat"],"gold_per_floor":[99,114,289,300,20,51,51,71,10,41,65,95,95,121,138,138,138,138],"floor_reached":16,"playtime":636,"items_purged":["Doubt"],"score":166,"play_id":"afaf884a-3999-4d17-9dc4-4a9618ffbbff","local_time":"20201229151948","is_ascension_mode":true,"campfire_choices":[{"data":"champ:Taunt","floor":1,"key":"SMITH"},{"data":"champ:ArenaPreparation","floor":13,"key":"SMITH"}],"circlet_count":0,"master_deck":["champ:Strike","champ:Strike","champ:Strike","champ:Strike","champ:Defend","champ:Defend","champ:Defend","champ:Defend","champ:Execute","champ:Taunt+1","champ:TornadoPunch","champ:CalledShot","champ:ArenaPreparation+1","champ:DancingMaster","champ:SwordSigil","champ:FlashCut","champ:CalledShot","champ:StanceDance","champ:FanOfKnives","champ:RecklessLeap"],"relics":["Philosopher\u0027s Stone","Akabeko","Toy Ornithopter","HornCleat","Odd Mushroom","PreservedInsect","Ancient Tea Set","Happy Flower","The Courier"],"acts_visited":["Exordium"],"potions_floor_usage":[10],"damage_taken":[{"damage":5,"enemies":"Small Slimes","floor":2,"turns":2},{"damage":0,"enemies":"Jaw Worm","floor":4,"turns":3},{"damage":10,"enemies":"downfall:FleeingMerchant","floor":5,"turns":4},{"damage":44,"enemies":"Lagavulin","floor":6,"turns":5},{"damage":19,"enemies":"The Mushroom Lair","floor":8,"turns":4},{"damage":15,"enemies":"downfall:FleeingMerchant","floor":9,"turns":4},{"damage":10,"enemies":"Gremlin Nob","floor":10,"turns":3},{"damage":17,"enemies":"Lagavulin","floor":12,"turns":4},{"damage":18,"enemies":"3 Sentries","floor":14,"turns":3},{"damage":5,"enemies":"2 Louse","floor":15,"turns":1},{"damage":63,"enemies":"downfall:Silent","floor":16,"turns":4}],"seed_played":"4808564887097082418","potions_obtained":[{"floor":4,"key":"Explosive Potion"},{"floor":6,"key":"SteroidPotion"},{"floor":12,"key":"PowerPotion"},{"floor":14,"key":"LiquidBronze"}],"is_trial":false,"path_per_floor":["R","M","?","M","$","E","T","?","$","E","T","E","R","E","M","B"],"character_chosen":"THE_CHAMP","items_purchased":["Akabeko","champ:ArenaPreparation","champ:FlashCut"],"campfire_rested":0,"item_purchase_floors":[5,5,9],"current_hp_per_floor":[90,90,90,90,90,76,76,65,65,70,70,68,68,63,63,0,0,0],"gold":138,"neow_bonus":"BOSS_RELIC","is_daily":false,"chose_seed":false,"campfire_upgraded":2,"win_rate":0.0,"timestamp":1609276788,"path_taken":["R","M","?","M","$","E","T","?","$","E","?","E","R","E","M","BOSS"],"items_purchased_type":["Relic","Card","Card"],"build_version":"2020-12-22","purchased_purges":1,"victory":false,"max_hp_per_floor":[90,90,90,90,90,90,90,90,90,90,90,90,90,90,90,90,90,90],"relic_stats":{"Happy Flower":[2],"counters":[11,37],"PreservedInsect":60,"obtain_stats":[{"HornCleat":7,"Happy Flower":12,"champ:ChampionCrown":0,"Philosopher\u0027s Stone":0,"PreservedInsect":10,"The Courier":14,"Odd Mushroom":8,"Ancient Tea Set":11,"Akabeko":5,"Toy Ornithopter":6},{"HornCleat":4,"Happy Flower":8,"champ:ChampionCrown":0,"Philosopher\u0027s Stone":0,"PreservedInsect":7,"The Courier":9,"Odd Mushroom":5,"Ancient Tea Set":7,"Akabeko":3,"Toy Ornithopter":4},{"HornCleat":14,"Happy Flower":29,"champ:ChampionCrown":0,"Philosopher\u0027s Stone":0,"PreservedInsect":25,"The Courier":32,"Odd Mushroom":18,"Ancient Tea Set":25,"Akabeko":9,"Toy Ornithopter":14}],"Toy Ornithopter":5},"card_choices":[{"not_picked":["champ:BringItOn","champ:Balance"],"picked":"champ:TornadoPunch","floor":2},{"not_picked":["champ:BladeFlurry","champ:RageSigil","champ:GutPunch"],"picked":"SKIP","floor":4},{"not_picked":["champ:AdrenalArmor","champ:Backstep"],"picked":"champ:CalledShot","floor":5},{"not_picked":["champ:PerfectedStrike","champ:FlashCut"],"picked":"champ:DancingMaster","floor":6},{"not_picked":["champ:PerfectedStrike","champ:Riposte"],"picked":"champ:SwordSigil","floor":9},{"not_picked":["champ:Haymaker","champ:FanOfKnives"],"picked":"champ:CalledShot","floor":10},{"not_picked":["champ:PreciseThrust","champ:LastStand"],"picked":"champ:StanceDance","floor":12},{"not_picked":["champ:FocusedBerserking","champ:BringItOn"],"picked":"champ:FanOfKnives","floor":14},{"not_picked":["champ:AdrenalArmor","champ:ViciousMockery"],"picked":"champ:RecklessLeap","floor":15}],"player_experience":1460187,"relics_obtained":[{"floor":6,"key":"Toy Ornithopter"},{"floor":7,"key":"HornCleat"},{"floor":8,"key":"Odd Mushroom"},{"floor":10,"key":"PreservedInsect"},{"floor":11,"key":"Ancient Tea Set"},{"floor":12,"key":"Happy Flower"},{"floor":14,"key":"The Courier"}],"event_choices":[{"damage_healed":0,"gold_gain":0,"player_choice":"Fought Mushrooms","damage_taken":0,"max_hp_gain":0,"max_hp_loss":0,"event_name":"Mushrooms","floor":8,"gold_loss":0}],"is_beta":false,"boss_relics":[],"items_purged_floors":[5],"is_endless":false,"potions_floor_spawned":[4,6,12,14,15],"killed_by":"downfall:Silent","ascension_level":2}}