{"host":"b0l902yh1rk3g5bq","time":1609237744,"event":{"mods":["AchievementEnabler","Act Like it!","Aspiration","BaseMod","Better Match","Better Sensory Stone","Better Skull","Better Third Choice","BetterRewards","Challenge The Spire","Colored Map","Colored Powertips","Conspire","Downfall","Energized Spire","GifTheSpireLib","Halation","Hubris","Infinite Spire","Minty Spire (QoL Compilation)","Quick Restart","Rare Cards Sparkle","Replay The Spire","StSLib","Stuff the Spire","Trackpad","Virulent Crown","Wandering Minibosses","egg","everything is the same but u backflip on backflip","vexMod"],"gold_per_floor":[99,109,128,128,143,143,143,56,73,101,101,129,129,129,144,249,249,249,262,277,294,294,310,310,310,324,324,336,361,286,298,309,414,414,414,424,448,499,518,443,443,124,49,65,65,65,85,99,116,116],"floor_reached":51,"playtime":2727,"items_purged":["Guardian:Strike_Guardian","Guardian:FierceBash"],"score":758,"play_id":"f3f14d81-c2f7-41b6-aa07-b31a75f89cae","local_time":"20201229112904","is_ascension_mode":false,"campfire_choices":[{"data":"Guardian:TwinSlam","floor":1,"key":"SMITH"},{"data":"Guardian:DonusPower","floor":11,"key":"SMITH"},{"floor":13,"key":"REST"},{"data":"Guardian:WalkerClaw","floor":18,"key":"SMITH"},{"floor":27,"key":"REST"},{"data":"Guardian:PolyBeam","floor":30,"key":"SMITH"},{"data":"Guardian:SpikerProtocol","floor":35,"key":"SMITH"},{"floor":40,"key":"RECALL"},{"data":"Guardian:Orbwalk","floor":43,"key":"SMITH"},{"data":"Guardian:RevengeProtocol","floor":46,"key":"SMITH"}],"circlet_count":0,"master_deck":["Guardian:Strike_Guardian","Guardian:Strike_Guardian","Guardian:Defend_Guardian","Guardian:Defend_Guardian","Guardian:Defend_Guardian","Guardian:Defend_Guardian","Guardian:CurlUp","Guardian:WalkerClaw+1","Guardian:SpikerProtocol+1","Guardian:Orbwalk+1","Guardian:TwinSlam+1","Guardian:DonusPower+1","Guardian:PolyBeam+1","conspire:Banana+1","Guardian:RevengeProtocol+1","Guardian:PrismaticBarrier+1","Guardian:SpikerProtocol+1","Guardian:ChargeUp+1","Guardian:ExploitGems+1","Guardian:Orbwalk+1","Guardian:Orbwalk","Guardian:BronzeArmor+1"],"relics":["Guardian:ModeShifter","Pen Nib","ReplayTheSpireMod:TigerMarble","StuffTheSpire:Mouthbags","Toxic Egg 2","aspiration:RitualDagger","Matryoshka","Guardian:StasisSlotReductionRelic","StuffTheSpire:GrapeVine","Nloth\u0027s Gift","Blue Doll","downfall:HeartBlessingGreen","Torii","downfall:HeartBlessingBlue","conspire:Flyswatter","ClockworkSouvenir","downfall:HeartBlessingRed","Golden Egg","vexMod:BigBerry"],"acts_visited":["Exordium","TheCity","TheBeyond"],"potions_floor_usage":[50,50],"damage_taken":[{"damage":2,"enemies":"Jaw Worm","floor":2,"turns":3},{"damage":0,"enemies":"Small Slimes","floor":3,"turns":2},{"damage":6,"enemies":"Cultist","floor":5,"turns":4},{"damage":3,"enemies":"downfall:FleeingMerchant","floor":8,"turns":4},{"damage":9,"enemies":"Red Slaver","floor":9,"turns":2},{"damage":19,"enemies":"Lagavulin","floor":10,"turns":6},{"damage":14,"enemies":"Gremlin Nob","floor":12,"turns":3},{"damage":0,"enemies":"Blue Slaver","floor":15,"turns":2},{"damage":47,"enemies":"downfall:Defect","floor":16,"turns":7},{"damage":10,"enemies":"Shell Parasite","floor":19,"turns":2},{"damage":13,"enemies":"Spheric Guardian","floor":20,"turns":4},{"damage":17,"enemies":"Snecko","floor":21,"turns":5},{"damage":29,"enemies":"Chosen and Byrds","floor":23,"turns":7},{"damage":15,"enemies":"Centurion and Healer","floor":26,"turns":5},{"damage":11,"enemies":"Snecko","floor":28,"turns":3},{"damage":60,"enemies":"Gremlin Leader","floor":29,"turns":7},{"damage":9,"enemies":"Snake Plant","floor":31,"turns":3},{"damage":22,"enemies":"Shelled Parasite and Fungi","floor":32,"turns":4},{"damage":45,"enemies":"downfall:Ironclad","floor":33,"turns":7},{"damage":22,"enemies":"3 Shapes","floor":36,"turns":4},{"damage":36,"enemies":"2 Orb Walkers","floor":38,"turns":5},{"damage":16,"enemies":"3 Darklings","floor":39,"turns":5},{"damage":15,"enemies":"downfall:FleeingMerchant","floor":42,"turns":4},{"damage":29,"enemies":"Jaw Worm Horde","floor":44,"turns":4},{"damage":15,"enemies":"Maw","floor":47,"turns":5},{"damage":12,"enemies":"3 Darklings","floor":48,"turns":4},{"damage":15,"enemies":"Writhing Mass","floor":49,"turns":3},{"damage":15,"enemies":"downfall:Watcher","floor":50,"turns":5}],"seed_played":"757980484278300814","potions_obtained":[{"floor":5,"key":"champ:CounterPotion"},{"floor":9,"key":"Guardian:DefensiveModePotion"},{"floor":15,"key":"Guardian:BlockOnCardUsePotion"},{"floor":26,"key":"PowerPotion"},{"floor":29,"key":"CultistPotion"}],"is_trial":false,"path_per_floor":["R","M","M","?","M","?","T","$","M","E","R","E","R","?","M","B",null,"R","M","M","M","AVR","M","T","?","M","R","M","E","R","M","M","B",null,"R","M","T","?","M","R","T","$","R","M","AVR","R","M","M","M","B",null],"character_chosen":"GUARDIAN","items_purchased":["Guardian:Orbwalk","Guardian:Orbwalk+1","ClockworkSouvenir","Guardian:Gem_Cyan"],"campfire_rested":2,"item_purchase_floors":[8,42,42,42],"current_hp_per_floor":[80,78,78,78,72,72,72,69,60,41,41,27,51,51,53,8,84,84,76,65,50,50,23,23,23,10,38,29,92,92,93,83,69,104,104,97,97,83,87,97,97,95,95,82,112,112,135,144,145,160],"gold":116,"neow_bonus":"RANDOM_COMMON_RELIC","is_daily":false,"chose_seed":false,"campfire_upgraded":7,"win_rate":0.0,"timestamp":1609237744,"path_taken":["R","M","M","?","M","?","T","$","M","E","R","E","R","?","M","BOSS","R","M","M","M","AVR","M","T","?","M","R","?","E","R","M","M","BOSS","R","M","?","?","M","R","T","$","R","M","AVR","R","M","M","M","BOSS"],"items_purchased_type":["Card","Card","Relic","Card"],"build_version":"2020-12-22","purchased_purges":2,"victory":true,"max_hp_per_floor":[80,80,80,80,80,80,80,80,80,80,80,80,80,80,82,84,84,84,86,88,90,90,92,92,92,94,94,96,98,98,100,102,104,104,104,106,106,108,110,120,120,122,122,124,154,154,156,158,158,160],"card_choices":[{"not_picked":["Guardian:ShieldSpikes","Guardian:VentSteam"],"picked":"Guardian:WalkerClaw","floor":2},{"not_picked":["Guardian:Preprogram","Guardian:Suspension","Guardian:ShieldCharger"],"picked":"SKIP","floor":3},{"not_picked":["Guardian:Harden","Guardian:ChargeCore"],"picked":"Guardian:SpikerProtocol","floor":5},{"not_picked":["Guardian:TemporalStrike","Guardian:Reroute","Guardian:Gem_Lightblue"],"picked":"SKIP","floor":8},{"not_picked":["Guardian:Gem_Red","Guardian:PrimingBeam","Guardian:MultiBeam"],"picked":"SKIP","floor":9},{"not_picked":["Guardian:RefractedBeam","Guardian:Orbwalk"],"picked":"Guardian:DonusPower","floor":10},{"not_picked":["Guardian:Preprogram+1","Guardian:TimeCapacitor"],"picked":"Guardian:PolyBeam","floor":12},{"not_picked":["vexMod:EmailVexCard","expansioncontent:HyperBeam"],"picked":"conspire:Banana+1","floor":14},{"not_picked":["Guardian:Gem_Lightblue","Guardian:Recover+1","Guardian:Incinerate"],"picked":"SKIP","floor":15},{"not_picked":["Guardian:HyperBeam_Guardian","Guardian:TimeSifter"],"picked":"Guardian:RevengeProtocol","floor":16},{"not_picked":["Guardian:TimeCapacitor+1","Guardian:Gem_Crimson"],"picked":"Guardian:Gem_Blue","floor":19},{"not_picked":["Guardian:Suspension+1","Guardian:RollAttack"],"picked":"Guardian:PrismaticBarrier+1","floor":20},{"not_picked":["Guardian:BronzeOrb+1","Guardian:Incinerate"],"picked":"Guardian:Gem_Purple","floor":21},{"not_picked":["Guardian:GuardianWhirl+1","Guardian:PrismaticBeam","Guardian:Suspension+1"],"picked":"SKIP","floor":23},{"not_picked":["Guardian:PolyBeam","Guardian:Suspension+1","Guardian:SentryBeam"],"picked":"SKIP","floor":26},{"not_picked":["Guardian:PiercingHide+1","Guardian:Suspension+1"],"picked":"Guardian:SpikerProtocol+1","floor":28},{"not_picked":["Guardian:TemporalStrike","Guardian:Gem_Fragmented"],"picked":"Guardian:Gem_Orange","floor":29},{"not_picked":["Guardian:ShieldSpikes+1","Guardian:Gem_Lightblue"],"picked":"Guardian:ChargeUp+1","floor":31},{"not_picked":["Guardian:StasisStrike","Guardian:PrismaticBeam"],"picked":"Guardian:Gem_Purple","floor":32},{"not_picked":["Guardian:RevengeProtocol","Guardian:FastForward+1"],"picked":"Guardian:ExploitGems+1","floor":33},{"not_picked":["Guardian:VentSteam+1","Guardian:PiercingHide+1"],"picked":"Guardian:Gem_Cyan","floor":36},{"not_picked":["Guardian:Recover+1","Guardian:RollAttack+1","Guardian:TemporalStrike+1"],"picked":"SKIP","floor":39},{"not_picked":["Guardian:Gem_Red","Guardian:PrimingBeam"],"picked":"Guardian:FierceBash","floor":42},{"not_picked":["Guardian:ChargeCore","Guardian:WalkerClaw+1"],"picked":"Guardian:Gem_Orange","floor":44},{"not_picked":["Guardian:SpikerProtocol+1","Guardian:Suspension+1"],"picked":"Guardian:Orbwalk","floor":47},{"not_picked":["Guardian:Incinerate+1","Guardian:Gem_Cyan"],"picked":"Guardian:BronzeArmor+1","floor":48},{"not_picked":["Guardian:RefractedBeam","Guardian:PrimingBeam","Guardian:Gem_Purple"],"picked":"SKIP","floor":49}],"player_experience":606869,"relics_obtained":[{"floor":7,"key":"ReplayTheSpireMod:TigerMarble"},{"floor":10,"key":"StuffTheSpire:Mouthbags"},{"floor":12,"key":"Toxic Egg 2"},{"floor":24,"key":"StuffTheSpire:GrapeVine"},{"floor":24,"key":"Ancient Tea Set"},{"floor":29,"key":"Blue Doll"},{"floor":38,"key":"Torii"},{"floor":41,"key":"conspire:Flyswatter"}],"event_choices":[{"damage_healed":0,"gold_gain":0,"player_choice":"Leave","damage_taken":0,"max_hp_gain":0,"max_hp_loss":0,"event_name":"conspire:Investor","floor":6,"gold_loss":0},{"damage_healed":0,"gold_gain":1,"player_choice":"1","damage_taken":0,"max_hp_gain":0,"max_hp_loss":0,"event_name":"betterStone:BetterStone","floor":14,"gold_loss":0},{"damage_healed":0,"gold_gain":0,"player_choice":"Fight","damage_taken":0,"max_hp_gain":0,"max_hp_loss":0,"event_name":"Mysterious Sphere","floor":38,"gold_loss":0}],"is_beta":false,"boss_relics":[{"not_picked":["halation:LoveArrow","Busted Crown"],"picked":"aspiration:RitualDagger"},{"not_picked":["aspiration:SecretTechniqueScroll","halation:SmartPhone","energizedSpire:DeadBattery"]}],"items_purged_floors":[22,42],"is_endless":false,"potions_floor_spawned":[5,9,15,16,26,29,31,32,33,38,44,48],"ascension_level":0}}