{"host":"xjyie0ctswsml60g","time":1609202239,"event":{"mods":["AchievementEnabler","BaseMod","Colored Map","Minty Spire (QoL Compilation)","Quick Restart","SuperFastMode"],"gold_per_floor":[115,5,20,20,39,39,52,89,89,9,35,61,85,110,110,214,214,235,107,132,57,71,71,71,93,116,135,162,162,162],"floor_reached":29,"playtime":1373,"items_purged":["Normality","Strike_P"],"score":278,"play_id":"da5836e1-5037-44c1-9614-5b24840a5dc0","local_time":"20201229023719","is_ascension_mode":false,"campfire_choices":[{"data":"Apotheosis","floor":6.0,"key":"SMITH"},{"floor":15.0,"key":"RECALL"},{"data":"Alpha","floor":24.0,"key":"SMITH"}],"circlet_count":0,"master_deck":["Strike_P","Strike_P","Defend_P","Defend_P","Defend_P","Defend_P","Eruption","Vigilance","Apotheosis+1","PathToVictory","ReachHeaven","Worship","Protect","Study","PathToVictory","TalkToTheHand","Swivel","Fasting2","Alpha+1","CutThroughFate+1","Study","WaveOfTheHand+1","ThirdEye","Consecrate+1"],"relics":["HolyWater","CeramicFish","Bag of Marbles","Damaru"],"acts_visited":["Exordium","TheCity"],"potions_floor_usage":[],"damage_taken":[{"damage":0.0,"enemies":"Jaw Worm","floor":1.0,"turns":3.0},{"damage":0.0,"enemies":"Cultist","floor":3.0,"turns":2.0},{"damage":0.0,"enemies":"2 Louse","floor":5.0,"turns":1.0},{"damage":0.0,"enemies":"Looter","floor":7.0,"turns":3.0},{"damage":0.0,"enemies":"Lagavulin","floor":8.0,"turns":3.0},{"damage":0.0,"enemies":"Blue Slaver","floor":11.0,"turns":3.0},{"damage":0.0,"enemies":"Large Slime","floor":12.0,"turns":3.0},{"damage":0.0,"enemies":"3 Louse","floor":13.0,"turns":2.0},{"damage":0.0,"enemies":"Blue Slaver","floor":14.0,"turns":3.0},{"damage":50.0,"enemies":"Hexaghost","floor":16.0,"turns":8.0},{"damage":0.0,"enemies":"Spheric Guardian","floor":18.0,"turns":2.0},{"damage":18.0,"enemies":"Chosen","floor":20.0,"turns":6.0},{"damage":15.0,"enemies":"Snake Plant","floor":22.0,"turns":5.0},{"damage":0.0,"enemies":"Book of Stabbing","floor":23.0,"turns":1.0},{"damage":23.0,"enemies":"Shelled Parasite and Fungi","floor":25.0,"turns":4.0},{"damage":7.0,"enemies":"Snecko","floor":27.0,"turns":4.0},{"damage":0.0,"enemies":"Centurion and Healer","floor":28.0,"turns":2.0},{"damage":12,"enemies":"Colosseum Slavers","floor":29,"turns":1}],"seed_played":"7099711272838664730","potions_obtained":[{"floor":1.0,"key":"Block Potion"},{"floor":3.0,"key":"Block Potion"},{"floor":5.0,"key":"FearPotion"},{"floor":8.0,"key":"Ancient Potion"},{"floor":11.0,"key":"LiquidMemories"},{"floor":22.0,"key":"SmokeBomb"},{"floor":25.0,"key":"SneckoOil"}],"is_trial":false,"path_per_floor":["M","$","M","?","M","R","M","E","T","$","M","M","M","M","R","B",null,"M","$","M","?","M","E","R","M","T","M","M","?"],"character_chosen":"WATCHER","items_purchased":["ReachHeaven","Study","PathToVictory","Study"],"campfire_rested":0,"item_purchase_floors":[2,10,10,19],"current_hp_per_floor":[72,72,72,72,72,72,72,72,72,72,72,72,72,72,72,22,72,72,72,54,54,39,39,39,16,16,9,9,0,0],"gold":162,"neow_bonus":"RANDOM_COLORLESS_2","is_daily":false,"chose_seed":false,"campfire_upgraded":2,"win_rate":0.0,"timestamp":1609202239,"path_taken":["M","$","M","?","M","R","M","E","T","?","M","?","M","M","R","BOSS","M","$","M","?","M","E","R","M","T","M","M","?"],"items_purchased_type":["Card","Card","Card","Card"],"build_version":"2020-12-22","purchased_purges":2,"victory":false,"max_hp_per_floor":[72,72,72,72,72,72,72,72,72,72,72,72,72,72,72,72,72,72,72,72,72,72,72,72,72,72,72,72,72,72],"card_choices":[{"not_picked":["Thinking Ahead","Mayhem"],"picked":"Apotheosis","floor":0.0},{"not_picked":["Prostrate","Crescendo"],"picked":"PathToVictory","floor":1.0},{"not_picked":["MentalFortress","Halt","Indignation"],"picked":"SKIP","floor":3.0},{"not_picked":["SignatureMove","Protect"],"picked":"Worship","floor":5.0},{"not_picked":["FlyingSleeves","WheelKick","Halt"],"picked":"SKIP","floor":7.0},{"not_picked":["ClearTheMind","Consecrate"],"picked":"Protect","floor":8.0},{"not_picked":["Perseverance","Collect"],"picked":"TalkToTheHand","floor":11.0},{"not_picked":["BowlingBash","ReachHeaven"],"picked":"Swivel","floor":12.0},{"not_picked":["FlyingSleeves","Wireheading"],"picked":"Fasting2","floor":13.0},{"not_picked":["EmptyBody","EmptyFist"],"picked":"Alpha","floor":14.0},{"not_picked":["FlyingSleeves","FearNoEvil"],"picked":"CutThroughFate+1","floor":18.0},{"not_picked":["SashWhip","Sanctity"],"picked":"WaveOfTheHand+1","floor":20.0},{"not_picked":["EmptyFist+1","Protect+1","WheelKick"],"picked":"SKIP","floor":22.0},{"not_picked":["Nirvana","Consecrate"],"picked":"ThirdEye","floor":25.0},{"not_picked":["Crescendo","EmptyBody","Halt"],"picked":"SKIP","floor":27.0},{"not_picked":["EmptyBody","Vengeance"],"picked":"Consecrate+1","floor":28.0}],"player_experience":456834,"relics_obtained":[{"floor":8.0,"key":"CeramicFish"},{"floor":9.0,"key":"Bag of Marbles"},{"floor":26.0,"key":"Damaru"}],"event_choices":[{"damage_healed":0.0,"max_hp_gain":0.0,"max_hp_loss":0.0,"gold_gain":0.0,"event_name":"Transmorgrifier","player_choice":"Ignored","floor":4.0,"gold_loss":0.0,"damage_taken":0.0},{"cards_removed":["Strike_P"],"damage_healed":0.0,"max_hp_gain":0.0,"max_hp_loss":0.0,"gold_gain":0.0,"event_name":"Beggar","player_choice":"Gave Gold","floor":21.0,"gold_loss":75.0,"damage_taken":0.0},{"damage_healed":0,"gold_gain":0,"player_choice":"Fight","damage_taken":0,"max_hp_gain":0,"max_hp_loss":0,"event_name":"Colosseum","floor":29,"gold_loss":0}],"is_beta":false,"boss_relics":[{"not_picked":["Cursed Key","Snecko Eye"],"picked":"HolyWater"}],"items_purged_floors":[2,19],"is_endless":false,"potions_floor_spawned":[1,3,5,8,11,22,23,25],"killed_by":"Colosseum Slavers","ascension_level":0}}