{"host":"yvxwvf4t2vu8n8lg","time":1609245112,"event":{"mods":["BaseMod","Downfall","Hermit","Marisa£®ÏF”Í°°ƒß¿Ì…≥£©","Minty Spire (QoL Compilation)","Prisma Mod","Reimu£®≤©¿ˆ¡È√Œ£©","Remilia£®¿Ÿ√◊¿Ú—«£©","Replay The Spire","StSLib","The Alterego","The Cursed","The Servant 0.9.4","WarShipGirlsR/’ΩΩ¢…Ÿ≈ÆR mod","Yakumo Yukari mod","Youmu£®ªÍ∆«—˝√Œ£©","Yuyuko"],"gold_per_floor":[117,117,67,67,83,114,114,127,127,143,143,163,182,201,201,300,300,314,333,333,346,182,182,217,217,217,232,232,232],"floor_reached":28,"playtime":932,"items_purged":["Strike_R"],"score":267,"play_id":"f2dcbceb-e646-4f6f-8351-42a15bd72f61","local_time":"20201229203152","is_ascension_mode":false,"campfire_choices":[{"data":"Dual Wield","floor":7,"key":"SMITH"},{"data":"Flex","floor":11,"key":"SMITH"},{"data":"ReplayTheSpireMod:Muscle Training","floor":15,"key":"SMITH"},{"data":"Spot Weakness","floor":23,"key":"SMITH"},{"floor":25,"key":"REST"}],"circlet_count":0,"master_deck":["Strike_R","Strike_R","Strike_R","Strike_R","Defend_R","Defend_R","Defend_R","Defend_R","Run Through","ReplayTheSpireMod:LeadingStrike","Cleave","Dual Wield+1","Armaments","Blood for Blood","Replay:Undeath\u0027s Touch","ReplayTheSpireMod:Muscle Training+1","Flex+1","Thunderclap","Second Wind","Seeing Red","Blood for Blood","Offering","Pommel Strike","ReplayTheSpireMod:Muscle Training+1","Flex","Spot Weakness+1","Flex","Heavy Blade"],"relics":["Burning Blood","NeowsBlessing","Replay:Bottled Snecko","Mercury Hourglass","Sozu","Girya","Counterbalance"],"acts_visited":["Exordium","TheCity"],"potions_floor_usage":[12,16,16,24],"damage_taken":[{"damage":0,"enemies":"Cultist","floor":1,"turns":1},{"damage":0,"enemies":"Small Slimes","floor":5,"turns":1},{"damage":0,"enemies":"Lagavulin","floor":6,"turns":1},{"damage":10,"enemies":"Jaw Worm","floor":8,"turns":4},{"damage":6,"enemies":"Looter","floor":10,"turns":4},{"damage":5,"enemies":"Exordium Thugs","floor":12,"turns":3},{"damage":3,"enemies":"Large Slime","floor":13,"turns":4},{"damage":16,"enemies":"Exordium Wildlife","floor":14,"turns":4},{"damage":65,"enemies":"Hexaghost","floor":16,"turns":7},{"damage":23,"enemies":"Spheric Guardian","floor":18,"turns":4},{"damage":11,"enemies":"3 Byrds","floor":19,"turns":3},{"damage":28,"enemies":"Snake Plant","floor":21,"turns":2},{"damage":33,"enemies":"Book of Stabbing","floor":24,"turns":3},{"damage":28,"enemies":"Centurion and Healer","floor":27,"turns":6},{"damage":17,"enemies":"Shelled Parasite and Fungi","floor":28,"turns":1}],"seed_played":"7365658002219804538","potions_obtained":[{"floor":1,"key":"Energy Potion"},{"floor":8,"key":"Dexterity Potion"},{"floor":14,"key":"Strength Potion"},{"floor":16,"key":"Elixir"}],"is_trial":false,"path_per_floor":["M","?","?","?","M","E","R","M","T","M","R","M","M","M","R","B",null,"M","M","?","M","$","R","E","R","T","M","M"],"character_chosen":"IRONCLAD","items_purchased":["Flex","Spot Weakness"],"campfire_rested":1,"item_purchase_floors":[22,22],"current_hp_per_floor":[80,80,80,85,85,85,85,81,81,81,81,82,85,75,75,16,85,68,63,63,41,41,41,14,39,39,17,0,0],"gold":232,"neow_bonus":"THREE_ENEMY_KILL","is_daily":false,"chose_seed":false,"campfire_upgraded":4,"win_rate":0.0,"timestamp":1609245112,"path_taken":["M","?","?","?","M","E","R","?","T","M","R","M","M","M","R","BOSS","M","M","?","M","?","R","E","R","T","M","M"],"items_purchased_type":["Card","Card"],"build_version":"2020-12-22","purchased_purges":1,"victory":false,"max_hp_per_floor":[80,80,80,85,85,85,85,85,85,85,85,85,85,85,85,85,85,85,85,85,85,85,85,85,85,85,85,85,85],"card_choices":[{"not_picked":["Defy Death","Perfected Strike"],"picked":"Run Through","floor":1},{"not_picked":["Headbutt","Body Slam"],"picked":"Replay:Undeath\u0027s Touch","floor":5},{"not_picked":["Spot Weakness","Ghostly Armor"],"picked":"ReplayTheSpireMod:Muscle Training","floor":6},{"not_picked":["Bloodletting","Iron Wave"],"picked":"Flex","floor":8},{"not_picked":["Shrug It Off","ReplayReversal"],"picked":"Thunderclap","floor":10},{"not_picked":["Clash","Defy Death"],"picked":"Second Wind","floor":12},{"not_picked":["ReplayTheSpireMod:Strike From Hell","Cleave"],"picked":"Seeing Red","floor":13},{"not_picked":["Anger","Dark Embrace"],"picked":"Blood for Blood","floor":14},{"not_picked":["Impervious","Juggernaut"],"picked":"Offering","floor":16},{"not_picked":["Fire Breathing+1","Replay:Undeath\u0027s Touch","Power Through"],"picked":"SKIP","floor":18},{"not_picked":["Headbutt","ReplayTheSpireMod:Strike From Hell"],"picked":"Pommel Strike","floor":19},{"not_picked":["Shrug It Off","Iron Wave","Cleave"],"picked":"SKIP","floor":21},{"not_picked":["Defy Death+1","Reckless Charge"],"picked":"Flex","floor":24},{"not_picked":["Flame Barrier+1","Thunderclap+1"],"picked":"Heavy Blade","floor":27}],"player_experience":2034,"relics_obtained":[{"floor":6,"key":"Replay:Bottled Snecko"},{"floor":9,"key":"Mercury Hourglass"},{"floor":24,"key":"Girya"},{"floor":26,"key":"Counterbalance"}],"event_choices":[{"cards_removed":["Bash"],"damage_healed":0,"gold_gain":0,"player_choice":"Card Removal","damage_taken":0,"max_hp_gain":0,"max_hp_loss":0,"event_name":"The Cleric","floor":3,"gold_loss":50},{"damage_healed":0,"gold_gain":0,"player_choice":"Donut","damage_taken":0,"max_hp_gain":5,"max_hp_loss":0,"event_name":"Big Fish","floor":4,"gold_loss":0},{"damage_healed":0,"gold_gain":0,"player_choice":"Copied","damage_taken":0,"max_hp_gain":0,"max_hp_loss":0,"event_name":"Duplicator","floor":20,"gold_loss":0,"cards_obtained":["ReplayTheSpireMod:Muscle Training"]}],"is_beta":false,"boss_relics":[{"not_picked":["Ectoplasm","SacredBark"],"picked":"Sozu"}],"items_purged_floors":[22],"is_endless":false,"potions_floor_spawned":[1,8,14,16,18,27],"killed_by":"Shelled Parasite and Fungi","ascension_level":0}}