{"host":"A Jargain","time":1609217956,"event":{"mods":["Act Like it!","Aspiration","BaseMod","Downfall","Halation","Hubris","Infinite Spire","Marisa????????","Minty Spire (QoL Compilation)","Replay The Spire","StSLib","The Servant 0.9.4","Waifu the Spire"],"gold_per_floor":[361,377,347,359,103,129,129,129,129,129,129,129,129,148,148,180,180,283,283,303,303,142,158,158,28,62,62,62,62,62,79,79,40,40,143,143,163,163,178,189,208,208,227,227,227,227,227,227,227,245,36,52,52,52],"floor_reached":55,"playtime":3274,"items_purged":[],"score":810,"play_id":"0899d700-593a-4ab1-ba25-25dc1ad0c6fc","local_time":"20201229155916","is_ascension_mode":true,"campfire_choices":[{"floor":7,"key":"REST"},{"floor":17,"key":"REST"},{"data":"hubris:InfiniteBlow+1","floor":27,"key":"SMITH"},{"data":"hubris:InfiniteBlow+3","floor":30,"key":"SMITH"},{"data":"hubris:InfiniteBlow+4","floor":32,"key":"SMITH"},{"floor":34,"key":"REST"},{"floor":42,"key":"REST"},{"data":"hubris:InfiniteBlow+5","floor":48,"key":"SMITH"},{"floor":53,"key":"REST"}],"circlet_count":0,"master_deck":["Strike_S","Strike_S","Strike_S","Strike_S","Defend_S","Defend_S","Defend_S","Defend_S+1","KidneyShot","Exchange+1","Slimebound:Tackle","Strike_B","ShatteredReality","TimeWarp","Starlight","Defy","Duplication+1","Spin","Unruled+1","Spin+1","Luminosity+1","DoubleEdge+1","hubris:InfiniteBlow+6","Defy+1","SilverBlades+1","SpecialFormula","Replace","BottledTime+1","BottledTime+1","ForgedInTime+1","Defy+1","ShiftingGears","LightFlow+1","SpecialFormula+1","Unruled","DoubleEdge+1","Bandage Up+1","SurpressingFire+1","ShiftingGears+1"],"relics":["Uniform","Golden Egg","War Paint","infinitespire:Satchel","ReplayTheSpireMod:Shallot","hubris:GrandSneckoEye","aspiration:StickyExplosives_weak","Honey Jar","Lizard Tail","Broom","halation:AfternoonTea","MysterySword","hubris:MysteriousPyramids","Replay:Accelerometer"],"acts_visited":["Exordium","TheCity","TheBeyond"],"potions_floor_usage":[4,6,6,6,6,16,16,16,26,54,54,54,54],"damage_taken":[{"damage":15,"enemies":"Jaw Worm","floor":1,"turns":3},{"damage":12,"enemies":"infinitespire:Voidling","floor":2,"turns":4},{"damage":0,"enemies":"2 Louse","floor":4,"turns":1},{"damage":13,"enemies":"Gremlin Nob","floor":6,"turns":3},{"damage":16,"enemies":"2 Fungi Beasts","floor":14,"turns":3},{"damage":1,"enemies":"3 Sentries","floor":16,"turns":5},{"damage":39,"enemies":"The Guardian","floor":18,"turns":18},{"damage":0,"enemies":"3 Byrds","floor":20,"turns":3},{"damage":0,"enemies":"Chosen","floor":23,"turns":2},{"damage":11,"enemies":"Gremlin Leader","floor":26,"turns":3},{"damage":14,"enemies":"Sentry and Sphere","floor":31,"turns":3},{"damage":12,"enemies":"Automaton","floor":35,"turns":6},{"damage":20,"enemies":"3 Darklings","floor":37,"turns":2},{"damage":2,"enemies":"Orb Walker","floor":39,"turns":2},{"damage":16,"enemies":"Sphere and 2 Shapes","floor":40,"turns":2},{"damage":40,"enemies":"Writhing Mass","floor":41,"turns":3},{"damage":31,"enemies":"Maw","floor":43,"turns":5},{"damage":0,"enemies":"3 Darklings","floor":50,"turns":2},{"damage":17,"enemies":"4 Shapes","floor":52,"turns":3},{"damage":11,"enemies":"Donu and Deca","floor":54,"turns":4}],"seed_played":"8437232332633868561","potions_obtained":[{"floor":1,"key":"LiquidMemories"},{"floor":3,"key":"Ancient Potion"},{"floor":3,"key":"Ancient Potion"},{"floor":4,"key":"AttackPotion"},{"floor":6,"key":"Fruit Juice"},{"floor":13,"key":"champ:CounterPotion"},{"floor":13,"key":"LiquidMemories"},{"floor":13,"key":"Ancient Potion"},{"floor":18,"key":"Adrenaline Potion"},{"floor":26,"key":"Toxic Potion"},{"floor":39,"key":"Dexterity Potion"},{"floor":50,"key":"BlessingOfTheForge"},{"floor":52,"key":"Adrenaline Potion"}],"is_trial":false,"path_per_floor":["M","M","?","M","$","E","R","?","PTL","PTL","T","?","?","M","?","E","R","B",null,"M","T","$","M","AVR","$","E","R","T","?","R","M","R","$","R","B",null,"M","?","M","M","M","R","M","?","PTL","PTL","T","R","?","M","$","M","R","B",null],"character_chosen":"THE_SERVANT","items_purchased":["Golden Egg","Unruled","Spin+1","Luminosity","Defy","SilverBlades","BottledTime","Bandage Up","SurpressingFire","Weak Potion"],"campfire_rested":5,"item_purchase_floors":[5,22,22,22,25,25,33,51,51,51],"current_hp_per_floor":[50,42,42,42,42,34,55,62,62,62,62,62,62,46,39,38,59,20,70,70,70,70,70,70,70,59,59,59,59,59,50,50,50,70,64,70,50,50,48,37,34,55,51,51,51,51,51,51,51,59,59,47,68,70],"gold":52,"neow_bonus":"TWO_FIFTY_GOLD","is_daily":false,"chose_seed":false,"campfire_upgraded":4,"win_rate":0.0,"timestamp":1609217956,"path_taken":["M","M","?","?","$","E","R","?","PTL","PTL","T","?","?","?","?","E","R","BOSS","M","?","$","M","AVR","?","E","R","T","?","R","?","R","?","R","BOSS","M","?","M","?","M","R","M","?","PTL","PTL","T","R","?","M","$","M","R","BOSS"],"items_purchased_type":["Relic","Card","Card","Card","Card","Card","Card","Card","Card","Potion"],"build_version":"2020-12-18","purchased_purges":0,"victory":true,"max_hp_per_floor":[65,65,65,65,65,70,70,70,70,70,70,70,70,70,70,70,70,70,70,70,70,70,70,70,70,70,70,70,70,70,70,70,70,70,70,70,70,70,70,70,70,70,70,70,70,70,70,70,70,70,70,70,70,70],"card_choices":[{"not_picked":["Potential","DoubleEdge"],"picked":"ShatteredReality","floor":1},{"not_picked":["ForgedInTime","Starlight"],"picked":"TimeWarp","floor":2},{"not_picked":["Unruled","FastForward"],"picked":"Starlight","floor":4},{"not_picked":["StarChef","DoubleEdge"],"picked":"Defy","floor":6},{"not_picked":["Contraction","Moondial","KillingDoll"],"picked":"SKIP","floor":14},{"not_picked":["FastForward","Unruled","Rewind"],"picked":"SKIP","floor":16},{"not_picked":["FloweringNight","TrueSight"],"picked":"Duplication","floor":18},{"not_picked":["DoubleEdge","FastForward"],"picked":"Spin","floor":20},{"not_picked":["Luminosity","Manipulate"],"picked":"DoubleEdge+1","floor":23},{"not_picked":["Moondial+1","Contraction","ShatteredReality"],"picked":"SpecialFormula","floor":26},{"not_picked":["FastForward","Potential+1","Deadline"],"picked":"Replace","floor":31},{"not_picked":["Dilation","TrueSight","FloweringNight"],"picked":"ForgedInTime","floor":35},{"not_picked":["BottledTime","Spin+1","Replace"],"picked":"Defy+1","floor":37},{"not_picked":["Potential+1","ShatteredReality","Replace"],"picked":"ShiftingGears","floor":39},{"not_picked":["TimeTheft","Unruled","Rewind"],"picked":"LightFlow","floor":40},{"not_picked":["Spin","RealityMarble+1","ShatteredReality"],"picked":"SpecialFormula+1","floor":41},{"not_picked":["Potential","TimeTheft","Revamp+1"],"picked":"Unruled","floor":43},{"not_picked":["Barrier+1","ReturningBlade+1","Spin"],"picked":"DoubleEdge+1","floor":50},{"not_picked":["ShatteredReality","Potential+1","Snipe"],"picked":"ShiftingGears+1","floor":52}],"player_experience":258657,"relics_obtained":[{"floor":6,"key":"War Paint"},{"floor":11,"key":"infinitespire:Satchel"},{"floor":16,"key":"ReplayTheSpireMod:Shallot"},{"floor":21,"key":"aspiration:StickyExplosives_weak"},{"floor":26,"key":"Broom"},{"floor":28,"key":"halation:AfternoonTea"},{"floor":38,"key":"hubris:MysteriousPyramids"},{"floor":47,"key":"Replay:Accelerometer"}],"event_choices":[{"damage_healed":0,"gold_gain":0,"player_choice":"Bought 2 Potions","damage_taken":0,"max_hp_gain":0,"max_hp_loss":0,"event_name":"The Woman in Blue","floor":3,"gold_loss":0},{"damage_healed":0,"gold_gain":0,"player_choice":"Got Potions","damage_taken":0,"max_hp_gain":0,"max_hp_loss":0,"event_name":"Lab","floor":13,"gold_loss":0},{"damage_healed":0,"gold_gain":0,"player_choice":"Damaged","damage_taken":7,"max_hp_gain":0,"max_hp_loss":0,"event_name":"Wheel of Change","floor":15,"gold_loss":0},{"damage_healed":0,"gold_gain":0,"player_choice":"Relic","damage_taken":0,"max_hp_gain":0,"max_hp_loss":0,"event_name":"Wheel of Change","floor":38,"gold_loss":0}],"is_beta":true,"boss_relics":[{"not_picked":["Velvet Choker","ChewingGum"],"picked":"hubris:GrandSneckoEye"},{"not_picked":["StoneMask","Replay:Wanted Poster"],"picked":"MysterySword"}],"items_purged_floors":[],"is_endless":false,"potions_floor_spawned":[1,4,6,18,26,39,50,52],"ascension_level":2}}