{"host":"i0avyit1s6jb1siw","time":1609280039,"event":{"mods":["BaseMod","DeckTracker","Dota2Spire","Highlight Path","Minty Spire (QoL Compilation)","Quick Restart","Replay The Spire","StSLib","SuperFastMode"],"gold_per_floor":[117,117,127,42,42,42,77,93,139,139,150,150,180,197,197,273,273,273,273],"floor_reached":18,"playtime":271,"items_purged":[],"score":390,"play_id":"7dcdcdd9-7fd7-41aa-9bdb-274f7cdf700d","local_time":"20201229231359","is_ascension_mode":true,"campfire_choices":[{"data":"Eruption","floor":6,"key":"SMITH"},{"data":"Adaptation","floor":12,"key":"SMITH"},{"data":"Adaptation","floor":15,"key":"SMITH"}],"circlet_count":0,"master_deck":["AscendersBane","Strike_P","Strike_P","Strike_P","Strike_P","Defend_P+1","Defend_P","Defend_P","Defend_P","Eruption+1","Vigilance","Wallop","Adaptation+1","WheelKick","Adaptation+1","Scrawl","InnerPeace"],"relics":["PureWater","NeowsBlessing","Dota2Spire:ArcaneBoots","Ancient Tea Set","Gremlin Food","Shuriken","Dota2Spire:RefresherOrb"],"acts_visited":["Exordium","TheCity"],"potions_floor_usage":[16,16],"damage_taken":[{"damage":0,"enemies":"Jaw Worm","floor":1,"turns":1},{"damage":0,"enemies":"Small Slimes","floor":3,"turns":1},{"damage":0,"enemies":"Lagavulin","floor":7,"turns":1},{"damage":1,"enemies":"2 Louse","floor":8,"turns":2},{"damage":1,"enemies":"Red Slaver","floor":11,"turns":4},{"damage":28,"enemies":"Gremlin Nob","floor":13,"turns":4},{"damage":0,"enemies":"Large Slime","floor":14,"turns":4},{"damage":18,"enemies":"Hexaghost","floor":16,"turns":8},{"damage":53,"enemies":"3 Byrds","floor":18,"turns":4}],"seed_played":"-2215957183449787246","potions_obtained":[{"floor":3,"key":"Strength Potion"},{"floor":8,"key":"SmokeBomb"},{"floor":10,"key":"StancePotion"}],"is_trial":false,"path_per_floor":["M","?","M","$","?","R","E","M","T","?","M","R","E","M","R","B",null,"M"],"character_chosen":"WATCHER","items_purchased":["Adaptation"],"campfire_rested":0,"item_purchase_floors":[4],"current_hp_per_floor":[61,61,61,61,56,56,56,55,55,55,54,54,26,26,26,8,53,0,0],"gold":273,"neow_bonus":"THREE_ENEMY_KILL","is_daily":false,"chose_seed":false,"campfire_upgraded":3,"win_rate":0.0,"timestamp":1609280039,"path_taken":["M","?","M","$","?","R","E","M","T","?","M","R","E","M","R","BOSS","M"],"items_purchased_type":["Card"],"build_version":"2020-12-22","purchased_purges":0,"victory":false,"max_hp_per_floor":[68,68,68,68,68,68,68,68,68,68,68,68,68,68,68,68,68,68,68],"card_choices":[{"not_picked":["JustLucky","Replay:Hum","EmptyBody"],"picked":"SKIP","floor":1},{"not_picked":["ClearTheMind","EmptyFist"],"picked":"Wallop","floor":3},{"not_picked":["Replay:ManipulateFuture","ForeignInfluence"],"picked":"WheelKick","floor":7},{"not_picked":["EmptyFist","Prostrate"],"picked":"Adaptation","floor":8},{"not_picked":["DeceiveReality","FlyingSleeves","Evaluate"],"picked":"SKIP","floor":11},{"not_picked":["ConjureBlade","Evaluate"],"picked":"Scrawl","floor":13},{"not_picked":["SashWhip","Study"],"picked":"InnerPeace","floor":14}],"player_experience":2137568,"relics_obtained":[{"floor":7,"key":"Ancient Tea Set"},{"floor":9,"key":"Gremlin Food"},{"floor":13,"key":"Shuriken"}],"event_choices":[{"damage_healed":0,"gold_gain":0,"player_choice":"Success","damage_taken":5,"relics_obtained":["Dota2Spire:ArcaneBoots"],"max_hp_gain":0,"max_hp_loss":0,"event_name":"Scrap Ooze","floor":5,"gold_loss":0},{"damage_healed":0,"gold_gain":0,"player_choice":"Got Potions","damage_taken":0,"max_hp_gain":0,"max_hp_loss":0,"event_name":"Lab","floor":10,"gold_loss":0}],"is_beta":false,"boss_relics":[{"not_picked":["Velvet Choker","Ring of Chaos"],"picked":"Dota2Spire:RefresherOrb"}],"items_purged_floors":[],"is_endless":false,"potions_floor_spawned":[3,8,13,14],"killed_by":"3 Byrds","ascension_level":20}}