{"host":"msa0wxqjs3jv1k3j","time":1609229705,"event":{"mods":["BaseMod","BetterRewards","Colored Map","Highlight Path","KOR Keyword Fix","Keyboard Shortcuts","Minty Spire (QoL Compilation)","Quick Restart","SuperFastMode","everything is the same but u backflip on backflip"],"gold_per_floor":[114,114,114,189,120,158,158,177,232,276,276,290,290,290,290,411,411,429,445,445,445,464,464,464,389,389,289,309,28,60,76,76,174,174,186,200,200,200],"floor_reached":37,"playtime":1534,"items_purged":["Regret","Strike_R","Parasite"],"score":420,"play_id":"e201a4b0-7769-45fd-aee9-fd1c82ff1c7c","local_time":"20201229171505","is_ascension_mode":false,"campfire_choices":[{"data":"Seeing Red","floor":7,"key":"SMITH"},{"data":"Shrug It Off","floor":13,"key":"SMITH"},{"data":"Body Slam","floor":15,"key":"SMITH"},{"floor":23,"key":"REST"},{"data":"Dual Wield","floor":32,"key":"SMITH"}],"circlet_count":0,"master_deck":["Strike_R","Strike_R","Strike_R","Defend_R","Defend_R","Defend_R","Defend_R","Bash","Shrug It Off+1","Injury","Fire Breathing","Seeing Red+1","Body Slam+1","Rage","Carnage","Dropkick","Demon Form","Burning Pact+1","Iron Wave","Necronomicurse","Infernal Blade","Flex","Rupture","Dual Wield+1","Impervious","CurseOfTheBell","True Grit+1"],"relics":["Burning Blood","NeowsBlessing","Red Skull","Bloody Idol","Happy Flower","Anchor","Torii","Mark of Pain","Necronomicon","Nunchaku","Lee\u0027s Waffle","InkBottle","Calling Bell","Lantern","Mummified Hand","Peace Pipe"],"acts_visited":["Exordium","TheCity","TheBeyond"],"potions_floor_usage":[22],"damage_taken":[{"damage":0,"enemies":"Cultist","floor":1,"turns":1},{"damage":0,"enemies":"Gremlin Nob","floor":6,"turns":1},{"damage":0,"enemies":"Jaw Worm","floor":8,"turns":1},{"damage":20,"enemies":"3 Sentries","floor":10,"turns":5},{"damage":0,"enemies":"2 Louse","floor":12,"turns":2},{"damage":53,"enemies":"Slime Boss","floor":16,"turns":9},{"damage":30,"enemies":"Shell Parasite","floor":18,"turns":7},{"damage":17,"enemies":"Spheric Guardian","floor":19,"turns":4},{"damage":15,"enemies":"Snecko","floor":22,"turns":3},{"damage":9,"enemies":"Sentry and Sphere","floor":28,"turns":4},{"damage":23,"enemies":"Book of Stabbing","floor":30,"turns":4},{"damage":21,"enemies":"Centurion and Healer","floor":31,"turns":6},{"damage":58,"enemies":"Automaton","floor":33,"turns":7},{"damage":32,"enemies":"3 Darklings","floor":35,"turns":6},{"damage":34,"enemies":"Orb Walker","floor":36,"turns":6},{"damage":49,"enemies":"Jaw Worm Horde","floor":37,"turns":3}],"seed_played":"7554598816057459568","potions_obtained":[{"floor":6,"key":"Dexterity Potion"},{"floor":12,"key":"SneckoOil"},{"floor":19,"key":"DistilledChaos"},{"floor":30,"key":"Explosive Potion"}],"is_trial":false,"path_per_floor":["M","?","?","?","$","E","R","M","T","E","?","M","R","?","R","B",null,"M","M","?","?","M","R","?","$","T","$","M","$","E","M","R","B",null,"M","M","M"],"character_chosen":"IRONCLAD","items_purchased":["Fire Breathing","Lee\u0027s Waffle"],"campfire_rested":1,"item_purchase_floors":[5,29],"current_hp_per_floor":[80,80,80,69,69,75,75,80,80,66,66,72,72,80,80,33,80,56,45,45,29,25,49,49,49,49,49,51,84,72,62,62,15,84,63,40,0,0],"gold":200,"neow_bonus":"THREE_ENEMY_KILL","is_daily":false,"chose_seed":false,"campfire_upgraded":4,"win_rate":0.0,"timestamp":1609229705,"path_taken":["M","?","?","?","$","E","R","M","T","E","?","?","R","?","R","BOSS","M","M","?","?","M","R","?","$","T","?","?","$","E","M","R","BOSS","M","M","?"],"items_purchased_type":["Card","Relic"],"build_version":"2020-12-22","purchased_purges":3,"victory":false,"max_hp_per_floor":[80,80,80,80,80,80,80,80,80,80,80,80,80,80,80,80,80,80,80,80,80,80,80,80,80,80,80,80,84,84,84,84,84,84,84,84,84,84],"card_choices":[{"not_picked":["Clothesline","Second Wind"],"picked":"Shrug It Off","floor":1},{"not_picked":["Entrench","Cleave"],"picked":"Seeing Red","floor":6},{"not_picked":["Sever Soul","Metallicize"],"picked":"Body Slam","floor":8},{"not_picked":["Clash","Thunderclap"],"picked":"Rage","floor":10},{"not_picked":["Clash","Second Wind"],"picked":"Dropkick","floor":12},{"not_picked":["Double Tap","Impervious"],"picked":"Demon Form","floor":16},{"not_picked":["Feel No Pain","Cleave"],"picked":"Burning Pact+1","floor":18},{"not_picked":["Anger","Sever Soul"],"picked":"Iron Wave","floor":19},{"not_picked":["Whirlwind","Body Slam"],"picked":"Infernal Blade","floor":22},{"not_picked":["Shockwave","Burning Pact"],"picked":"Flex","floor":28},{"not_picked":["Iron Wave","Pummel"],"picked":"Rupture","floor":30},{"not_picked":["Clothesline","Iron Wave+1"],"picked":"Dual Wield","floor":31},{"not_picked":["Fiend Fire","Double Tap"],"picked":"Impervious","floor":33},{"not_picked":["Clash","Headbutt","Pummel"],"picked":"SKIP","floor":35},{"not_picked":["Iron Wave+1","Dropkick"],"picked":"True Grit+1","floor":36}],"player_experience":6380,"relics_obtained":[{"floor":6,"key":"Happy Flower"},{"floor":9,"key":"Anchor"},{"floor":10,"key":"Torii"},{"floor":21,"key":"Necronomicon"},{"floor":26,"key":"Nunchaku"},{"floor":30,"key":"InkBottle"},{"floor":34,"key":"Lantern"},{"floor":34,"key":"Mummified Hand"},{"floor":34,"key":"Peace Pipe"}],"event_choices":[{"damage_healed":0,"gold_gain":0,"player_choice":"Box","damage_taken":0,"relics_obtained":["Red Skull"],"max_hp_gain":0,"max_hp_loss":0,"event_name":"Big Fish","floor":2,"gold_loss":0,"cards_obtained":["Regret"]},{"damage_healed":0,"gold_gain":0,"player_choice":"Take Wound","damage_taken":0,"relics_obtained":["Golden Idol"],"max_hp_gain":0,"max_hp_loss":0,"event_name":"Golden Idol","floor":3,"gold_loss":0,"cards_obtained":["Injury"]},{"damage_healed":0,"gold_gain":75,"player_choice":"Gather Gold","damage_taken":11,"max_hp_gain":0,"max_hp_loss":0,"event_name":"World of Goop","floor":4,"gold_loss":0},{"damage_healed":0,"gold_gain":0,"cards_transformed":["Strike_R"],"player_choice":"Transformed","damage_taken":0,"max_hp_gain":0,"max_hp_loss":0,"event_name":"Transmorgrifier","floor":11,"gold_loss":0,"cards_obtained":["Carnage"]},{"damage_healed":20,"gold_gain":0,"player_choice":"Healed and dodged fight","damage_taken":0,"max_hp_gain":0,"max_hp_loss":0,"event_name":"Mushrooms","floor":14,"gold_loss":0,"cards_obtained":["Parasite"]},{"damage_healed":0,"gold_gain":0,"player_choice":"Gave Idol","damage_taken":0,"relics_obtained":["Bloody Idol"],"max_hp_gain":0,"max_hp_loss":0,"event_name":"Forgotten Altar","floor":20,"relics_lost":["Golden Idol"],"gold_loss":0},{"damage_healed":0,"gold_gain":0,"player_choice":"Obtained Book","damage_taken":16,"max_hp_gain":0,"max_hp_loss":0,"event_name":"Cursed Tome","floor":21,"gold_loss":0},{"damage_healed":0,"gold_gain":0,"player_choice":"Ignored","damage_taken":0,"max_hp_gain":0,"max_hp_loss":0,"event_name":"Ghosts","floor":24,"gold_loss":0}],"is_beta":false,"boss_relics":[{"not_picked":["Fusion Hammer","Sozu"],"picked":"Mark of Pain"},{"not_picked":["Empty Cage","Astrolabe"],"picked":"Calling Bell"}],"items_purged_floors":[25,27,29],"is_endless":false,"potions_floor_spawned":[6,12,19,30,35],"killed_by":"Jaw Worm Horde","ascension_level":0}}