{"host":"nptej036rrbiurf5","time":1609208229,"event":{"mods":["BaseMod","Colored Map","Colored Powertips","DeckTracker","Minty Spire (QoL Compilation)","StSLib","SuperFastMode"],"gold_per_floor":[117,117,127,127,150,150,150,150,177,177,192,225,68,68,68],"floor_reached":14,"playtime":209,"items_purged":["Strike_R"],"score":176,"play_id":"a75e543a-deb9-4ebe-8bb6-dec3d81d6f0d","local_time":"20201229111709","is_ascension_mode":true,"campfire_choices":[{"data":"Body Slam","floor":6.0,"key":"SMITH"},{"data":"Bash","floor":8.0,"key":"SMITH"},{"floor":10.0,"key":"REST"}],"circlet_count":0,"master_deck":["AscendersBane","Strike_R","Strike_R","Strike_R","Defend_R","Defend_R","Defend_R","Defend_R","Bash+1","Dropkick","Evolve","Body Slam+1","Wild Strike","Battle Trance","Good Instincts"],"relics":["Burning Blood","NeowsBlessing","Golden Idol","Anchor","Smiling Mask","Question Card"],"acts_visited":["Exordium"],"potions_floor_usage":[12],"damage_taken":[{"damage":0.0,"enemies":"2 Louse","floor":1.0,"turns":1.0},{"damage":0.0,"enemies":"Small Slimes","floor":3.0,"turns":1.0},{"damage":0.0,"enemies":"Jaw Worm","floor":5.0,"turns":1.0},{"damage":15.0,"enemies":"3 Louse","floor":11.0,"turns":4.0},{"damage":30,"enemies":"3 Sentries","floor":12,"turns":7},{"damage":0,"enemies":"Gremlin Nob","floor":14,"turns":1}],"seed_played":"4362478892108518711","potions_obtained":[{"floor":1.0,"key":"SteroidPotion"},{"floor":3.0,"key":"ElixirPotion"},{"floor":11.0,"key":"CultistPotion"}],"is_trial":false,"path_per_floor":["M","?","M","?","M","R","?","R","T","R","M","E","$","E"],"character_chosen":"IRONCLAD","items_purchased":["Good Instincts"],"campfire_rested":1,"item_purchase_floors":[13],"current_hp_per_floor":[74,67,73,47,53,53,27,27,27,49,40,16,16,16,16],"gold":68,"neow_bonus":"THREE_ENEMY_KILL","is_daily":false,"chose_seed":false,"campfire_upgraded":2,"win_rate":0.0,"timestamp":1609208229,"path_taken":["M","?","M","?","M","R","?","R","T","R","M","E","$","E"],"items_purchased_type":["Card"],"build_version":"2020-12-22","purchased_purges":1,"victory":false,"max_hp_per_floor":[75,75,75,75,75,75,75,75,75,75,75,75,75,75,75],"card_choices":[{"not_picked":["True Grit","Sentinel"],"picked":"Dropkick","floor":1.0},{"not_picked":["Infernal Blade","Sword Boomerang"],"picked":"Evolve","floor":3.0},{"not_picked":["Seeing Red","Shrug It Off"],"picked":"Body Slam","floor":5.0},{"not_picked":["Cleave","Heavy Blade"],"picked":"Wild Strike","floor":11.0},{"not_picked":["Havoc","Sever Soul"],"picked":"Battle Trance","floor":12}],"player_experience":866895,"relics_obtained":[{"floor":9.0,"key":"Smiling Mask"},{"floor":12,"key":"Question Card"}],"event_choices":[{"cards_removed":["Strike_R"],"damage_healed":0.0,"max_hp_gain":0.0,"max_hp_loss":0.0,"gold_gain":0.0,"event_name":"Golden Wing","player_choice":"Card Removal","floor":2.0,"gold_loss":0.0,"damage_taken":7.0},{"damage_healed":0.0,"max_hp_gain":0.0,"max_hp_loss":0.0,"gold_gain":0.0,"event_name":"Golden Idol","player_choice":"Take Damage","floor":4.0,"gold_loss":0.0,"damage_taken":26.0,"relics_obtained":["Golden Idol"]},{"damage_healed":0.0,"max_hp_gain":0.0,"max_hp_loss":0.0,"gold_gain":0.0,"event_name":"Scrap Ooze","player_choice":"Success","floor":7.0,"gold_loss":0.0,"damage_taken":26.0,"relics_obtained":["Anchor"]}],"is_beta":false,"boss_relics":[],"items_purged_floors":[13],"is_endless":false,"potions_floor_spawned":[1,3,11],"killed_by":"Gremlin Nob","ascension_level":20}}