{"host":"06rryluxft509x3v","time":1609271092,"event":{"mods":["Act Like it!","Aspiration","BaseMod","Conspire","Downfall","Energized Spire","Friendly Minions","Gensokyo","GifTheSpireLib","Googly Eyes","GungeonMod","Halation","Hallownest","Hubris","Infinite Spire","KinomotoSakuraMod(ñÿîVñ{?)","Koishi","Lobotomy","LobotomyExtend","Mari Mod (Legacy)","Mari\u0027s V1 Patch","MarisaÅiñ∂âJÅ@ñÇóùçπÅj","Minty Spire (QoL Compilation)","Prisma Mod","Random Character Button","Replay The Spire","Spikes Relics","StSLib","Stuff the Spire","The Alterego","The Jungle","The Senshi","WarShipGirlsR/??è≠èóR mod"],"gold_per_floor":[109,120,120,138,23,23,57,57,57,57,57,57],"floor_reached":11,"playtime":1092,"items_purged":[],"score":80,"play_id":"090827d7-71d9-47e4-88b7-efa7b4a192f7","local_time":"20201229154452","is_ascension_mode":true,"campfire_choices":[{"data":"ClowCardTheRain","floor":6,"key":"SMITH"}],"circlet_count":0,"master_deck":["ClowCardTheSword","ClowCardTheSword","ClowCardTheSword","ClowCardTheSword","ClowCardTheShield","ClowCardTheShield","ClowCardTheShield","ClowCardTheShield","SpellCardSeal","SpellCardRelease","ClowCardTheMist","ClowCardTheRain+1","Hallownest:curseDreamersLament","ClowCardTheWood","ClowCardTheShadow"],"relics":["KSMOD_SealedBook","KSMOD_SealedWand","aspiration:Nostalgia","DemoMod:Dog","LetterFromLob","Hallownest:TeacherSealRelic","DemoMod:GnawedKey","DemoMod:GlassGuonStoneRelic","hubris:TinFlute","halation:WeightlessCrab","Hallownest:DreamNailRelic"],"acts_visited":["Hallownest:Greenpath"],"potions_floor_usage":[7],"damage_taken":[{"damage":0,"enemies":"Hallownest:2_MossCreeps","floor":1,"turns":4},{"damage":3,"enemies":"Hallownest:2_Tiktiks_and_1_Crawlid","floor":2,"turns":3},{"damage":14,"enemies":"Hallownest:monsterHuskGuard","floor":4,"turns":4},{"damage":44,"enemies":"Hallownest:eliteCrystalGuardian","floor":7,"turns":6},{"damage":13,"enemies":"Hallownest:eliteMossKnight","floor":11,"turns":19}],"seed_played":"2948346051996794983","potions_obtained":[{"floor":1,"key":"Weak Potion"},{"floor":2,"key":"Venom Potion"}],"is_trial":false,"path_per_floor":["M","M","?","M","$","R","E","M","T","?","E"],"character_chosen":"KINOMOTOSAKURA","items_purchased":["DemoMod:GnawedKey"],"campfire_rested":0,"item_purchase_floors":[5],"current_hp_per_floor":[70,67,67,53,53,53,9,9,9,9,0,0],"gold":57,"neow_bonus":"NOSTALGIA","is_daily":false,"chose_seed":false,"campfire_upgraded":1,"win_rate":0.0,"timestamp":1609271092,"path_taken":["M","M","?","M","$","R","E","M","T","?","E"],"items_purchased_type":["Relic"],"build_version":"2020-12-22","purchased_purges":0,"victory":false,"max_hp_per_floor":[70,70,70,70,70,70,70,70,70,70,70,70],"card_choices":[{"not_picked":["ClowCardTheFloat","ClowCardTheCloud"],"picked":"ClowCardTheMist","floor":1},{"not_picked":["ClowCardTheCloud","ClowCardTheWave"],"picked":"ClowCardTheRain","floor":2},{"not_picked":["ClowCardTheLittle","ClowCardTheSand"],"picked":"ClowCardTheWood","floor":4},{"not_picked":["ClowCardTheArrow","ClowCardTheSong"],"picked":"ClowCardTheShadow","floor":7}],"player_experience":292608,"relics_obtained":[{"floor":1,"key":"LetterFromLob"},{"floor":7,"key":"hubris:TinFlute"},{"floor":9,"key":"halation:WeightlessCrab"}],"event_choices":[],"is_beta":false,"boss_relics":[],"items_purged_floors":[],"is_endless":false,"potions_floor_spawned":[1,2],"killed_by":"Hallownest:eliteMossKnight","ascension_level":3}}