{"host":"dcj2yvrgcvh5dl2s","time":1609218784,"event":{"mods":["BaseMod","Better Note","Block Reminder","Colored Powertips","DeckTracker","Minty Spire (QoL Compilation)","Quick Restart","Rare Cards Sparkle","Relic Stats","StSLib"],"gold_per_floor":[110,110,110,20,20,20,49,49,73,108,108,143,68,68,68,159,159,172,172,191,215,130,130,151,190,214,5,5,5,5],"floor_reached":29,"playtime":1022,"items_purged":["Strike_R"],"score":580,"play_id":"14c49534-6be3-4e95-9ed5-48ea1fab2483","local_time":"20201229151304","is_ascension_mode":true,"campfire_choices":[{"data":"Battle Trance","floor":6,"key":"SMITH"},{"data":"Shrug It Off","floor":8,"key":"SMITH"},{"data":"Double Tap","floor":11,"key":"SMITH"},{"floor":15,"key":"REST"},{"floor":23,"key":"REST"}],"circlet_count":0,"master_deck":["AscendersBane","Strike_R","Strike_R+1","Defend_R","Defend_R","Defend_R","Defend_R","Bash+1","Shrug It Off+1","Battle Trance+1","Double Tap+1","Heavy Blade","Barricade+1","Thunderclap+1","Whirlwind","Metallicize+1","Shrug It Off","Sword Boomerang","Shrug It Off","Parasite","Uppercut"],"relics":["Burning Blood","NeowsBlessing","Vajra","Art of War","Frozen Egg 2","Pantograph","Bloody Idol","Cursed Key","Dream Catcher","Centennial Puzzle","Juzu Bracelet","Membership Card"],"acts_visited":["Exordium","TheCity"],"potions_floor_usage":[25,25],"damage_taken":[{"damage":0,"enemies":"Small Slimes","floor":1,"turns":1},{"damage":0,"enemies":"Gremlin Nob","floor":7,"turns":1},{"damage":0,"enemies":"Lagavulin","floor":10,"turns":1},{"damage":35,"enemies":"3 Sentries","floor":12,"turns":12},{"damage":53,"enemies":"The Guardian","floor":16,"turns":8},{"damage":7,"enemies":"Chosen","floor":18,"turns":3},{"damage":11,"enemies":"Spheric Guardian","floor":20,"turns":4},{"damage":36,"enemies":"Shelled Parasite and Fungi","floor":21,"turns":6},{"damage":11,"enemies":"Snake Plant","floor":24,"turns":4},{"damage":32,"enemies":"Slavers","floor":25,"turns":3},{"damage":9,"enemies":"Snecko","floor":29,"turns":2}],"seed_played":"-7517202569169275807","potions_obtained":[{"floor":7,"key":"BlessingOfTheForge"},{"floor":12,"key":"Explosive Potion"},{"floor":25,"key":"Swift Potion"}],"is_trial":false,"path_per_floor":["M","?","?","$","?","R","E","R","T","E","R","E","$","?","R","B",null,"M","?","M","M","?","R","M","E","T","$","?","M"],"character_chosen":"IRONCLAD","items_purchased":["Battle Trance","Membership Card","Uppercut"],"campfire_rested":2,"item_purchase_floors":[4,27,27],"current_hp_per_floor":[74,51,51,51,44,44,50,50,50,56,56,27,27,27,47,21,56,55,55,50,20,20,40,35,9,9,9,9,0,0],"gold":5,"neow_bonus":"THREE_ENEMY_KILL","is_daily":false,"chose_seed":false,"campfire_upgraded":3,"win_rate":0.0,"timestamp":1609218784,"path_taken":["M","?","?","$","?","R","E","R","T","E","R","E","$","?","R","BOSS","M","?","M","M","?","R","M","E","T","$","?","M"],"items_purchased_type":["Card","Relic","Card"],"build_version":"2020-12-22","purchased_purges":1,"victory":false,"max_hp_per_floor":[75,75,75,75,75,75,75,75,75,75,75,75,75,68,68,68,68,68,68,68,68,68,68,68,68,68,68,68,68,68],"relic_stats":{"Dream Catcher":1,"Centennial Puzzle":[0],"counters":[11,45],"Pantograph":21,"Bloody Idol":0,"Art of War":[3],"Juzu Bracelet":0,"Cursed Key":1,"obtain_stats":[{"NeowsBlessing":0,"Golden Idol":14,"Vajra":7,"Juzu Bracelet":26,"Frozen Egg 2":10,"Cursed Key":17,"Burning Blood":0,"Dream Catcher":22,"Centennial Puzzle":25,"Pantograph":12,"Bloody Idol":28,"Art of War":9,"Membership Card":27},{"NeowsBlessing":0,"Golden Idol":4,"Vajra":2,"Juzu Bracelet":10,"Frozen Egg 2":3,"Cursed Key":5,"Burning Blood":0,"Dream Catcher":8,"Centennial Puzzle":10,"Pantograph":4,"Bloody Idol":10,"Art of War":2,"Membership Card":10},{"NeowsBlessing":0,"Golden Idol":15,"Vajra":2,"Juzu Bracelet":43,"Frozen Egg 2":3,"Cursed Key":23,"Burning Blood":0,"Dream Catcher":36,"Centennial Puzzle":43,"Pantograph":15,"Bloody Idol":43,"Art of War":2,"Membership Card":43}],"Burning Blood":60},"card_choices":[{"not_picked":["Havoc","Dark Embrace"],"picked":"Shrug It Off","floor":1},{"not_picked":["Flame Barrier","Warcry","Armaments"],"picked":"SKIP","floor":7},{"not_picked":["Clothesline","Second Wind"],"picked":"Double Tap","floor":10},{"not_picked":["Armaments","Fiend Fire"],"picked":"Heavy Blade","floor":12},{"not_picked":["Juggernaut+1","Exhume"],"picked":"Barricade+1","floor":16},{"not_picked":["Seeing Red","Havoc"],"picked":"Thunderclap+1","floor":18},{"not_picked":["Pommel Strike","Anger"],"picked":"Metallicize+1","floor":20},{"not_picked":["Clash","Warcry"],"picked":"Shrug It Off","floor":21},{"not_picked":["Feed","Clash"],"picked":"Sword Boomerang","floor":24},{"not_picked":["Iron Wave","Cleave+1"],"picked":"Shrug It Off","floor":25}],"player_experience":2099520,"relics_obtained":[{"floor":7,"key":"Vajra"},{"floor":9,"key":"Art of War"},{"floor":10,"key":"Frozen Egg 2"},{"floor":12,"key":"Pantograph"},{"floor":25,"key":"Centennial Puzzle"},{"floor":26,"key":"Juzu Bracelet"}],"event_choices":[{"damage_healed":0,"gold_gain":0,"player_choice":"Entered Light","damage_taken":23,"max_hp_gain":0,"max_hp_loss":0,"event_name":"Shining Light","floor":2,"gold_loss":0,"cards_upgraded":["Bash","Strike_R"]},{"cards_removed":["Strike_R"],"damage_healed":0,"gold_gain":0,"player_choice":"Forget","damage_taken":0,"max_hp_gain":0,"max_hp_loss":0,"event_name":"Living Wall","floor":3,"gold_loss":0},{"cards_removed":["Strike_R"],"damage_healed":0,"gold_gain":0,"player_choice":"Card Removal","damage_taken":7,"max_hp_gain":0,"max_hp_loss":0,"event_name":"Golden Wing","floor":5,"gold_loss":0},{"damage_healed":0,"gold_gain":0,"player_choice":"Lose Max HP","damage_taken":0,"relics_obtained":["Golden Idol"],"max_hp_gain":0,"max_hp_loss":7,"event_name":"Golden Idol","floor":14,"gold_loss":0},{"damage_healed":0,"gold_gain":0,"player_choice":"Read","damage_taken":0,"max_hp_gain":0,"max_hp_loss":0,"event_name":"The Library","floor":19,"gold_loss":0,"cards_obtained":["Whirlwind"]},{"damage_healed":0,"gold_gain":0,"player_choice":"Obtained Relic","damage_taken":0,"relics_obtained":["Dream Catcher"],"max_hp_gain":0,"max_hp_loss":0,"event_name":"Addict","floor":22,"gold_loss":85},{"damage_healed":0,"gold_gain":0,"player_choice":"Gave Idol","damage_taken":0,"relics_obtained":["Bloody Idol"],"max_hp_gain":0,"max_hp_loss":0,"event_name":"Forgotten Altar","floor":28,"relics_lost":["Golden Idol"],"gold_loss":0}],"is_beta":false,"boss_relics":[{"not_picked":["Ectoplasm","Snecko Eye"],"picked":"Cursed Key"}],"items_purged_floors":[13],"is_endless":false,"potions_floor_spawned":[7,12,16,20,24,25],"killed_by":"Snecko","ascension_level":18}}