{"host":"m6h67kf6cz80m3yv","time":1609256447,"event":{"mods":["Bartender","BaseMod","Better Third Choice","BetterRewards","CatGirl Mod","Colored Powertips","Downfall","Duelist Mod","Hermit","Marisa????????","Minty Spire (QoL Compilation)","Prisma Mod","Quick Restart","Shade Mod","Shop Mod","StSLib","SuperFastMode","The Dragon Tamer","The Marked","The Servant 0.9.4"],"gold_per_floor":[111,111,126,126,136,167,177,177,177,252,64,82,98,108,108,203,203,213,18,18,18,35,35,61,77,130,147,173,186,186,199,199,299,299,317,328,173,227,0,0,33,83,108,127,159,210,230,230,230,230],"floor_reached":51,"playtime":4305,"items_purged":[],"score":724,"play_id":"6628a3da-80e5-4510-ade0-178db40354cf","local_time":"20201229134047","is_ascension_mode":false,"campfire_choices":[{"data":"Dragonkick","floor":8.0,"key":"SMITH"},{"floor":15.0,"key":"REST"},{"data":"Form_Shift","floor":23.0,"key":"SMITH"},{"data":"OpoOpo_Form","floor":30.0,"key":"SMITH"},{"floor":32.0,"key":"RECALL"},{"data":"Combo_Master","floor":40,"key":"SMITH"},{"floor":49,"key":"REST"}],"circlet_count":0,"master_deck":["Somersault","Foot_Thrust","Center_Self","Power_Up_Punch","Free_Pour","Dragonkick+1","Fight_Dirty","Step_Of_The_Wind","Free_Pour","Hook","Form_Shift+1","Well_Drinks","Glare","OpoOpo_Form+1","Snap_Punch+1","Injury","Meditate+1","Combo_Master+1","Fight_Dirty","Windup","Glare","Moonsault_Kick","Alacrity","Sucker_Punch","Blizzard_Spikes","Bouncer","Greased_Lightning","Patience","Phantom_Blow+1","theDuelist:GravekeeperCurse","Tornado_Kick+1","With_A_Twist+1","expansioncontent:QuickStudy"],"relics":["Sneakers","Ornamental Fan","Oddly Smooth Stone","Vajra","Sling","Cursed Key","Chemical X","Pocketwatch","Bronze Scales","Smiling Mask","Pandora\u0027s Box","Toolbox","Prayer Wheel","Red Mask","Mummified Hand","Ginger","Lantern","Sundial","CatCart"],"acts_visited":["Exordium","TheCity","TheBeyond"],"potions_floor_usage":[50],"damage_taken":[{"damage":2.0,"enemies":"Small Slimes","floor":1.0,"turns":4.0},{"damage":1.0,"enemies":"Jaw Worm","floor":3.0,"turns":4.0},{"damage":0.0,"enemies":"Cultist","floor":5.0,"turns":4.0},{"damage":18.0,"enemies":"3 Sentries","floor":6.0,"turns":9.0},{"damage":2.0,"enemies":"Looter","floor":7.0,"turns":4.0},{"damage":9.0,"enemies":"Exordium Wildlife","floor":12.0,"turns":4.0},{"damage":1.0,"enemies":"Red Slaver","floor":13.0,"turns":3.0},{"damage":5.0,"enemies":"3 Louse","floor":14.0,"turns":2.0},{"damage":2.0,"enemies":"Slime Boss","floor":16.0,"turns":14.0},{"damage":1.0,"enemies":"3 Byrds","floor":18.0,"turns":6.0},{"damage":0.0,"enemies":"Spheric Guardian","floor":22.0,"turns":5.0},{"damage":3.0,"enemies":"theDuelist:KaibaA2","floor":24.0,"turns":3.0},{"damage":1.0,"enemies":"Cultist and Chosen","floor":25.0,"turns":5.0},{"damage":0.0,"enemies":"Snake Plant","floor":27.0,"turns":4.0},{"damage":5.0,"enemies":"Gremlin Leader","floor":28.0,"turns":5.0},{"damage":0.0,"enemies":"Snecko","floor":29.0,"turns":4.0},{"damage":0.0,"enemies":"Shelled Parasite and Fungi","floor":31.0,"turns":4.0},{"damage":24.0,"enemies":"Champ","floor":33.0,"turns":10.0},{"damage":0,"enemies":"Orb Walker","floor":35,"turns":3},{"damage":15,"enemies":"3 Shapes","floor":36,"turns":5},{"damage":4,"enemies":"2 Orb Walkers","floor":38,"turns":6},{"damage":4,"enemies":"Reptomancer","floor":41,"turns":5},{"damage":0,"enemies":"Mind Bloom Boss Battle","floor":42,"turns":3},{"damage":3,"enemies":"3 Darklings","floor":44,"turns":3},{"damage":0,"enemies":"Giant Head","floor":45,"turns":8},{"damage":0,"enemies":"Orin","floor":46,"turns":4},{"damage":6,"enemies":"Sphere and 2 Shapes","floor":47,"turns":3},{"damage":57,"enemies":"Awakened One","floor":50,"turns":10}],"seed_played":"-3643537285917428722","potions_obtained":[{"floor":3.0,"key":"Regen Potion"},{"floor":7.0,"key":"ColorlessPotion"},{"floor":12.0,"key":"champ:CounterPotion"},{"floor":14.0,"key":"CultistPotion"},{"floor":28.0,"key":"FairyPotion"}],"is_trial":false,"path_per_floor":["M","?","M","T","M","E","M","R","T","?","$","M","M","M","R","B",null,"M","$","?","?","M","R","E","M","T","M","E","M","R","M","R","B",null,"M","M","$","?","?","R","E","?","T","M","E","?","M","?","R","B",null],"character_chosen":"BARTENDER","items_purchased":["Fight_Dirty","Sling","Chemical X","Glare","Toolbox"],"campfire_rested":2,"item_purchase_floors":[11,11,19,19,37],"current_hp_per_floor":[75,75,74,74,74,56,54,54,54,47,47,38,37,32,55,53,77,76,76,76,76,76,76,73,72,72,72,67,67,67,67,67,43,77,77,62,62,58,58,58,54,54,54,51,51,51,45,45,68,23],"gold":230,"neow_bonus":"TEN_PERCENT_HP_BONUS","is_daily":false,"chose_seed":false,"campfire_upgraded":4,"win_rate":0.0,"timestamp":1609256447,"path_taken":["M","?","M","?","M","E","M","R","T","?","$","?","M","M","R","BOSS","M","$","?","?","?","R","E","M","T","M","E","M","R","M","R","BOSS","M","M","$","?","?","R","E","?","T","M","E","?","?","?","R","BOSS"],"items_purchased_type":["Card","Relic","Relic","Card","Relic"],"build_version":"2020-12-22","purchased_purges":0,"victory":true,"max_hp_per_floor":[77,77,77,77,77,77,77,77,77,77,77,77,77,77,77,77,77,77,77,77,77,77,77,77,77,77,77,77,77,77,77,77,77,77,77,77,77,77,77,77,77,77,77,77,77,77,77,77,77,77],"card_choices":[{"not_picked":["Scoop","Sucker_Punch"],"picked":"Foot_Thrust","floor":1.0},{"not_picked":["Coeurl_Form","Cross"],"picked":"Center_Self","floor":3.0},{"not_picked":["Perfect_Balance","ThreeSidedStar"],"picked":"Power_Up_Punch","floor":5.0},{"not_picked":["Dancing_Jab","Sucker_Punch"],"picked":"Free_Pour","floor":6.0},{"not_picked":["Ball_Of_Ice","Glare"],"picked":"Dragonkick","floor":7.0},{"not_picked":["Storage","Foot_Thrust"],"picked":"Step_Of_The_Wind","floor":12.0},{"not_picked":["Press_Forward","Cross"],"picked":"Free_Pour","floor":13.0},{"not_picked":["Foot_Thrust","Meteodrive"],"picked":"Hook","floor":14.0},{"not_picked":["High_Tide","Beat_Rush"],"picked":"Form_Shift","floor":16.0},{"not_picked":["Meteodrive","Ball_Of_Ice"],"picked":"Well_Drinks","floor":18.0},{"not_picked":["Dragonkick","Bitters"],"picked":"Snap_Punch+1","floor":22.0},{"not_picked":["Greased_Lightning","Perfect_Balance","On_The_Rocks"],"picked":"SKIP","floor":24.0},{"not_picked":["Meteodrive","Press_Forward+1","Hook+1"],"picked":"SKIP","floor":25.0},{"not_picked":["Step_Of_The_Wind+1","Hook"],"picked":"Meditate+1","floor":27.0},{"not_picked":["Sucker_Punch","Bitters","Storage"],"picked":"SKIP","floor":28.0},{"not_picked":["Ball_Of_Ice","Dart","On_The_Rocks"],"picked":"SKIP","floor":29.0},{"not_picked":["Press_Forward+1","Blizzard_Spikes","Pony_Shot"],"picked":"SKIP","floor":31.0},{"not_picked":["Moonsault_Kick","Breathe_Deep"],"picked":"Combo_Master","floor":33.0},{"not_picked":["Dancing_Jab+1","Press_Forward+1","Fading_Blow+1"],"picked":"SKIP","floor":35},{"not_picked":["Scoop","Fight_Dirty"],"picked":"Greased_Lightning","floor":36},{"not_picked":["Ripple","ThreeSidedStar+1"],"picked":"Patience","floor":41},{"not_picked":["Greased_Lightning+1","Snap_Punch+1"],"picked":"Phantom_Blow+1","floor":42},{"not_picked":["Cross+1","Press_Forward+1"],"picked":"Tornado_Kick+1","floor":44},{"not_picked":["Press_Forward","Scoop"],"picked":"With_A_Twist+1","floor":44},{"not_picked":["Hook+1","Ball_Of_Ice","Alacrity"],"picked":"SKIP","floor":45},{"not_picked":["Dancing_Jab","With_A_Twist+1","Glare"],"picked":"SKIP","floor":47},{"not_picked":["Coeurl_Form","Wall_of_Ice+1","Stick_and_Move+1"],"picked":"SKIP","floor":47},{"not_picked":["Good Instincts","expansioncontent:Corrupt"],"picked":"expansioncontent:QuickStudy","floor":48}],"player_experience":320345,"relics_obtained":[{"floor":4.0,"key":"Ornamental Fan"},{"floor":6.0,"key":"Oddly Smooth Stone"},{"floor":9.0,"key":"Vajra"},{"floor":24.0,"key":"Pocketwatch"},{"floor":26.0,"key":"Bronze Scales"},{"floor":28.0,"key":"Smiling Mask"},{"floor":38,"key":"Prayer Wheel"},{"floor":41,"key":"Mummified Hand"},{"floor":42,"key":"Ginger"},{"floor":43,"key":"Lantern"},{"floor":45,"key":"Sundial"},{"floor":46,"key":"CatCart"}],"event_choices":[{"damage_healed":0.0,"max_hp_gain":0.0,"max_hp_loss":0.0,"gold_gain":0.0,"event_name":"Golden Wing","player_choice":"Ignored","floor":2.0,"gold_loss":0.0,"damage_taken":0.0},{"damage_healed":0.0,"max_hp_gain":0.0,"max_hp_loss":0.0,"gold_gain":75.0,"event_name":"FaceTrader","player_choice":"Touch","floor":10.0,"gold_loss":0.0,"damage_taken":7.0},{"damage_healed":0.0,"max_hp_gain":0.0,"max_hp_loss":0.0,"gold_gain":0.0,"event_name":"The Library","player_choice":"Read","floor":20.0,"gold_loss":0.0,"damage_taken":0.0,"cards_obtained":["OpoOpo_Form"]},{"damage_healed":0.0,"max_hp_gain":0.0,"max_hp_loss":0.0,"gold_gain":0.0,"event_name":"Lab","player_choice":"Got Potions","floor":21.0,"gold_loss":0.0,"damage_taken":0.0},{"damage_healed":0,"gold_gain":0,"player_choice":"Fight","damage_taken":0,"max_hp_gain":0,"max_hp_loss":0,"event_name":"Mysterious Sphere","floor":38,"gold_loss":0},{"damage_healed":0,"gold_gain":0,"player_choice":"Paid","damage_taken":0,"relics_obtained":["Red Mask"],"max_hp_gain":0,"max_hp_loss":0,"event_name":"Tomb of Lord Red Mask","floor":39,"gold_loss":227},{"damage_healed":0,"gold_gain":0,"player_choice":"Fight","damage_taken":0,"max_hp_gain":0,"max_hp_loss":0,"event_name":"MindBloom","floor":42,"gold_loss":0},{"damage_healed":0,"gold_gain":0,"player_choice":"Fight","damage_taken":0,"max_hp_gain":0,"max_hp_loss":0,"event_name":"OrinTheCat","floor":46,"gold_loss":0},{"damage_healed":0,"gold_gain":0,"player_choice":"Memory 1","damage_taken":0,"max_hp_gain":0,"max_hp_loss":0,"event_name":"SensoryStone","floor":48,"gold_loss":0}],"is_beta":false,"boss_relics":[{"not_picked":["Fusion Hammer","Calling Bell"],"picked":"Cursed Key"},{"not_picked":["Velvet Choker","Tiny House"],"picked":"Pandora\u0027s Box"}],"items_purged_floors":[],"is_endless":false,"potions_floor_spawned":[3,7,12,14,16,18,22,27,28,29,33,38,41,42,44,47],"ascension_level":0}}