{"host":"mwqnlghgfp5mgeui","time":1609261438,"event":{"mods":["2.2 Compatiblity","BaseMod","DeckTracker","Highlight Path","Minty Spire (QoL Compilation)","SuperFastMode","everything is the same but u backflip on backflip"],"gold_per_floor":[112,27,40,40,40,40,40,52,52,66,66,76,52,70,70,174,224,244,244,244,254,274,274,287,287,287,287,287,287,304,324,324,324,324],"floor_reached":33,"playtime":1112,"items_purged":[],"score":239,"play_id":"370a0b85-66e6-4c07-9be7-35870d9a2253","local_time":"20201230020358","is_ascension_mode":false,"campfire_choices":[{"floor":6,"key":"REST"},{"floor":15,"key":"REST"},{"floor":23,"key":"REST"},{"data":"Rebound","floor":25,"key":"SMITH"},{"floor":27,"key":"REST"},{"floor":32,"key":"REST"}],"circlet_count":0,"master_deck":["Strike_B","Strike_B","Strike_B","Defend_B","Defend_B","Zap","Dualcast+1","Rebound+1","Blind","Go for the Eyes+1","Auto Shields","Auto Shields+1","Reboot","Sweeping Beam+1","Conserve Battery","Hyperbeam+1","Gash+1","Melter+1","Redo+1","Streamline+1","Capacitor","Necronomicurse","Melter+1","Undo+1"],"relics":["Cracked Core","Lantern","Molten Egg 2","Tiny House","Oddly Smooth Stone","Du-Vu Doll","Necronomicon"],"acts_visited":["Exordium","TheCity"],"potions_floor_usage":[16,22,22,28,28,28],"damage_taken":[{"damage":6,"enemies":"Cultist","floor":1,"turns":3},{"damage":1,"enemies":"Jaw Worm","floor":3,"turns":3},{"damage":0,"enemies":"2 Louse","floor":8,"turns":2},{"damage":2,"enemies":"Looter","floor":10,"turns":3},{"damage":12,"enemies":"Exordium Thugs","floor":12,"turns":4},{"damage":4,"enemies":"Exordium Wildlife","floor":14,"turns":4},{"damage":43,"enemies":"Hexaghost","floor":16,"turns":14},{"damage":12,"enemies":"Shell Parasite","floor":18,"turns":7},{"damage":0,"enemies":"Chosen","floor":21,"turns":5},{"damage":14,"enemies":"Centurion and Healer","floor":22,"turns":3},{"damage":2,"enemies":"Snake Plant","floor":24,"turns":3},{"damage":21,"enemies":"Colosseum Slavers","floor":28,"turns":3},{"damage":0,"enemies":"Sentry and Sphere","floor":30,"turns":2},{"damage":12,"enemies":"3 Cultists","floor":31,"turns":3},{"damage":49,"enemies":"Collector","floor":33,"turns":6}],"seed_played":"-4934258868323078350","potions_obtained":[{"floor":3,"key":"PowerPotion"},{"floor":10,"key":"SmokeBomb"},{"floor":14,"key":"LiquidMemories"},{"floor":16,"key":"SkillPotion"},{"floor":21,"key":"Explosive Potion"},{"floor":22,"key":"Swift Potion"},{"floor":24,"key":"LiquidMemories"}],"is_trial":false,"path_per_floor":["M","$","M","$","?","R","?","M","T","M","?","M","$","M","R","B",null,"M","?","?","M","M","R","M","R","T","R","?","?","M","M","R","B"],"character_chosen":"DEFECT","items_purchased":["Blind","Sweeping Beam+1"],"campfire_rested":5,"item_purchase_floors":[2,13],"current_hp_per_floor":[62,62,61,61,54,68,61,61,61,59,45,33,33,29,49,6,73,61,61,61,61,47,68,66,66,66,73,52,36,36,24,45,0,0],"gold":324,"neow_bonus":"REMOVE_TWO","is_daily":false,"chose_seed":false,"campfire_upgraded":1,"win_rate":0.0,"timestamp":1609261438,"path_taken":["M","?","M","$","?","R","?","M","T","M","?","M","?","M","R","BOSS","M","?","?","M","?","R","M","R","T","R","?","?","M","M","R","BOSS"],"items_purchased_type":["Card","Card"],"build_version":"2020-12-22","purchased_purges":0,"victory":false,"max_hp_per_floor":[68,68,68,68,68,68,68,68,68,68,68,68,68,68,68,68,73,73,73,73,73,73,73,73,73,73,73,73,73,73,73,73,73,73],"card_choices":[{"not_picked":["Beam Cell","Gash"],"picked":"Rebound","floor":1},{"not_picked":["Compile Driver","Hologram"],"picked":"Go for the Eyes","floor":3},{"not_picked":["Go for the Eyes","Stack"],"picked":"Auto Shields","floor":8},{"not_picked":["Fusion","Hello World"],"picked":"Auto Shields","floor":10},{"not_picked":["Conserve Battery","Fusion"],"picked":"Reboot","floor":12},{"not_picked":["Go for the Eyes+1","Force Field"],"picked":"Conserve Battery","floor":14},{"not_picked":["Rainbow","Biased Cognition"],"picked":"Hyperbeam+1","floor":16},{"not_picked":["Cold Snap+1","Coolheaded"],"picked":"Gash+1","floor":17},{"not_picked":["Conserve Battery+1","Ball Lightning+1"],"picked":"Melter+1","floor":18},{"not_picked":["Recycle+1","Heatsinks"],"picked":"Redo+1","floor":21},{"not_picked":["Sweeping Beam+1","Leap"],"picked":"Streamline+1","floor":22},{"not_picked":["Reprogram","Leap+1"],"picked":"Capacitor","floor":24},{"not_picked":["Echo Form","Ball Lightning+1"],"picked":"Melter+1","floor":30},{"not_picked":["Leap","Beam Cell+1"],"picked":"Undo+1","floor":31}],"player_experience":131219,"relics_obtained":[{"floor":9,"key":"Molten Egg 2"},{"floor":26,"key":"Du-Vu Doll"},{"floor":29,"key":"Necronomicon"}],"event_choices":[{"damage_healed":0,"gold_gain":0,"player_choice":"Success","damage_taken":7,"relics_obtained":["Lantern"],"max_hp_gain":0,"max_hp_loss":0,"event_name":"Scrap Ooze","floor":5,"gold_loss":0},{"cards_removed":["Defend_B"],"damage_healed":0,"gold_gain":0,"player_choice":"Card Removal","damage_taken":7,"max_hp_gain":0,"max_hp_loss":0,"event_name":"Golden Wing","floor":7,"gold_loss":0},{"damage_healed":0,"gold_gain":0,"player_choice":"Entered Light","damage_taken":14,"max_hp_gain":0,"max_hp_loss":0,"event_name":"Shining Light","floor":11,"gold_loss":0,"cards_upgraded":["Auto Shields","Go for the Eyes"]},{"damage_healed":0,"gold_gain":0,"player_choice":"Ignored","damage_taken":0,"max_hp_gain":0,"max_hp_loss":0,"event_name":"Vampires","floor":19,"gold_loss":0},{"damage_healed":0,"gold_gain":0,"player_choice":"Gave Potion","damage_taken":0,"relics_obtained":["Oddly Smooth Stone"],"max_hp_gain":0,"max_hp_loss":0,"event_name":"WeMeetAgain","floor":20,"gold_loss":0},{"damage_healed":0,"gold_gain":0,"player_choice":"Fight","damage_taken":0,"max_hp_gain":0,"max_hp_loss":0,"event_name":"Colosseum","floor":28,"gold_loss":0},{"damage_healed":0,"gold_gain":0,"player_choice":"Fled From Nobs","damage_taken":0,"max_hp_gain":0,"max_hp_loss":0,"event_name":"Colosseum","floor":28,"gold_loss":0},{"damage_healed":0,"gold_gain":0,"player_choice":"Obtained Book","damage_taken":16,"max_hp_gain":0,"max_hp_loss":0,"event_name":"Cursed Tome","floor":29,"gold_loss":0}],"is_beta":false,"boss_relics":[{"not_picked":["Snecko Eye","Fusion Hammer"],"picked":"Tiny House"}],"items_purged_floors":[],"is_endless":false,"potions_floor_spawned":[3,10,14,16,21,22,24],"killed_by":"Collector","ascension_level":0}}