{"host":"ds1yr10zonoc6w4a","time":1609208047,"event":{"mods":["2.2 Compatiblity","AchievementEnabler","Act Like it!","BaseMod","Downfall","Elementarium","Gensokyo","Infinite Spire","Jorbs\u0027s Wanderer Trilogy","Koishi","Menagerie","Minty Spire (QoL Compilation)","Pale of the Ancients","StSLib","The Animator","Wandering Minibosses","vexMod","??????REMEMod"],"gold_per_floor":[115,115,127,302,70,70,70,112,112,143,167,167,167,167,167,272,272,286,298,58,58,88,113,113,147,147,199,292,282,324,386,386,528,528,559,106,182,230,230,230,288,288,288,327,327,520,552,581,581,608,608,608,530,580,647,647,481,125,200,200,200],"floor_reached":60,"playtime":21483,"items_purged":["animator:Strike","animator:Defend"],"score":1376,"play_id":"c1e4e7fa-f316-4044-b704-ba5f1c75e410","local_time":"20201228191407","is_ascension_mode":true,"campfire_choices":[{"data":"animator:Defend_TenSura","floor":6,"key":"SMITH"},{"data":"animator:Mikaela","floor":12,"key":"SMITH"},{"data":"animator:DolaSchwi","floor":15,"key":"SMITH"},{"floor":24,"key":"RECALL"},{"data":"animator:Cirno","floor":32,"key":"SMITH"},{"data":"animator:GoblinSlayer","floor":40,"key":"SMITH"},{"data":"infinitespire:Starlight","floor":42,"key":"SMITH"},{"data":"animator:Wiz","floor":49,"key":"SMITH"},{"data":"animator:PandorasActor","floor":52,"key":"SMITH"}],"circlet_count":0,"master_deck":["AscendersBane","animator:Strike_TenSura","animator:Defend_TenSura","animator:Benimaru","animator:Shuna","animator:Boros+1","animator:Saber+1","animator:DolaSchwi+1","animator:Mikaela+1","animator:Spearman","animator:Shalltear","animator:Shizu+1","animator:Mitsurugi+1","animator:Ainz","animator:Mitsuba","animator:Mitsuba+1","animator:Cirno","animator:PandorasActor+1","animator:Mitsurugi","animator:Demiurge+1","animator:Shalltear","animator:Vesta+1","Elementarium:GildedEssence","animator:Shalltear","sneckomod:UnknownRareAttack","animator:DolaRiku","animator:GoblinSlayer","animator:DolaCouronne","animator:Cocytus","animator:Wiz+1","animator:CowGirl","Bandage Up","animator:NarberalGamma","animator:AcuraAkari","animator:Assassin","animator:ElricAlphonse+1","animator:Sloth","animator:Millim+1","animator:Shimakaze","animator:Sebas"],"relics":["animator:TheEgnaroPiece","animator:LivingPicture","animator:TheMissingPiece","animator:AncientMedallion"],"acts_visited":["Exordium","Elementarium:Elementarium","Gensokyo:Gensokyoest","TheEnding","EYB:TheUnnamedReign"],"potions_floor_usage":[8,10,18,19,23,28,33,37,50,50,50,55,59,60],"damage_taken":[{"damage":0,"enemies":"Small Slimes","floor":1,"turns":3},{"damage":1,"enemies":"2 Louse","floor":3,"turns":4},{"damage":8,"enemies":"Gremlin Nob","floor":8,"turns":4},{"damage":0,"enemies":"Jaw Worm","floor":10,"turns":6},{"damage":0,"enemies":"Looter","floor":11,"turns":3},{"damage":7,"enemies":"The Guardian","floor":16,"turns":7},{"damage":23,"enemies":"Elementarium:VoidCorruption","floor":18,"turns":5},{"damage":5,"enemies":"Elementarium:MUD_AND_TAR_GOLEMS","floor":19,"turns":5},{"damage":4,"enemies":"Elementarium:VOID_CORRUPTION_AND_ORB_OF_FIRE","floor":22,"turns":5},{"damage":13,"enemies":"Elementarium:FIRE_NOBILITY","floor":23,"turns":7},{"damage":21,"enemies":"Elementarium:WarGolem","floor":25,"turns":5},{"damage":2,"enemies":"Elementarium:RubyGolem","floor":27,"turns":2},{"damage":0,"enemies":"Elementarium:CYCLONE_AND_ORB_OF_FIRE","floor":28,"turns":4},{"damage":0,"enemies":"Elementarium:VoidBeast","floor":30,"turns":3},{"damage":4,"enemies":"Elementarium:Hydrostalker","floor":31,"turns":7},{"damage":0,"enemies":"Elementarium:GolemEmperor","floor":33,"turns":6},{"damage":0,"enemies":"Gensokyo:3_Bats","floor":35,"turns":3},{"damage":0,"enemies":"Gensokyo:3_Boulders","floor":37,"turns":5},{"damage":10,"enemies":"Gensokyo:Dusk_and_Dawn","floor":38,"turns":4},{"damage":49,"enemies":"Gensokyo:Marisa","floor":41,"turns":4},{"damage":0,"enemies":"Gensokyo:AtlasGolem","floor":44,"turns":4},{"damage":0,"enemies":"Gensokyo:Doremy","floor":46,"turns":4},{"damage":7,"enemies":"Gensokyo:Rafflesia","floor":47,"turns":4},{"damage":0,"enemies":"Gensokyo:4_Bats","floor":48,"turns":3},{"damage":0,"enemies":"Gensokyo:Scarlet_Devils","floor":50,"turns":6},{"damage":25,"enemies":"animator:UNNAMED_CULTIST_1","floor":54,"turns":13},{"damage":51,"enemies":"animator:TRIPLE_SHAPES_WEAK","floor":55,"turns":11},{"damage":19,"enemies":"animator:TRIPLE_LAGAVULIN","floor":59,"turns":8},{"damage":54,"enemies":"animator:UNNAMED_CULTIST_2","floor":60,"turns":7}],"seed_played":"8034017985062547676","potions_obtained":[{"floor":3,"key":"Block Potion"},{"floor":8,"key":"Fire Potion"},{"floor":10,"key":"REME_GoldPotion"},{"floor":16,"key":"Guardian:BlockOnCardUsePotion"},{"floor":18,"key":"Guardian:BlockOnCardUsePotion"},{"floor":22,"key":"Strength Potion"},{"floor":27,"key":"SmokeBomb"},{"floor":31,"key":"SpeedPotion"},{"floor":33,"key":"GamblersBrew"},{"floor":44,"key":"Weak Potion"},{"floor":46,"key":"Strength Potion"},{"floor":47,"key":"Strength Potion"},{"floor":54,"key":"animator:FalseLifePotion"},{"floor":55,"key":"animator:FalseLifePotion"},{"floor":59,"key":"animator:FalseLifePotion"}],"is_trial":false,"path_per_floor":["M","?","M","?","$","R","?","E","T","M","M","R","?","?","R","B",null,"M","M","$","?","M","E","R","E","T","M","M","?","M","M","R","B",null,"M","COS","M","M","?","R","E","R","T","M","?","E","M","M","R","B",null,"R","??","M","M","T","?","$","M","M"],"character_chosen":"THE_ANIMATOR","items_purchased":["animator:WornHelmet","animator:Mitsuba","animator:Cirno","animator:AncientMedallion","animator:Shimakaze","animator:Sebas"],"campfire_rested":0,"item_purchase_floors":[5,20,20,58,58,58],"current_hp_per_floor":[47,47,51,51,51,51,51,46,46,52,52,52,52,57,57,57,68,50,48,48,48,50,43,43,28,28,26,27,27,30,32,32,37,65,68,68,74,68,51,51,9,9,9,28,35,65,58,58,58,77,77,77,86,65,36,36,36,36,33,0,0],"gold":200,"neow_bonus":"TRANSFORM_TWO_CARDS","is_daily":false,"chose_seed":false,"campfire_upgraded":8,"win_rate":0.0,"timestamp":1609208047,"path_taken":["M","?","M","?","?","R","?","E","T","M","M","R","?","?","R","BOSS","M","M","$","?","M","E","R","E","T","M","M","?","M","M","R","BOSS","M","COS","M","M","?","R","E","R","T","M","?","E","M","M","R","BOSS","R","??","M","M","T","?","$","M","M"],"items_purchased_type":["Relic","Card","Card","Relic","Card","Card"],"build_version":"2020-12-22","purchased_purges":2,"victory":false,"max_hp_per_floor":[66,66,66,66,66,66,66,66,66,66,66,66,66,71,71,72,72,72,72,72,72,72,72,72,73,73,73,74,74,74,74,74,74,74,74,74,74,75,75,75,77,77,77,77,77,77,77,77,77,77,77,77,86,86,86,86,86,86,86,86,86],"card_choices":[{"not_picked":["animator:ShinjiMatou","animator:Cocytus"],"picked":"animator:Mikaela","floor":1},{"not_picked":["animator:Jibril","animator:Mitsurugi"],"picked":"animator:Spearman","floor":3},{"not_picked":["animator:DolaRiku","animator:SakuraMatou"],"picked":"animator:Shalltear","floor":8},{"not_picked":["animator:Souei","animator:GazelDwargon"],"picked":"animator:Shizu","floor":10},{"not_picked":["animator:DwarfShaman","animator:MumenRider"],"picked":"animator:Mitsurugi","floor":11},{"not_picked":["animator:Saber","animator:Father"],"picked":"animator:Ainz","floor":16},{"not_picked":["animator:Hakurou+1","animator:Evileye"],"picked":"animator:Mitsuba","floor":18},{"not_picked":["animator:GazelDwargon","animator:CrowleyEusford","animator:Berserker"],"picked":"SKIP","floor":19},{"not_picked":["animator:Cocytus","animator:Sebas"],"picked":"animator:PandorasActor","floor":22},{"not_picked":["animator:Alexander","animator:Yoichi"],"picked":"animator:Mitsurugi","floor":23},{"not_picked":["animator:MaesHughes","animator:Millim"],"picked":"animator:Demiurge","floor":25},{"not_picked":["animator:Mitsuba","animator:Millim+1"],"picked":"animator:Shalltear","floor":27},{"not_picked":["animator:Souei","animator:Benimaru"],"picked":"animator:Vesta","floor":28},{"not_picked":["animator:Fredrika+1","animator:Rider"],"picked":"animator:Shalltear","floor":30},{"not_picked":["sneckomod:UnknownWeak+1","sneckomod:Unknown0Cost+1"],"picked":"sneckomod:UnknownRareAttack+1","floor":31},{"not_picked":["animator:Tatsumaki","animator:SilverFang"],"picked":"animator:DolaRiku+1","floor":31},{"not_picked":["animator:AcuraShin","animator:Guren"],"picked":"animator:GoblinSlayer","floor":33},{"not_picked":["animator:Mitsuba+1","animator:LizardPriest"],"picked":"animator:DolaCouronne+1","floor":35},{"not_picked":["animator:Sebas","animator:Ainz"],"picked":"animator:Cocytus","floor":37},{"not_picked":["animator:Greed","animator:NarberalGamma"],"picked":"animator:Wiz","floor":38},{"not_picked":["animator:RoyMustang","animator:Vesta"],"picked":"animator:CowGirl","floor":38},{"not_picked":["infinitespire:Menacing","infinitespire:Punishment"],"picked":"infinitespire:Starlight","floor":39},{"not_picked":["animator:DolaRiku","animator:Genos+1"],"picked":"animator:NarberalGamma","floor":41},{"not_picked":["animator:DwarfShaman+1","animator:SilverFang"],"picked":"animator:AcuraAkari+1","floor":44},{"not_picked":["animator:ShinjiMatou","animator:Rider"],"picked":"animator:Assassin","floor":46},{"not_picked":["animator:Kazuma","animator:ChaikaBohdan"],"picked":"animator:ElricAlphonse","floor":47},{"not_picked":["animator:Rider","animator:Priestess+1"],"picked":"animator:Sloth","floor":48},{"not_picked":["animator:IzunaHatsuse","animator:Gillette+1","animator:Lancer"],"picked":"SKIP","floor":54},{"not_picked":["animator:Shuna","animator:Benimaru"],"picked":"animator:Millim","floor":55},{"not_picked":["animator:Genos","animator:Sonic","animator:AcuraAkari"],"picked":"SKIP","floor":59}],"player_experience":576297,"relics_obtained":[{"floor":8,"key":"Matryoshka"},{"floor":9,"key":"REME_PuzzleBoxRelic"},{"floor":23,"key":"Paper Crane"},{"floor":25,"key":"MealTicket"},{"floor":26,"key":"Nunchaku"},{"floor":26,"key":"REME_ArchaeologicalTools"},{"floor":31,"key":"wanderingMiniBosses:OtherGremlinHorn"},{"floor":41,"key":"Bag of Preparation"},{"floor":43,"key":"Potion Belt"},{"floor":46,"key":"InkBottle"},{"floor":53,"key":"animator:TheEgnaroPiece"},{"floor":56,"key":"animator:AncientMedallion"},{"floor":57,"key":"animator:AncientMedallion"}],"event_choices":[{"damage_healed":0,"gold_gain":175,"player_choice":"AGREE","damage_taken":0,"max_hp_gain":0,"max_hp_loss":0,"event_name":"Liars Game","floor":4,"gold_loss":0,"cards_obtained":["Doubt"]},{"cards_removed":["animator:Defend"],"damage_healed":0,"gold_gain":0,"player_choice":"Forget","damage_taken":0,"max_hp_gain":0,"max_hp_loss":0,"event_name":"Living Wall","floor":13,"gold_loss":0},{"damage_healed":0,"gold_gain":0,"player_choice":"Donut","damage_taken":0,"max_hp_gain":5,"max_hp_loss":0,"event_name":"Big Fish","floor":14,"gold_loss":0},{"cards_removed":["Doubt"],"damage_healed":0,"gold_gain":0,"player_choice":"Burn","damage_taken":0,"max_hp_gain":0,"max_hp_loss":0,"event_name":"Elementarium:LostScrolls","floor":21,"gold_loss":0},{"damage_healed":0,"gold_gain":0,"player_choice":"Toss","damage_taken":0,"max_hp_gain":0,"max_hp_loss":0,"event_name":"Elementarium:OnrushingOffering","floor":29,"gold_loss":10,"cards_obtained":["Elementarium:GildedEssence"]}],"is_beta":false,"boss_relics":[{"not_picked":["Fusion Hammer","REME_ChargedStone"],"picked":"vexMod:EndlessSickness"},{"not_picked":["Astrolabe","Runic Dome"],"picked":"Coffee Dripper"}],"items_purged_floors":[5,20],"is_endless":false,"potions_floor_spawned":[3,8,10,16,18,22,27,31,33,44,46,47,55],"killed_by":"animator:UNNAMED_CULTIST_2","ascension_level":11}}