{"host":"hfxp6ue4pvwo3fit","time":1609276703,"event":{"mods":["AchievementEnabler","BaseMod","Colored Map","Colored Powertips","Highlight Path","HololiveMod","Minty Spire (QoL Compilation)","StSLib","SuperFastMode"],"gold_per_floor":[79,79,97,112,125,125,150,150,223,248,268,301,51,51,51,133,133,153,17,17,43,62,102,102,131,182,182,216,232,157,266,266,350,409,434,434,334,380,380,380,411,411,411,449,467,0,0,33,33,33,33,33],"floor_reached":51,"playtime":2065,"items_purged":["Hololive_CallArtia","Hololive_CallTokinoSora","Hololive_CallYogiri"],"score":2253,"play_id":"77af9816-d7b7-4373-a81c-8ad935c12c14","local_time":"20201229151823","is_ascension_mode":true,"campfire_choices":[{"data":"Hololive_Breathe","floor":6,"key":"SMITH"},{"data":"Hololive_CallUsadaPekora","floor":8,"key":"SMITH"},{"data":"Hololive_ManjiGathering","floor":15,"key":"SMITH"},{"data":"Hololive_CallYozoraMel","floor":24,"key":"SMITH"},{"data":"Hololive_StrengthChampion+1","floor":27,"key":"SMITH"},{"data":"Hololive_StrengthChampion+2","floor":32,"key":"SMITH"},{"data":"Hololive_StrengthChampion+3","floor":40,"key":"SMITH"},{"data":"Hololive_StrengthChampion+4","floor":42,"key":"SMITH"},{"data":"Hololive_StrengthChampion+5","floor":49,"key":"SMITH"}],"circlet_count":0,"master_deck":["AscendersBane","Hololive_Strike+1","Hololive_Defend","Hololive_Defend","Hololive_Sequa","Hololive_CallUsadaPekora+1","Hololive_CallUsadaPekora+1","Hololive_StrengthChampion+6","Hololive_LuckPotion","Hololive_Breathe+1","Hololive_Rebound","Hololive_CallMomosuzuNene+21","Hololive_CocoNews","Hololive_ManjiGathering+1","Hololive_Thief","Hololive_Breathe+1","Hololive_CallYozoraMel+1","Hololive_CallUsadaPekora","Hololive_ILoveYou","Hololive_CandyCastle","Hololive_Rebound+1","Hololive_Recruit+1","Hololive_CallYozoraMel","Hololive_CandyCastle"],"relics":["Hololive_TheStar","Thread and Needle","Darkstone Periapt","CeramicFish","The Courier","Medical Kit","Strawberry","Coffee Dripper","Letter Opener","Whetstone","Du-Vu Doll","Pantograph","Tiny House","Bird Faced Urn","Juzu Bracelet","Kunai","StrikeDummy","Red Mask","Akabeko"],"acts_visited":["Exordium","TheCity","TheBeyond"],"potions_floor_usage":[10,16,28,38,50,51],"damage_taken":[{"damage":0,"enemies":"Small Slimes","floor":1,"turns":4},{"damage":0,"enemies":"Cultist","floor":3,"turns":4},{"damage":0,"enemies":"2 Louse","floor":4,"turns":3},{"damage":0,"enemies":"Large Slime","floor":5,"turns":5},{"damage":0,"enemies":"Lagavulin","floor":7,"turns":5},{"damage":0,"enemies":"Gremlin Nob","floor":10,"turns":4},{"damage":0,"enemies":"Looter","floor":11,"turns":4},{"damage":0,"enemies":"Lagavulin","floor":12,"turns":4},{"damage":0,"enemies":"Slime Boss","floor":16,"turns":7},{"damage":0,"enemies":"Shell Parasite","floor":18,"turns":3},{"damage":0,"enemies":"2 Thieves","floor":21,"turns":4},{"damage":8,"enemies":"Snake Plant","floor":22,"turns":4},{"damage":0,"enemies":"Book of Stabbing","floor":23,"turns":4},{"damage":0,"enemies":"3 Cultists","floor":25,"turns":4},{"damage":3,"enemies":"Slavers","floor":28,"turns":4},{"damage":0,"enemies":"Cultist and Chosen","floor":29,"turns":4},{"damage":0,"enemies":"Colosseum Slavers","floor":31,"turns":3},{"damage":0,"enemies":"Colosseum Nobs","floor":31,"turns":3},{"damage":0,"enemies":"Collector","floor":33,"turns":5},{"damage":0,"enemies":"3 Darklings","floor":35,"turns":4},{"damage":0,"enemies":"2 Orb Walkers","floor":38,"turns":3},{"damage":0,"enemies":"Giant Head","floor":41,"turns":6},{"damage":0,"enemies":"Nemesis","floor":44,"turns":5},{"damage":0,"enemies":"Orb Walker","floor":45,"turns":3},{"damage":0,"enemies":"Giant Head","floor":48,"turns":6},{"damage":0,"enemies":"Donu and Deca","floor":50,"turns":6},{"damage":71,"enemies":"Awakened One","floor":51,"turns":6}],"seed_played":"-5240315699903865818","potions_obtained":[{"floor":3,"key":"Ancient Potion"},{"floor":5,"key":"Ancient Potion"},{"floor":10,"key":"SkillPotion"},{"floor":21,"key":"Regen Potion"},{"floor":23,"key":"EssenceOfSteel"},{"floor":29,"key":"ColorlessPotion"},{"floor":38,"key":"LiquidBronze"}],"is_trial":false,"path_per_floor":["M","?","M","M","M","R","E","R","T","E","M","E","$","?","R","B",null,"M","$","?","M","M","E","R","M","T","R","E","M","?","?","R","B",null,"M","?","$","?","?","R","E","R","T","E","M","?","?","E","R","B","B"],"character_chosen":"Hololive_HololiveCharacter","items_purchased":["Hololive_ManjiGathering","Medical Kit","Hololive_CallYozoraMel"],"campfire_rested":0,"item_purchase_floors":[13,13,19],"current_hp_per_floor":[27,32,32,32,32,32,32,32,32,32,32,32,32,39,39,39,41,41,41,41,41,33,33,33,42,42,42,42,42,42,42,42,42,47,47,47,47,47,47,47,47,47,47,47,47,47,45,45,45,45,0,0],"gold":33,"neow_bonus":"UPGRADE_CARD","is_daily":false,"chose_seed":false,"campfire_upgraded":9,"win_rate":0.0,"timestamp":1609276703,"path_taken":["M","?","M","M","M","R","E","R","T","E","M","E","$","?","R","BOSS","M","?","?","M","M","E","R","M","T","R","E","M","?","?","R","BOSS","M","?","$","?","?","R","E","R","T","E","M","?","?","E","R","BOSS","BOSS"],"items_purchased_type":["Card","Relic","Card"],"build_version":"2020-12-22","purchased_purges":3,"victory":false,"max_hp_per_floor":[30,35,35,35,35,35,35,35,35,35,35,35,35,42,42,42,42,42,42,42,42,42,42,42,42,42,42,42,42,42,42,42,42,47,47,47,47,47,47,47,47,47,47,47,47,47,45,45,45,45,45,45],"card_choices":[{"not_picked":["Hololive_Drill","Hololive_RevenueBasedLive","Hololive_Watashimo"],"picked":"Hololive_StrengthChampion","floor":1},{"not_picked":["Hololive_SummonFox","Hololive_Drill","Hololive_RevenueBasedLive"],"picked":"Hololive_LuckPotion","floor":3},{"not_picked":["Hololive_Trident","Hololive_CallHoushouMarine","Hololive_CallNekomataOkayu"],"picked":"Hololive_Breathe","floor":4},{"not_picked":["Hololive_HuntDinosaur","Hololive_LuckPotion","Hololive_FlyingPonyTail"],"picked":"Hololive_Rebound","floor":5},{"not_picked":["Hololive_FlareMind","Hololive_LuckPotion","Hololive_StrengthChampion"],"picked":"Hololive_CallMomosuzuNene","floor":7},{"not_picked":["Hololive_Rebound","Hololive_Drill","Hololive_CallAkaiHaato","Hololive_CallFriendA"],"picked":"SKIP","floor":10},{"not_picked":["Hololive_LuckPotion","Hololive_HuntDinosaur","Hololive_Sequa"],"picked":"Hololive_CocoNews","floor":11},{"not_picked":["Hololive_SoulCatcher","Hololive_StrengthChampion","Hololive_FlareMind","Hololive_Trident"],"picked":"SKIP","floor":12},{"not_picked":["Hololive_OpenUp","Hololive_DurableLive","Hololive_Recruit"],"picked":"Hololive_Thief","floor":16},{"not_picked":["Hololive_Sequa","Hololive_CallAkaiHaato","Hololive_Trident"],"picked":"Hololive_Breathe+1","floor":18},{"not_picked":["Hololive_Watashimo","Hololive_SummonFox","Hololive_OvertimeWork"],"picked":"Hololive_CallUsadaPekora","floor":21},{"not_picked":["Hololive_CallAmaneKanata","Hololive_Drill","Hololive_OvertimeWork","Hololive_CallYozoraMel"],"picked":"SKIP","floor":22},{"not_picked":["Hololive_BringToTrial","Hololive_Rebound","Hololive_CallShishiroBotan"],"picked":"Hololive_ILoveYou","floor":23},{"not_picked":["Hololive_ILoveYou","Hololive_CallMinatoAqua","Hololive_CallRoboco"],"picked":"Hololive_CandyCastle","floor":25},{"not_picked":["Hololive_Psychosis","Hololive_StrengthChampion","Hololive_Breathe","Hololive_CallFriendA"],"picked":"SKIP","floor":28},{"not_picked":["Hololive_CallAkaiHaato+1","Hololive_LuckPotion","Hololive_Breathe+1","Hololive_Rebound"],"picked":"SKIP","floor":29},{"not_picked":["Hololive_CallOzoraSubaru","Hololive_CallFriendA","Hololive_BringToTrial"],"picked":"Hololive_Rebound+1","floor":31},{"not_picked":["Hololive_ASMR","Hololive_ScarfAndHalo","Hololive_OpenUp"],"picked":"Hololive_Recruit","floor":33},{"not_picked":["Hololive_CallArtia","Hololive_LuckPotion","Hololive_OvertimeWork"],"picked":"Hololive_CallYozoraMel","floor":34},{"not_picked":["Hololive_StrengthChampion","Hololive_Sequa","Hololive_Psychosis"],"picked":"Hololive_CallTsunomakiWatame+1","floor":35},{"not_picked":["Hololive_RevenueBasedLive","Hololive_CallRoboco+1","Hololive_Breathe+1","Hololive_CallSakuraMiko+1"],"picked":"SKIP","floor":41},{"not_picked":["Hololive_LuckPotion","Hololive_FlyingPonyTail+1","Hololive_Sequa+1"],"picked":"Hololive_CandyCastle","floor":44},{"not_picked":["Hololive_CallShishiroBotan","Hololive_HuntDinosaur","Hololive_OvertimeWork","Hololive_RevenueBasedLive"],"picked":"SKIP","floor":45},{"not_picked":["Hololive_CallAkaiHaato","Hololive_HuntDinosaur","Hololive_Trident+1","Hololive_DevilCharm"],"picked":"SKIP","floor":48}],"player_experience":516752,"relics_obtained":[{"floor":7,"key":"Thread and Needle"},{"floor":9,"key":"Darkstone Periapt"},{"floor":10,"key":"CeramicFish"},{"floor":12,"key":"The Courier"},{"floor":14,"key":"Strawberry"},{"floor":23,"key":"Letter Opener"},{"floor":26,"key":"Whetstone"},{"floor":31,"key":"Du-Vu Doll"},{"floor":31,"key":"Pantograph"},{"floor":38,"key":"Bird Faced Urn"},{"floor":41,"key":"Juzu Bracelet"},{"floor":43,"key":"Kunai"},{"floor":44,"key":"StrikeDummy"},{"floor":48,"key":"Akabeko"}],"event_choices":[{"damage_healed":0,"gold_gain":0,"player_choice":"Donut","damage_taken":0,"max_hp_gain":5,"max_hp_loss":0,"event_name":"Big Fish","floor":2,"gold_loss":0},{"damage_healed":0,"gold_gain":0,"player_choice":"Relic","damage_taken":0,"max_hp_gain":0,"max_hp_loss":0,"event_name":"Wheel of Change","floor":14,"gold_loss":0},{"damage_healed":0,"gold_gain":0,"player_choice":"Ignored","damage_taken":0,"max_hp_gain":0,"max_hp_loss":0,"event_name":"Vampires","floor":20,"gold_loss":0},{"cards_removed":["Hololive_Strike"],"damage_healed":0,"gold_gain":0,"player_choice":"Gave Gold","damage_taken":0,"max_hp_gain":0,"max_hp_loss":0,"event_name":"Beggar","floor":30,"gold_loss":75},{"damage_healed":0,"gold_gain":0,"player_choice":"Fight","damage_taken":0,"max_hp_gain":0,"max_hp_loss":0,"event_name":"Colosseum","floor":31,"gold_loss":0},{"damage_healed":0,"gold_gain":0,"player_choice":"Fought Nobs","damage_taken":0,"max_hp_gain":0,"max_hp_loss":0,"event_name":"Colosseum","floor":31,"gold_loss":0},{"damage_healed":0,"gold_gain":0,"player_choice":"Memory 1","damage_taken":0,"max_hp_gain":0,"max_hp_loss":0,"event_name":"SensoryStone","floor":36,"gold_loss":0},{"damage_healed":0,"gold_gain":0,"player_choice":"Fight","damage_taken":0,"max_hp_gain":0,"max_hp_loss":0,"event_name":"Mysterious Sphere","floor":38,"gold_loss":0},{"cards_removed":["Hololive_CallTsunomakiWatame"],"damage_healed":0,"gold_gain":0,"player_choice":"Removed Power","damage_taken":0,"max_hp_gain":0,"max_hp_loss":0,"event_name":"Falling","floor":39,"gold_loss":0},{"damage_healed":0,"gold_gain":0,"player_choice":"Paid","damage_taken":0,"relics_obtained":["Red Mask"],"max_hp_gain":0,"max_hp_loss":0,"event_name":"Tomb of Lord Red Mask","floor":46,"gold_loss":467},{"damage_healed":0,"gold_gain":0,"player_choice":"Max HP","damage_taken":0,"max_hp_gain":0,"max_hp_loss":2,"event_name":"Winding Halls","floor":47,"gold_loss":0}],"is_beta":false,"boss_relics":[{"not_picked":["Philosopher\u0027s Stone","Fusion Hammer"],"picked":"Coffee Dripper"},{"not_picked":["SlaversCollar","Snecko Eye"],"picked":"Tiny House"}],"items_purged_floors":[13,19,37],"is_endless":false,"potions_floor_spawned":[3,5,10,21,23,29,31,38,44,48],"killed_by":"Awakened One","ascension_level":20}}