{"host":"cuki0l1gmktphd86","time":1609241785,"event":{"mods":["10 clothes from DAL","ATMod(阿瑾Mod)","BaseMod","Challenge The Spire","Decade(王小明)","Downfall","Luminous","Minty Spire (QoL Compilation)","MostiFishMod","StSLib","noobMod","【角色mod】十八桐人","【遗物Mod】死灵法师NEW","【遗物卡牌】REMEMod"],"gold_per_floor":[116,116,49,68,88,116,116,134,134,134,8,26,43,78,78,182,182,202,220,236,236,255,284,284,284,284,209,219,36,36,49,49,148,148,167,77,90,108,126,155,172,57,57,57,67,84,115,134,134,134],"floor_reached":51,"playtime":1900,"items_purged":[],"score":985,"play_id":"65263ec1-31f5-41f1-ba5b-1a8cd685336e","local_time":"20201229193625","is_ascension_mode":true,"campfire_choices":[{"data":"PrometheusPower","floor":7,"key":"SMITH"},{"data":"FormRide","floor":15,"key":"SMITH"},{"data":"NMDAZYYGL","floor":25,"key":"SMITH"},{"data":"Kuuga_Rising","floor":32,"key":"SMITH"},{"data":"DecadeViolentEmotion","floor":49,"key":"SMITH"}],"circlet_count":0,"master_deck":["KamenRide","Decade_SpecialSkill","Decade_Defend","Decade_Defend","Decade_Defend","Decade_Defend","MostiFishMod:LegendTransform","RideBooker_Skill_2","UnarmedAttack8","PrometheusPower+1","FormRideTitan","FormRide+1","FormRideDragon","Blade_Beat","FormRideStorm+9","UnarmedAttack3","UnarmedAttack1+1","DecadeViolentEmotion+1","DenO_Climax","KamenRideAgito+1","NMDAZYYGL+1","FormRideFlame+7","UnarmedAttack5+1","UnarmedAttack1+1","Blade_Kick","Kuuga_Rising+1","DragShield","Bite","Bite","Bite","Bite","Bite","AttackRide","FormRideFlame+4","Blade_Beat+1","MirrorWorld","FormRideStorm+5","Blade_Beat+1","PrometheusPower+1","PrometheusPower+1","UnarmedAttack5+1","UnarmedAttack4"],"relics":["Decadriver","TOEIDeficitBill","ice","AT_ATBox","REME_ComplimentaryCards","DaveBox","NeowsBlessing","Civilization","SynthV:TestCard","The Courier","REME_HourglassOfDeath","SSSystem","Nunchaku","xbg","Pen Nib","Enchiridion","Mercury Hourglass","AT_SpeedBoots","RhineSuit","White Beast Statue","ZombieArmy","Oddly Smooth Stone"],"acts_visited":["Exordium","TheCity","TheBeyond"],"potions_floor_usage":[],"damage_taken":[{"damage":0,"enemies":"Jaw Worm","floor":1,"turns":1},{"damage":0,"enemies":"Cultist","floor":4,"turns":1},{"damage":0,"enemies":"2 Louse","floor":5,"turns":2},{"damage":51,"enemies":"3 Sentries","floor":6,"turns":10},{"damage":12,"enemies":"Exordium Thugs","floor":8,"turns":4},{"damage":20,"enemies":"3 Louse","floor":12,"turns":3},{"damage":0,"enemies":"Looter","floor":13,"turns":2},{"damage":0,"enemies":"Lagavulin","floor":14,"turns":6},{"damage":41,"enemies":"Hexaghost","floor":16,"turns":7},{"damage":0,"enemies":"Chosen","floor":18,"turns":2},{"damage":0,"enemies":"2 Thieves","floor":19,"turns":3},{"damage":10,"enemies":"Sentry and Sphere","floor":20,"turns":4},{"damage":0,"enemies":"Snake Plant","floor":21,"turns":1},{"damage":0,"enemies":"Centurion and Healer","floor":22,"turns":3},{"damage":13,"enemies":"Slavers","floor":23,"turns":4},{"damage":8,"enemies":"Snecko","floor":28,"turns":3},{"damage":0,"enemies":"Snake Plant","floor":31,"turns":1},{"damage":31,"enemies":"Collector","floor":33,"turns":5},{"damage":0,"enemies":"Orb Walker","floor":35,"turns":2},{"damage":5,"enemies":"3 Shapes","floor":37,"turns":2},{"damage":0,"enemies":"Maw","floor":38,"turns":1},{"damage":0,"enemies":"Jaw Worm Horde","floor":39,"turns":4},{"damage":0,"enemies":"Giant Head","floor":40,"turns":2},{"damage":0,"enemies":"Writhing Mass","floor":41,"turns":3},{"damage":0,"enemies":"3 Darklings","floor":45,"turns":1},{"damage":0,"enemies":"Maw","floor":46,"turns":1},{"damage":0,"enemies":"Nemesis","floor":47,"turns":3},{"damage":0,"enemies":"Jaw Worm Horde","floor":48,"turns":1},{"damage":29,"enemies":"Donu and Deca","floor":50,"turns":4}],"seed_played":"-7436948803555632309","potions_obtained":[{"floor":5,"key":"Weak Potion"},{"floor":6,"key":"SkillPotion"},{"floor":14,"key":"Regen Potion"}],"is_trial":false,"path_per_floor":["M","?","$","M","M","E","R","M","T","?","$","M","M","E","R","B",null,"M","M","M","M","M","E","?","R","T","?","M","$","?","M","R","B",null,"M","?","M","M","M","E","M","$","T","?","M","M","E","M","R","B",null],"character_chosen":"Decade","items_purchased":["UnarmedAttack8","SSSystem","AT_SpeedBoots","DragShield","ZombieArmy"],"campfire_rested":0,"item_purchase_floors":[3,11,29,29,42],"current_hp_per_floor":[71,81,81,83,87,68,68,65,65,65,65,65,78,92,92,66,157,173,191,202,222,244,255,239,239,239,239,256,256,211,237,237,235,266,296,296,323,361,363,432,426,426,426,426,512,556,601,649,649,684],"gold":134,"neow_bonus":"THREE_ENEMY_KILL","is_daily":false,"chose_seed":false,"campfire_upgraded":5,"win_rate":0.0,"timestamp":1609241785,"path_taken":["M","?","$","?","?","E","R","M","T","?","?","M","M","E","R","BOSS","M","M","M","M","M","E","?","R","T","?","M","$","?","M","R","BOSS","M","?","M","?","M","E","M","$","T","?","M","?","E","M","R","BOSS"],"items_purchased_type":["Card","Relic","Relic","Card","Relic"],"build_version":"2020-12-22","purchased_purges":0,"victory":true,"max_hp_per_floor":[71,81,81,83,87,94,94,103,103,103,103,115,128,142,142,157,157,173,191,211,231,253,277,277,277,277,277,302,302,211,237,237,266,266,296,296,328,361,396,432,469,469,469,469,512,556,601,649,649,699],"card_choices":[{"not_picked":["Decade_Dash1","Decade_Defend2"],"picked":"RideBooker_Skill_2","floor":1},{"not_picked":["DragShield","Hibiki_Attack3","RideBooker_Skill_1","FormRideDogga"],"picked":"PrometheusPower","floor":4},{"not_picked":["DenO_Ax","DenO_Gun","Decade_Defend2","DenO_Sword"],"picked":"FormRideTitan","floor":5},{"not_picked":["UnarmedAttack8","FormRideAxel","MirrorWorld","Decade_Dash2"],"picked":"KamenRideBlade","floor":5},{"not_picked":["RideBooker_Skill_3","FormRideTitan","Blade_Slash","DenO_Sword"],"picked":"FormRide","floor":6},{"not_picked":["FormRideDogga","UnarmedAttack3","Kiva_Frozen","UnarmedAttack9"],"picked":"FormRideDragon","floor":6},{"not_picked":["FormRidePegasus","UnarmedAttack3","RideBooker","DenO_Gun"],"picked":"Blade_Beat","floor":8},{"not_picked":["FormRideBasshaa","DenO_Rod","PhotonAcceleration","FormRideJack"],"picked":"KamenRideKiva","floor":8},{"not_picked":["Decade_Invisible","UnarmedAttack7","PhotonAcceleration","Kiva_Frozen"],"picked":"KamenRideFaiz","floor":12},{"not_picked":["KamenRideDenO","Hibiki_FEVER","Decade_Dash1","KamenRideHibiki"],"picked":"FormRideStorm","floor":12},{"not_picked":["KamenRideDecade","DenO_Rod","Hibiki_Attack2","AutoVajin"],"picked":"UnarmedAttack3","floor":13},{"not_picked":["RideBooker_Skill_2","Kiva_Eat","Blade_Slash","FormRideStorm"],"picked":"UnarmedAttack1","floor":14},{"not_picked":["FormRideBasshaa","FormRidePegasus","Kiva_Swallow","Decade_Dash2","KamenRideKiva"],"picked":"SKIP","floor":14},{"not_picked":["Kiva_Swallow","DenO_Climax","Kuuga_Rising","FormRideAxel"],"picked":"DecadeViolentEmotion","floor":16},{"not_picked":["Kiva_Eat","Hibiki_FEVER","UnarmedAttack9","DecadeViolentEmotion"],"picked":"DenO_Climax","floor":16},{"not_picked":["RideBooker+1","FormRideBasshaa+1","AutoVajin+1","DragShield"],"picked":"KamenRideAgito+1","floor":18},{"not_picked":["Hibiki_Attack2","Kiva_Bats","Decade_Dash1","FormRidePegasus"],"picked":"NMDAZYYGL","floor":19},{"not_picked":["KamenRideBlade","FormRideBasshaa","PhotonAcceleration","RideBooker_Skill_1+1"],"picked":"FormRideFlame","floor":19},{"not_picked":["Hibiki_Attack2","FormRideTitan","DenO_Sword","FormRideBasshaa+1"],"picked":"UnarmedAttack5+1","floor":20},{"not_picked":["Decade_Dash1","FormRideTitan","Kiva_Eat","Decade_Defend2"],"picked":"UnarmedAttack1+1","floor":21},{"not_picked":["KamenRideDenO","Hibiki_Attack1+1","PhotonAcceleration","FormRideGaruru"],"picked":"Blade_Kick","floor":22},{"not_picked":["FormRideAxel","FormRideDogga","Hibiki_Attack2","FormRideDragon+1","UnarmedAttack3+1"],"picked":"SKIP","floor":23},{"not_picked":["FormRideTitan+1","RideBooker_Skill_3","UnarmedAttack5","KamenRideHibiki","Hibiki_Attack1"],"picked":"SKIP","floor":23},{"not_picked":["Blade_Mach","FormRideDogga","UnarmedAttack6","FormRide+1"],"picked":"Kuuga_Rising","floor":28},{"not_picked":["Decade_Dash1","Blade_Beat","Hibiki_Attack1","KamenRideKabuto","DenO_Gun"],"picked":"SKIP","floor":28},{"not_picked":["FormRideFlame","RideBooker","KamenRideDecade","UnarmedAttack4+1"],"picked":"AttackRide","floor":31},{"not_picked":["RideBooker+1","AttackRide","Decade_Defend3","Decade_Dash2"],"picked":"FormRideFlame","floor":35},{"not_picked":["Decade_Defend3+1","KamenRideHibiki+1","RideBooker","Blade_Metal+1"],"picked":"Blade_Beat+1","floor":35},{"not_picked":["Kabuto_ClockUp","FormRideBasshaa","RideBooker","FormRideTitan+1"],"picked":"MirrorWorld","floor":37},{"not_picked":["RideBooker_Skill_1","UnarmedAttack6+1","Decade_Dash2","Hibiki_Attack2+1","Hibiki_Attack1+1"],"picked":"SKIP","floor":37},{"not_picked":["KamenRideDecade","UnarmedAttack1+1","FormRideDogga+1","Decade_Defend2"],"picked":"FormRideStorm+1","floor":38},{"not_picked":["Kiva_Bats+1","RideBooker_Skill_1","RideBooker_Skill_2+1","Decade_Dash1+1"],"picked":"Blade_Beat+1","floor":39},{"not_picked":["DenO_Rod+1","UnarmedAttack5+1","RideBooker_Skill_3+1","KamenRideKiva+1","Kiva_Eat"],"picked":"SKIP","floor":40},{"not_picked":["Decade_Invisible+1","FormRideTitan","Kabuto_ClockUp","DenO_Sword","KamenRideAgito"],"picked":"SKIP","floor":40},{"not_picked":["KamenRideRyuki","UnarmedAttack3","KamenRideFaiz+1","FormRideStorm","KamenRideKuuga"],"picked":"SKIP","floor":41},{"not_picked":["FormRideGaruru","PhotonAcceleration+1","RideBooker_Skill_1+1","FormRideBasshaa","FormRideAxel"],"picked":"SKIP","floor":41},{"not_picked":["DenO_Sword","Hibiki_Attack1+1","AutoVajin","Decade_Invisible","UnarmedAttack3+1"],"picked":"SKIP","floor":45},{"not_picked":["FormRideTitan+1","AutoVajin+1","DenO_Gun","UnarmedAttack5+1"],"picked":"PrometheusPower+1","floor":46},{"not_picked":["Kabuto_ClockUp","UnarmedAttack1","KamenRideDecade","Blade_Slash"],"picked":"UnarmedAttack5+1","floor":47},{"not_picked":["KamenRideDenO+1","FormRideGaruru","Hibiki_Attack3","DragClaw","DenO_Rod+1"],"picked":"SKIP","floor":47},{"not_picked":["Blade_Slash","KamenRideFaiz+1","AutoVajin","FormRidePegasus"],"picked":"UnarmedAttack4","floor":48}],"player_experience":81038,"relics_obtained":[{"floor":1,"key":"SynthV:TestCard"},{"floor":6,"key":"The Courier"},{"floor":9,"key":"REME_HourglassOfDeath"},{"floor":14,"key":"Nunchaku"},{"floor":23,"key":"Pen Nib"},{"floor":24,"key":"Enchiridion"},{"floor":26,"key":"Mercury Hourglass"},{"floor":40,"key":"White Beast Statue"},{"floor":47,"key":"Oddly Smooth Stone"}],"event_choices":[{"cards_removed":["AT_KingSlayer"],"damage_healed":0,"gold_gain":0,"player_choice":"Offered Rare","damage_taken":0,"max_hp_gain":10,"max_hp_loss":0,"event_name":"Bonfire Elementals","floor":2,"gold_loss":0},{"cards_removed":["KamenRideBlade"],"damage_healed":0,"gold_gain":0,"player_choice":"Purged","damage_taken":0,"max_hp_gain":0,"max_hp_loss":0,"event_name":"Purifier","floor":10,"gold_loss":0},{"damage_healed":0,"gold_gain":0,"player_choice":"Obtained Book","damage_taken":16,"max_hp_gain":0,"max_hp_loss":0,"event_name":"Cursed Tome","floor":24,"gold_loss":0},{"cards_removed":["KamenRideKiva"],"damage_healed":0,"gold_gain":0,"player_choice":"Gave Gold","damage_taken":0,"max_hp_gain":0,"max_hp_loss":0,"event_name":"Beggar","floor":27,"gold_loss":75},{"damage_healed":0,"gold_gain":0,"player_choice":"Became a vampire","damage_taken":0,"max_hp_gain":0,"max_hp_loss":91,"event_name":"Vampires","floor":30,"gold_loss":0,"cards_obtained":["Bite","Bite","Bite","Bite","Bite"]},{"cards_removed":["KamenRideFaiz"],"damage_healed":0,"gold_gain":0,"player_choice":"Upgrade and Remove","damage_taken":0,"max_hp_gain":0,"max_hp_loss":0,"event_name":"Designer","floor":36,"gold_loss":90,"cards_upgraded":["UnarmedAttack1"]},{"damage_healed":0,"gold_gain":0,"player_choice":"Copied","damage_taken":0,"max_hp_gain":0,"max_hp_loss":0,"event_name":"Duplicator","floor":44,"gold_loss":0,"cards_obtained":["PrometheusPower"]}],"is_beta":false,"boss_relics":[{"not_picked":["TakeMeEscape","RhineFirstAidKit"],"picked":"xbg"},{"not_picked":["OneHitWonderSystem","TimeKeys"],"picked":"RhineSuit"}],"items_purged_floors":[],"is_endless":false,"potions_floor_spawned":[5,6,14,18,19,20,31,35,38,40,41,45,46,47,48],"ascension_level":1}}