{"host":"9l1knhxfturzliqa","time":1609232289,"event":{"mods":["BaseMod","Colored Map","Colored Powertips","DeckTracker","Highlight Path","Keyboard Shortcuts","Minty Spire (QoL Compilation)","Quick Restart","Random Character Button"],"gold_per_floor":[109,69,86,98,116,145,145,165,188,188,188,202,83,101,101,202,202,219,144,144,94,114,114,126,126,126,153,31,31,47,47,47,142,142,157,173,173,184,134,169,169,179,179,179,279,297,297,315,315,315],"floor_reached":51,"playtime":6422,"items_purged":["Pain","Defend_B","Injury","Defend_B"],"score":875,"play_id":"140cfcac-56c1-458b-a77f-3f0e70fe8c5b","local_time":"20201229175809","is_ascension_mode":true,"campfire_choices":[{"data":"Core Surge","floor":7.0,"key":"SMITH"},{"data":"Dualcast","floor":15.0,"key":"SMITH"},{"data":"Echo Form","floor":23.0,"key":"SMITH"},{"data":"Sunder","floor":25.0,"key":"SMITH"},{"data":"Consume","floor":29.0,"key":"SMITH"},{"data":"Force Field","floor":32.0,"key":"SMITH"},{"data":"Buffer","floor":41.0,"key":"SMITH"},{"data":"Skim","floor":44,"key":"SMITH"},{"data":"Hologram","floor":47,"key":"SMITH"},{"data":"Zap","floor":49,"key":"SMITH"}],"circlet_count":0,"master_deck":["Strike_B+1","Defend_B","Defend_B","Zap+1","Dualcast+1","Doom and Gloom","Leap","Self Repair+1","Core Surge+1","Chill","Skim+1","Sunder+1","Hologram+1","Echo Form+1","Coolheaded","Force Field+1","Consume+1","Loop+1","Buffer+1","White Noise+1","BootSequence+1","Lockon+1"],"relics":["Cracked Core","Smiling Mask","Bag of Preparation","WarpedTongs","Cursed Key","Nilry\u0027s Codex","InkBottle","Ancient Tea Set","Coffee Dripper","Bag of Marbles"],"acts_visited":["Exordium","TheCity","TheBeyond"],"potions_floor_usage":[46],"damage_taken":[{"damage":7.0,"enemies":"Jaw Worm","floor":1.0,"turns":5.0},{"damage":0.0,"enemies":"Cultist","floor":3.0,"turns":3.0},{"damage":0.0,"enemies":"Small Slimes","floor":4.0,"turns":3.0},{"damage":18.0,"enemies":"Exordium Thugs","floor":5.0,"turns":5.0},{"damage":35.0,"enemies":"Lagavulin","floor":6.0,"turns":7.0},{"damage":9.0,"enemies":"3 Louse","floor":8.0,"turns":3.0},{"damage":6.0,"enemies":"Exordium Wildlife","floor":12.0,"turns":3.0},{"damage":0.0,"enemies":"Lots of Slimes","floor":14.0,"turns":2.0},{"damage":27.0,"enemies":"The Guardian","floor":16.0,"turns":9.0},{"damage":2.0,"enemies":"Chosen","floor":18.0,"turns":4.0},{"damage":6.0,"enemies":"3 Byrds","floor":22.0,"turns":3.0},{"damage":3.0,"enemies":"Cultist and Chosen","floor":24.0,"turns":5.0},{"damage":16.0,"enemies":"Book of Stabbing","floor":27.0,"turns":4.0},{"damage":11.0,"enemies":"Centurion and Healer","floor":30.0,"turns":6.0},{"damage":22.0,"enemies":"Champ","floor":33.0,"turns":9.0},{"damage":29.0,"enemies":"3 Darklings","floor":35.0,"turns":5.0},{"damage":0.0,"enemies":"Orb Walker","floor":36.0,"turns":5.0},{"damage":13.0,"enemies":"Jaw Worm Horde","floor":38.0,"turns":3.0},{"damage":0.0,"enemies":"Giant Head","floor":40.0,"turns":7.0},{"damage":0.0,"enemies":"Writhing Mass","floor":42.0,"turns":4.0},{"damage":0,"enemies":"4 Shapes","floor":46,"turns":2},{"damage":0,"enemies":"Transient","floor":48,"turns":5},{"damage":35,"enemies":"Time Eater","floor":50,"turns":8}],"seed_played":"5354100580881346787","potions_obtained":[{"floor":2.0,"key":"Fire Potion"},{"floor":2.0,"key":"EssenceOfDarkness"},{"floor":2.0,"key":"Regen Potion"},{"floor":4.0,"key":"SkillPotion"},{"floor":12.0,"key":"Energy Potion"},{"floor":14.0,"key":"FearPotion"},{"floor":16.0,"key":"FearPotion"},{"floor":18.0,"key":"PotionOfCapacity"},{"floor":24.0,"key":"PowerPotion"},{"floor":33.0,"key":"Explosive Potion"},{"floor":36.0,"key":"FearPotion"},{"floor":42.0,"key":"Fire Potion"}],"is_trial":false,"path_per_floor":["M","?","M","M","M","E","R","M","T","?","?","M","$","M","R","B",null,"M","?","?","$","M","R","M","R","T","E","$","R","M","T","R","B",null,"M","M","?","M","$","E","R","M","T","R","?","M","R","M","R","B",null],"character_chosen":"DEFECT","items_purchased":["Sunder","Consume"],"campfire_rested":0,"item_purchase_floors":[13,28],"current_hp_per_floor":[68,68,68,75,64,36,36,34,34,19,19,32,32,32,32,15,75,73,73,57,57,61,61,68,68,68,62,62,62,61,61,61,49,75,56,66,66,53,53,73,73,75,75,75,75,75,75,75,75,40],"gold":315,"neow_bonus":"TRANSFORM_CARD","is_daily":false,"chose_seed":false,"campfire_upgraded":10,"win_rate":0.0,"timestamp":1609232289,"path_taken":["M","?","M","?","?","E","R","M","T","?","?","M","$","M","R","BOSS","M","?","?","?","?","R","M","R","T","E","?","R","M","?","R","BOSS","M","M","?","M","$","E","R","M","T","R","?","?","R","M","R","BOSS"],"items_purchased_type":["Card","Card"],"build_version":"2020-12-22","purchased_purges":4,"victory":true,"max_hp_per_floor":[75,75,75,75,75,75,75,75,75,75,75,75,75,75,75,75,75,75,75,75,75,75,75,75,75,75,75,75,75,75,75,75,75,75,75,75,75,75,75,75,75,75,75,75,75,75,75,75,75,75],"card_choices":[{"not_picked":["Ball Lightning","Doom and Gloom"],"picked":"Leap","floor":1.0},{"not_picked":["Ball Lightning","Steam"],"picked":"Self Repair","floor":3.0},{"not_picked":["Barrage","Aggregate","Heatsinks"],"picked":"SKIP","floor":4.0},{"not_picked":["Barrage","Aggregate","Heatsinks"],"picked":"SKIP","floor":4.0},{"not_picked":["Beam Cell","Stack"],"picked":"Core Surge","floor":5.0},{"not_picked":["Blizzard","Hologram"],"picked":"Chill","floor":6.0},{"not_picked":["Leap","Beam Cell","Melter"],"picked":"SKIP","floor":8.0},{"not_picked":["Leap","Coolheaded"],"picked":"Skim","floor":12.0},{"not_picked":["Turbo","Hyperbeam"],"picked":"Hologram","floor":14.0},{"not_picked":["Amplify","Fission"],"picked":"Echo Form","floor":16.0},{"not_picked":["Barrage","Streamline+1"],"picked":"Coolheaded","floor":18.0},{"not_picked":["Stack","Go for the Eyes","Steam"],"picked":"SKIP","floor":22.0},{"not_picked":["Chill","Stack"],"picked":"Force Field","floor":24.0},{"not_picked":["Coolheaded+1","Hologram","Machine Learning"],"picked":"SKIP","floor":27.0},{"not_picked":["Sweeping Beam","Ball Lightning+1"],"picked":"Loop+1","floor":30.0},{"not_picked":["All For One","Electrodynamics"],"picked":"Buffer","floor":33.0},{"not_picked":["Leap+1","Barrage+1","Steam"],"picked":"SKIP","floor":35.0},{"not_picked":["Cold Snap+1","Static Discharge+1"],"picked":"White Noise+1","floor":36.0},{"not_picked":["Redo","Hologram+1"],"picked":"BootSequence+1","floor":38.0},{"not_picked":["Scrape","All For One","Sweeping Beam+1"],"picked":"SKIP","floor":40.0},{"not_picked":["Go for the Eyes","Sweeping Beam+1","Aggregate"],"picked":"SKIP","floor":42.0},{"not_picked":["Static Discharge","Hologram"],"picked":"Lockon+1","floor":46},{"not_picked":["Streamline+1","BootSequence+1","FTL"],"picked":"SKIP","floor":48}],"player_experience":258856,"relics_obtained":[{"floor":6.0,"key":"Smiling Mask"},{"floor":9.0,"key":"Bag of Preparation"},{"floor":20.0,"key":"Nilry\u0027s Codex"},{"floor":26.0,"key":"InkBottle"},{"floor":27.0,"key":"Ancient Tea Set"},{"floor":40.0,"key":"Bag of Marbles"}],"event_choices":[{"damage_healed":0.0,"max_hp_gain":0.0,"max_hp_loss":0.0,"gold_gain":0.0,"event_name":"The Woman in Blue","player_choice":"Bought 3 Potions","floor":2.0,"gold_loss":0.0,"damage_taken":0.0},{"damage_healed":0.0,"max_hp_gain":0.0,"max_hp_loss":0.0,"gold_gain":0.0,"event_name":"Shining Light","player_choice":"Entered Light","floor":10.0,"gold_loss":0.0,"damage_taken":15.0,"cards_upgraded":["Self Repair","Strike_B"]},{"damage_healed":0.0,"max_hp_gain":0.0,"max_hp_loss":0.0,"gold_gain":0.0,"event_name":"Accursed Blacksmith","player_choice":"Rummage","floor":11.0,"gold_loss":0.0,"damage_taken":0.0,"relics_obtained":["WarpedTongs"],"cards_obtained":["Pain"]},{"cards_removed":["Strike_B"],"damage_healed":0.0,"max_hp_gain":0.0,"max_hp_loss":0.0,"gold_gain":0.0,"event_name":"Beggar","player_choice":"Gave Gold","floor":19.0,"gold_loss":75.0,"damage_taken":0.0},{"damage_healed":0.0,"max_hp_gain":0.0,"max_hp_loss":0.0,"gold_gain":0.0,"event_name":"Cursed Tome","player_choice":"Obtained Book","floor":20.0,"gold_loss":0.0,"damage_taken":16.0},{"cards_removed":["Strike_B"],"damage_healed":0.0,"max_hp_gain":0.0,"max_hp_loss":0.0,"gold_gain":0.0,"event_name":"Falling","player_choice":"Removed Attack","floor":37.0,"gold_loss":0.0,"damage_taken":0.0},{"damage_healed":0,"gold_gain":100,"player_choice":"Pray","damage_taken":0,"max_hp_gain":0,"max_hp_loss":0,"event_name":"Golden Shrine","floor":45,"gold_loss":0}],"is_beta":false,"boss_relics":[{"not_picked":["Inserter","Philosopher\u0027s Stone"],"picked":"Cursed Key"},{"not_picked":["Runic Dome","Calling Bell"],"picked":"Coffee Dripper"}],"items_purged_floors":[13,21,28,39],"is_endless":false,"potions_floor_spawned":[4,12,14,16,18,24,33,36,42],"ascension_level":3}}