{"host":"hfxp6ue4pvwo3fit","time":1609233428,"event":{"mods":["AchievementEnabler","BaseMod","Colored Map","Colored Powertips","Highlight Path","Minty Spire (QoL Compilation)","StSLib","SuperFastMode"],"gold_per_floor":[116,126,126,126,151,151,184,184,184,217,217,242,278,296,296,385,385,398,61,80,80,80,115,115,115,142,177,177,177,221,247,247,247,247],"floor_reached":33,"playtime":1185,"items_purged":["Strike_R"],"score":763,"play_id":"50d640ad-d87a-415d-a053-88b410b345b9","local_time":"20201229031708","is_ascension_mode":true,"campfire_choices":[{"data":"Bash","floor":6,"key":"SMITH"},{"floor":8,"key":"REST"},{"floor":11,"key":"REST"},{"data":"Armaments","floor":15,"key":"SMITH"},{"data":"Feel No Pain","floor":25,"key":"SMITH"},{"data":"Warcry","floor":28,"key":"SMITH"},{"data":"True Grit","floor":32,"key":"SMITH"}],"circlet_count":0,"master_deck":["AscendersBane","Defend_R","Defend_R","Defend_R","Defend_R","Bash+1","Cleave","Armaments+1","Impervious","Havoc","Clothesline","Warcry+1","Offering","Feel No Pain+1","Warcry","Dropkick","Bite","Bite","Bite","Bite","Bite","Normality","Impervious","Inflame","Spot Weakness","True Grit+1"],"relics":["SacredBark","Bloody Idol","Bronze Scales","Centennial Puzzle","Pear","Ornamental Fan","Mummified Hand","Cursed Key","Lee\u0027s Waffle","Blue Candle","Anchor","Potion Belt","CeramicFish"],"acts_visited":["Exordium","TheCity"],"potions_floor_usage":[7,13,14,23,23,30,33],"damage_taken":[{"damage":13,"enemies":"Jaw Worm","floor":1,"turns":6},{"damage":6,"enemies":"Small Slimes","floor":2,"turns":4},{"damage":34,"enemies":"Lagavulin","floor":7,"turns":8},{"damage":32,"enemies":"Gremlin Nob","floor":10,"turns":5},{"damage":3,"enemies":"2 Louse","floor":12,"turns":2},{"damage":27,"enemies":"Lagavulin","floor":13,"turns":8},{"damage":3,"enemies":"Blue Slaver","floor":14,"turns":5},{"damage":27,"enemies":"The Guardian","floor":16,"turns":15},{"damage":18,"enemies":"2 Thieves","floor":18,"turns":3},{"damage":22,"enemies":"Chosen","floor":20,"turns":5},{"damage":6,"enemies":"Gremlin Leader","floor":23,"turns":11},{"damage":51,"enemies":"Slavers","floor":27,"turns":8},{"damage":8,"enemies":"Gremlin Leader","floor":30,"turns":4},{"damage":7,"enemies":"Shelled Parasite and Fungi","floor":31,"turns":4},{"damage":79,"enemies":"Automaton","floor":33,"turns":6}],"seed_played":"1049224274613861375","potions_obtained":[{"floor":2,"key":"ColorlessPotion"},{"floor":10,"key":"FearPotion"},{"floor":13,"key":"BloodPotion"},{"floor":18,"key":"Fire Potion"},{"floor":27,"key":"DistilledChaos"},{"floor":31,"key":"BlessingOfTheForge"}],"is_trial":false,"path_per_floor":["M","M","?","?","T","R","E","R","T","E","R","M","E","M","R","B",null,"M","$","M","?","?","E","?","R","T","E","R","?","E","M","R","B"],"character_chosen":"IRONCLAD","items_purchased":["Feel No Pain","Lee\u0027s Waffle","Dexterity Potion"],"campfire_rested":2,"item_purchase_floors":[19,19,19],"current_hp_per_floor":[55,49,49,49,49,49,15,35,45,13,36,33,6,34,34,7,60,42,85,63,63,63,62,59,59,59,31,31,31,55,59,59,0,0],"gold":247,"neow_bonus":"BOSS_RELIC","is_daily":false,"chose_seed":false,"campfire_upgraded":5,"win_rate":0.0,"timestamp":1609233428,"path_taken":["M","M","?","?","?","R","E","R","T","E","R","M","E","M","R","BOSS","M","$","M","?","?","E","?","R","T","E","R","?","E","M","R","BOSS"],"items_purchased_type":["Card","Relic","Potion"],"build_version":"2020-12-22","purchased_purges":1,"victory":false,"max_hp_per_floor":[75,75,75,68,68,68,68,68,78,78,78,78,78,78,78,78,78,78,85,85,85,85,85,59,59,59,59,59,59,59,59,59,59,59],"card_choices":[{"not_picked":["Carnage","Havoc"],"picked":"Cleave","floor":1},{"not_picked":["Fire Breathing","Iron Wave"],"picked":"Armaments","floor":2},{"not_picked":["Headbutt","True Grit"],"picked":"Impervious","floor":7},{"not_picked":["Armaments","Rupture"],"picked":"Havoc","floor":10},{"not_picked":["Burning Pact","Infernal Blade"],"picked":"Clothesline","floor":12},{"not_picked":["Evolve","Havoc"],"picked":"Warcry","floor":13},{"not_picked":["Entrench","Intimidate","Sword Boomerang"],"picked":"SKIP","floor":14},{"not_picked":["Immolate","Juggernaut"],"picked":"Offering","floor":16},{"not_picked":["Pummel","Reckless Charge","Heavy Blade+1"],"picked":"SKIP","floor":18},{"not_picked":["Iron Wave","Wild Strike"],"picked":"Warcry","floor":20},{"not_picked":["Uppercut","Havoc"],"picked":"Dropkick","floor":23},{"not_picked":["Flame Barrier","Havoc"],"picked":"Impervious","floor":27},{"not_picked":["Body Slam","Clash"],"picked":"Spot Weakness","floor":30},{"not_picked":["Clothesline","Twin Strike"],"picked":"True Grit","floor":31}],"player_experience":450806,"relics_obtained":[{"floor":5,"key":"Bronze Scales"},{"floor":7,"key":"Centennial Puzzle"},{"floor":9,"key":"Pear"},{"floor":10,"key":"Ornamental Fan"},{"floor":13,"key":"Mummified Hand"},{"floor":23,"key":"Blue Candle"},{"floor":26,"key":"Anchor"},{"floor":27,"key":"Potion Belt"},{"floor":30,"key":"CeramicFish"}],"event_choices":[{"damage_healed":0,"gold_gain":0,"player_choice":"Ignored","damage_taken":0,"max_hp_gain":0,"max_hp_loss":0,"event_name":"Golden Wing","floor":3,"gold_loss":0},{"damage_healed":0,"gold_gain":0,"player_choice":"Lose Max HP","damage_taken":0,"relics_obtained":["Golden Idol"],"max_hp_gain":0,"max_hp_loss":7,"event_name":"Golden Idol","floor":4,"gold_loss":0},{"damage_healed":0,"gold_gain":0,"player_choice":"Ignored","damage_taken":0,"max_hp_gain":0,"max_hp_loss":0,"event_name":"Ghosts","floor":21,"gold_loss":0},{"damage_healed":0,"gold_gain":0,"player_choice":"Gave Idol","damage_taken":0,"relics_obtained":["Bloody Idol"],"max_hp_gain":0,"max_hp_loss":0,"event_name":"Forgotten Altar","floor":22,"relics_lost":["Golden Idol"],"gold_loss":0},{"damage_healed":0,"gold_gain":0,"player_choice":"Became a vampire","damage_taken":0,"max_hp_gain":0,"max_hp_loss":26,"event_name":"Vampires","floor":24,"gold_loss":0,"cards_obtained":["Bite","Bite","Bite","Bite","Bite"]},{"damage_healed":0,"gold_gain":0,"player_choice":"Read","damage_taken":0,"max_hp_gain":0,"max_hp_loss":0,"event_name":"The Library","floor":29,"gold_loss":0,"cards_obtained":["Inflame"]}],"is_beta":false,"boss_relics":[{"not_picked":["SlaversCollar","Pandora\u0027s Box"],"picked":"Cursed Key"}],"items_purged_floors":[19],"is_endless":false,"potions_floor_spawned":[2,10,13,18,27,31],"killed_by":"Automaton","ascension_level":20}}