{"host":"15dd7v8o90xso62x","time":1609221680,"event":{"mods":["BaseMod","Minty Spire (QoL Compilation)","Quick Restart","StSLib","SuperFastMode"],"gold_per_floor":[113,113,23,23,37,37,64,64,64,97,97,131,146,196,196,196,196],"floor_reached":16,"playtime":274,"items_purged":[],"score":282,"play_id":"51b791b4-f31c-4404-ae1e-05d62fe98334","local_time":"20201229150120","is_ascension_mode":true,"campfire_choices":[{"data":"Combust","floor":6,"key":"SMITH"},{"data":"Inflame","floor":8,"key":"SMITH"},{"data":"Entrench","floor":11,"key":"SMITH"},{"data":"Seeing Red","floor":15,"key":"SMITH"}],"circlet_count":0,"master_deck":["AscendersBane","Strike_R","Strike_R","Strike_R","Strike_R","Defend_R","Defend_R+1","Defend_R","Defend_R","Bash","Headbutt+1","Inflame+1","Combust+1","Shrug It Off","Entrench+1","Seeing Red+1"],"relics":["Burning Blood","NeowsBlessing","Orichalcum","Matryoshka","Oddly Smooth Stone","Tiny Chest"],"acts_visited":["Exordium"],"potions_floor_usage":[],"damage_taken":[{"damage":0,"enemies":"Jaw Worm","floor":1,"turns":1},{"damage":0,"enemies":"Small Slimes","floor":5,"turns":1},{"damage":0,"enemies":"Gremlin Nob","floor":7,"turns":1},{"damage":30,"enemies":"Lagavulin","floor":10,"turns":6},{"damage":9,"enemies":"3 Sentries","floor":12,"turns":4},{"damage":2,"enemies":"2 Louse","floor":13,"turns":3},{"damage":34,"enemies":"Slime Boss","floor":16,"turns":3}],"seed_played":"402788400490499379","potions_obtained":[{"floor":12,"key":"FearPotion"}],"is_trial":false,"path_per_floor":["M","?","$","?","M","R","E","R","T","E","R","E","M","?","R","B"],"character_chosen":"IRONCLAD","items_purchased":["Inflame"],"campfire_rested":0,"item_purchase_floors":[3],"current_hp_per_floor":[74,67,67,44,50,50,56,56,56,32,32,29,33,33,33,0,0],"gold":196,"neow_bonus":"THREE_ENEMY_KILL","is_daily":false,"chose_seed":false,"campfire_upgraded":4,"win_rate":0.0,"timestamp":1609221680,"path_taken":["M","?","$","?","M","R","E","R","T","E","R","E","M","?","R","BOSS"],"items_purchased_type":["Card"],"build_version":"2020-12-22","purchased_purges":0,"victory":false,"max_hp_per_floor":[75,75,75,75,75,75,75,75,75,75,75,75,75,75,75,75,75],"card_choices":[{"not_picked":["Anger","Warcry"],"picked":"Headbutt","floor":1},{"not_picked":["Body Slam","Sever Soul"],"picked":"Combust","floor":5},{"not_picked":["Juggernaut","Twin Strike"],"picked":"Shrug It Off","floor":7},{"not_picked":["Clash","Body Slam"],"picked":"Entrench","floor":10},{"not_picked":["Thunderclap","Intimidate","Burning Pact"],"picked":"SKIP","floor":12},{"not_picked":["Thunderclap","Intimidate","Burning Pact"],"picked":"SKIP","floor":12},{"not_picked":["Havoc","Entrench"],"picked":"Seeing Red","floor":13}],"player_experience":959297,"relics_obtained":[{"floor":7,"key":"Orichalcum"},{"floor":9,"key":"Matryoshka"},{"floor":10,"key":"Oddly Smooth Stone"},{"floor":12,"key":"Tiny Chest"}],"event_choices":[{"cards_removed":["Strike_R"],"damage_healed":0,"gold_gain":0,"player_choice":"Card Removal","damage_taken":7,"max_hp_gain":0,"max_hp_loss":0,"event_name":"Golden Wing","floor":2,"gold_loss":0},{"damage_healed":0,"gold_gain":0,"player_choice":"Entered Light","damage_taken":23,"max_hp_gain":0,"max_hp_loss":0,"event_name":"Shining Light","floor":4,"gold_loss":0,"cards_upgraded":["Defend_R","Headbutt"]},{"damage_healed":0,"gold_gain":50,"player_choice":"Pray","damage_taken":0,"max_hp_gain":0,"max_hp_loss":0,"event_name":"Golden Shrine","floor":14,"gold_loss":0}],"is_beta":false,"boss_relics":[],"items_purged_floors":[],"is_endless":false,"potions_floor_spawned":[12],"killed_by":"Slime Boss","ascension_level":20}}