{"host":"iy58fyt9wsbv4cf1","time":1609205864,"event":{"mods":["BaseMod","Better Altar","Better Match","Better Skull","Better Third Choice","BetterRewards","Conspire","Custom Start","Defuse TimeMaze Blight","Hubris","Infinite Spire","Minty Spire (QoL Compilation)","Permanent Neow","Quick Restart","Spicy Shops","StSLib","Thieving Mod"],"gold_per_floor":[118,5,5,15,15,15,26,36,36,36,61,27,56,67,67,163,163,182,2,2,19,19,50,150,65,113,127,137,157,190,220,232,342,354,376,388,414,426,452,464,505,549,615,627,980,992,1004,1028,1040,1052,1064,1076,901,934,1036],"floor_reached":56,"playtime":1300,"items_purged":["Strike_B","Strike_B","Strike_B+1","Strike_B+1"],"score":1450,"play_id":"431dcab1-1f8c-4837-b5f4-e4843ffb7058","local_time":"20201228203744","is_ascension_mode":false,"campfire_choices":[{"data":"Storm","floor":6,"key":"SMITH"},{"data":"Storm","floor":15,"key":"SMITH"},{"floor":32,"key":"RECALL"},{"data":"infinitespire:FutureSight","floor":40,"key":"SMITH"},{"data":"Storm","floor":49,"key":"SMITH"},{"data":"White Noise","floor":52,"key":"SMITH"}],"circlet_count":0,"master_deck":["Defend_B","Defend_B","Defend_B","Defend_B","Zap","Dualcast","Storm+1","Storm+1","White Noise+1","Genetic Algorithm","White Noise+1","Storm+1","hubris:PowerSurge","Storm+1","Creative AI","Reboot","Self Repair","infinitespire:FutureSight+1","Multi-Cast","Creative AI","Tempest+1","Creative AI","Skim+1","Thunder Strike"],"relics":["Cracked Core","Lee\u0027s Waffle","Chemical X","Membership Card","conspire:Dentures","DollysMirror","Juzu Bracelet","hubris:PeanutButter","Whetstone","hubris:Backtick","Mummified Hand","Black Star","Medical Kit","Bag of Preparation","Strawberry","conspire:TopHat","hubris:MysteriousPyramids","MawBank","Orichalcum","Symbiotic Virus","Happy Flower","hubris:ToyBattleship","Eternal Feather","hubris:Icosahedron","Blue Candle","Orrery","Bag of Marbles","hubris:Potato"],"acts_visited":["Exordium","TheCity","TheBeyond","TheEnding"],"potions_floor_usage":[13,41,41,41,48,54],"damage_taken":[{"damage":0,"enemies":"2 Louse","floor":1,"turns":2},{"damage":0,"enemies":"Small Slimes","floor":4,"turns":3},{"damage":0,"enemies":"Cultist","floor":7,"turns":3},{"damage":8,"enemies":"3 Louse","floor":8,"turns":3},{"damage":13,"enemies":"Gremlin Nob","floor":11,"turns":3},{"damage":5,"enemies":"Lagavulin","floor":13,"turns":3},{"damage":0,"enemies":"Exordium Thugs","floor":14,"turns":2},{"damage":0,"enemies":"Slime Boss","floor":16,"turns":3},{"damage":0,"enemies":"Shell Parasite","floor":18,"turns":2},{"damage":0,"enemies":"3 Byrds","floor":21,"turns":2},{"damage":10,"enemies":"Nightmare","floor":23,"turns":3},{"damage":0,"enemies":"Cultist and Chosen","floor":27,"turns":2},{"damage":0,"enemies":"Centurion and Healer","floor":28,"turns":1},{"damage":0,"enemies":"Snake Plant","floor":29,"turns":1},{"damage":0,"enemies":"Gremlin Leader","floor":30,"turns":2},{"damage":0,"enemies":"3 Cultists","floor":31,"turns":1},{"damage":0,"enemies":"Collector","floor":33,"turns":3},{"damage":0,"enemies":"3 Shapes","floor":35,"turns":1},{"damage":0,"enemies":"3 Darklings","floor":37,"turns":1},{"damage":0,"enemies":"Jaw Worm Horde","floor":39,"turns":2},{"damage":0,"enemies":"conspire:MimicChest","floor":41,"turns":2},{"damage":17,"enemies":"Reptomancer","floor":42,"turns":3},{"damage":0,"enemies":"Transient","floor":48,"turns":5},{"damage":6,"enemies":"hubris:GrandSnecko","floor":50,"turns":4},{"damage":0,"enemies":"Shield and Spear","floor":54,"turns":2},{"damage":79,"enemies":"The Heart","floor":55,"turns":5}],"seed_played":"-6374151045667487239","potions_obtained":[{"floor":11,"key":"LiquidMemories"},{"floor":16,"key":"EssenceOfSteel"},{"floor":27,"key":"ColorlessPotion"},{"floor":28,"key":"GamblersBrew"},{"floor":42,"key":"ColorlessPotion"},{"floor":48,"key":"LiquidBronze"},{"floor":55,"key":"ColorlessPotion"}],"is_trial":false,"path_per_floor":["M","$","?","M","?","R","M","M","T","?","E","$","E","M","R","B",null,"M","$","?","M","AVR","NM","?","?","T","M","M","M","E","M","R","B",null,"M","$","M","$","M","R","?","E","T","AVR","?","?","?","M","R","B",null,"R","$","E","B",null],"character_chosen":"DEFECT","items_purchased":["Storm","Lee\u0027s Waffle","Chemical X","Membership Card","conspire:Dentures","DollysMirror","White Noise","hubris:PowerSurge","Reboot","Self Repair","Blue Candle","Orrery"],"campfire_rested":0,"item_purchase_floors":[0,0,0,0,0,2,2,12,19,19,53,53],"current_hp_per_floor":[82,82,82,82,82,82,82,74,74,74,61,61,56,56,56,56,82,82,82,82,82,82,86,86,86,86,86,86,86,86,89,89,89,89,89,89,89,89,89,89,89,79,79,79,48,48,48,55,67,68,89,89,89,89,17],"gold":1036,"neow_bonus":"","is_daily":false,"chose_seed":false,"campfire_upgraded":5,"win_rate":0.0,"timestamp":1609205864,"path_taken":["M","$","?","M","?","R","M","M","T","?","E","$","E","M","R","BOSS","M","$","?","M","AVR","NM","?","?","T","M","M","M","E","M","R","BOSS","M","$","M","$","M","R","?","E","T","AVR","?","?","?","M","R","BOSS","R","$","E","BOSS"],"items_purchased_type":["Card","Relic","Relic","Relic","Relic","Relic","Card","Card","Card","Card","Relic","Relic"],"build_version":"2020-12-22","purchased_purges":4,"victory":true,"max_hp_per_floor":[82,82,82,82,82,82,82,82,82,82,82,82,82,82,82,82,82,82,82,82,82,82,89,89,89,89,89,89,89,89,89,89,89,89,89,89,89,89,89,89,89,89,89,89,89,89,89,89,89,89,89,89,89,89,89],"card_choices":[{"not_picked":["Steam","Rebound","Gash"],"picked":"SKIP","floor":1},{"not_picked":["Redo","Cold Snap"],"picked":"Genetic Algorithm","floor":4},{"not_picked":["Compile Driver","Leap"],"picked":"White Noise","floor":7},{"not_picked":["Scrape","Beam Cell","Sweeping Beam"],"picked":"SKIP","floor":8},{"not_picked":["Meteor Strike","Consume"],"picked":"Storm","floor":11},{"not_picked":["Rebound","Tempest","Meteor Strike"],"picked":"SKIP","floor":13},{"not_picked":["Turbo","Ball Lightning"],"picked":"Storm","floor":14},{"not_picked":["Echo Form","Multi-Cast"],"picked":"Creative AI","floor":16},{"not_picked":["Genetic Algorithm+1","Doom and Gloom","Redo+1"],"picked":"SKIP","floor":18},{"not_picked":["Capacitor","Skim","Turbo+1"],"picked":"SKIP","floor":21},{"not_picked":["Rip and Tear","Multi-Cast","Leap+1"],"picked":"SKIP","floor":23},{"not_picked":["infinitespire:UltimateForm","infinitespire:Menacing"],"picked":"infinitespire:FutureSight","floor":23},{"not_picked":["Rip and Tear","Leap+1"],"picked":"Multi-Cast","floor":23},{"not_picked":["Redo","Sweeping Beam","Chaos"],"picked":"SKIP","floor":27},{"not_picked":["Leap+1","Undo","Hologram"],"picked":"SKIP","floor":28},{"not_picked":["Chill","Barrage","Hologram"],"picked":"SKIP","floor":29},{"not_picked":["Buffer","White Noise"],"picked":"Creative AI","floor":30},{"not_picked":["Hologram","Go for the Eyes","Rebound+1"],"picked":"SKIP","floor":31},{"not_picked":["Go for the Eyes+1","BootSequence","Darkness"],"picked":"SKIP","floor":35},{"not_picked":["Turbo+1","BootSequence"],"picked":"Tempest+1","floor":37},{"not_picked":["Recycle+1","Aggregate","Coolheaded"],"picked":"SKIP","floor":39},{"not_picked":["Heatsinks","Barrage+1","FTL"],"picked":"SKIP","floor":42},{"not_picked":["Rebound+1","Stack"],"picked":"Creative AI","floor":48},{"not_picked":["Loop+1","Barrage"],"picked":"Skim+1","floor":53},{"not_picked":["Redo","Turbo","Darkness+1"],"picked":"SKIP","floor":54},{"not_picked":["Creative AI","All For One"],"picked":"Thunder Strike","floor":55}],"player_experience":36304,"relics_obtained":[{"floor":9,"key":"Juzu Bracelet"},{"floor":11,"key":"hubris:PeanutButter"},{"floor":13,"key":"Whetstone"},{"floor":23,"key":"Bag of Preparation"},{"floor":23,"key":"Strawberry"},{"floor":30,"key":"hubris:MysteriousPyramids"},{"floor":30,"key":"MawBank"},{"floor":41,"key":"Orichalcum"},{"floor":42,"key":"Symbiotic Virus"},{"floor":42,"key":"Happy Flower"},{"floor":43,"key":"hubris:ToyBattleship"},{"floor":54,"key":"Bag of Marbles"},{"floor":54,"key":"hubris:Potato"}],"event_choices":[{"damage_healed":0,"gold_gain":0,"player_choice":"Ignored","damage_taken":0,"max_hp_gain":0,"max_hp_loss":0,"event_name":"NoteForYourself","floor":5,"gold_loss":0},{"damage_healed":0,"gold_gain":0,"player_choice":"Ignored","damage_taken":0,"max_hp_gain":0,"max_hp_loss":0,"event_name":"Cursed Tome","floor":20,"gold_loss":0},{"damage_healed":0,"gold_gain":100,"player_choice":"Pray","damage_taken":0,"max_hp_gain":0,"max_hp_loss":0,"event_name":"Golden Shrine","floor":24,"gold_loss":0},{"damage_healed":0,"gold_gain":0,"player_choice":"Obtained Relic","damage_taken":0,"relics_obtained":["conspire:TopHat"],"max_hp_gain":0,"max_hp_loss":0,"event_name":"Addict","floor":25,"gold_loss":85},{"damage_healed":0,"gold_gain":341,"player_choice":"GO GO GO ","damage_taken":34,"relics_obtained":[],"max_hp_gain":0,"max_hp_loss":0,"event_name":"betterSkull:BetterSkull","floor":45,"gold_loss":0,"cards_upgraded":[]},{"damage_healed":0,"gold_gain":0,"player_choice":"Leave","damage_taken":0,"max_hp_gain":0,"max_hp_loss":0,"event_name":"conspire:Investor","floor":47,"gold_loss":0}],"is_beta":false,"boss_relics":[{"not_picked":["hubris:HollowSoul","hubris:RunicObelisk"],"picked":"hubris:Backtick"},{"not_picked":["hubris:BlackHole","Astrolabe","Inserter"]}],"items_purged_floors":[19,22,44,53],"is_endless":true,"potions_floor_spawned":[11,16,27,28,29,30,31,35,42,48,55],"ascension_level":0}}