{"host":"jksa5rawk3m4gilz","time":1609239823,"event":{"mods":["BaseMod","Colored Map","Highlight Path","Minty Spire (QoL Compilation)","Quick Restart"],"gold_per_floor":[117,136,21,21,21,51,51,92,141,154,154,154],"floor_reached":11,"playtime":280,"items_purged":[],"score":180,"play_id":"3aaf4928-98d9-443f-9eef-2003fb5b1ec3","local_time":"20201229120343","is_ascension_mode":true,"campfire_choices":[{"data":"Leg Sweep","floor":7,"key":"SMITH"}],"circlet_count":0,"master_deck":["AscendersBane","Strike_G","Strike_G","Strike_G","Strike_G","Defend_G+1","Defend_G","Defend_G","Defend_G","Defend_G+1","Survivor","Neutralize","Slice","Blade Dance","Leg Sweep+1","Infinite Blades","Backstab","Accuracy"],"relics":["Ring of the Snake","NeowsBlessing","Pen Nib","CeramicFish","Art of War"],"acts_visited":["Exordium"],"potions_floor_usage":[6],"damage_taken":[{"damage":0,"enemies":"Cultist","floor":1,"turns":1},{"damage":0,"enemies":"Small Slimes","floor":2,"turns":1},{"damage":0,"enemies":"Gremlin Nob","floor":6,"turns":1},{"damage":27,"enemies":"3 Sentries","floor":8,"turns":8},{"damage":0,"enemies":"2 Louse","floor":10,"turns":3},{"damage":19,"enemies":"Gremlin Nob","floor":11,"turns":5}],"seed_played":"-6456655308256353437","potions_obtained":[{"floor":1,"key":"CultistPotion"}],"is_trial":false,"path_per_floor":["M","M","$","?","?","E","R","E","T","M","E"],"character_chosen":"THE_SILENT","items_purchased":["Leg Sweep","Infinite Blades"],"campfire_rested":0,"item_purchase_floors":[3,3],"current_hp_per_floor":[59,59,59,46,46,46,46,19,19,19,0,0],"gold":154,"neow_bonus":"THREE_ENEMY_KILL","is_daily":false,"chose_seed":false,"campfire_upgraded":1,"win_rate":0.0,"timestamp":1609239823,"path_taken":["M","M","$","?","?","E","R","E","T","M","E"],"items_purchased_type":["Card","Card"],"build_version":"2020-12-22","purchased_purges":0,"victory":false,"max_hp_per_floor":[66,66,66,66,66,66,66,66,66,66,66,66],"card_choices":[{"not_picked":["Acrobatics","Dodge and Roll"],"picked":"Slice","floor":1},{"not_picked":["Flying Knee","Underhanded Strike"],"picked":"Blade Dance","floor":2},{"not_picked":["Deflect","Escape Plan"],"picked":"Backstab","floor":6},{"not_picked":["PiercingWail","Backflip"],"picked":"Accuracy","floor":8},{"not_picked":["PiercingWail","Deflect","Acrobatics"],"picked":"SKIP","floor":10}],"player_experience":2086294,"relics_obtained":[{"floor":6,"key":"Pen Nib"},{"floor":8,"key":"CeramicFish"},{"floor":9,"key":"Art of War"}],"event_choices":[{"damage_healed":0,"gold_gain":0,"player_choice":"Entered Light","damage_taken":13,"max_hp_gain":0,"max_hp_loss":0,"event_name":"Shining Light","floor":4,"gold_loss":0,"cards_upgraded":["Defend_G","Defend_G"]},{"cards_removed":["Strike_G"],"damage_healed":0,"gold_gain":0,"player_choice":"Offered Basic","damage_taken":0,"max_hp_gain":0,"max_hp_loss":0,"event_name":"Bonfire Elementals","floor":5,"gold_loss":0}],"is_beta":false,"boss_relics":[],"items_purged_floors":[],"is_endless":false,"potions_floor_spawned":[1],"killed_by":"Gremlin Nob","ascension_level":14}}