{"host":"ljnkpwbnfujn5lym","time":1609279263,"event":{"mods":["Bard","BaseMod","Better Note","Colored Map","Colored Powertips","Exacting","Googly Eyes","Highlight Path","Infinite Spire","Minty Spire (QoL Compilation)","Permanent Neow","Quick Restart","Relic Sorter","Relic Stats","Replay The Spire","StSLib","The IronCluck","slay the spire mod where everything is the same but ironclad has a cowboy hat"],"gold_per_floor":[117,42,92,112,5,5,60,78,103,28,74,109,109,121,121,121,121],"floor_reached":16,"playtime":814,"items_purged":["Strike_B"],"score":199,"play_id":"3939357a-4c5f-49a7-8349-a480896dc96e","local_time":"20201229160103","is_ascension_mode":true,"campfire_choices":[{"data":"Beam Cell","floor":6.0,"key":"SMITH"},{"data":"Capacitor","floor":13.0,"key":"SMITH"},{"floor":15.0,"key":"REST"}],"circlet_count":0,"master_deck":["AscendersBane","Strike_B","Strike_B","Defend_B","Defend_B","Defend_B","Defend_B","Zap","Dualcast","Conserve Battery","Conserve Battery","Sweeping Beam","Beam Cell+1","Capacitor+1","Coolheaded","White Noise","Undo","Coolheaded"],"relics":["Cracked Core","Emotion Chip","Geode","Orichalcum"],"acts_visited":["Exordium"],"potions_floor_usage":[],"damage_taken":[{"damage":4.0,"enemies":"Jaw Worm","floor":1.0,"turns":4.0},{"damage":0.0,"enemies":"2 Louse","floor":4.0,"turns":3.0},{"damage":33.0,"enemies":"3 Sentries","floor":7.0,"turns":6.0},{"damage":1.0,"enemies":"Cultist","floor":8.0,"turns":4.0},{"damage":2.0,"enemies":"Gremlin Gang","floor":11.0,"turns":2.0},{"damage":2.0,"enemies":"Looter","floor":12.0,"turns":3.0},{"damage":2.0,"enemies":"Red Slaver","floor":14.0,"turns":4.0},{"damage":0,"enemies":"Fading Forest","floor":16,"turns":1}],"seed_played":"7261852816820842106","potions_obtained":[{"floor":7.0,"key":"Dexterity Potion"},{"floor":8.0,"key":"Explosive Potion"},{"floor":11.0,"key":"Adrenaline Potion"}],"is_trial":false,"path_per_floor":["M","?","?","M","$","R","E","M","T","$","M","M","R","M","R","B"],"character_chosen":"DEFECT","items_purchased":["Sweeping Beam","Beam Cell"],"campfire_rested":1,"item_purchase_floors":[5,5],"current_hp_per_floor":[60,60,54,54,54,54,21,20,20,20,18,16,16,14,33,33,33],"gold":121,"neow_bonus":"ONE_RARE_RELIC","is_daily":false,"chose_seed":false,"campfire_upgraded":2,"win_rate":0.0,"timestamp":1609279263,"path_taken":["M","?","?","M","$","R","E","M","T","?","?","M","R","M","R","BOSS"],"items_purchased_type":["Card","Card"],"build_version":"2020-12-22","purchased_purges":1,"victory":false,"max_hp_per_floor":[64,64,64,64,64,64,64,64,64,64,64,64,64,64,64,64,64],"relic_stats":{"Emotion Chip":[19,17,2,0,0],"counters":[7,26],"Orichalcum":[6],"obtain_stats":[{"Emotion Chip":0,"Geode":7,"Orichalcum":9,"Cracked Core":0},{"Emotion Chip":0,"Geode":3,"Orichalcum":4,"Cracked Core":0},{"Emotion Chip":0,"Geode":13,"Orichalcum":17,"Cracked Core":0}]},"card_choices":[{"not_picked":["Force Field","Beam Cell"],"picked":"Conserve Battery","floor":1.0},{"not_picked":["ReplayTheSpireMod:Repulse","Steam Power"],"picked":"Conserve Battery","floor":4.0},{"not_picked":["Rip and Tear","Rainbow"],"picked":"Capacitor","floor":7.0},{"not_picked":["Gash","Aggregate"],"picked":"Coolheaded","floor":8.0},{"not_picked":["Tempest","Leap"],"picked":"White Noise","floor":11.0},{"not_picked":["Redo","ReplayTheSpireMod:GoodbyeWorld"],"picked":"Undo","floor":12.0},{"not_picked":["Leap","BootSequence"],"picked":"Coolheaded","floor":14.0}],"player_experience":635186,"relics_obtained":[{"floor":7.0,"key":"Geode"},{"floor":9.0,"key":"Orichalcum"}],"event_choices":[{"cards_removed":["Strike_B"],"damage_healed":0.0,"max_hp_gain":0.0,"max_hp_loss":0.0,"gold_gain":0.0,"event_name":"The Cleric","player_choice":"Card Removal","floor":2.0,"gold_loss":75.0,"damage_taken":0.0},{"damage_healed":0.0,"max_hp_gain":0.0,"max_hp_loss":0.0,"gold_gain":50.0,"event_name":"FaceTrader","player_choice":"Touch","floor":3.0,"gold_loss":0.0,"damage_taken":6.0}],"is_beta":false,"boss_relics":[],"items_purged_floors":[10],"is_endless":false,"potions_floor_spawned":[7,8,11,14],"killed_by":"Fading Forest","ascension_level":19}}