{"host":"ttx8tv95o5vka1nm","time":1609203065,"event":{"mods":["BaseMod","Colored Map","Downfall","Infinite Spire","Minty Spire (QoL Compilation)","Replay The Spire","Shop Mod","StSLib","The Jungle"],"gold_per_floor":[109,123,133,148,159,193,193,229,309,351,380,405,446,505,505,613,640,664,684,726,323,323,323,344,390,390,390,390,405,442,468,477,506,506,612,612,627,653,662,662,11,43,69,69,69,89,126,141,0,17,17,124,124,144,219,228,238,238,255,259,276,301,319,328,328,346,373,373,458,458,463,463,468,468,477,490,504,522,546,555,555,564,584,601,601,695,695,706,706,715,730,777,781,800,809,836,873,873,900,910,912,912,988,988,1000,1023,973,991,1014,1014,1036,1036,1061,1090,1101,1125,1169,1201,1201,1303,1303,1316,712,712,718,723,1049,864,873,923,935,963,963,963,985,997,1112,1174,1183,1204,1216,1242,1268,1312,1324,1363,1375,1387,1399,1511,1523,1337,1337,1413,1413,1413,1109,1141,1214],"floor_reached":160,"playtime":17800,"items_purged":["Amnesia","Normality","Strike_R+1","Immolate","Wild Strike","Feed","Inflame","Flex+1","Battle Trance","Demon Form+1"],"score":5612,"play_id":"02f27a9c-758c-43a4-9f40-11a9b00aa5c0","local_time":"20201229105105","is_ascension_mode":true,"campfire_choices":[{"data":"Inflame","floor":7.0,"key":"SMITH"},{"data":"Heavy Blade","floor":15.0,"key":"SMITH"},{"data":"infinitespire:TheBestDefense","floor":27.0,"key":"SMITH"},{"floor":34.0,"key":"DIG"},{"data":"Apotheosis","floor":44.0,"key":"SMITH"},{"floor":51.0,"key":"DIG"},{"floor":65.0,"key":"DIG"},{"data":"infinitespire:OneForAll","floor":68.0,"key":"SMITH"},{"data":"Writhe","floor":81.0,"key":"PURGE"},{"data":"Pummel","floor":85.0,"key":"PURGE"},{"data":"Fire Breathing+1","floor":98.0,"key":"PURGE"},{"data":"Searing Blow","floor":102.0,"key":"PURGE"},{"data":"infinitespire:UltimateForm","floor":110.0,"key":"SMITH"},{"data":"Sword Boomerang","floor":119.0,"key":"PURGE"},{"data":"Flex+1","floor":136,"key":"PURGE"},{"data":"Inflame+1","floor":145,"key":"PURGE"},{"data":"Entrench","floor":149,"key":"SMITH"},{"data":"Demon Form","floor":149,"key":"SMITH"},{"data":"Defend_R+1","floor":153,"key":"PURGE"},{"data":"Hemogenesis+1","floor":156,"key":"PURGE"}],"circlet_count":0,"master_deck":["Bash","Ghostly Armor","Metallicize","Heavy Blade+1","Feed+1","Immolate+1","Iron Wave","Iron Wave","Fire Breathing","infinitespire:TheBestDefense+1","Body Slam","infinitespire:OneForAll+1","Entrench+1","Barricade+1","ReplayTheSpireMod:Stacked","infinitespire:UltimateForm+1","Metallicize","Apotheosis+1","Shrug It Off+1","Shrug It Off+1","Flame Barrier","ReplayReversal","Double Tap","infinitespire:Punishment","Berserk+1","ReplayTheSpireMod:Stacked","Clothesline","infinitespire:Gouge","expansioncontent:FaceSlap+1","Berserk","Juggernaut+1","Impervious+1"],"relics":["Burning Blood","Pocketwatch","CeramicFish","HornCleat","Thread and Needle","Blue Doll","Replay:Bottled Eggs","Bag of Preparation","MerchantsRug","ReplayTheSpireMod:CursedCoin","infinitespire:Bottled Soul","Replay:WaspNest","Art of War","Lizard Tail","Replay:Multitool","Philosopher\u0027s Stone","TungstenRod","InkBottle","Replay:Towering Pillar of Hats","Centennial Puzzle","Simple Rune","Onion Ring","Red Mask","Red Skull","Replay:Grab Bag","Replay:Bronze Core","Mark of Pain","Replay:Drink Me","Black Star","Durian","Iron Hammer","Bag of Marbles","infinitespire:Lucky Rock","infinitespire:WardingShard","Replay:Wax Seal","infinitespire:PuzzleCube","Replay:Bottled Flurry","Replay:Baseball","Busted Crown","Shovel","Meat on the Bone","infinitespire:CheckeredPen","Gremlin Food","Juzu Bracelet","Replay:Bandana","infinitespire:Cupcake","FossilizedHelix","Smiling Mask","PreservedInsect","Pet Ghost","Replay:Mystery Machine","Boot","Coffee Dripper","Odd Mushroom","WingedGreaves","Vajra","Orichalcum","Replay:Arrowhead","infinitespire:Satchel","Nunchaku","Strawberry","infinitespire:Beetle Shell","Anchor","Toy Ornithopter","SacredBark","Oddly Smooth Stone","Pear","Lee\u0027s Waffle","Du-Vu Doll","Old Coin","Replay:Bottled Snecko","theJungle:Creamberry","King of Hearts","ReplayTheSpireMod:Spearhead","Whetstone","Ice Cream","MawBank","Tiny House","Bronze Scales","Lantern","Mummified Hand","Replay:Accelerometer","ReplayTheSpireMod:TigerMarble","ClockworkSouvenir","Ring of Chaos","Shuriken","Regal Pillow","infinitespire:ShieldingShard"],"acts_visited":["Exordium","TheCity","TheBeyond","Exordium","Exordium","TheBeyond","Exordium","Exordium","TheBeyond","TheEnding"],"potions_floor_usage":[],"damage_taken":[{"damage":6.0,"enemies":"Cultist","floor":1.0,"turns":4.0},{"damage":9.0,"enemies":"Jaw Worm","floor":2.0,"turns":3.0},{"damage":0.0,"enemies":"Small Slimes","floor":3.0,"turns":3.0},{"damage":1.0,"enemies":"2 Fungi Beasts","floor":4.0,"turns":3.0},{"damage":0.0,"enemies":"Large Slime","floor":5.0,"turns":3.0},{"damage":9.0,"enemies":"3 Sentries","floor":6.0,"turns":9.0},{"damage":26.0,"enemies":"Gremlin Nob","floor":8.0,"turns":4.0},{"damage":5.0,"enemies":"3 Sentries","floor":10.0,"turns":9.0},{"damage":4.0,"enemies":"Blue Slaver","floor":11.0,"turns":4.0},{"damage":4.0,"enemies":"Looter","floor":12.0,"turns":2.0},{"damage":3.0,"enemies":"Lagavulin","floor":13.0,"turns":5.0},{"damage":13.0,"enemies":"Lagavulin Event","floor":14.0,"turns":5.0},{"damage":0.0,"enemies":"Slime Boss","floor":16.0,"turns":6.0},{"damage":5.0,"enemies":"Chosen","floor":18.0,"turns":4.0},{"damage":0.0,"enemies":"Spheric Guardian","floor":19.0,"turns":2.0},{"damage":16.0,"enemies":"Centurion and Healer","floor":24.0,"turns":6.0},{"damage":24.0,"enemies":"Nightmare","floor":25.0,"turns":7.0},{"damage":0.0,"enemies":"Snecko","floor":29.0,"turns":3.0},{"damage":0.0,"enemies":"Gremlin Leader","floor":30.0,"turns":5.0},{"damage":21.0,"enemies":"Shelled Parasite and Fungi","floor":31.0,"turns":4.0},{"damage":0.0,"enemies":"3 Cultists","floor":33.0,"turns":2.0},{"damage":38.0,"enemies":"Automaton","floor":35.0,"turns":8.0},{"damage":5.0,"enemies":"Orb Walker","floor":37.0,"turns":3.0},{"damage":1.0,"enemies":"3 Shapes","floor":38.0,"turns":2.0},{"damage":22.0,"enemies":"R_Hoarder","floor":42.0,"turns":7.0},{"damage":7.0,"enemies":"3 Darklings","floor":43.0,"turns":3.0},{"damage":0.0,"enemies":"4 Shapes","floor":46.0,"turns":3.0},{"damage":52.0,"enemies":"Reptomancer","floor":47.0,"turns":5.0},{"damage":14.0,"enemies":"Transient","floor":48.0,"turns":5.0},{"damage":0.0,"enemies":"Spire Growth","floor":50.0,"turns":3.0},{"damage":11.0,"enemies":"Awakened One","floor":52.0,"turns":8.0},{"damage":0.0,"enemies":"Small Slimes","floor":54.0,"turns":2.0},{"damage":0.0,"enemies":"Jaw Worm","floor":57.0,"turns":2.0},{"damage":0.0,"enemies":"Gremlin Nob","floor":59.0,"turns":3.0},{"damage":0.0,"enemies":"Cultist","floor":60.0,"turns":3.0},{"damage":0.0,"enemies":"Looter","floor":61.0,"turns":2.0},{"damage":0.0,"enemies":"Lots of Slimes","floor":63.0,"turns":2.0},{"damage":0.0,"enemies":"Lagavulin","floor":64.0,"turns":4.0},{"damage":4.0,"enemies":"Red Slaver","floor":66.0,"turns":2.0},{"damage":0.0,"enemies":"Gremlin Nob","floor":67.0,"turns":3.0},{"damage":0.0,"enemies":"The Guardian","floor":69.0,"turns":6.0},{"damage":0.0,"enemies":"theJungle:GiantWrat","floor":71.0,"turns":2.0},{"damage":0.0,"enemies":"theJungle:5_Spyders","floor":72.0,"turns":2.0},{"damage":12.0,"enemies":"theJungle:2_Snecko_Cultists","floor":73.0,"turns":3.0},{"damage":0.0,"enemies":"theJungle:2_Phrogs","floor":76.0,"turns":2.0},{"damage":0.0,"enemies":"Snake Plant","floor":77.0,"turns":1.0},{"damage":0.0,"enemies":"theJungle:SlimyTreeVines","floor":78.0,"turns":2.0},{"damage":0.0,"enemies":"theJungle:MamaSnecko","floor":80.0,"turns":3.0},{"damage":0.0,"enemies":"theJungle:2_Flameangoes","floor":82.0,"turns":2.0},{"damage":0.0,"enemies":"theJungle:Cassacara","floor":83.0,"turns":2.0},{"damage":0.0,"enemies":"theJungle:JungleHuntersEncounter","floor":84.0,"turns":1.0},{"damage":0.0,"enemies":"theJungle:FunGuy","floor":86.0,"turns":4.0},{"damage":0.0,"enemies":"3 Shapes","floor":88.0,"turns":3.0},{"damage":0.0,"enemies":"Orb Walker","floor":90.0,"turns":2.0},{"damage":0.0,"enemies":"Sphere and 2 Shapes","floor":91.0,"turns":3.0},{"damage":0.0,"enemies":"2 Orb Walkers","floor":92.0,"turns":3.0},{"damage":0.0,"enemies":"Giant Head","floor":93.0,"turns":6.0},{"damage":0.0,"enemies":"4 Shapes","floor":94.0,"turns":2.0},{"damage":0.0,"enemies":"Reptomancer","floor":99.0,"turns":2.0},{"damage":0.0,"enemies":"Jaw Worm Horde","floor":100.0,"turns":3.0},{"damage":0.0,"enemies":"Transient","floor":101.0,"turns":5.0},{"damage":23.0,"enemies":"Awakened One","floor":103.0,"turns":7.0},{"damage":0.0,"enemies":"Jaw Worm","floor":105.0,"turns":2.0},{"damage":0.0,"enemies":"The Mushroom Lair","floor":106.0,"turns":2.0},{"damage":0.0,"enemies":"Cultist","floor":108.0,"turns":2.0},{"damage":0.0,"enemies":"Small Slimes","floor":109.0,"turns":1.0},{"damage":0.0,"enemies":"Lagavulin","floor":111.0,"turns":3.0},{"damage":0.0,"enemies":"Gremlin Nob","floor":114.0,"turns":1.0},{"damage":10.0,"enemies":"Gremlin Gang","floor":115.0,"turns":2.0},{"damage":0.0,"enemies":"3 Sentries","floor":116.0,"turns":3.0},{"damage":0.0,"enemies":"Gremlin Nob","floor":117.0,"turns":3.0},{"damage":0.0,"enemies":"Lagavulin","floor":118.0,"turns":1.0},{"damage":0.0,"enemies":"Slime Boss","floor":120.0,"turns":1.0},{"damage":0.0,"enemies":"theJungle:Flameango_and_Byrd","floor":122.0,"turns":3.0},{"damage":0,"enemies":"theJungle:MUSHROOMGANG","floor":125,"turns":2},{"damage":0,"enemies":"theJungle:2_Flameangoes","floor":126,"turns":3},{"damage":0,"enemies":"theJungle:MamaSnecko","floor":127,"turns":1},{"damage":0,"enemies":"theJungle:Lyon","floor":129,"turns":2},{"damage":0,"enemies":"theJungle:JungleHuntersEncounter","floor":131,"turns":2},{"damage":0,"enemies":"theJungle:2_Phrogs","floor":132,"turns":3},{"damage":0,"enemies":"theJungle:Cassacara","floor":135,"turns":1},{"damage":0,"enemies":"theJungle:FunGuy","floor":137,"turns":3},{"damage":0,"enemies":"3 Shapes","floor":139,"turns":4},{"damage":0,"enemies":"Orb Walker","floor":140,"turns":2},{"damage":0,"enemies":"Sphere and 2 Shapes","floor":142,"turns":3},{"damage":0,"enemies":"Maw","floor":143,"turns":2},{"damage":0,"enemies":"Nemesis","floor":144,"turns":3},{"damage":0,"enemies":"R_Hoarder","floor":146,"turns":3},{"damage":0,"enemies":"infinitespire:LordOfFortification","floor":154,"turns":6},{"damage":0,"enemies":"Shield and Spear","floor":158,"turns":1},{"damage":0,"enemies":"The Heart","floor":159,"turns":6}],"seed_played":"-7618836131641033194","potions_obtained":[{"floor":2.0,"key":"Dexterity Potion"},{"floor":4.0,"key":"Flashbang"},{"floor":10.0,"key":"sneckomod:MuddlingPotion"},{"floor":12.0,"key":"Explosive Potion"},{"floor":13.0,"key":"SkillPotion"},{"floor":14.0,"key":"Flashbang"},{"floor":18.0,"key":"Explosive Potion"},{"floor":24.0,"key":"Explosive Potion"},{"floor":31.0,"key":"Toxic Potion"},{"floor":33.0,"key":"EssenceOfSteel"},{"floor":35.0,"key":"Regen Potion"},{"floor":37.0,"key":"AttackPotion"},{"floor":43.0,"key":"Strength Potion"},{"floor":48.0,"key":"BlessingOfTheForge"},{"floor":50.0,"key":"AttackPotion"},{"floor":57.0,"key":"AttackPotion"},{"floor":60.0,"key":"PowerPotion"},{"floor":64.0,"key":"Energy Potion"},{"floor":76.0,"key":"champ:CounterPotion"},{"floor":78.0,"key":"Slimebound:ThreeZeroPotion"},{"floor":100.0,"key":"BloodPotion"},{"floor":108.0,"key":"EssenceOfSteel"}],"is_trial":false,"path_per_floor":["M","M","M","M","M","E","R","E","T","E","M","M","E","?","R","B",null,"M","M","?","$","PTL","PTL","M","NM","?","R","T","M","E","M","?","M","R_BF","B",null,"M","M","AVR","?","T","E","?","T","T","?","E","?","?","?","R_BF","B",null,"?","?","AVR","?","?","E","?","?","T","?","E","T","?","E","T","B",null,"?","?","?","?","?","E","?","?","T","E","T","?","E","?","T","B",null,"?","?","?","?","?","E","?","?","T","T","R","E","M","M","R","B",null,"M","?","?","M","M","R","E","?","T","E","M","E","?","E","R_BF","B",null,"M","$","AVR","M","M","E","?","M","T","M","E","?","?","E","R","B",null,"M","M","?","M","M","E","R","E","T","?","R","?","AVR","$","R","B",null,"R","$","E","B",null],"character_chosen":"IRONCLAD","items_purchased":["Bag of Preparation","War Paint","MerchantsRug","Iron Wave","ReplayTheSpireMod:CursedCoin","Fire Breathing","Metallicize","InkBottle","Replay:Towering Pillar of Hats","Apotheosis","expansioncontent:FaceSlap","Oddly Smooth Stone","Pear","Lee\u0027s Waffle","ClockworkSouvenir","Shuriken"],"campfire_rested":0,"item_purchase_floors":[21,21,21,21,21,21,41,41,41,41,97,123,123,123,152,157],"current_hp_per_floor":[72,69,72,72,72,69,69,49,49,53,55,57,60,53,53,62,78,78,81,61,61,61,61,58,40,40,40,40,46,52,40,40,46,46,14,91,91,91,91,91,91,75,74,74,74,80,34,26,26,32,32,27,69,73,63,68,78,78,86,90,93,93,96,100,100,100,104,104,104,104,104,108,106,97,97,110,116,119,119,123,123,130,130,130,130,134,134,138,138,138,138,142,142,146,111,111,111,111,117,154,154,154,153,161,161,164,164,164,164,164,168,168,168,168,168,183,187,187,187,187,187,190,207,207,207,211,211,211,215,215,219,219,219,219,219,219,219,224,228,232,232,236,236,236,236,236,236,236,236,236,236,236,236,236,236,236,236,236,236],"gold":1214,"neow_bonus":"ONE_RARE_RELIC","is_daily":false,"chose_seed":false,"campfire_upgraded":8,"win_rate":0.0,"timestamp":1609203065,"path_taken":["M","?","M","M","M","E","R","E","T","E","M","M","E","?","R","BOSS","M","M","?","$","PTL","PTL","M","NM","?","R","T","M","E","M","?","M","R_BF","BOSS","M","M","AVR","?","T","E","?","T","T","?","E","?","?","?","R_BF","BOSS","?","?","AVR","?","?","E","?","?","T","?","E","T","?","E","T","BOSS","?","?","?","?","?","E","?","?","T","E","T","?","E","?","T","BOSS","?","?","?","?","?","E","?","?","T","T","R","E","M","M","R","BOSS","M","?","?","M","M","R","E","?","T","E","M","E","?","E","R_BF","BOSS","M","$","AVR","M","M","E","?","M","T","M","E","?","?","E","R","BOSS","M","M","?","M","M","E","R","E","T","?","R","?","AVR","$","R","BOSS","R","$","E","BOSS"],"items_purchased_type":["Relic","Relic","Relic","Card","Relic","Card","Card","Relic","Relic","Card","Card","Relic","Relic","Relic","Relic","Relic"],"build_version":"2020-12-22","purchased_purges":10,"victory":true,"max_hp_per_floor":[72,72,72,72,72,72,72,72,72,75,75,75,75,75,75,78,78,78,81,81,81,81,81,88,88,88,88,88,88,88,91,91,91,91,91,91,91,91,91,91,91,91,91,91,91,91,91,91,91,91,91,91,69,73,73,78,82,82,86,90,93,93,96,100,100,100,104,104,104,104,104,108,112,112,112,119,119,119,119,123,123,130,130,130,130,134,134,138,138,138,138,142,142,146,146,146,146,146,146,154,154,154,161,161,161,164,164,164,164,164,168,168,168,168,172,183,187,187,187,187,187,190,207,207,207,211,211,211,215,215,219,219,219,219,219,219,219,224,228,232,232,236,236,236,236,236,236,236,236,236,236,236,236,236,236,236,236,236,236],"card_choices":[{"not_picked":["Clash","Feel No Pain"],"picked":"Wild Strike","floor":1.0},{"not_picked":["Searing Blow","Sword Boomerang"],"picked":"Ghostly Armor","floor":2.0},{"not_picked":["Sword Boomerang","Rupture"],"picked":"Pummel","floor":3.0},{"not_picked":["True Grit","Headbutt"],"picked":"Inflame","floor":4.0},{"not_picked":["Burning Pact","Carnage","ReplayTheSpireMod:Limb From Limb"],"picked":"SKIP","floor":5.0},{"not_picked":["Headbutt","Flex"],"picked":"Metallicize","floor":6.0},{"not_picked":["Whirlwind","Offering"],"picked":"Feed","floor":8.0},{"not_picked":["Warcry","Pommel Strike"],"picked":"Heavy Blade","floor":10.0},{"not_picked":["Armaments","Sever Soul"],"picked":"Flex","floor":11.0},{"not_picked":["Rupture","Evolve"],"picked":"Headbutt","floor":12.0},{"not_picked":["ReplayTheSpireMod:LeadingStrike","Dark Embrace"],"picked":"Flex","floor":13.0},{"not_picked":["Fiend Fire","Exhume"],"picked":"Immolate","floor":16.0},{"not_picked":["Cleave","Replay:Undeath\u0027s Touch"],"picked":"Perfected Strike+1","floor":18.0},{"not_picked":["Clash","Headbutt+1"],"picked":"Exhume","floor":19.0},{"not_picked":["ReplayTheSpireMod:LeadingStrike","Impervious"],"picked":"Battle Trance","floor":24.0},{"not_picked":["ReplayTheSpireMod:Chaos Vortex","infinitespire:FutureSight"],"picked":"infinitespire:TheBestDefense","floor":25.0},{"not_picked":["Pommel Strike","Rage"],"picked":"Body Slam","floor":25.0},{"not_picked":["Searing Blow","Cleave","ReplayTheSpireMod:LeadingStrike"],"picked":"SKIP","floor":29.0},{"not_picked":["Armaments","ReplayTheSpireMod:LeadingStrike"],"picked":"Immolate","floor":30.0},{"not_picked":["Replay:Undeath\u0027s Touch","Cleave"],"picked":"infinitespire:OneForAll","floor":31.0},{"not_picked":["Twin Strike","True Grit+1"],"picked":"Entrench","floor":33.0},{"not_picked":["Juggernaut","Reaper"],"picked":"Barricade","floor":35.0},{"not_picked":["Headbutt+1","Flex+1","Heavy Blade"],"picked":"SKIP","floor":37.0},{"not_picked":["Body Slam+1","Armaments"],"picked":"ReplayTheSpireMod:Stacked","floor":38.0},{"not_picked":["Replay:Undeath\u0027s Touch","Headbutt","Dropkick"],"picked":"SKIP","floor":42.0},{"not_picked":["Battle Trance+1","Warcry"],"picked":"Shrug It Off+1","floor":43.0},{"not_picked":["Life Link","Hemogenesis","Pommel Strike+1"],"picked":"SKIP","floor":46.0},{"not_picked":["Demonic Infusion","Armaments+1"],"picked":"Shrug It Off+1","floor":47.0},{"not_picked":["ReplayTheSpireMod:Strike From Hell+1","Wild Strike+1","Cleave"],"picked":"SKIP","floor":48.0},{"not_picked":["Disarm+1","Clothesline","ReplayTheSpireMod:Corrosion Curse"],"picked":"SKIP","floor":50.0},{"not_picked":["Fiend Fire","Berserk"],"picked":"Demon Form","floor":52.0},{"not_picked":["Massacre","Armaments"],"picked":"Searing Blow","floor":54.0},{"not_picked":["ReplayTheSpireMod:Corrosion Curse","Dropkick","Anger"],"picked":"SKIP","floor":57.0},{"not_picked":["Disarm","Shrug It Off","Bloodletting"],"picked":"SKIP","floor":59.0},{"not_picked":["Clothesline","Ghostly Armor","Perfected Strike"],"picked":"SKIP","floor":60.0},{"not_picked":["Heavy Blade","Cleave"],"picked":"Flame Barrier","floor":61.0},{"not_picked":["Searing Blow","Sword Boomerang"],"picked":"Inflame","floor":63.0},{"not_picked":["Armaments","ReplayTheSpireMod:Corrosion Curse","Pommel Strike"],"picked":"SKIP","floor":64.0},{"not_picked":["Headbutt","Replay:Undeath\u0027s Touch"],"picked":"ReplayReversal","floor":66.0},{"not_picked":["Warcry","ReplayTheSpireMod:Corrosion Curse"],"picked":"Double Tap","floor":67.0},{"not_picked":["infinitespire:FinalStrike","infinitespire:Fortify"],"picked":"infinitespire:Punishment","floor":69.0},{"not_picked":["Demon Form","Feed"],"picked":"Berserk","floor":69.0},{"not_picked":["Perfected Strike"],"picked":"SKIP","floor":71.0},{"not_picked":["Flex"],"picked":"SKIP","floor":72.0},{"not_picked":["Armaments+1"],"picked":"SKIP","floor":73.0},{"not_picked":["Pommel Strike"],"picked":"SKIP","floor":76.0},{"not_picked":["Thunderclap"],"picked":"SKIP","floor":77.0},{"not_picked":[],"picked":"ReplayTheSpireMod:Stacked","floor":78.0},{"not_picked":["Second Wind"],"picked":"SKIP","floor":80.0},{"not_picked":[],"picked":"Clothesline","floor":82.0},{"not_picked":["Flex"],"picked":"SKIP","floor":83.0},{"not_picked":["Sword Boomerang"],"picked":"SKIP","floor":84.0},{"not_picked":[],"picked":"Hemogenesis","floor":86.0},{"not_picked":["Abandon+1"],"picked":"SKIP","floor":88.0},{"not_picked":["Twin Strike+1"],"picked":"SKIP","floor":90.0},{"not_picked":["Heavy Blade"],"picked":"SKIP","floor":91.0},{"not_picked":["Havoc"],"picked":"SKIP","floor":93.0},{"not_picked":["Havoc"],"picked":"SKIP","floor":94.0},{"not_picked":["Replay:Fractal Strike","ReplayTheSpireMod:Haul"],"picked":"infinitespire:Gouge","floor":95.0},{"not_picked":["Infernal Blade"],"picked":"SKIP","floor":99.0},{"not_picked":["Armaments+1"],"picked":"SKIP","floor":100.0},{"not_picked":["Perfected Strike"],"picked":"SKIP","floor":101.0},{"not_picked":[],"picked":"Berserk","floor":103.0},{"not_picked":["Havoc"],"picked":"SKIP","floor":105.0},{"not_picked":[],"picked":"ReplayReversal","floor":108.0},{"not_picked":[],"picked":"Inflame","floor":109.0},{"not_picked":["Flex"],"picked":"SKIP","floor":111.0},{"not_picked":["Berserk"],"picked":"SKIP","floor":114.0},{"not_picked":["Berserk"],"picked":"SKIP","floor":114.0},{"not_picked":["Berserk"],"picked":"SKIP","floor":114.0},{"not_picked":["Berserk"],"picked":"SKIP","floor":114.0},{"not_picked":["ReplayReversal"],"picked":"SKIP","floor":115.0},{"not_picked":["ReplayReversal"],"picked":"SKIP","floor":115.0},{"not_picked":[],"picked":"Sword Boomerang","floor":116.0},{"not_picked":["Iron Wave"],"picked":"SKIP","floor":118.0},{"not_picked":["Iron Wave"],"picked":"SKIP","floor":122.0},{"not_picked":["Armaments+1"],"picked":"SKIP","floor":125},{"not_picked":["Armaments"],"picked":"SKIP","floor":126},{"not_picked":["Warcry"],"picked":"SKIP","floor":127},{"not_picked":["Rupture+1"],"picked":"SKIP","floor":129},{"not_picked":["Fire Breathing+1"],"picked":"SKIP","floor":131},{"not_picked":["Sever Soul+1"],"picked":"SKIP","floor":132},{"not_picked":["Infernal Blade+1"],"picked":"SKIP","floor":135},{"not_picked":[],"picked":"Juggernaut+1","floor":137},{"not_picked":["True Grit"],"picked":"SKIP","floor":139},{"not_picked":["Hemokinesis+1"],"picked":"SKIP","floor":140},{"not_picked":["Clash+1"],"picked":"SKIP","floor":142},{"not_picked":["Sword Boomerang"],"picked":"SKIP","floor":143},{"not_picked":[],"picked":"Impervious+1","floor":144},{"not_picked":["Shrug It Off+1"],"picked":"SKIP","floor":146},{"not_picked":["Clash"],"picked":"SKIP","floor":158}],"player_experience":486324,"relics_obtained":[{"floor":6.0,"key":"Blue Candle"},{"floor":8.0,"key":"CeramicFish"},{"floor":9.0,"key":"HornCleat"},{"floor":10.0,"key":"Thread and Needle"},{"floor":13.0,"key":"Blue Doll"},{"floor":20.0,"key":"Replay:Accelerometer"},{"floor":25.0,"key":"infinitespire:Bottled Soul"},{"floor":28.0,"key":"Replay:WaspNest"},{"floor":30.0,"key":"Art of War"},{"floor":34.0,"key":"Replay:Multitool"},{"floor":42.0,"key":"Centennial Puzzle"},{"floor":45.0,"key":"Simple Rune"},{"floor":47.0,"key":"Onion Ring"},{"floor":51.0,"key":"Red Skull"},{"floor":59.0,"key":"Iron Hammer"},{"floor":59.0,"key":"Bag of Marbles"},{"floor":62.0,"key":"infinitespire:Lucky Rock"},{"floor":64.0,"key":"infinitespire:WardingShard"},{"floor":64.0,"key":"Replay:Wax Seal"},{"floor":65.0,"key":"infinitespire:PuzzleCube"},{"floor":67.0,"key":"Replay:Bottled Flurry"},{"floor":67.0,"key":"Replay:Baseball"},{"floor":76.0,"key":"Meat on the Bone"},{"floor":76.0,"key":"infinitespire:CheckeredPen"},{"floor":79.0,"key":"Gremlin Food"},{"floor":80.0,"key":"Juzu Bracelet"},{"floor":83.0,"key":"Regal Pillow"},{"floor":83.0,"key":"Replay:Bandana"},{"floor":92.0,"key":"FossilizedHelix"},{"floor":93.0,"key":"Smiling Mask"},{"floor":93.0,"key":"PreservedInsect"},{"floor":96.0,"key":"Pet Ghost"},{"floor":99.0,"key":"Replay:Mystery Machine"},{"floor":99.0,"key":"Boot"},{"floor":106.0,"key":"Odd Mushroom"},{"floor":111.0,"key":"WingedGreaves"},{"floor":111.0,"key":"Vajra"},{"floor":113.0,"key":"Orichalcum"},{"floor":114.0,"key":"Replay:Arrowhead"},{"floor":114.0,"key":"infinitespire:Satchel"},{"floor":116.0,"key":"Nunchaku"},{"floor":116.0,"key":"Strawberry"},{"floor":117.0,"key":"infinitespire:Beetle Shell"},{"floor":118.0,"key":"Anchor"},{"floor":118.0,"key":"Toy Ornithopter"},{"floor":127,"key":"Old Coin"},{"floor":127,"key":"Replay:Bottled Snecko"},{"floor":130,"key":"King of Hearts"},{"floor":132,"key":"ReplayTheSpireMod:Spearhead"},{"floor":132,"key":"Whetstone"},{"floor":135,"key":"Ice Cream"},{"floor":135,"key":"MawBank"},{"floor":144,"key":"Bronze Scales"},{"floor":144,"key":"Lantern"},{"floor":146,"key":"Mummified Hand"},{"floor":147,"key":"Replay:Accelerometer"},{"floor":158,"key":"Regal Pillow"},{"floor":158,"key":"infinitespire:ShieldingShard"}],"event_choices":[{"damage_healed":0.0,"max_hp_gain":0.0,"max_hp_loss":0.0,"gold_gain":30.0,"event_name":"Dead Adventurer","player_choice":"Searched \u00273\u0027 times","floor":14.0,"gold_loss":0.0,"damage_taken":0.0,"relics_obtained":["Replay:Bottled Eggs"]},{"cards_removed":["Strike_R"],"damage_healed":0.0,"max_hp_gain":0.0,"max_hp_loss":0.0,"gold_gain":0.0,"event_name":"Back to Basics","player_choice":"Elegance","floor":26.0,"gold_loss":0.0,"damage_taken":0.0},{"cards_removed":["Strike_R"],"damage_healed":0.0,"max_hp_gain":0.0,"max_hp_loss":0.0,"gold_gain":0.0,"event_name":"Falling","player_choice":"Removed Attack","floor":40.0,"gold_loss":0.0,"damage_taken":0.0},{"damage_healed":0.0,"max_hp_gain":0.0,"max_hp_loss":0.0,"gold_gain":0.0,"event_name":"Tomb of Lord Red Mask","player_choice":"Paid","floor":49.0,"gold_loss":141.0,"damage_taken":0.0,"relics_obtained":["Red Mask"]},{"damage_healed":0.0,"max_hp_gain":0.0,"max_hp_loss":0.0,"gold_gain":75.0,"event_name":"World of Goop","player_choice":"Gather Gold","floor":55.0,"gold_loss":0.0,"damage_taken":11.0},{"cards_removed":["Headbutt"],"damage_healed":0.0,"max_hp_gain":0.0,"max_hp_loss":0.0,"gold_gain":0.0,"event_name":"Falling","player_choice":"Removed Attack","floor":89.0,"gold_loss":0.0,"damage_taken":0.0},{"damage_healed":0.0,"max_hp_gain":0.0,"max_hp_loss":0.0,"gold_gain":0.0,"event_name":"Mysterious Sphere","player_choice":"Fight","floor":92.0,"gold_loss":0.0,"damage_taken":0.0},{"damage_healed":0.0,"max_hp_gain":0.0,"max_hp_loss":0.0,"gold_gain":0.0,"event_name":"Mushrooms","player_choice":"Fought Mushrooms","floor":106.0,"gold_loss":0.0,"damage_taken":0.0},{"cards_removed":["Immolate"],"damage_healed":0.0,"max_hp_gain":0.0,"max_hp_loss":0.0,"gold_gain":0.0,"event_name":"The Cleric","player_choice":"Card Removal","floor":107.0,"gold_loss":50.0,"damage_taken":0.0},{"cards_removed":["Inflame"],"damage_healed":0.0,"max_hp_gain":0.0,"max_hp_loss":0.0,"gold_gain":0.0,"event_name":"Bonfire Elementals","player_choice":"Offered Uncommon","floor":112.0,"gold_loss":0.0,"damage_taken":0.0},{"damage_healed":0.0,"max_hp_gain":0.0,"max_hp_loss":0.0,"gold_gain":0.0,"event_name":"Dead Adventurer","player_choice":"Searched \u00271\u0027 times","floor":117.0,"gold_loss":0.0,"damage_taken":0.0},{"cards_removed":["ReplayReversal"],"damage_healed":0,"gold_gain":0,"player_choice":"Removed Skill","damage_taken":0,"max_hp_gain":0,"max_hp_loss":0,"event_name":"Falling","floor":141,"gold_loss":0},{"damage_healed":0,"gold_gain":0,"player_choice":"Bought 0 Potions","damage_taken":0,"max_hp_gain":0,"max_hp_loss":0,"event_name":"The Woman in Blue","floor":148,"gold_loss":0},{"damage_healed":0,"gold_gain":100,"player_choice":"Pray","damage_taken":0,"max_hp_gain":0,"max_hp_loss":0,"event_name":"Golden Shrine","floor":150,"gold_loss":0}],"is_beta":false,"boss_relics":[{"not_picked":["Tiny House","Runic Dome"],"picked":"Astrolabe"},{"not_picked":["Runic Cube","Kintsugi"],"picked":"Philosopher\u0027s Stone"},{"not_picked":["Electric Blood","Empty Cage"],"picked":"Replay:Grab Bag"},{"not_picked":["ReplayTheSpireMod:DimensionalGlitch","Cursed Key"],"picked":"Replay:Bronze Core"},{"not_picked":["Fusion Hammer","Busted Crown"],"picked":"Mark of Pain"},{"not_picked":["Calling Bell","SacredBark"],"picked":"Replay:Drink Me"},{"not_picked":["Black Blood","ReplayTheSpireMod:SealedPack"],"picked":"Black Star"},{"not_picked":["Astrolabe","Replay:Fungal Core"],"picked":"Busted Crown"},{"not_picked":["Black Blood","Snecko Eye"],"picked":"infinitespire:Cupcake"},{"not_picked":["Kintsugi","SlaversCollar"],"picked":"Coffee Dripper"},{"not_picked":["Runic Pyramid","Fusion Hammer"],"picked":"SacredBark"},{"not_picked":["Electric Blood","ReplayTheSpireMod:DimensionalGlitch"],"picked":"Tiny House"},{"not_picked":["ReplayTheSpireMod:SealedPack","Velvet Choker"],"picked":"Ring of Chaos"}],"items_purged_floors":[21,39,41,56,97,123,124,151,152,157],"is_endless":true,"potions_floor_spawned":[2,4,10,12,13,14,16,18,24,31,33,35,37,43,48,50,57,60,64,66,67,76,78,80,83,84,91,93,94,99,100,108,114,117,120,127,129,131,135,140,143],"ascension_level":4}}