{"host":"nzm1i0l8mrsm8hd2","time":1609229216,"event":{"mods":["Act Like it!","BaseMod","Better Third Choice","Conspire","Gensokyo","Minty Spire (QoL Compilation)","Pale of the Ancients","Quick Restart","RumiaBox-露米娅的神秘盒子","Spicy Shops","StSLib","The Dragon Tamer","Wandering Minibosses","vexMod"],"gold_per_floor":[111,128,128,145,145,145,145,145],"floor_reached":6,"playtime":83,"items_purged":[],"score":38,"play_id":"85bc059c-82fd-48c5-9324-6baf78d840cf","local_time":"20201229160656","is_ascension_mode":true,"metric_token":919,"campfire_choices":[],"dtmod_dragon_data":[50,50,-1,-1,0,0],"circlet_count":0,"master_deck":["DTMod:Strike","DTMod:Strike","DTMod:Strike","DTMod:Strike","DTMod:DoubleHit","DTMod:TargetDefense","DTMod:TargetDefense","DTMod:TargetDefense","DTMod:TargetDefense","DTMod:SwitchingTactic","DTMod:BreakAttack","DTMod:CrossStep","DTMod:Weaken","Clumsy"],"relics":["DTMod:PactStone","NeowsBlessing","Baka2","Gensokyo:NagashiBinaDoll"],"acts_visited":["Exordium"],"potions_floor_usage":[],"damage_taken":[{"damage":0,"enemies":"Gensokyo:2_Kodama","floor":1,"turns":1},{"damage":0,"enemies":"Gensokyo:3_Fairies","floor":2,"turns":2},{"damage":0,"enemies":"Gensokyo:Gryphon","floor":4,"turns":1},{"damage":0,"enemies":"Gensokyo:Cirno","floor":6,"turns":1}],"seed_played":"-9135930018643184083","potions_obtained":[{"floor":2,"key":"ColorlessPotion"}],"is_trial":false,"path_per_floor":["M","M","?","M","?","E"],"character_chosen":"THE_DT","items_purchased":[],"campfire_rested":0,"item_purchase_floors":[],"current_hp_per_floor":[45,45,45,45,45,45,45,45],"gold":145,"neow_bonus":"THREE_ENEMY_KILL","is_daily":false,"chose_seed":false,"campfire_upgraded":0,"win_rate":0.0,"timestamp":1609229216,"path_taken":["M","?","?","M","?","E"],"items_purchased_type":[],"build_version":"2020-12-22","purchased_purges":0,"victory":false,"max_hp_per_floor":[45,45,45,45,45,45,45,45],"card_choices":[{"not_picked":["DTMod:MasterPlan","DTMod:QuickFly"],"picked":"DTMod:BreakAttack","floor":1},{"not_picked":["DTMod:Weaken","DTMod:TagTeam"],"picked":"DTMod:CrossStep","floor":2},{"not_picked":["DTMod:BlazingStrike","DTMod:ForkedFire"],"picked":"DTMod:Weaken","floor":4}],"player_experience":563824,"relics_obtained":[{"floor":1,"key":"Baka"},{"floor":2,"key":"Baka2"}],"event_choices":[{"damage_healed":0,"gold_gain":0,"player_choice":"Leave","damage_taken":0,"max_hp_gain":0,"max_hp_loss":0,"event_name":"conspire:Investor","floor":3,"gold_loss":0}],"is_beta":false,"boss_relics":[],"items_purged_floors":[],"is_endless":false,"potions_floor_spawned":[2],"killed_by":"Gensokyo:Cirno","ascension_level":1}}