{"host":"tgr1xoidyjfo4u0n","time":1609224306,"event":{"mods":["Act Like it!","BaseMod","Better Vampires","CapriCore","Colored Powertips","Downfall","GifTheSpireLib","Highlight Path","Minty Spire (QoL Compilation)","StSLib"],"gold_per_floor":[0,18,38,50,66,85,85,96,96,126,143,143,154,37,63,175,175,175,199,307,407,425,768,768,768,783,810,830,849,774,802,824,937,937,937,957,980,999,1009,699,725,650,665,477,577,577,609,534,546,546],"floor_reached":51,"playtime":6906,"items_purged":["hexamod:Strike","hexamod:GhostflameInferno","hexamod:ExtraCrispy"],"score":974,"play_id":"3c845ed4-5495-4f0d-9784-a322b2e933d3","local_time":"20201229144506","is_ascension_mode":true,"campfire_choices":[{"data":"hexamod:EmpoweringStance","floor":1.0,"key":"SMITH"},{"data":"hexamod:Haunt","floor":9.0,"key":"SMITH"},{"floor":12.0,"key":"REST"},{"data":"hexamod:EmpoweringStance","floor":18.0,"key":"SMITH"},{"data":"hexamod:Haunt","floor":30.0,"key":"SMITH"},{"floor":35.0,"key":"RECALL"},{"data":"hexamod:Rewind","floor":42,"key":"SMITH"},{"data":"hexamod:SpectralAdrenaline","floor":46,"key":"SMITH"},{"data":"hexamod:Float","floor":48,"key":"SMITH"}],"circlet_count":0,"master_deck":["hexamod:Float+1","hexamod:EmpoweringStance+1","hexamod:RainOfEmbers","hexamod:Haunt+1","hexamod:FastForward+1","hexamod:FastForward","hexamod:EmpoweredFlame","hexamod:ShieldOfDarkness+1","hexamod:SpectralAdrenaline+1","hexamod:SpectersWail","hexamod:EmpoweringStance+1","hexamod:GhostLash","hexamod:GhostShield+1","hexamod:HauntingEcho+1","hexamod:FastForward+1","hexamod:Hexaguard+1","hexamod:NecessarySacrifice+1","hexamod:GhostOfSpirePast","hexamod:Haunt+1","hexamod:SwordOfDarkness","hexamod:SkipABeat+1","hexamod:Again","hexamod:FastForward","hexamod:GhostShield+1","hexamod:Rewind+1","hexamod:GhostShield+1","hexamod:RetreatToShadows","hexamod:Hexaguard","hexamod:Hexaguard","hexamod:CatchUp","hexamod:GhostShield","hexamod:Hexaguard","hexamod:EmpoweredFlame+1","hexamod:InspiringFlames","hexamod:NightmareGuise+1"],"relics":["hexamod:SpiritBrand","Bottled Lightning","Juzu Bracelet","Coffee Dripper","downfall:GremlinWheel","Old Coin","downfall:HeartBlessingBlue","Pandora\u0027s Box","hexamod:TheBrokenSeal","Medical Kit","Vajra","downfall:HeartBlessingRed","hexamod:TheBrokenSeal","Meat on the Bone","downfall:HeartBlessingGreen"],"acts_visited":["Exordium","TheCity","TheBeyond"],"potions_floor_usage":[38,43,44],"damage_taken":[{"damage":1.0,"enemies":"2 Louse","floor":2.0,"turns":2.0},{"damage":0.0,"enemies":"Cultist","floor":3.0,"turns":3.0},{"damage":6.0,"enemies":"Jaw Worm","floor":4.0,"turns":3.0},{"damage":12.0,"enemies":"3 Louse","floor":5.0,"turns":4.0},{"damage":6.0,"enemies":"Red Slaver","floor":6.0,"turns":3.0},{"damage":1.0,"enemies":"Blue Slaver","floor":8.0,"turns":3.0},{"damage":17.0,"enemies":"3 Sentries","floor":10.0,"turns":8.0},{"damage":0.0,"enemies":"3 Louse","floor":11.0,"turns":3.0},{"damage":3.0,"enemies":"Gremlin Gang","floor":13.0,"turns":4.0},{"damage":0.0,"enemies":"downfall:FleeingMerchant","floor":14.0,"turns":4.0},{"damage":2.0,"enemies":"Blue Slaver","floor":15.0,"turns":4.0},{"damage":16.0,"enemies":"downfall:Ironclad","floor":16.0,"turns":9.0},{"damage":0.0,"enemies":"Shell Parasite","floor":19.0,"turns":4.0},{"damage":2.0,"enemies":"Shell Parasite","floor":20.0,"turns":3.0},{"damage":11.0,"enemies":"Centurion and Healer","floor":22.0,"turns":4.0},{"damage":14.0,"enemies":"Slavers","floor":23.0,"turns":7.0},{"damage":10.0,"enemies":"Snake Plant","floor":26.0,"turns":3.0},{"damage":0.0,"enemies":"Cultist and Chosen","floor":27.0,"turns":4.0},{"damage":6.0,"enemies":"Snecko","floor":28.0,"turns":5.0},{"damage":5.0,"enemies":"Shelled Parasite and Fungi","floor":29.0,"turns":4.0},{"damage":0.0,"enemies":"3 Cultists","floor":31.0,"turns":5.0},{"damage":0.0,"enemies":"Chosen and Byrds","floor":32.0,"turns":4.0},{"damage":6.0,"enemies":"downfall:Defect","floor":33.0,"turns":7.0},{"damage":19.0,"enemies":"3 Darklings","floor":36.0,"turns":10.0},{"damage":1.0,"enemies":"3 Shapes","floor":37.0,"turns":6.0},{"damage":20,"enemies":"Spire Growth","floor":38,"turns":6},{"damage":17,"enemies":"3 Darklings","floor":39,"turns":6},{"damage":6,"enemies":"downfall:FleeingMerchant","floor":40,"turns":4},{"damage":5,"enemies":"4 Shapes","floor":43,"turns":8},{"damage":0,"enemies":"downfall:FleeingMerchant","floor":44,"turns":4},{"damage":0,"enemies":"downfall:FleeingMerchant","floor":45,"turns":4},{"damage":24,"enemies":"Giant Head","floor":47,"turns":12},{"damage":6,"enemies":"Spire Growth","floor":49,"turns":5},{"damage":25,"enemies":"downfall:Silent","floor":50,"turns":6}],"seed_played":"-2237978231560707043","potions_obtained":[{"floor":4.0,"key":"SteroidPotion"},{"floor":5.0,"key":"EntropicBrew"},{"floor":6.0,"key":"Ancient Potion"},{"floor":16.0,"key":"Dexterity Potion"},{"floor":23.0,"key":"champ:CounterPotion"},{"floor":28.0,"key":"LiquidMemories"},{"floor":39,"key":"LiquidBronze"},{"floor":40,"key":"AttackPotion"},{"floor":43,"key":"Fire Potion"},{"floor":44,"key":"SpeedPotion"},{"floor":47,"key":"Slimebound:ThreeZeroPotion"},{"floor":49,"key":"Block Potion"}],"is_trial":false,"path_per_floor":["R","M","M","M","M","M","T","M","R","E","M","R","M","$","M","B",null,"R","M","?","?","M","E","T","?","M","M","M","M","R","M","M","B",null,"R","M","M","M","M","$","T","R","M","$","?","R","E","R","M","B",null],"character_chosen":"THE_SPIRIT","items_purchased":["hexamod:SpectralAdrenaline","Medical Kit","hexamod:Hexaguard","hexamod:Hexaguard"],"campfire_rested":1,"item_purchase_floors":[14,40,40,44],"current_hp_per_floor":[70,69,69,63,51,45,45,44,44,27,27,48,45,45,43,27,70,70,70,68,68,57,43,43,43,33,33,27,22,32,32,32,26,80,80,61,60,86,69,63,63,63,58,65,72,72,89,89,83,58],"gold":546,"neow_bonus":"THREE_RARE_CARDS","is_daily":false,"chose_seed":false,"campfire_upgraded":7,"win_rate":0.0,"timestamp":1609224306,"path_taken":["R","M","M","M","M","M","T","M","R","E","M","R","M","$","M","BOSS","BOSS","R","M","?","?","M","E","T","?","M","M","M","M","R","M","M","BOSS","R","M","M","M","M","$","T","R","M","?","?","R","E","R","M","BOSS"],"items_purchased_type":["Card","Relic","Card","Card"],"build_version":"2020-12-22","purchased_purges":3,"victory":true,"max_hp_per_floor":[70,70,70,70,70,70,70,70,70,70,70,70,70,70,70,70,70,70,70,70,70,70,70,70,70,70,70,70,70,80,80,80,80,80,80,80,80,90,90,90,90,90,90,90,90,90,100,100,100,100],"card_choices":[{"not_picked":["hexamod:Toasty","hexamod:ParanormalForm"],"picked":"hexamod:EmpoweringStance","floor":0.0},{"not_picked":["hexamod:GhostOfSpireFuture","hexamod:ThermalTransfer"],"picked":"hexamod:RainOfEmbers","floor":2.0},{"not_picked":["hexamod:GhostShield","hexamod:GhostflameBarrier"],"picked":"hexamod:Haunt","floor":3.0},{"not_picked":["hexamod:ThermalTransfer","hexamod:InspiringFlames","hexamod:GhostShield"],"picked":"SKIP","floor":4.0},{"not_picked":["hexamod:PowerFromBeyond","hexamod:StepThrough"],"picked":"hexamod:FastForward","floor":5.0},{"not_picked":["hexamod:GhostShield","hexamod:BurningTouch"],"picked":"hexamod:FastForward","floor":6.0},{"not_picked":["hexamod:SuperheatedStrike","hexamod:HeatCrush"],"picked":"hexamod:GhostflameInferno","floor":8.0},{"not_picked":["hexamod:RainOfEmbers","hexamod:ChargedBarrage"],"picked":"hexamod:EmpoweredFlame","floor":10.0},{"not_picked":["hexamod:InspiringFlames","hexamod:FlamesFromBeyond","hexamod:RadiantFlame"],"picked":"SKIP","floor":11.0},{"not_picked":["hexamod:AdvancingGuard","hexamod:GhostOfSpirePresent"],"picked":"hexamod:SecondSeal","floor":13.0},{"not_picked":["hexamod:NightmareStrike","hexamod:RainOfEmbers"],"picked":"hexamod:ShieldOfDarkness","floor":14.0},{"not_picked":["hexamod:AdvancingGuard","hexamod:NightmareGuise"],"picked":"hexamod:SpectersWail","floor":15.0},{"not_picked":["hexamod:CrushingStance","hexamod:ApocalypseNow"],"picked":"hexamod:EmpoweringStance","floor":16.0},{"not_picked":["hexamod:NightmareGuise","hexamod:SkipABeat+1"],"picked":"hexamod:GhostLash","floor":19.0},{"not_picked":["hexamod:ShieldOfDarkness","hexamod:Hexaguard"],"picked":"hexamod:GhostShield+1","floor":22.0},{"not_picked":["hexamod:NightmareStrike","hexamod:BurningTouch+1"],"picked":"hexamod:HauntingEcho+1","floor":23.0},{"not_picked":["hexamod:EtherealExpedition","hexamod:SpectralAdrenaline"],"picked":"hexamod:Hexaguard+1","floor":26.0},{"not_picked":["hexamod:ThermalTransfer","hexamod:SuperheatedStrike"],"picked":"hexamod:NecessarySacrifice+1","floor":27.0},{"not_picked":["hexamod:SwordOfDarkness+1","hexamod:BacktrackSmack"],"picked":"hexamod:GhostOfSpirePast","floor":28.0},{"not_picked":["hexamod:ChargedBarrage","hexamod:AdvancingGuard"],"picked":"hexamod:Haunt","floor":29.0},{"not_picked":["hexamod:BurningTouch","hexamod:Toasty"],"picked":"hexamod:SwordOfDarkness","floor":31.0},{"not_picked":["hexamod:Firestarter","hexamod:GhostLash","hexamod:SpectersWail"],"picked":"SKIP","floor":32.0},{"not_picked":["hexamod:TimeOfNeed","hexamod:ParanormalForm"],"picked":"hexamod:FifthSeal","floor":33.0},{"not_picked":["hexamod:SpectersWail","hexamod:HauntingEcho"],"picked":"hexamod:GhostShield+1","floor":36.0},{"not_picked":["hexamod:RainOfEmbers","hexamod:SkipABeat","hexamod:SwordOfDarkness+1"],"picked":"SKIP","floor":36.0},{"not_picked":["hexamod:FirstSeal","hexamod:SecondSeal"],"picked":"hexamod:FourthSeal","floor":37.0},{"not_picked":["hexamod:SpectralAdrenaline+1","hexamod:EmpoweredFlame+1"],"picked":"hexamod:Rewind","floor":37.0},{"not_picked":["hexamod:FourthSeal","hexamod:SecondSeal"],"picked":"hexamod:FirstSeal","floor":37.0},{"not_picked":["hexamod:RainOfEmbers+1","hexamod:HeatMetal"],"picked":"hexamod:GhostShield+1","floor":37.0},{"not_picked":["hexamod:SecondSeal","hexamod:SixthSeal"],"picked":"hexamod:FourthSeal","floor":38},{"not_picked":["hexamod:GhostOfSpireFuture+1","hexamod:HeatMetal"],"picked":"hexamod:RetreatToShadows","floor":38},{"not_picked":["hexamod:SecondSeal","hexamod:FourthSeal"],"picked":"hexamod:SixthSeal","floor":39},{"not_picked":["hexamod:FastForward","hexamod:FlamesFromBeyond","hexamod:Firestarter"],"picked":"SKIP","floor":39},{"not_picked":["hexamod:InspiringFlames","hexamod:ApocalypseNow"],"picked":"hexamod:Hexaguard","floor":40},{"not_picked":["hexamod:FourthSeal","hexamod:SecondSeal"],"picked":"hexamod:ThirdSeal","floor":43},{"not_picked":["hexamod:Hexaguard","hexamod:SuperheatedStrike+1"],"picked":"hexamod:FirstSeal","floor":43},{"not_picked":["hexamod:HauntingEcho","hexamod:HeatShield+1"],"picked":"hexamod:CatchUp","floor":44},{"not_picked":["hexamod:ThermalTransfer","hexamod:NecessarySacrifice+1"],"picked":"hexamod:GhostShield","floor":44},{"not_picked":["hexamod:FourthSeal","hexamod:FirstSeal"],"picked":"hexamod:SecondSeal","floor":45},{"not_picked":["hexamod:Firestarter","hexamod:CatchUp+1"],"picked":"hexamod:EmpoweredFlame+1","floor":45},{"not_picked":["hexamod:NecessarySacrifice","hexamod:RainOfEmbers"],"picked":"hexamod:InspiringFlames","floor":45},{"not_picked":["hexamod:FourthSeal","hexamod:BurningTouch"],"picked":"hexamod:NightmareGuise+1","floor":47},{"not_picked":["hexamod:BacktrackSmack+1","hexamod:NightmareGuise","hexamod:HeatCrush"],"picked":"SKIP","floor":49}],"player_experience":372773,"relics_obtained":[{"floor":7.0,"key":"Bottled Lightning"},{"floor":10.0,"key":"Juzu Bracelet"},{"floor":20.0,"key":"downfall:GremlinWheel"},{"floor":23.0,"key":"Old Coin"},{"floor":41,"key":"Vajra"},{"floor":47,"key":"Meat on the Bone"}],"event_choices":[{"damage_healed":0.0,"max_hp_gain":0.0,"max_hp_loss":0.0,"gold_gain":0.0,"event_name":"Duplicator","player_choice":"Copied","floor":25.0,"gold_loss":0.0,"damage_taken":0.0,"cards_obtained":["hexamod:FastForward"]},{"cards_removed":["hexamod:Sear"],"damage_healed":0,"gold_gain":0,"player_choice":"Card Removal","damage_taken":0,"max_hp_gain":0,"max_hp_loss":0,"event_name":"Wheel of Change","floor":42,"gold_loss":0}],"is_beta":false,"boss_relics":[{"not_picked":["Fusion Hammer","Cursed Key"],"picked":"Coffee Dripper"},{"not_picked":["Busted Crown","SlaversCollar"],"picked":"Pandora\u0027s Box"}],"items_purged_floors":[14,40,44],"is_endless":false,"potions_floor_spawned":[4,5,6,11,16,22,23,26,28,29,43,47,49],"ascension_level":1}}