{"host":"m4hcknw9g39vw3hn","time":1609236080,"event":{"mods":["Act Like it!","BaseMod","Downfall","Hermit","KomeijiMod","Lobotomy","LobotomyExtend","Marisa（F雨　魔理沙）","Minty Spire (QoL Compilation)","Quick Restart","Remilia（蕾米莉亚）","RumiaBox-露米娅的神秘盒子","Shop Mod","Spicy Shops","StSLib","[IsaacMod]以撒尖塔"],"gold_per_floor":[270,280,280,297,312,312,341,357,357,371,404,479,497,529,529,624,624,634,654,359,371,410,464,464,512,512,512,133,188,219,235,235,246,246,256,256,256,303,303,323,346,376,376,415,436,471,471,615,615,615,615,91,91,91],"floor_reached":40,"playtime":2465,"items_purged":[],"score":1409,"play_id":"e2ddffa2-456f-4320-bfb6-66e75833bb7c","local_time":"20201229180120","is_ascension_mode":true,"campfire_choices":[{"floor":15.0,"key":"RECALL"},{"floor":28,"key":"DIG"},{"floor":32,"key":"DIG"},{"floor":36,"key":"DIG"}],"circlet_count":0,"master_deck":["SpecialBullet","SpecialBullet","SpecialBullet","SpecialBullet","SpecialBullet","SpecialBullet","SpecialBullet","SpecialBullet","InformationCode","SecurityCode","TrainingCode","RedShoes","Scorched","GoldRush","Mimicry","Mercenary","ParadiseLost","CENSORED_ego","BlackSwan_ego","BigBadWolf","GreenStem","RitualDagger","Lamp+5","RedEyes","WelfareCode","CrumblingArmor"],"relics":["CogitoBucket","HushsDoor","GuppysHead","LetterFromLob","GodSword7","SkinProphecy","GodSword5","Shovel","Vajra","SlaversCollar","ChangeAnything","Ccalipers","Bronze Scales","Strawberry","Eternal Feather","GnawedLeaf","GodSword1","AntiCross","Toxic Egg 2","Dead Branch","ZombieArmy","Mummified Hand","Lantern","Pantograph","SatanicBible","Sling","Du-Vu Doll","Bag of Marbles"],"acts_visited":["Exordium","TheCity","TheEnding"],"potions_floor_usage":[],"damage_taken":[{"damage":6.0,"enemies":"2 Louse","floor":1.0,"turns":2.0},{"damage":2.0,"enemies":"Cultist","floor":2.0,"turns":2.0},{"damage":15.0,"enemies":"Jaw Worm","floor":4.0,"turns":2.0},{"damage":0.0,"enemies":"2 Fungi Beasts","floor":5.0,"turns":1.0},{"damage":0.0,"enemies":"Gremlin Nob","floor":7.0,"turns":2.0},{"damage":52.0,"enemies":"Lots of Slimes","floor":8.0,"turns":4.0},{"damage":16.0,"enemies":"3 Louse","floor":10.0,"turns":2.0},{"damage":20.0,"enemies":"Lagavulin","floor":11.0,"turns":4.0},{"damage":0.0,"enemies":"Looter","floor":13.0,"turns":1.0},{"damage":20.0,"enemies":"3 Sentries","floor":14.0,"turns":3.0},{"damage":0.0,"enemies":"Slime Boss","floor":16.0,"turns":3.0},{"damage":62.0,"enemies":"Chosen","floor":18.0,"turns":6.0},{"damage":12.0,"enemies":"2 Thieves","floor":19.0,"turns":2.0},{"damage":9.0,"enemies":"Centurion and Healer","floor":21.0,"turns":3.0},{"damage":0.0,"enemies":"Sentry and Sphere","floor":22.0,"turns":3.0},{"damage":13.0,"enemies":"Gremlin Leader","floor":23.0,"turns":3.0},{"damage":31.0,"enemies":"Slavers","floor":25.0,"turns":2.0},{"damage":81,"enemies":"Chosen and Byrds","floor":29,"turns":5},{"damage":2,"enemies":"Gremlin Leader","floor":30,"turns":2},{"damage":0,"enemies":"Centurion and Healer","floor":31,"turns":1},{"damage":14,"enemies":"Chosen","floor":18,"turns":2},{"damage":0,"enemies":"3 Byrds","floor":20,"turns":1},{"damage":38,"enemies":"Book of Stabbing","floor":23,"turns":3},{"damage":27,"enemies":"Centurion and Healer","floor":25,"turns":2},{"damage":32,"enemies":"Gremlin Leader","floor":27,"turns":4},{"damage":21,"enemies":"Book of Stabbing","floor":29,"turns":2},{"damage":26,"enemies":"Shelled Parasite and Fungi","floor":30,"turns":2},{"damage":0,"enemies":"Slavers","floor":31,"turns":2},{"damage":40,"enemies":"Automaton","floor":33,"turns":5},{"damage":35,"enemies":"The Heart","floor":39,"turns":5}],"seed_played":"-8234669536318313815","potions_obtained":[{"floor":5.0,"key":"Guardian:BlockOnCardUsePotion"},{"floor":10.0,"key":"LiquidBronze"},{"floor":13.0,"key":"SteroidPotion"},{"floor":21.0,"key":"CultistPotion"},{"floor":31,"key":"champ:CounterPotion"}],"is_trial":false,"path_per_floor":["M","M","?","M","M","R","E","M","T","M","E","?","M","E","R","B",null,"M","M","$","M","M","E","R","E","T","?","$","M","E","M","R","M","?","M","?","?","E","R","M","T","E","R","E","M","E","R","B",null,null,"R","$","E","B",null],"character_chosen":"Angela","items_purchased":["Ccalipers","Bronze Scales","GodSword1","AntiCross","Sling","Du-Vu Doll","Bag of Marbles"],"campfire_rested":0,"item_purchase_floors":[20,20,28,28,37,37,37],"current_hp_per_floor":[65,71,71,64,76,76,84,44,44,39,30,22,33,24,24,41,94,54,56,56,67,84,101,101,98,98,92,92,30,49,67,124,123,120,125,125,125,104,126,114,121,115,128,126,121,138,138,133,140,140,140,140,140,141],"gold":91,"neow_bonus":"TWENTY_PERCENT_HP_BONUS","is_daily":false,"chose_seed":false,"campfire_upgraded":0,"win_rate":0.0,"timestamp":1609236080,"path_taken":["M","M","?","M","M","R","E","M","T","?","E","?","M","E","R","BOSS","M","M","$","M","M","E","R","E","T","?","$","M","E","M","R","M","?","M","?","?","E","R","M","T","E","R","E","M","E","R","BOSS","R","$","E","BOSS"],"items_purchased_type":["Relic","Relic","Relic","Relic","Relic","Relic","Relic"],"build_version":"2020-12-22","purchased_purges":0,"victory":true,"max_hp_per_floor":[84,84,84,84,84,84,84,84,84,86,88,88,90,92,92,94,94,98,100,100,102,104,117,117,116,116,116,116,120,122,124,124,123,123,125,125,125,127,127,129,129,128,128,134,136,138,138,140,140,140,140,140,140,142],"card_choices":[{"not_picked":[],"picked":"Bomb","floor":0.0},{"not_picked":["OSAHOGD","SpiderBud"],"picked":"RedShoes","floor":1.0},{"not_picked":["DaCapo","Noise"],"picked":"SKIP","floor":1.0},{"not_picked":["Wingbeat","Lantern"],"picked":"SKIP","floor":2.0},{"not_picked":["UniverseFragment","OldLady"],"picked":"Scorched","floor":4.0},{"not_picked":["Lantern"],"picked":"GoldRush","floor":4.0},{"not_picked":["TodaysExpression","Gaze"],"picked":"SKIP","floor":5.0},{"not_picked":["Harmony"],"picked":"Mimicry","floor":7.0},{"not_picked":["Heaven","CUTE"],"picked":"SKIP","floor":8.0},{"not_picked":["Reverberation","GrinderMk4"],"picked":"SKIP","floor":10.0},{"not_picked":["Moonlight","Harmony"],"picked":"SKIP","floor":11.0},{"not_picked":["Horn","Justitia"],"picked":"SKIP","floor":13.0},{"not_picked":["OldLady","WallGazer"],"picked":"Mercenary","floor":14.0},{"not_picked":["Soda"],"picked":"ParadiseLost","floor":14.0},{"not_picked":["SoundOfStar"],"picked":"CENSORED_ego","floor":16.0},{"not_picked":["CUTE","Laetitia_ego"],"picked":"SKIP","floor":18.0},{"not_picked":["Loneliness","Penitence"],"picked":"SKIP","floor":19.0},{"not_picked":["Regret_ego"],"picked":"BlackSwan_ego","floor":21.0},{"not_picked":["GrinderMk4+1","Loneliness"],"picked":"SKIP","floor":22.0},{"not_picked":["FairyFestival","NakedNest"],"picked":"BigBadWolf","floor":23.0},{"not_picked":["RedEyes","Penitence"],"picked":"SKIP","floor":23.0},{"not_picked":["RedEyes","Penitence"],"picked":"SKIP","floor":23.0},{"not_picked":["Gaze"],"picked":"GreenStem","floor":25.0},{"not_picked":["Pinks","Beak"],"picked":"SKIP","floor":29},{"not_picked":["SomewhereSpear","Logging"],"picked":"SKIP","floor":30},{"not_picked":["BlackSwan_ego","ShedSkin+1"],"picked":"SKIP","floor":31},{"not_picked":["WristCuter","TheSmile"],"picked":"SKIP","floor":18},{"not_picked":["BloodyDesire"],"picked":"Lamp","floor":20},{"not_picked":["Mimicry","GreenStem"],"picked":"SKIP","floor":23},{"not_picked":["CherryBlossom","Regret_ego+1"],"picked":"SKIP","floor":25},{"not_picked":["Harmony","FrostShard+1"],"picked":"SKIP","floor":27},{"not_picked":["Murderer","BodiesMountain"],"picked":"CrumblingArmor","floor":29},{"not_picked":["Gaze+1","BloodyDesire+1"],"picked":"SKIP","floor":29},{"not_picked":["Soda","RedEyes+1"],"picked":"SKIP","floor":30},{"not_picked":["CUTE+1","Heaven"],"picked":"SKIP","floor":31},{"not_picked":["Adoration+1"],"picked":"Twilight","floor":33}],"player_experience":261897,"relics_obtained":[{"floor":1.0,"key":"LetterFromLob"},{"floor":7.0,"key":"GodSword7"},{"floor":9.0,"key":"GodSword5"},{"floor":11.0,"key":"Shovel"},{"floor":14.0,"key":"Vajra"},{"floor":23.0,"key":"Strawberry"},{"floor":25.0,"key":"Eternal Feather"},{"floor":26.0,"key":"GnawedLeaf"},{"floor":30,"key":"ForgetMeNow"},{"floor":23,"key":"Toxic Egg 2"},{"floor":27,"key":"Dead Branch"},{"floor":28,"key":"ZombieArmy"},{"floor":29,"key":"Mummified Hand"},{"floor":31,"key":"Lantern"},{"floor":32,"key":"Pantograph"},{"floor":36,"key":"SatanicBible"}],"event_choices":[{"damage_healed":0.0,"max_hp_gain":0.0,"max_hp_loss":0.0,"gold_gain":0.0,"event_name":"Purifier","player_choice":"Ignored","floor":3.0,"gold_loss":0.0,"damage_taken":0.0},{"damage_healed":0.0,"max_hp_gain":0.0,"max_hp_loss":0.0,"gold_gain":75.0,"event_name":"FaceTrader","player_choice":"Touch","floor":12.0,"gold_loss":0.0,"damage_taken":8.0},{"damage_healed":0.0,"max_hp_gain":0.0,"max_hp_loss":0.0,"gold_gain":0.0,"event_name":"Nest","player_choice":"Joined the Cult","floor":27.0,"gold_loss":0.0,"damage_taken":6.0,"cards_obtained":["RitualDagger"]},{"damage_healed":0,"gold_gain":0,"player_choice":"Punched","damage_taken":3,"max_hp_gain":0,"max_hp_loss":0,"event_name":"Designer","floor":19,"gold_loss":0},{"damage_healed":0,"gold_gain":0,"player_choice":"Read","damage_taken":0,"max_hp_gain":0,"max_hp_loss":0,"event_name":"The Library","floor":21,"gold_loss":0,"cards_obtained":["RedEyes"]},{"damage_healed":0,"gold_gain":0,"player_choice":"Ignored","damage_taken":0,"max_hp_gain":0,"max_hp_loss":0,"event_name":"Transmorgrifier","floor":22,"gold_loss":0}],"is_beta":false,"boss_relics":[{"not_picked":["Ectoplasm","Astrolabe"],"picked":"SlaversCollar"},{"not_picked":[]}],"items_purged_floors":[],"is_endless":false,"potions_floor_spawned":[5,10,13,21,31,18,30],"ascension_level":2}}