{"host":"dhyczjm99amxd3qx","time":1609208107,"event":{"mods":["BaseMod","Colored Map","Googly Eyes","Highlight Path","Minty Spire (QoL Compilation)","Quick Restart","StSLib"],"gold_per_floor":[117,117,130,80,91,119,119,148,148,148,78,89,124,38,38,38,38],"floor_reached":16,"playtime":1614,"items_purged":[],"score":157,"play_id":"e3456c4c-0397-47cb-b028-719b0fb8d4c6","local_time":"20201228211507","is_ascension_mode":true,"campfire_choices":[{"data":"Blade Dance","floor":7.0,"key":"SMITH"},{"data":"Infinite Blades","floor":15,"key":"SMITH"}],"circlet_count":0,"master_deck":["Strike_G","Strike_G","Strike_G","Strike_G","Defend_G","Defend_G","Defend_G","Defend_G","Survivor","Neutralize","Blade Dance+1","Well Laid Plans","Bullet Time","Infinite Blades+1","Cloak And Dagger"],"relics":["Ring of the Snake","Darkstone Periapt","Tingsha","Thread and Needle","Shovel","StoneCalendar","Singing Bowl"],"acts_visited":["Exordium"],"potions_floor_usage":[13],"damage_taken":[{"damage":1.0,"enemies":"Cultist","floor":1.0,"turns":3.0},{"damage":10.0,"enemies":"Small Slimes","floor":3.0,"turns":4.0},{"damage":0.0,"enemies":"Jaw Worm","floor":5.0,"turns":6.0},{"damage":39.0,"enemies":"3 Sentries","floor":6.0,"turns":13.0},{"damage":10.0,"enemies":"Lagavulin","floor":8.0,"turns":6.0},{"damage":0.0,"enemies":"Large Slime","floor":12.0,"turns":5.0},{"damage":0,"enemies":"3 Sentries","floor":13,"turns":7},{"damage":28,"enemies":"Hexaghost","floor":16,"turns":12}],"seed_played":"-339164926554427982","potions_obtained":[{"floor":6.0,"key":"EssenceOfSteel"},{"floor":13,"key":"Fruit Juice"}],"is_trial":false,"path_per_floor":["M","?","M","?","M","E","R","E","T","T","?","M","E","$","R","B"],"character_chosen":"THE_SILENT","items_purchased":["Infinite Blades","Cloak And Dagger"],"campfire_rested":0,"item_purchase_floors":[14,14],"current_hp_per_floor":[76,76,66,66,66,27,27,17,17,17,17,17,22,22,22,0,0],"gold":38,"neow_bonus":"TEN_PERCENT_HP_BONUS","is_daily":false,"chose_seed":false,"campfire_upgraded":2,"win_rate":0.0,"timestamp":1609208107,"path_taken":["M","?","M","?","M","E","R","E","T","?","?","?","E","?","R","BOSS"],"items_purchased_type":["Card","Card"],"build_version":"2020-12-22","purchased_purges":0,"victory":false,"max_hp_per_floor":[77,77,77,77,77,77,77,77,77,77,77,77,82,82,82,82,82],"card_choices":[{"not_picked":["Flying Knee","Underhanded Strike","Dodge and Roll"],"picked":"SKIP","floor":1.0},{"not_picked":["Predator","Prepared","Quick Slash"],"picked":"SKIP","floor":3.0},{"not_picked":["Dagger Spray","Flying Knee","Outmaneuver"],"picked":"SKIP","floor":5.0},{"not_picked":["Sucker Punch","Poisoned Stab"],"picked":"Blade Dance","floor":6.0},{"not_picked":["Finisher","Backflip","Expertise"],"picked":"SKIP","floor":8.0},{"not_picked":["Flechettes","Deadly Poison"],"picked":"Well Laid Plans","floor":12.0},{"not_picked":["Eviscerate","Poisoned Stab"],"picked":"Bullet Time","floor":13}],"player_experience":159010,"relics_obtained":[{"floor":6.0,"key":"Darkstone Periapt"},{"floor":8.0,"key":"Tingsha"},{"floor":9.0,"key":"Thread and Needle"},{"floor":10.0,"key":"Shovel"},{"floor":13,"key":"Singing Bowl"}],"event_choices":[{"cards_removed":["Defend_G"],"damage_healed":0.0,"max_hp_gain":0.0,"max_hp_loss":0.0,"gold_gain":0.0,"event_name":"Living Wall","player_choice":"Forget","floor":2.0,"gold_loss":0.0,"damage_taken":0.0},{"cards_removed":["Strike_G"],"damage_healed":0.0,"max_hp_gain":0.0,"max_hp_loss":0.0,"gold_gain":0.0,"event_name":"The Cleric","player_choice":"Card Removal","floor":4.0,"gold_loss":50.0,"damage_taken":0.0},{"damage_healed":0.0,"max_hp_gain":0.0,"max_hp_loss":0.0,"gold_gain":0.0,"event_name":"WeMeetAgain","player_choice":"Paid Gold","floor":11.0,"gold_loss":70.0,"damage_taken":0.0,"relics_obtained":["StoneCalendar"]}],"is_beta":false,"boss_relics":[],"items_purged_floors":[],"is_endless":false,"potions_floor_spawned":[6,13],"killed_by":"Hexaghost","ascension_level":2}}