{"host":"9v3x998ddbx8o276","time":1609204867,"event":{"mods":["BaseMod","Colored Map","Highlight Path","Minty Spire (QoL Compilation)","Quick Restart","Rare Cards Sparkle"],"gold_per_floor":[217,44,57,72,37,37,67,78,78,78,98,98,124,124,124,220,220,239,239,1,14,14,14,39,39,39,39,39,60,80,80],"floor_reached":30,"playtime":1095,"items_purged":["Writhe"],"score":530,"play_id":"86e2eec8-e9c1-4e28-badd-9117eec773ec","local_time":"20201229115107","is_ascension_mode":true,"campfire_choices":[{"data":"Doom and Gloom","floor":6,"key":"SMITH"},{"floor":10,"key":"REST"},{"floor":12,"key":"REST"},{"floor":15,"key":"REST"},{"floor":23,"key":"REST"},{"floor":28,"key":"REST"}],"circlet_count":0,"master_deck":["AscendersBane","Strike_B","Strike_B","Strike_B","Strike_B","Defend_B","Defend_B","Defend_B","Defend_B","Zap","Dualcast","Lockon","Doom and Gloom+1","Conserve Battery","Barrage","Reboot","Cold Snap","Barrage","Buffer","Glacier+1","Aggregate","Ball Lightning","Decay","Chill+1"],"relics":["Cracked Core","OrangePellets","Bag of Preparation","DataDisk","Letter Opener","Golden Idol","Cursed Key","Juzu Bracelet","Toolbox","Toxic Egg 2"],"acts_visited":["Exordium","TheCity"],"potions_floor_usage":[13,16,22,22,29],"damage_taken":[{"damage":12,"enemies":"Jaw Worm","floor":1,"turns":3},{"damage":5,"enemies":"2 Louse","floor":3,"turns":3},{"damage":18,"enemies":"Small Slimes","floor":4,"turns":2},{"damage":36,"enemies":"Gremlin Nob","floor":7,"turns":4},{"damage":9,"enemies":"Blue Slaver","floor":8,"turns":4},{"damage":10,"enemies":"3 Louse","floor":11,"turns":3},{"damage":0,"enemies":"3 Sentries","floor":13,"turns":4},{"damage":31,"enemies":"Hexaghost","floor":16,"turns":8},{"damage":10,"enemies":"3 Byrds","floor":18,"turns":4},{"damage":13,"enemies":"2 Thieves","floor":21,"turns":4},{"damage":13,"enemies":"Centurion and Healer","floor":22,"turns":3},{"damage":16,"enemies":"Snake Plant","floor":24,"turns":4},{"damage":36,"enemies":"Shelled Parasite and Fungi","floor":29,"turns":3},{"damage":24,"enemies":"Centurion and Healer","floor":30,"turns":5}],"seed_played":"7274720053960293012","potions_obtained":[{"floor":1,"key":"PotionOfCapacity"},{"floor":7,"key":"Strength Potion"},{"floor":11,"key":"AttackPotion"},{"floor":16,"key":"AttackPotion"},{"floor":21,"key":"SmokeBomb"},{"floor":24,"key":"SkillPotion"}],"is_trial":false,"path_per_floor":["M","$","M","M","?","R","E","M","T","R","M","R","E","?","R","B",null,"M","?","$","M","M","R","M","$","T","?","R","M","M"],"character_chosen":"DEFECT","items_purchased":["OrangePellets","Toolbox"],"campfire_rested":5,"item_purchase_floors":[2,20],"current_hp_per_floor":[52,52,47,29,46,46,10,1,1,22,12,33,33,33,52,21,53,43,43,43,30,17,36,20,20,20,33,52,16,0,0],"gold":80,"neow_bonus":"HUNDRED_GOLD","is_daily":false,"chose_seed":false,"campfire_upgraded":1,"win_rate":0.0,"timestamp":1609204867,"path_taken":["M","$","M","M","?","R","E","M","T","R","M","R","E","?","R","BOSS","M","?","$","M","M","R","M","$","T","?","R","M","M"],"items_purchased_type":["Relic","Relic"],"build_version":"2020-12-22","purchased_purges":1,"victory":false,"max_hp_per_floor":[71,71,71,71,71,71,71,71,71,71,71,71,71,64,64,64,64,64,64,64,64,64,64,64,64,64,64,64,64,64,64],"card_choices":[{"not_picked":["Force Field","Hologram"],"picked":"Lockon","floor":1},{"not_picked":["Sweeping Beam","Leap"],"picked":"Doom and Gloom","floor":3},{"not_picked":["Leap","Reprogram"],"picked":"Conserve Battery","floor":4},{"not_picked":["Streamline","Scrape"],"picked":"Barrage","floor":7},{"not_picked":["Fusion","Stack"],"picked":"Reboot","floor":8},{"not_picked":["Rebound","Compile Driver"],"picked":"Cold Snap","floor":11},{"not_picked":["Tempest","Rebound"],"picked":"Barrage","floor":13},{"not_picked":["Fission","Thunder Strike"],"picked":"Buffer","floor":16},{"not_picked":["Cold Snap+1","BootSequence"],"picked":"Glacier+1","floor":18},{"not_picked":["Streamline+1","Scrape"],"picked":"Aggregate","floor":21},{"not_picked":["Hologram","Recycle"],"picked":"Ball Lightning","floor":24},{"not_picked":["Sweeping Beam","Turbo+1"],"picked":"Chill+1","floor":29}],"player_experience":2075992,"relics_obtained":[{"floor":7,"key":"Bag of Preparation"},{"floor":9,"key":"DataDisk"},{"floor":13,"key":"Letter Opener"},{"floor":26,"key":"Toxic Egg 2"}],"event_choices":[{"damage_healed":17,"gold_gain":0,"player_choice":"Healed","damage_taken":0,"max_hp_gain":0,"max_hp_loss":0,"event_name":"The Cleric","floor":5,"gold_loss":35},{"damage_healed":0,"gold_gain":0,"player_choice":"Lose Max HP","damage_taken":0,"relics_obtained":["Golden Idol"],"max_hp_gain":0,"max_hp_loss":7,"event_name":"Golden Idol","floor":14,"gold_loss":0},{"damage_healed":0,"gold_gain":0,"player_choice":"Opened","damage_taken":0,"relics_obtained":["Juzu Bracelet"],"max_hp_gain":0,"max_hp_loss":0,"event_name":"The Mausoleum","floor":19,"gold_loss":0,"cards_obtained":["Writhe"]},{"damage_healed":13,"gold_gain":0,"player_choice":"Heal","damage_taken":0,"max_hp_gain":0,"max_hp_loss":0,"event_name":"The Library","floor":27,"gold_loss":0}],"is_beta":false,"boss_relics":[{"not_picked":["Runic Pyramid","Fusion Hammer"],"picked":"Cursed Key"}],"items_purged_floors":[20],"is_endless":false,"potions_floor_spawned":[1,7,11,16,21,24],"killed_by":"Centurion and Healer","ascension_level":20}}