{"host":"2se5dq1do2gp0x9k","time":1609217076,"event":{"mods":["AchievementEnabler","BaseMod","Block Reminder","Colored Map","Colored Powertips","Minty Spire (QoL Compilation)","Relic Stats","StSLib","SuperFastMode"],"gold_per_floor":[118,118,136,152,77,77,103,113,194,194,194,207,207,3,3,82,82,92,105,105,125,25,25,43,68,68,116,116,116],"floor_reached":28,"playtime":855,"items_purged":["Strike_R","Strike_R"],"score":616,"play_id":"a7f4db2d-899b-4066-a1e6-2ec959498746","local_time":"20201228204436","is_ascension_mode":true,"campfire_choices":[{"data":"Twin Strike","floor":6.0,"key":"SMITH"},{"data":"Armaments","floor":10.0,"key":"SMITH"},{"floor":13.0,"key":"REST"},{"data":"Inflame","floor":15.0,"key":"SMITH"},{"floor":23,"key":"REST"}],"circlet_count":0,"master_deck":["AscendersBane","Strike_R","Defend_R","Defend_R","Bash","Clothesline+1","Perfected Strike+1","Demon Form+1","Thunderclap","Twin Strike+1","Armaments+1","Cleave","Impervious","Inflame+1","Double Tap","Pummel","Dual Wield","Metallicize","Twin Strike+1","Rage","Doubt"],"relics":["Astrolabe","Ice Cream","Cursed Key","Pen Nib","Gremlin Horn","Self Forming Clay"],"acts_visited":["Exordium","TheCity"],"potions_floor_usage":[27,27,28],"damage_taken":[{"damage":9.0,"enemies":"Jaw Worm","floor":1.0,"turns":3.0},{"damage":0.0,"enemies":"2 Louse","floor":3.0,"turns":2.0},{"damage":4.0,"enemies":"Cultist","floor":4.0,"turns":3.0},{"damage":0.0,"enemies":"Lagavulin","floor":7.0,"turns":4.0},{"damage":11.0,"enemies":"Looter","floor":8.0,"turns":2.0},{"damage":18.0,"enemies":"Exordium Thugs","floor":12.0,"turns":4.0},{"damage":35.0,"enemies":"The Guardian","floor":16.0,"turns":9.0},{"damage":30.0,"enemies":"Spheric Guardian","floor":18.0,"turns":4.0},{"damage":12,"enemies":"3 Byrds","floor":19,"turns":4},{"damage":2,"enemies":"Snecko","floor":21,"turns":4},{"damage":5,"enemies":"Centurion and Healer","floor":24,"turns":6},{"damage":0,"enemies":"Gremlin Leader","floor":25,"turns":5},{"damage":32,"enemies":"Slavers","floor":27,"turns":4},{"damage":15,"enemies":"Cultist and Chosen","floor":28,"turns":3}],"seed_played":"-5634622923493527705","potions_obtained":[{"floor":3.0,"key":"DistilledChaos"},{"floor":8.0,"key":"Swift Potion"},{"floor":12.0,"key":"ColorlessPotion"},{"floor":18.0,"key":"Swift Potion"},{"floor":27,"key":"Swift Potion"}],"is_trial":false,"path_per_floor":["M","?","M","M","$","R","E","M","T","R","?","M","R","$","R","B",null,"M","M","?","M","$","R","M","E","T","E","M"],"character_chosen":"IRONCLAD","items_purchased":["Impervious","Inflame"],"campfire_rested":2,"item_purchase_floors":[14,14],"current_hp_per_floor":[59,64,64,60,60,60,60,49,49,49,49,31,55,55,55,20,65,35,23,23,21,21,45,40,40,40,8,0,0],"gold":116,"neow_bonus":"BOSS_RELIC","is_daily":false,"chose_seed":false,"campfire_upgraded":3,"win_rate":0.0,"timestamp":1609217076,"path_taken":["M","?","M","M","$","R","E","M","T","R","?","M","R","$","R","BOSS","M","M","?","M","$","R","M","E","T","E","M"],"items_purchased_type":["Card","Card"],"build_version":"2020-12-22","purchased_purges":2,"victory":false,"max_hp_per_floor":[75,80,80,80,80,80,80,80,80,80,80,80,80,80,80,80,80,80,80,80,80,80,80,80,80,80,80,80,80],"relic_stats":{"Gremlin Horn":[3,3],"counters":[14,57],"Self Forming Clay":[0],"Astrolabe":["Clothesline","Perfected Strike","Demon Form"],"Pen Nib":[1],"Cursed Key":1,"obtain_stats":[{"Ice Cream":7,"Gremlin Horn":26,"Self Forming Clay":27,"Astrolabe":0,"Pen Nib":25,"Cursed Key":17,"Burning Blood":0},{"Ice Cream":4,"Gremlin Horn":12,"Self Forming Clay":13,"Astrolabe":0,"Pen Nib":12,"Cursed Key":7,"Burning Blood":0},{"Ice Cream":12,"Gremlin Horn":50,"Self Forming Clay":54,"Astrolabe":0,"Pen Nib":50,"Cursed Key":27,"Burning Blood":0}]},"card_choices":[{"not_picked":["Anger","Carnage"],"picked":"Thunderclap","floor":1.0},{"not_picked":["Twin Strike","Thunderclap","Body Slam"],"picked":"SKIP","floor":3.0},{"not_picked":["Dark Embrace","Sword Boomerang"],"picked":"Twin Strike","floor":4.0},{"not_picked":["Warcry","Clothesline"],"picked":"Armaments","floor":7.0},{"not_picked":["Searing Blow","Perfected Strike","Rupture"],"picked":"SKIP","floor":8.0},{"not_picked":["Dark Embrace","Metallicize"],"picked":"Cleave","floor":12.0},{"not_picked":["Demon Form","Impervious"],"picked":"Double Tap","floor":16.0},{"not_picked":["Seeing Red","Sword Boomerang"],"picked":"Pummel","floor":18.0},{"not_picked":["Wild Strike","Blood for Blood"],"picked":"Dual Wield","floor":19},{"not_picked":["Rupture","Cleave"],"picked":"Twin Strike+1","floor":21},{"not_picked":["Havoc","Whirlwind"],"picked":"Rage","floor":24},{"not_picked":["Cleave","Perfected Strike","Body Slam"],"picked":"SKIP","floor":25},{"not_picked":["Anger","Hemokinesis","Sword Boomerang"],"picked":"SKIP","floor":27}],"player_experience":3647872,"relics_obtained":[{"floor":7.0,"key":"Ice Cream"},{"floor":25,"key":"Pen Nib"},{"floor":26,"key":"Gremlin Horn"},{"floor":27,"key":"Self Forming Clay"}],"event_choices":[{"damage_healed":0.0,"max_hp_gain":5.0,"max_hp_loss":0.0,"gold_gain":0.0,"event_name":"Big Fish","player_choice":"Donut","floor":2.0,"gold_loss":0.0,"damage_taken":0.0},{"damage_healed":0.0,"max_hp_gain":0.0,"max_hp_loss":0.0,"gold_gain":0.0,"event_name":"Shining Light","player_choice":"Ignored","floor":11.0,"gold_loss":0.0,"damage_taken":0.0},{"damage_healed":0,"gold_gain":0,"cards_transformed":["Strike_R"],"player_choice":"Transformed","damage_taken":0,"max_hp_gain":0,"max_hp_loss":0,"event_name":"Transmorgrifier","floor":20,"gold_loss":0,"cards_obtained":["Metallicize"]}],"is_beta":false,"boss_relics":[{"not_picked":["Coffee Dripper","Busted Crown"],"picked":"Cursed Key"}],"items_purged_floors":[5,22],"is_endless":false,"potions_floor_spawned":[3,8,12,18,24,27],"killed_by":"Cultist and Chosen","ascension_level":20}}