{"host":"gxp0rwo55f0x6g4s","time":1609227539,"event":{"mods":["BaseMod","Colored Powertips","Marisa????????","Minty Spire (QoL Compilation)","Prisma Mod","Replay The Spire","StSLib","The Disciple","The Servant 0.9.4"],"gold_per_floor":[118,118,118,118,134,165,175,175,175,209,58,92,105,120,120,222,222,237,237,248,248,261,289,289,321,347,374,390,403,437,437,437,532,532,551,751,215,229,229,229,104,104,104,134,134,150,179,195,195,195,195],"floor_reached":50,"playtime":2273,"items_purged":["Defend_S","Strike_S","Defend_S"],"score":764,"play_id":"d339ce6a-49f3-4d5f-af06-414992a69d41","local_time":"20201228233859","is_ascension_mode":true,"campfire_choices":[{"data":"SilverBlades","floor":8,"key":"SMITH"},{"data":"BestPractice","floor":15,"key":"SMITH"},{"data":"InstantArmor","floor":24,"key":"SMITH"},{"data":"KidneyShot","floor":32,"key":"SMITH"},{"floor":40,"key":"REST"},{"floor":42,"key":"RECALL"},{"data":"Magnetism","floor":45,"key":"SMITH"}],"circlet_count":0,"master_deck":["Strike_S+1","Strike_S+1","Defend_S","Defend_S+1","KidneyShot+1","Exchange+1","Defy+1","InstantArmor+1","DoubleEdge","SilverBlades+1","Reset","BestPractice+1","SilverMatrix+1","Defy+1","Orbit","Sabotage+1","Potential+1","DoubleEdge+1","ShatteredReality+1","SurpressingFire","Starlight+1","Delirium","SilverMatrix+1","Unruled+1","SurpressingFire","Luminosity","Luminosity","Dark Shackles+1","Starlight+1","Magnetism+1","Spin","Ricochet+1","Barrier"],"relics":["Uniform","NeowsBlessing","Replay:Towering Pillar of Hats","Thread and Needle","Akabeko","Replay:Baseball","SlaversCollar","Incense Burner","Whetstone","Oddly Smooth Stone","Replay:WaspNest","Red Mask","Kunai","Omamori","Guide Book","PreservedInsect","War Paint"],"acts_visited":["Exordium","TheCity","TheBeyond"],"potions_floor_usage":[22,33,33,50,50,50],"damage_taken":[{"damage":0,"enemies":"Cultist","floor":1,"turns":1},{"damage":0,"enemies":"2 Louse","floor":5,"turns":1},{"damage":0,"enemies":"Gremlin Nob","floor":6,"turns":1},{"damage":0,"enemies":"Jaw Worm","floor":7,"turns":2},{"damage":6,"enemies":"Lagavulin","floor":10,"turns":7},{"damage":2,"enemies":"3 Sentries","floor":12,"turns":13},{"damage":0,"enemies":"Blue Slaver","floor":13,"turns":2},{"damage":0,"enemies":"Gremlin Gang","floor":14,"turns":4},{"damage":0,"enemies":"Fading Forest","floor":16,"turns":11},{"damage":2,"enemies":"3 Byrds","floor":18,"turns":6},{"damage":0,"enemies":"Shell Parasite","floor":20,"turns":4},{"damage":8,"enemies":"Centurion and Healer","floor":22,"turns":5},{"damage":15,"enemies":"Slavers","floor":23,"turns":4},{"damage":0,"enemies":"Replay:Snechameleon","floor":25,"turns":4},{"damage":0,"enemies":"Book of Stabbing","floor":27,"turns":4},{"damage":0,"enemies":"Snake Plant","floor":28,"turns":4},{"damage":0,"enemies":"Snecko","floor":29,"turns":4},{"damage":0,"enemies":"Masked Bandits","floor":30,"turns":1},{"damage":13,"enemies":"Collector","floor":33,"turns":10},{"damage":6,"enemies":"3 Shapes","floor":35,"turns":5},{"damage":0,"enemies":"Orb Walker","floor":38,"turns":2},{"damage":0,"enemies":"R_Hoarder","floor":44,"turns":9},{"damage":15,"enemies":"Transient","floor":46,"turns":5},{"damage":4,"enemies":"Nemesis","floor":47,"turns":7},{"damage":5,"enemies":"4 Shapes","floor":48,"turns":7},{"damage":54,"enemies":"Awakened One","floor":50,"turns":13}],"seed_played":"6044589253016369101","potions_obtained":[{"floor":1,"key":"Milkshake"},{"floor":6,"key":"Block Potion"},{"floor":7,"key":"Dexterity Potion"},{"floor":16,"key":"SkillPotion"},{"floor":29,"key":"Weak Potion"},{"floor":30,"key":"Death Potion"},{"floor":38,"key":"Swift Potion"},{"floor":44,"key":"SneckoOil"}],"is_trial":false,"path_per_floor":["M","?","?","?","M","E","M","R","T","E","$","E","M","M","R","B",null,"M","?","M","?","M","E","R","E","T","E","M","M","?","?","R","B",null,"M","?","$","M","?","R","$","R","T","E","R","M","E","M","R","B"],"character_chosen":"THE_SERVANT","items_purchased":["Reset","Omamori","Luminosity","Guide Book","Dark Shackles"],"campfire_rested":1,"item_purchase_floors":[11,37,37,37,37],"current_hp_per_floor":[65,52,52,52,52,52,52,52,52,46,46,44,44,44,44,44,65,63,63,63,63,55,40,40,40,40,40,40,40,40,40,40,27,65,59,33,33,33,33,52,52,52,52,52,52,37,33,28,47,0,0],"gold":195,"neow_bonus":"THREE_ENEMY_KILL","is_daily":false,"chose_seed":false,"campfire_upgraded":5,"win_rate":0.0,"timestamp":1609227539,"path_taken":["M","?","?","?","M","E","M","R","T","E","?","E","?","?","R","BOSS","M","?","M","?","M","E","R","E","T","E","M","?","?","?","R","BOSS","M","?","$","M","?","R","$","R","T","E","R","M","E","?","R","BOSS"],"items_purchased_type":["Card","Relic","Card","Relic","Card"],"build_version":"2020-12-22","purchased_purges":3,"victory":false,"max_hp_per_floor":[65,65,65,65,65,65,65,65,65,65,65,65,65,65,65,65,65,65,65,65,65,65,65,65,65,65,65,65,65,65,65,65,65,65,65,65,65,65,65,65,65,65,65,65,65,65,65,65,65,65,65],"card_choices":[{"not_picked":["Alleviate","Unruled"],"picked":"Defy","floor":1},{"not_picked":["Deadline","FastForward"],"picked":"InstantArmor","floor":5},{"not_picked":["Rewind","Luminosity"],"picked":"DoubleEdge","floor":6},{"not_picked":["Desolation","Defy"],"picked":"SilverBlades","floor":7},{"not_picked":["ShatteredReality","Shuttle","Rewind"],"picked":"SKIP","floor":10},{"not_picked":["TimeTheft","Desolation","Defy"],"picked":"SKIP","floor":12},{"not_picked":["FastForward","Replace","Desolation"],"picked":"SKIP","floor":13},{"not_picked":["Replace","Duplication"],"picked":"BestPractice","floor":14},{"not_picked":["ForgedInTime","PendulumOfEternity"],"picked":"SilverMatrix","floor":16},{"not_picked":["Replace","Moondial"],"picked":"Defy+1","floor":18},{"not_picked":["Reset","Alleviate"],"picked":"Orbit","floor":20},{"not_picked":["Defy+1","Gouge"],"picked":"Sabotage","floor":22},{"not_picked":["Rewind","Ricochet"],"picked":"Potential+1","floor":23},{"not_picked":["Potential","Replace"],"picked":"DoubleEdge+1","floor":25},{"not_picked":["Moondial+1","Rewind"],"picked":"ShatteredReality+1","floor":27},{"not_picked":["Defy","StarChef"],"picked":"SurpressingFire","floor":28},{"not_picked":["Rearm","StarChef+1"],"picked":"Starlight+1","floor":29},{"not_picked":["Deny","Duplication"],"picked":"SilverMatrix","floor":33},{"not_picked":["ShatteredReality","BottledTime+1"],"picked":"Unruled","floor":35},{"not_picked":["Read+1","InstantArmor"],"picked":"SurpressingFire","floor":36},{"not_picked":["TimeWarp","SilverMatrix"],"picked":"Starlight+1","floor":38},{"not_picked":["Replay:Bootleg Shield Generator","PanicButton"],"picked":"Magnetism","floor":39},{"not_picked":["Revamp+1","Comet"],"picked":"Spin","floor":44},{"not_picked":["Snipe","Read"],"picked":"Ricochet+1","floor":46},{"not_picked":["FloweringNight","Read"],"picked":"Barrier","floor":47},{"not_picked":["DoubleEdge","Moonlight","Starlight"],"picked":"SKIP","floor":48}],"player_experience":754361,"relics_obtained":[{"floor":6,"key":"Replay:Towering Pillar of Hats"},{"floor":9,"key":"Thread and Needle"},{"floor":10,"key":"Akabeko"},{"floor":12,"key":"Replay:Baseball"},{"floor":23,"key":"Incense Burner"},{"floor":25,"key":"Whetstone"},{"floor":26,"key":"Oddly Smooth Stone"},{"floor":27,"key":"Replay:WaspNest"},{"floor":30,"key":"Red Mask"},{"floor":44,"key":"PreservedInsect"},{"floor":47,"key":"War Paint"}],"event_choices":[{"damage_healed":0,"gold_gain":0,"player_choice":"Entered Light","damage_taken":13,"max_hp_gain":0,"max_hp_loss":0,"event_name":"Shining Light","floor":2,"gold_loss":0,"cards_upgraded":["Defend_S","Strike_S"]},{"cards_removed":["Strike_S"],"damage_healed":0,"gold_gain":0,"player_choice":"Forget","damage_taken":0,"max_hp_gain":0,"max_hp_loss":0,"event_name":"Living Wall","floor":4,"gold_loss":0},{"damage_healed":0,"gold_gain":0,"player_choice":"Ignored","damage_taken":0,"max_hp_gain":0,"max_hp_loss":0,"event_name":"Ghosts","floor":19,"gold_loss":0},{"damage_healed":0,"gold_gain":0,"player_choice":"Bought 0 Potions","damage_taken":0,"max_hp_gain":0,"max_hp_loss":0,"event_name":"The Woman in Blue","floor":21,"gold_loss":0},{"damage_healed":0,"gold_gain":0,"player_choice":"Fought Bandits","damage_taken":0,"max_hp_gain":0,"max_hp_loss":0,"event_name":"Masked Bandits","floor":30,"gold_loss":0},{"damage_healed":0,"gold_gain":0,"player_choice":"Memory 1","damage_taken":0,"max_hp_gain":0,"max_hp_loss":0,"event_name":"SensoryStone","floor":39,"gold_loss":0}],"is_beta":false,"boss_relics":[{"not_picked":["Busted Crown","Astrolabe"],"picked":"SlaversCollar"},{"not_picked":["Kintsugi","Sozu","Velvet Choker"]}],"items_purged_floors":[11,37,41],"is_endless":false,"potions_floor_spawned":[1,6,7,16,20,22,29,30,38,44,46],"killed_by":"Awakened One","ascension_level":1}}