{"host":"cm56dopeulr50jn0","time":1609285385,"event":{"mods":["BaseMod","Bestiary","Better Match","Better Third Choice","Downfall","Minty Spire (QoL Compilation)","Relic Stats","StSLib"],"gold_per_floor":[99,116,129,149,22,41,41,66,66,93,111,111,138,158,171,272,272,272,284,295,60,80,80,105,118,118,118,118],"floor_reached":26,"playtime":2316,"items_purged":["champ:Strike"],"score":292,"play_id":"cd2add60-7df6-4578-ae1f-0544487ca789","local_time":"20201229154305","is_ascension_mode":true,"campfire_choices":[{"data":"champ:Taunt","floor":1,"key":"SMITH"},{"data":"champ:ArenaPreparation","floor":9,"key":"SMITH"},{"data":"champ:IronFortress","floor":18,"key":"SMITH"},{"data":"champ:BerserkerStyle","floor":23,"key":"SMITH"}],"circlet_count":0,"master_deck":["champ:Defend","champ:Defend","champ:Defend","champ:Defend","champ:Execute","champ:Taunt+1","champ:IronFortress","champ:ArenaPreparation+1","champ:Aggression","champ:TornadoPunch","champ:DeathBlow+1","champ:DefensiveStyle","champ:RapidStrikes","champ:ShieldSigil","champ:Backstep","champ:SkillfulDodge","champ:IronFortress+1","champ:SwordThrow","champ:EndlessRage+1","champ:HeartStrike+1","champ:FalseCounter+1","champ:ArenaPreparation","champ:Lariat+1","champ:FocusedBerserking","champ:BerserkerStyle+1","champ:Control","champ:BerserkerStyle+1"],"relics":["SlaversCollar","Gremlin Horn","Pear","Boot","Matryoshka","Astrolabe","OrangePellets","Lantern","Bag of Preparation"],"acts_visited":["Exordium","TheCity"],"potions_floor_usage":[22],"damage_taken":[{"damage":5,"enemies":"Cultist","floor":2,"turns":4},{"damage":5,"enemies":"Small Slimes","floor":3,"turns":3},{"damage":33,"enemies":"2 Louse","floor":4,"turns":4},{"damage":15,"enemies":"downfall:FleeingMerchant","floor":5,"turns":4},{"damage":14,"enemies":"Blue Slaver","floor":6,"turns":2},{"damage":35,"enemies":"3 Sentries","floor":8,"turns":3},{"damage":11,"enemies":"Gremlin Nob","floor":10,"turns":3},{"damage":35,"enemies":"Large Slime","floor":11,"turns":4},{"damage":76,"enemies":"3 Sentries","floor":13,"turns":4},{"damage":10,"enemies":"Lots of Slimes","floor":14,"turns":3},{"damage":4,"enemies":"Red Slaver","floor":15,"turns":3},{"damage":51,"enemies":"downfall:Watcher","floor":16,"turns":6},{"damage":30,"enemies":"Shell Parasite","floor":19,"turns":6},{"damage":32,"enemies":"Snake Plant","floor":20,"turns":5},{"damage":67,"enemies":"downfall:FleeingMerchant","floor":21,"turns":4},{"damage":62,"enemies":"3 Cultists","floor":22,"turns":6},{"damage":53,"enemies":"Snecko","floor":25,"turns":4},{"damage":59,"enemies":"Gremlin Leader","floor":26,"turns":2}],"seed_played":"3216323694445839396","potions_obtained":[{"floor":2,"key":"FearPotion"},{"floor":4,"key":"EntropicBrew"},{"floor":10,"key":"sneckomod:MuddlingPotion"},{"floor":13,"key":"LiquidBronze"}],"is_trial":false,"path_per_floor":["R","M","M","M","$","M","T","E","R","E","M","?","E","M","M","B",null,"R","M","M","$","M","R","T","M","E"],"character_chosen":"THE_CHAMP","items_purchased":["champ:DeathBlow","champ:BerserkerStyle","OrangePellets"],"campfire_rested":0,"item_purchase_floors":[5,21,21],"current_hp_per_floor":[90,90,90,88,88,79,79,91,91,85,85,85,60,60,60,46,105,105,95,83,77,60,60,60,54,0,0,0],"gold":118,"neow_bonus":"BOSS_RELIC","is_daily":false,"chose_seed":false,"campfire_upgraded":4,"win_rate":0.0,"timestamp":1609285385,"path_taken":["R","M","M","M","$","M","T","E","R","E","M","?","E","M","M","BOSS","R","M","M","$","?","R","T","?","E"],"items_purchased_type":["Card","Card","Relic"],"build_version":"2020-12-22","purchased_purges":1,"victory":false,"max_hp_per_floor":[90,90,90,90,90,90,90,105,105,105,105,105,105,105,105,105,105,105,105,105,105,105,105,105,105,105,105,105],"relic_stats":{"OrangePellets":[2],"Gremlin Horn":[12,12],"counters":[18,70],"Astrolabe":["champ:EndlessRage","champ:HeartStrike","champ:FalseCounter"],"Bag of Preparation":[4],"Boot":[21],"obtain_stats":[{"SlaversCollar":0,"OrangePellets":21,"Lantern":24,"Pear":8,"Matryoshka":13,"Gremlin Horn":7,"Astrolabe":17,"champ:ChampionCrown":0,"Bag of Preparation":24,"Boot":10},{"SlaversCollar":0,"OrangePellets":15,"Lantern":16,"Pear":6,"Matryoshka":9,"Gremlin Horn":5,"Astrolabe":12,"champ:ChampionCrown":0,"Bag of Preparation":16,"Boot":7},{"SlaversCollar":0,"OrangePellets":58,"Lantern":64,"Pear":20,"Matryoshka":31,"Gremlin Horn":17,"Astrolabe":43,"champ:ChampionCrown":0,"Bag of Preparation":64,"Boot":23}]},"card_choices":[{"not_picked":["champ:RageSigil","champ:GladiatorsShout"],"picked":"champ:IronFortress","floor":2},{"not_picked":["champ:Haymaker","champ:TornadoPunch"],"picked":"champ:ArenaPreparation","floor":3},{"not_picked":["champ:BringItOn","champ:AdrenalArmor"],"picked":"champ:Aggression","floor":4},{"not_picked":["champ:GladiatorsShout","champ:FlashCut"],"picked":"champ:TornadoPunch","floor":5},{"not_picked":["champ:RisingSlash","champ:GutPunch"],"picked":"champ:FightOn","floor":6},{"not_picked":["champ:Duel","champ:EnchantSword"],"picked":"champ:DefensiveStyle","floor":8},{"not_picked":["champ:EnragedBash","champ:Backstep"],"picked":"champ:RapidStrikes","floor":10},{"not_picked":["champ:TornadoPunch","champ:BladeFlurry"],"picked":"champ:ShieldSigil","floor":11},{"not_picked":["champ:Circumvent","champ:BladeFlurry"],"picked":"champ:Backstep","floor":13},{"not_picked":["champ:Duel","champ:BladeFlurry"],"picked":"champ:SkillfulDodge","floor":14},{"not_picked":["champ:BerserkerStyle","champ:FightOn"],"picked":"champ:IronFortress","floor":15},{"not_picked":["champ:EnchantCrown","champ:CrownThrow"],"picked":"champ:SwordThrow","floor":16},{"not_picked":["champ:FalseCounter","champ:AdrenalArmor"],"picked":"champ:ArenaPreparation","floor":19},{"not_picked":["champ:ViciousMockery","champ:FalseCounter"],"picked":"champ:Lariat+1","floor":20},{"not_picked":["champ:CrookedStrike","champ:FlashCut"],"picked":"champ:FocusedBerserking","floor":21},{"not_picked":["champ:CrookedStrike+1","champ:PerfectedStrike"],"picked":"champ:Control","floor":22},{"not_picked":["champ:FanOfKnives","champ:PerfectedStrike"],"picked":"champ:BerserkerStyle+1","floor":25}],"player_experience":1390181,"relics_obtained":[{"floor":7,"key":"Gremlin Horn"},{"floor":8,"key":"Pear"},{"floor":10,"key":"Boot"},{"floor":13,"key":"Matryoshka"},{"floor":24,"key":"Lantern"},{"floor":24,"key":"Bag of Preparation"}],"event_choices":[{"damage_healed":0,"gold_gain":0,"player_choice":"Upgraded","damage_taken":0,"max_hp_gain":0,"max_hp_loss":0,"event_name":"Upgrade Shrine","floor":12,"gold_loss":0,"cards_upgraded":["champ:DeathBlow"]}],"is_beta":false,"boss_relics":[{"not_picked":["Runic Dome","Fusion Hammer"],"picked":"Astrolabe"}],"items_purged_floors":[5],"is_endless":false,"potions_floor_spawned":[2,4,10,13,15,19],"killed_by":"Gremlin Leader","ascension_level":3}}