{"host":"Niota","time":1609251597,"event":{"mods":["BaseMod","Colored Map","Colored Powertips","DeckTracker","Highlight Path","Minty Spire (QoL Compilation)"],"gold_per_floor":[112,127,127,127,145,145,160,191,191,191,222,237,262,273,273,347,347,361,373,373,391,402,402,435,435,435,435,454,49,63,63,63,63,63],"floor_reached":33,"playtime":3820,"items_purged":[],"score":491,"play_id":"ede7dddc-0f0b-442e-aa51-c8a73bc8cb45","local_time":"20201229151957","is_ascension_mode":true,"campfire_choices":[{"data":"Die Die Die","floor":6.0,"key":"SMITH"},{"data":"Poisoned Stab","floor":10.0,"key":"SMITH"},{"floor":15.0,"key":"REST"},{"data":"Malaise","floor":23.0,"key":"SMITH"},{"data":"Doppelganger","floor":25.0,"key":"SMITH"},{"floor":32.0,"key":"REST"}],"circlet_count":0,"master_deck":["AscendersBane","Strike_G","Strike_G","Strike_G","Defend_G+1","Defend_G","Defend_G+1","Defend_G","Defend_G","Survivor","Neutralize","Quick Slash","Poisoned Stab+1","Die Die Die+1","Flying Knee","Sucker Punch","Footwork+1","Bouncing Flask","PiercingWail","Dash","Malaise+1","Tools of the Trade","Tactician","PiercingWail","Concentrate","Backflip+1","Doppelganger+1","Blade Dance","PiercingWail","Backflip+1"],"relics":["Ring of the Snake","Akabeko","War Paint","White Beast Statue","Dream Catcher","SacredBark","Letter Opener","Thread and Needle","TwistedFunnel","Meat on the Bone"],"acts_visited":["Exordium","TheCity"],"potions_floor_usage":[33,33],"damage_taken":[{"damage":0.0,"enemies":"Small Slimes","floor":1.0,"turns":4.0},{"damage":0.0,"enemies":"Cultist","floor":2.0,"turns":4.0},{"damage":2.0,"enemies":"Jaw Worm","floor":5.0,"turns":5.0},{"damage":3.0,"enemies":"Gremlin Gang","floor":7.0,"turns":4.0},{"damage":24.0,"enemies":"Lagavulin","floor":8.0,"turns":7.0},{"damage":8.0,"enemies":"Gremlin Nob","floor":11.0,"turns":3.0},{"damage":0.0,"enemies":"Large Slime","floor":12.0,"turns":3.0},{"damage":11.0,"enemies":"Lagavulin","floor":13.0,"turns":5.0},{"damage":0.0,"enemies":"2 Fungi Beasts","floor":14.0,"turns":3.0},{"damage":37.0,"enemies":"Slime Boss","floor":16.0,"turns":10.0},{"damage":18.0,"enemies":"Shell Parasite","floor":18.0,"turns":9.0},{"damage":20.0,"enemies":"2 Thieves","floor":19.0,"turns":5.0},{"damage":13.0,"enemies":"Shelled Parasite and Fungi","floor":21.0,"turns":10.0},{"damage":16.0,"enemies":"Centurion and Healer","floor":22.0,"turns":11.0},{"damage":22.0,"enemies":"Book of Stabbing","floor":24.0,"turns":13.0},{"damage":0.0,"enemies":"Chosen and Byrds","floor":28.0,"turns":10.0},{"damage":0.0,"enemies":"Cultist and Chosen","floor":30.0,"turns":8.0},{"damage":52,"enemies":"Automaton","floor":33,"turns":6}],"seed_played":"5830795854848356444","potions_obtained":[{"floor":2.0,"key":"SpeedPotion"},{"floor":5.0,"key":"Explosive Potion"},{"floor":12.0,"key":"Poison Potion"},{"floor":13.0,"key":"Poison Potion"},{"floor":16.0,"key":"BlessingOfTheForge"},{"floor":18.0,"key":"Weak Potion"},{"floor":19.0,"key":"FairyPotion"},{"floor":21.0,"key":"DuplicationPotion"},{"floor":22.0,"key":"BlessingOfTheForge"},{"floor":24.0,"key":"BlessingOfTheForge"},{"floor":28.0,"key":"Explosive Potion"}],"is_trial":false,"path_per_floor":["M","M","?","?","M","R","M","E","T","R","E","M","E","M","R","B",null,"M","M","?","M","M","R","E","R","T","?","M","$","M","?","R","B"],"character_chosen":"THE_SILENT","items_purchased":["TwistedFunnel","Meat on the Bone"],"campfire_rested":2,"item_purchase_floors":[29,29],"current_hp_per_floor":[65,65,65,65,63,63,60,36,36,36,28,28,17,17,38,1,54,36,16,16,3,41,41,19,19,19,19,19,19,31,18,41,0,0],"gold":63,"neow_bonus":"TEN_PERCENT_HP_BONUS","is_daily":false,"chose_seed":false,"campfire_upgraded":4,"win_rate":0.0,"timestamp":1609251597,"path_taken":["M","M","?","?","M","R","M","E","T","R","E","?","E","?","R","BOSS","M","M","?","?","M","R","E","R","T","?","M","$","?","?","R","BOSS"],"items_purchased_type":["Relic","Relic"],"build_version":"2020-12-18","purchased_purges":0,"victory":false,"max_hp_per_floor":[72,72,72,72,72,72,72,72,72,72,72,72,72,72,72,72,72,72,72,72,72,72,72,72,72,72,72,72,72,72,77,77,77,77],"card_choices":[{"not_picked":["Prepared","Deflect"],"picked":"Quick Slash","floor":1.0},{"not_picked":["PiercingWail","Leg Sweep"],"picked":"Poisoned Stab","floor":2.0},{"not_picked":["Prepared","Quick Slash"],"picked":"Die Die Die","floor":5.0},{"not_picked":["Noxious Fumes","Flechettes"],"picked":"Flying Knee","floor":7.0},{"not_picked":["Slice","Dodge and Roll"],"picked":"Sucker Punch","floor":8.0},{"not_picked":["Crippling Poison","Deflect"],"picked":"Footwork","floor":11.0},{"not_picked":["Concentrate","Deadly Poison"],"picked":"Bouncing Flask","floor":12.0},{"not_picked":["Dodge and Roll","Underhanded Strike"],"picked":"PiercingWail","floor":13.0},{"not_picked":["Tactician","Quick Slash"],"picked":"Dash","floor":14.0},{"not_picked":["Noxious Fumes","Sucker Punch"],"picked":"Malaise","floor":15.0},{"not_picked":["Night Terror","Venomology"],"picked":"Tools of the Trade","floor":16.0},{"not_picked":["Dagger Spray","Prepared"],"picked":"Tactician","floor":18.0},{"not_picked":["Outmaneuver","Poisoned Stab"],"picked":"PiercingWail","floor":19.0},{"not_picked":["Quick Slash","Dagger Spray"],"picked":"Concentrate","floor":21.0},{"not_picked":["Leg Sweep","Poisoned Stab"],"picked":"Backflip+1","floor":22.0},{"not_picked":["Acrobatics","Flying Knee"],"picked":"Doppelganger","floor":24.0},{"not_picked":["Dagger Throw","Slice"],"picked":"Blade Dance","floor":28.0},{"not_picked":["Dagger Throw","Poisoned Stab"],"picked":"PiercingWail","floor":30.0},{"not_picked":["Dagger Throw+1","Acrobatics"],"picked":"Backflip+1","floor":32.0}],"player_experience":815673,"relics_obtained":[{"floor":8.0,"key":"Akabeko"},{"floor":9.0,"key":"War Paint"},{"floor":11.0,"key":"White Beast Statue"},{"floor":13.0,"key":"Dream Catcher"},{"floor":24.0,"key":"Letter Opener"},{"floor":26.0,"key":"Thread and Needle"}],"event_choices":[{"damage_healed":0.0,"max_hp_gain":0.0,"max_hp_loss":0.0,"gold_gain":0.0,"event_name":"Liars Game","player_choice":"Ignored","floor":3.0,"gold_loss":0.0,"damage_taken":0.0},{"cards_removed":["Strike_G"],"damage_healed":0.0,"max_hp_gain":0.0,"max_hp_loss":0.0,"gold_gain":0.0,"event_name":"Purifier","player_choice":"Purged","floor":4.0,"gold_loss":0.0,"damage_taken":0.0},{"cards_removed":["Strike_G"],"damage_healed":0.0,"max_hp_gain":0.0,"max_hp_loss":0.0,"gold_gain":0.0,"event_name":"Purifier","player_choice":"Purged","floor":20.0,"gold_loss":0.0,"damage_taken":0.0},{"damage_healed":0.0,"max_hp_gain":0.0,"max_hp_loss":0.0,"gold_gain":0.0,"event_name":"Upgrade Shrine","player_choice":"Upgraded","floor":27.0,"gold_loss":0.0,"damage_taken":0.0,"cards_upgraded":["Footwork"]},{"damage_healed":0.0,"max_hp_gain":5.0,"max_hp_loss":0.0,"gold_gain":0.0,"event_name":"Forgotten Altar","player_choice":"Shed Blood","floor":31.0,"gold_loss":0.0,"damage_taken":18.0}],"is_beta":true,"boss_relics":[{"not_picked":["Calling Bell","Busted Crown"],"picked":"SacredBark"}],"items_purged_floors":[],"is_endless":false,"potions_floor_spawned":[2,5,12,13,14,16,18,19,21,22,24,28,30],"killed_by":"Automaton","ascension_level":14}}