{"host":"uu8qcv8llpcbwyus","time":1609227122,"event":{"mods":["BaseMod","CapriCore","Conspire","Downfall","Hubris","Marisa（霧雨　魔理沙）","Minty Spire (QoL Compilation)","Reimu（博??梦）","Remilia（蕾米莉?）","Replay The Spire","StSLib","The Administrix","The Animator","The Gatherer","The Immortal","The Servant 0.9.4","TheSwordswoman","WarShipGirlsR/??少女R mod","Yakumo Yukari mod"],"gold_per_floor":[15,29,47,47,47,80,80,114,140,140,473,473,309,319,319,391,391,404,415,155,166,166,166,41,75,121,121,71,83,96,124,124,195,195,215,233,233,233,244,244,262,262,262,294,306,343,355,380,392,404,416,428,229,262,262],"floor_reached":56,"playtime":5336,"items_purged":["Strike_RM","Defend_RM","Defend_RM","Strike_RM"],"score":2192,"play_id":"c4e874fe-9ea1-4cd4-b09d-f25d825ff71b","local_time":"20201228233202","is_ascension_mode":true,"campfire_choices":[{"data":"SuperhumanBloodyKnife","floor":7,"key":"SMITH"},{"data":"RedMoon","floor":10,"key":"SMITH"},{"data":"BatForm","floor":12,"key":"SMITH"},{"data":"ScarletMeister","floor":15,"key":"SMITH"},{"data":"BloodySeventeenLaser","floor":23,"key":"SMITH"},{"data":"ScarletImprint","floor":32,"key":"SMITH"},{"data":"ScarletImprint","floor":40,"key":"SMITH"},{"data":"HeartBreak","floor":42,"key":"SMITH"},{"floor":45,"key":"RECALL"},{"data":"ScarletDevil","floor":49,"key":"SMITH"},{"data":"VampireSweep","floor":52,"key":"SMITH"}],"circlet_count":0,"master_deck":["AscendersBane","Strike_RM","RedMoon+1","ScarletShoot","BombardNight","SuperhumanBloodyKnife+1","HeartBreak+1","ScarletImprint+1","BatForm+1","ScarletDevil+1","VampireSweep+1","ScarletMeister+1","BloodySeventeenLaser+1","MillenniumVampire","ScarletImprint+1","TransientEternity+1","RedNightlessCastle","RedNightlessCastle"],"relics":["ScarletHat","hubris:Towel","hubris:SlimyHat","Bronze Scales","ReplayTheSpireMod:Lightbulb","Old Coin","ScarletEmblem","Orichalcum","ReplayFunnel","Replay:Wax Seal","Anchor","SlaversCollar","MawBank","Replay:Kaleidoscope","Nunchaku"],"acts_visited":["Exordium","TheCity","TheBeyond","TheEnding"],"potions_floor_usage":[11,18,31,55],"damage_taken":[{"damage":9,"enemies":"conspire:RoseBush","floor":1,"turns":3},{"damage":0,"enemies":"Small Slimes","floor":2,"turns":4},{"damage":0,"enemies":"Cultist","floor":3,"turns":4},{"damage":10,"enemies":"3 Sentries","floor":6,"turns":7},{"damage":14,"enemies":"Gremlin Nob","floor":8,"turns":4},{"damage":4,"enemies":"Replay:BlueRogue","floor":11,"turns":6},{"damage":0,"enemies":"2 Fungi Beasts","floor":14,"turns":3},{"damage":14,"enemies":"Fading Forest","floor":16,"turns":13},{"damage":20,"enemies":"conspire:FuzzyDice","floor":18,"turns":4},{"damage":3,"enemies":"3 Byrds","floor":19,"turns":3},{"damage":10,"enemies":"Cultist and Chosen","floor":21,"turns":5},{"damage":15,"enemies":"Book of Stabbing","floor":25,"turns":4},{"damage":8,"enemies":"Snecko","floor":29,"turns":4},{"damage":0,"enemies":"3 Cultists","floor":30,"turns":4},{"damage":22,"enemies":"Slavers","floor":31,"turns":5},{"damage":0,"enemies":"Collector","floor":33,"turns":7},{"damage":8,"enemies":"Orb Walker","floor":35,"turns":4},{"damage":42,"enemies":"3 Shapes","floor":36,"turns":4},{"damage":12,"enemies":"Sphere and 2 Shapes","floor":39,"turns":5},{"damage":0,"enemies":"Transient","floor":41,"turns":6},{"damage":0,"enemies":"Reptomancer","floor":44,"turns":2},{"damage":0,"enemies":"Mind Bloom Boss Battle","floor":46,"turns":4},{"damage":13,"enemies":"4 Shapes","floor":48,"turns":4},{"damage":14,"enemies":"Donu and Deca","floor":50,"turns":4},{"damage":30,"enemies":"Shield and Spear","floor":54,"turns":3},{"damage":47,"enemies":"The Heart","floor":55,"turns":6}],"seed_played":"6792574707172637386","potions_obtained":[{"floor":3,"key":"Weak Potion"},{"floor":6,"key":"Guardian:BlockOnCardUsePotion"},{"floor":11,"key":"Block Potion"},{"floor":16,"key":"Swift Potion"},{"floor":19,"key":"BlessingOfTheForge"},{"floor":31,"key":"Ancient Potion"},{"floor":41,"key":"Dexterity Potion"}],"is_trial":false,"path_per_floor":["M","M","M","?","$","E","R","E","T","R","E","R","$","M","R","B",null,"M","M","$","M","?","R","$","E","T","?","?","M","M","E","R","B",null,"M","M","?","?","M","R","M","R","T","E","R","?","?","M","R","B",null,"R","$","E","B",null],"character_chosen":"REMILIA","items_purchased":["VampireSweep","Orichalcum","RedNightlessCastle"],"campfire_rested":0,"item_purchase_floors":[13,20,53],"current_hp_per_floor":[54,54,54,54,54,44,44,36,36,36,35,35,35,38,38,46,64,50,50,50,45,45,45,45,36,36,36,36,30,36,23,23,33,61,58,22,22,22,16,16,70,70,70,70,70,70,70,60,60,64,69,69,69,55,58],"gold":262,"neow_bonus":"REMOVE_TWO","is_daily":false,"chose_seed":false,"campfire_upgraded":10,"win_rate":0.0,"timestamp":1609227122,"path_taken":["M","M","M","?","$","E","R","E","T","R","E","R","$","M","R","BOSS","M","M","$","M","?","R","$","E","T","?","?","M","M","E","R","BOSS","M","?","?","?","M","R","M","R","T","E","R","?","?","?","R","BOSS","R","$","E","BOSS"],"items_purchased_type":["Card","Relic","Card"],"build_version":"2020-12-22","purchased_purges":4,"victory":true,"max_hp_per_floor":[70,70,70,70,70,70,70,70,70,70,70,70,70,70,70,70,70,70,70,70,70,70,70,70,70,70,70,70,70,70,70,70,70,70,70,70,70,70,70,70,70,70,70,70,70,70,70,70,70,70,70,70,70,70,70],"card_choices":[{"not_picked":["ScarletGensokyo","EndlessAdversity"],"picked":"BombardNight","floor":1},{"not_picked":["VampireFantasy","FavorOfDestiny"],"picked":"SuperhumanBloodyKnife","floor":2},{"not_picked":["Stigmanizer","EndlessAdversity"],"picked":"HeartBreak","floor":3},{"not_picked":["RedRainbow","StarOfDavid"],"picked":"ScarletImprint","floor":6},{"not_picked":["ChainGang","VampireSweep"],"picked":"BatForm","floor":8},{"not_picked":["BombardNight","NightDance"],"picked":"ScarletDevil","floor":11},{"not_picked":["ScarletImprint","EternalNight"],"picked":"ScarletMeister","floor":14},{"not_picked":["HeartBreak","ForecastOfChange"],"picked":"BloodySeventeenLaser","floor":16},{"not_picked":["MastersStateliness","RedMagic","BlasphemousPunishment"],"picked":"SKIP","floor":18},{"not_picked":["BlasphemousPunishment","BombardNight","UnderTheZenith"],"picked":"SKIP","floor":19},{"not_picked":["UnstableMagic","BloodHunter","Septette"],"picked":"SKIP","floor":21},{"not_picked":["BloodyTrap","BlasphemousPunishment"],"picked":"MillenniumVampire","floor":25},{"not_picked":["DiffusionOfMisfortune","UltimateOffering","Stigmanizer"],"picked":"SKIP","floor":29},{"not_picked":["Stigmanizer","StarOfDavid"],"picked":"ScarletImprint","floor":30},{"not_picked":["MastersStateliness","BadLadyScramble","TwelveNightmare"],"picked":"SKIP","floor":31},{"not_picked":["MastersStateliness","BadLadyScramble","TwelveNightmare"],"picked":"SKIP","floor":31},{"not_picked":["QueenOfMidnight","CurseOfVladTepes"],"picked":"TransientEternity","floor":33},{"not_picked":["MastersStateliness","FavorOfDestiny","UnderTheZenith+1"],"picked":"SKIP","floor":35},{"not_picked":["BloodHunter","NightLord+1","MastersStateliness"],"picked":"SKIP","floor":36},{"not_picked":["NightDance","UnderTheZenith","QueenOfMidnight"],"picked":"SKIP","floor":39},{"not_picked":["UnstableMagic","DiffusionOfMisfortune","RedRainbow"],"picked":"SKIP","floor":41},{"not_picked":["MiserableFate","Stigmanizer","ChaoticDestiny"],"picked":"SKIP","floor":44},{"not_picked":["EndlessAdversity","ScarletImprint","BloodHunter"],"picked":"SKIP","floor":48},{"not_picked":["HunterOfTheNight","UnderTheZenith+1","StarOfDavid"],"picked":"SKIP","floor":54}],"player_experience":1110776,"relics_obtained":[{"floor":6,"key":"hubris:SlimyHat"},{"floor":8,"key":"Bronze Scales"},{"floor":9,"key":"ReplayTheSpireMod:Lightbulb"},{"floor":11,"key":"Old Coin"},{"floor":25,"key":"ReplayFunnel"},{"floor":26,"key":"Replay:Wax Seal"},{"floor":31,"key":"Anchor"},{"floor":44,"key":"MawBank"},{"floor":46,"key":"Replay:Kaleidoscope"},{"floor":54,"key":"Nunchaku"}],"event_choices":[{"damage_healed":0,"gold_gain":0,"player_choice":"Ignored","damage_taken":0,"max_hp_gain":0,"max_hp_loss":0,"event_name":"The Mausoleum","floor":22,"gold_loss":0},{"damage_healed":0,"gold_gain":0,"player_choice":"Bet on Murderer","damage_taken":0,"max_hp_gain":0,"max_hp_loss":0,"event_name":"The Joust","floor":28,"gold_loss":50},{"damage_healed":0,"gold_gain":0,"player_choice":"Ignored","damage_taken":0,"max_hp_gain":0,"max_hp_loss":0,"event_name":"The Moai Head","floor":37,"gold_loss":0},{"damage_healed":0,"gold_gain":0,"player_choice":"Fight","damage_taken":0,"max_hp_gain":0,"max_hp_loss":0,"event_name":"MindBloom","floor":46,"gold_loss":0},{"cards_removed":["Defend_RM"],"damage_healed":0,"gold_gain":0,"player_choice":"Purged","damage_taken":0,"max_hp_gain":0,"max_hp_loss":0,"event_name":"Purifier","floor":47,"gold_loss":0}],"is_beta":false,"boss_relics":[{"not_picked":["conspire:RoyalGoblet","hubris:RunicObelisk"],"picked":"ScarletEmblem"},{"not_picked":["Ring of Chaos","hubris:Stopwatch"],"picked":"SlaversCollar"}],"items_purged_floors":[13,20,24,53],"is_endless":false,"potions_floor_spawned":[3,6,8,11,16,19,29,30,31,39,41,44],"ascension_level":19}}