{"host":"sc0o2qwpf9j16a4i","time":1609262544,"event":{"mods":["AchievementEnabler","BaseMod","BetterRewards","Block Reminder","Colored Map","Colored Powertips","Custom Start","Highlight Path","Minty Spire (QoL Compilation)","Relic Stats"],"gold_per_floor":[117,130,130,29,42,69,87,87,87,87,103,103,117,147,147,147,147],"floor_reached":16,"playtime":476,"items_purged":[],"score":213,"play_id":"6dedac6d-786e-44cb-8520-08701703a58b","local_time":"20201229192224","is_ascension_mode":true,"campfire_choices":[{"floor":12,"key":"REST"},{"floor":15,"key":"REST"}],"circlet_count":0,"master_deck":["AscendersBane","Strike_P","Strike_P","Strike_P","Defend_P","Defend_P","Defend_P","Defend_P","Eruption","Vigilance","CutThroughFate","TalkToTheHand","LikeWater","FollowUp","Weave","Prostrate","FlyingSleeves","Parasite","Swivel","Protect","CutThroughFate"],"relics":["PureWater","CultistMask","Damaru","Darkstone Periapt","Shovel"],"acts_visited":["Exordium"],"potions_floor_usage":[6],"damage_taken":[{"damage":9,"enemies":"2 Louse","floor":1,"turns":3},{"damage":0,"enemies":"Cultist","floor":2,"turns":4},{"damage":0,"enemies":"Small Slimes","floor":5,"turns":2},{"damage":8,"enemies":"Gremlin Nob","floor":6,"turns":3},{"damage":41,"enemies":"Exordium Thugs","floor":7,"turns":5},{"damage":4,"enemies":"Looter","floor":11,"turns":4},{"damage":3,"enemies":"Blue Slaver","floor":13,"turns":5},{"damage":3,"enemies":"Lagavulin","floor":14,"turns":6},{"damage":70,"enemies":"Slime Boss","floor":16,"turns":10}],"seed_played":"-8607975070696259376","potions_obtained":[{"floor":1,"key":"PowerPotion"},{"floor":6,"key":"LiquidBronze"}],"is_trial":false,"path_per_floor":["M","M","?","$","M","E","M","?","T","?","M","R","M","E","R","B"],"character_chosen":"WATCHER","items_purchased":["LikeWater","FollowUp"],"campfire_rested":2,"item_purchase_floors":[4,4],"current_hp_per_floor":[58,58,58,58,58,50,9,27,27,27,23,45,42,39,61,0,0],"gold":147,"neow_bonus":"TEN_PERCENT_HP_BONUS","is_daily":false,"chose_seed":false,"campfire_upgraded":0,"win_rate":0.0,"timestamp":1609262544,"path_taken":["M","M","?","$","?","E","M","?","T","?","M","R","?","E","R","BOSS"],"items_purchased_type":["Card","Card"],"build_version":"2020-12-22","purchased_purges":0,"victory":false,"max_hp_per_floor":[74,74,74,74,74,74,74,74,74,74,74,74,74,74,74,74,74],"relic_stats":{"Darkstone Periapt":0,"Shovel":0,"counters":[9,42],"obtain_stats":[{"Darkstone Periapt":9,"Shovel":14,"Damaru":6,"CultistMask":3,"PureWater":0},{"Darkstone Periapt":5,"Shovel":8,"Damaru":4,"CultistMask":2,"PureWater":0},{"Darkstone Periapt":17,"Shovel":32,"Damaru":12,"CultistMask":7,"PureWater":0}]},"card_choices":[{"not_picked":["MentalFortress","Consecrate"],"picked":"CutThroughFate","floor":1},{"not_picked":["PathToVictory","EmptyFist"],"picked":"TalkToTheHand","floor":2},{"not_picked":["PathToVictory","Vengeance"],"picked":"Weave","floor":5},{"not_picked":["ThirdEye","ReachHeaven"],"picked":"Prostrate","floor":6},{"not_picked":["BowlingBash","Blasphemy"],"picked":"FlyingSleeves","floor":7},{"not_picked":["CrushJoints","ReachHeaven"],"picked":"Swivel","floor":11},{"not_picked":["Evaluate","ClearTheMind"],"picked":"Protect","floor":13},{"not_picked":["MasterReality","PathToVictory"],"picked":"CutThroughFate","floor":14}],"player_experience":403269,"relics_obtained":[{"floor":6,"key":"Damaru"},{"floor":9,"key":"Darkstone Periapt"},{"floor":14,"key":"Shovel"}],"event_choices":[{"damage_healed":0,"gold_gain":0,"player_choice":"Trade","damage_taken":0,"relics_obtained":["CultistMask"],"max_hp_gain":0,"max_hp_loss":0,"event_name":"FaceTrader","floor":3,"gold_loss":0},{"damage_healed":18,"gold_gain":0,"player_choice":"Healed and dodged fight","damage_taken":0,"max_hp_gain":0,"max_hp_loss":0,"event_name":"Mushrooms","floor":8,"gold_loss":0,"cards_obtained":["Parasite"]},{"cards_removed":["Strike_P"],"damage_healed":0,"gold_gain":0,"player_choice":"Purged","damage_taken":0,"max_hp_gain":0,"max_hp_loss":0,"event_name":"Purifier","floor":10,"gold_loss":0}],"is_beta":false,"boss_relics":[],"items_purged_floors":[],"is_endless":false,"potions_floor_spawned":[1,6],"killed_by":"Slime Boss","ascension_level":18}}