{"host":"y76clbnovzmw9ubx","time":1609258723,"event":{"mods":["AchievementEnabler","BaseMod","Minty Spire (QoL Compilation)","Permanent Neow","Relic Stats"],"gold_per_floor":[110,129,33,51,62,87,87,102,102,136,149,149,16,16,16,93,93,113,113,132,132,132],"floor_reached":21,"playtime":1100,"items_purged":[],"score":407,"play_id":"6e8d78be-1f87-4b52-bd63-af108b3393b0","local_time":"20201229111843","is_ascension_mode":true,"campfire_choices":[{"data":"Barricade","floor":7,"key":"SMITH"},{"floor":12,"key":"REST"},{"floor":15,"key":"REST"}],"circlet_count":0,"master_deck":["AscendersBane","Strike_R+1","Strike_R+1","Strike_R+1","Strike_R+1","Strike_R+1","Defend_R+1","Defend_R+1","Defend_R+1","Defend_R+1","Bash+1","Pommel Strike","Feel No Pain+1","Fire Breathing","True Grit","Barricade+1","Seeing Red","Feel No Pain","Feel No Pain","Wild Strike","Feel No Pain","Juggernaut","Shrug It Off"],"relics":["Burning Blood","Bag of Preparation","Incense Burner","Ornamental Fan","Philosopher\u0027s Stone"],"acts_visited":["Exordium","TheCity"],"potions_floor_usage":[6,8,16,16,21],"damage_taken":[{"damage":6,"enemies":"Cultist","floor":1,"turns":3},{"damage":2,"enemies":"Jaw Worm","floor":2,"turns":3},{"damage":10,"enemies":"2 Louse","floor":4,"turns":3},{"damage":29,"enemies":"Exordium Thugs","floor":5,"turns":10},{"damage":15,"enemies":"3 Sentries","floor":6,"turns":6},{"damage":4,"enemies":"Looter","floor":8,"turns":5},{"damage":64,"enemies":"Gremlin Nob","floor":10,"turns":6},{"damage":5,"enemies":"Exordium Wildlife","floor":11,"turns":5},{"damage":6,"enemies":"Hexaghost","floor":16,"turns":13},{"damage":46,"enemies":"Shell Parasite","floor":18,"turns":7},{"damage":22,"enemies":"Chosen","floor":20,"turns":6},{"damage":20,"enemies":"Snecko","floor":21,"turns":3}],"seed_played":"6900229100180755568","potions_obtained":[{"floor":2,"key":"BloodPotion"},{"floor":8,"key":"FairyPotion"},{"floor":10,"key":"PowerPotion"},{"floor":20,"key":"PowerPotion"}],"is_trial":false,"path_per_floor":["M","M","$","M","M","E","R","M","T","E","M","R","$","?","R","B",null,"M","?","M","M"],"character_chosen":"IRONCLAD","items_purchased":["Fire Breathing","FearPotion","Feel No Pain","ColorlessPotion"],"campfire_rested":2,"item_purchase_floors":[3,3,13,13],"current_hp_per_floor":[68,72,72,68,45,51,51,53,53,20,21,43,43,20,42,42,67,27,27,11,0,0],"gold":132,"neow_bonus":"UPGRADE_CARD","is_daily":false,"chose_seed":false,"campfire_upgraded":1,"win_rate":0.0,"timestamp":1609258723,"path_taken":["M","?","$","M","M","E","R","M","T","E","M","R","?","?","R","BOSS","M","?","M","M"],"items_purchased_type":["Card","Potion","Card","Potion"],"build_version":"2020-12-22","purchased_purges":0,"victory":false,"max_hp_per_floor":[75,75,75,75,75,75,75,75,75,75,75,75,75,75,75,75,75,75,75,75,75,75],"relic_stats":{"counters":[12,70],"Ornamental Fan":[12],"Bag of Preparation":[14],"obtain_stats":[{"Ornamental Fan":10,"Philosopher\u0027s Stone":17,"Bag of Preparation":6,"Incense Burner":9,"Burning Blood":0},{"Ornamental Fan":7,"Philosopher\u0027s Stone":9,"Bag of Preparation":5,"Incense Burner":6,"Burning Blood":0},{"Ornamental Fan":36,"Philosopher\u0027s Stone":54,"Bag of Preparation":25,"Incense Burner":30,"Burning Blood":0}],"Burning Blood":66},"card_choices":[{"not_picked":["Clothesline","Thunderclap"],"picked":"Pommel Strike","floor":1},{"not_picked":["Searing Blow","Havoc"],"picked":"Feel No Pain","floor":2},{"not_picked":["Thunderclap","Hemokinesis"],"picked":"True Grit","floor":4},{"not_picked":["Rage","Pommel Strike"],"picked":"Barricade","floor":5},{"not_picked":["Havoc","Inflame"],"picked":"Seeing Red","floor":6},{"not_picked":["Cleave","Infernal Blade"],"picked":"Feel No Pain","floor":8},{"not_picked":["Second Wind","Brutality"],"picked":"Feel No Pain","floor":10},{"not_picked":["Dual Wield","Twin Strike"],"picked":"Wild Strike","floor":11},{"not_picked":["Barricade","Bludgeon"],"picked":"Juggernaut","floor":16},{"not_picked":["Sword Boomerang","Searing Blow","Twin Strike"],"picked":"SKIP","floor":18},{"not_picked":["Armaments","Havoc"],"picked":"Shrug It Off","floor":20}],"player_experience":3010298,"relics_obtained":[{"floor":6,"key":"Bag of Preparation"},{"floor":9,"key":"Incense Burner"},{"floor":10,"key":"Ornamental Fan"}],"event_choices":[{"damage_healed":0,"gold_gain":0,"player_choice":"Entered Light","damage_taken":23,"max_hp_gain":0,"max_hp_loss":0,"event_name":"Shining Light","floor":14,"gold_loss":0,"cards_upgraded":["Defend_R","Feel No Pain"]},{"damage_healed":0,"gold_gain":0,"player_choice":"Simplicity","damage_taken":0,"max_hp_gain":0,"max_hp_loss":0,"event_name":"Back to Basics","floor":19,"gold_loss":0,"cards_upgraded":["Strike_R","Strike_R","Strike_R","Strike_R","Strike_R","Defend_R","Defend_R","Defend_R"]}],"is_beta":false,"boss_relics":[{"not_picked":["Busted Crown","Runic Pyramid"],"picked":"Philosopher\u0027s Stone"}],"items_purged_floors":[],"is_endless":false,"potions_floor_spawned":[2,4,8,10,20],"killed_by":"Snecko","ascension_level":20}}