{"host":"78zdngn0u28jm0pp","time":1609213054,"event":{"mods":["BaseMod","Jorbs\u0027s Wanderer Trilogy","Minty Spire (QoL Compilation)","Permanent Neow","Quick Restart","Relic Stats","StSLib","Unceasing Turn Reminder"],"gold_per_floor":[114,129,48,48,65,65,83,83,83],"floor_reached":8,"playtime":300,"items_purged":[],"score":96,"play_id":"7f66a8ec-54e7-44d8-be83-eb4201fa3b7d","local_time":"20201228203734","is_ascension_mode":true,"campfire_choices":[{"data":"Crippling Poison","floor":6,"key":"SMITH"}],"circlet_count":0,"master_deck":["AscendersBane","Strike_G","Strike_G","Strike_G","Strike_G","Defend_G","Defend_G","Defend_G","Defend_G","Defend_G","Survivor","Neutralize","Quick Slash","Poisoned Stab","Crippling Poison+1","PiercingWail","Wraith Form v2"],"relics":["SacredBark"],"acts_visited":["Exordium"],"potions_floor_usage":[8],"damage_taken":[{"damage":2,"enemies":"2 Louse","floor":1,"turns":4},{"damage":8,"enemies":"Jaw Worm","floor":2,"turns":8},{"damage":3,"enemies":"Cultist","floor":5,"turns":5},{"damage":3,"enemies":"Blue Slaver","floor":7,"turns":5},{"damage":41,"enemies":"Lagavulin","floor":8,"turns":6}],"seed_played":"8107919237685040727","potions_obtained":[{"floor":5,"key":"Dexterity Potion"},{"floor":7,"key":"LiquidBronze"}],"is_trial":false,"path_per_floor":["M","M","$","?","M","R","M","E"],"character_chosen":"THE_SILENT","items_purchased":["Crippling Poison"],"campfire_rested":0,"item_purchase_floors":[3],"current_hp_per_floor":[57,49,49,42,39,39,36,0,0],"gold":83,"neow_bonus":"BOSS_RELIC","is_daily":false,"chose_seed":false,"campfire_upgraded":1,"win_rate":0.0,"timestamp":1609213054,"path_taken":["M","M","$","?","M","R","M","E"],"items_purchased_type":["Card"],"build_version":"2020-12-22","purchased_purges":0,"victory":false,"max_hp_per_floor":[66,66,66,66,66,66,66,66,66],"relic_stats":{"counters":[5,28],"obtain_stats":[{"SacredBark":0,"Ring of the Snake":0},{"SacredBark":0,"Ring of the Snake":0},{"SacredBark":0,"Ring of the Snake":0}]},"card_choices":[{"not_picked":["Outmaneuver","Prepared"],"picked":"Quick Slash","floor":1},{"not_picked":["Acrobatics","Setup"],"picked":"Poisoned Stab","floor":2},{"not_picked":["Heel Hook","Choke"],"picked":"PiercingWail","floor":5},{"not_picked":["Quick Slash","Acrobatics"],"picked":"Wraith Form v2","floor":7}],"player_experience":704217,"relics_obtained":[],"event_choices":[{"cards_removed":["Strike_G"],"damage_healed":0,"gold_gain":0,"player_choice":"Card Removal","damage_taken":7,"max_hp_gain":0,"max_hp_loss":0,"event_name":"Golden Wing","floor":4,"gold_loss":0}],"is_beta":false,"boss_relics":[],"items_purged_floors":[],"is_endless":false,"potions_floor_spawned":[5,7],"killed_by":"Lagavulin","ascension_level":20}}