{"host":"bux1pdxjwq4dkad9","time":1609212369,"event":{"mods":["Act Like it!","BaseMod","Colored Map","Gensokyo","Minty Spire (QoL Compilation)","Quick Restart","StSLib","SuperFastMode","°æ“≈ŒÔMod°øºÚµ•”Œœ∑"],"gold_per_floor":[109,122,155,167,92,120,146,177,177,177,209,209,37,54,54,133,133,148,313,137,152,170,170,197,447,447,458,487,487,506,517,517,590,590,600,620,492,492,492,519,519,553,630,630,930,941,951,977,977,977,977,977,977,489,522,522],"floor_reached":57,"playtime":4576,"items_purged":["Strike_B","Strike_B"],"score":3605,"play_id":"5cb60577-7796-480d-baeb-ec741da52608","local_time":"20201229112609","is_ascension_mode":true,"campfire_choices":[{"data":"Defragment","floor":10.0,"key":"SMITH"},{"data":"Consume","floor":15.0,"key":"SMITH"},{"floor":23.0,"key":"RECALL"},{"data":"Amplify","floor":32.0,"key":"SMITH"},{"data":"Storm","floor":41,"key":"SMITH"},{"data":"Zap","floor":49,"key":"SMITH"},{"data":"Dualcast","floor":53,"key":"SMITH"}],"circlet_count":0,"master_deck":["AscendersBane","Strike_B","Strike_B","Defend_B","Defend_B","Defend_B","Defend_B","Zap+1","Dualcast+1","Defragment+1","White Noise+1","Consume+1","Genetic Algorithm","Amplify+1","Turbo","Storm+1","Double Energy","Steam+1","Core Surge","Capacitor+1","Chill","Thunder Strike"],"relics":["Cracked Core","ImprovedEquipment","NeowsBlessing","WingedGreaves","Lantern","Vajra","Pantograph","Toy Ornithopter","Tiny Chest","Ornamental Fan","Black Star","Bronze Scales","Du-Vu Doll","Oddly Smooth Stone","Thread and Needle","Torii","Omamori","Matryoshka","TungstenRod","Unceasing Top","Smiling Mask","Gremlin Horn","SlaversCollar","Happy Flower","Regal Pillow","War Paint","Boot","Gensokyo:EmptyGrave","Old Coin","Turnip","Emotion Chip","Shuriken","Prayer Wheel","Strawberry","Bottled Lightning","Orichalcum","Art of War"],"acts_visited":["Exordium","Gensokyo:Gensokyo","Gensokyo:Gensokyoer","TheEnding"],"potions_floor_usage":[56,56],"damage_taken":[{"damage":0.0,"enemies":"Gensokyo:3_Fairies","floor":1.0,"turns":2.0},{"damage":0.0,"enemies":"Gensokyo:2_Kodama","floor":2.0,"turns":1.0},{"damage":0.0,"enemies":"Gensokyo:Mamizou","floor":3.0,"turns":2.0},{"damage":0.0,"enemies":"Gensokyo:Gryphon","floor":4.0,"turns":2.0},{"damage":0.0,"enemies":"Gensokyo:Mamizou","floor":6.0,"turns":5.0},{"damage":0.0,"enemies":"Gensokyo:Aya","floor":7.0,"turns":4.0},{"damage":0.0,"enemies":"Gensokyo:Cirno","floor":8.0,"turns":5.0},{"damage":0.0,"enemies":"Gensokyo:Mamizou","floor":11.0,"turns":5.0},{"damage":0.0,"enemies":"Gensokyo:3_Kodama","floor":14.0,"turns":2.0},{"damage":0.0,"enemies":"Gensokyo:Reimu","floor":16.0,"turns":12.0},{"damage":0.0,"enemies":"Gensokyo:CosmicMonolith","floor":18.0,"turns":5.0},{"damage":0.0,"enemies":"Gensokyo:3_Dogs","floor":19.0,"turns":4.0},{"damage":0.0,"enemies":"Gensokyo:Wraith","floor":21.0,"turns":5.0},{"damage":0.0,"enemies":"Gensokyo:Mirror_and_Dog","floor":22.0,"turns":4.0},{"damage":0.0,"enemies":"Gensokyo:Koishi","floor":24.0,"turns":5.0},{"damage":0.0,"enemies":"Gensokyo:Swordslinger","floor":27.0,"turns":3.0},{"damage":0.0,"enemies":"Gensokyo:Tenshi","floor":28.0,"turns":3.0},{"damage":0.0,"enemies":"Gensokyo:3_Gloops","floor":30.0,"turns":3.0},{"damage":0.0,"enemies":"Gensokyo:Wraith","floor":31.0,"turns":3.0},{"damage":0.0,"enemies":"Gensokyo:Eternal_Rivals","floor":33.0,"turns":10.0},{"damage":0.0,"enemies":"Gensokyo:AncientGuardian","floor":35.0,"turns":4.0},{"damage":0,"enemies":"Gensokyo:3_Boulders","floor":36,"turns":4},{"damage":0,"enemies":"Gensokyo:Kasen","floor":42,"turns":6},{"damage":0,"enemies":"Gensokyo:SeedOfUnknown","floor":46,"turns":3},{"damage":0,"enemies":"Gensokyo:AtlasGolem","floor":47,"turns":3},{"damage":0,"enemies":"Gensokyo:Marisa","floor":48,"turns":5},{"damage":0,"enemies":"Gensokyo:Yuyuko","floor":50,"turns":6},{"damage":0,"enemies":"Gensokyo:Scarlet_Devils","floor":51,"turns":7},{"damage":0,"enemies":"Shield and Spear","floor":55,"turns":3},{"damage":16,"enemies":"The Heart","floor":56,"turns":5}],"seed_played":"3745186780552723501","potions_obtained":[{"floor":1.0,"key":"Block Potion"},{"floor":3.0,"key":"Strength Potion"},{"floor":4.0,"key":"DuplicationPotion"},{"floor":11.0,"key":"PotionOfCapacity"},{"floor":18.0,"key":"SkillPotion"},{"floor":48,"key":"PowerPotion"}],"is_trial":false,"path_per_floor":["M","M","?","M","$","E","E","E","T","R","E","?","COS","M","R","B",null,"M","M","COS","M","M","R","E","?","T","M","E","T","M","M","R","B",null,"M","M","COS","?","?","T","R","E","T","?","?","M","M","E","R","B","B",null,"R","$","E","B",null],"character_chosen":"DEFECT","items_purchased":["Strawberry","Bottled Lightning"],"campfire_rested":0,"item_purchase_floors":[54,54],"current_hp_per_floor":[64,64,64,64,64,64,64,64,64,64,64,47,47,47,47,71,71,71,71,71,71,71,71,71,66,66,66,66,66,66,66,66,66,66,66,66,66,66,66,66,66,66,66,60,31,31,60,60,60,60,60,60,60,67,67,51],"gold":522,"neow_bonus":"THREE_ENEMY_KILL","is_daily":false,"chose_seed":false,"campfire_upgraded":6,"win_rate":0.0,"timestamp":1609212369,"path_taken":["M","M","?","M","$","E","E","E","T","R","E","?","COS","?","R","BOSS","M","M","COS","M","M","R","E","?","T","M","E","?","?","M","R","BOSS","M","M","COS","?","?","?","R","E","T","?","?","?","M","E","R","BOSS","BOSS","R","$","E","BOSS"],"items_purchased_type":["Relic","Relic"],"build_version":"2020-12-22","purchased_purges":2,"victory":true,"max_hp_per_floor":[71,71,71,71,71,71,71,71,71,71,71,71,71,71,71,71,71,71,71,71,71,71,71,71,66,66,66,66,66,66,66,66,66,66,66,66,66,66,66,66,66,66,66,60,60,60,60,60,60,60,60,60,60,67,67,67],"card_choices":[{"not_picked":["Glacier","Blizzard"],"picked":"Defragment","floor":1.0},{"not_picked":["FTL","Streamline"],"picked":"White Noise","floor":2.0},{"not_picked":["Sweeping Beam","Ball Lightning"],"picked":"Consume","floor":3.0},{"not_picked":["FTL","Barrage","Sunder"],"picked":"SKIP","floor":4.0},{"not_picked":["FTL","Barrage","Sunder"],"picked":"SKIP","floor":4.0},{"not_picked":["Barrage","Hello World","Compile Driver"],"picked":"SKIP","floor":6.0},{"not_picked":["Meteor Strike","Conserve Battery"],"picked":"Genetic Algorithm","floor":7.0},{"not_picked":["Coolheaded","Reinforced Body","Doom and Gloom"],"picked":"SKIP","floor":8.0},{"not_picked":["Reprogram","Barrage","Go for the Eyes"],"picked":"SKIP","floor":11.0},{"not_picked":["Melter","Streamline","Lockon"],"picked":"SKIP","floor":14.0},{"not_picked":["Rainbow","Buffer"],"picked":"Amplify","floor":16.0},{"not_picked":["Coolheaded","Darkness"],"picked":"Turbo","floor":18.0},{"not_picked":["Leap+1","Beam Cell","Glacier"],"picked":"SKIP","floor":19.0},{"not_picked":["Heatsinks","Redo","Rebound"],"picked":"SKIP","floor":21.0},{"not_picked":["Blizzard","Compile Driver"],"picked":"Storm","floor":22.0},{"not_picked":["Leap+1","Hello World"],"picked":"Double Energy","floor":24.0},{"not_picked":["Fusion","Hologram","Barrage+1"],"picked":"SKIP","floor":27.0},{"not_picked":["Streamline","Force Field","Rip and Tear"],"picked":"SKIP","floor":28.0},{"not_picked":["Stack","Steam","Thunder Strike"],"picked":"SKIP","floor":30.0},{"not_picked":["Stack","Thunder Strike"],"picked":"Steam","floor":30.0},{"not_picked":["Ball Lightning","Static Discharge","FTL"],"picked":"SKIP","floor":31.0},{"not_picked":["Biased Cognition","Fission"],"picked":"Core Surge","floor":33.0},{"not_picked":["Steam Power","Sunder+1","Stack"],"picked":"SKIP","floor":35.0},{"not_picked":["Go for the Eyes","Rip and Tear+1","Stack"],"picked":"SKIP","floor":36},{"not_picked":["Skim","Steam+1"],"picked":"Capacitor+1","floor":42},{"not_picked":["Fission","Static Discharge"],"picked":"Chill","floor":46},{"not_picked":["Streamline","Stack","Sweeping Beam"],"picked":"SKIP","floor":47},{"not_picked":["Steam","Genetic Algorithm+1","Ball Lightning"],"picked":"SKIP","floor":48},{"not_picked":["Meteor Strike","Go for the Eyes"],"picked":"Thunder Strike","floor":55}],"player_experience":2318452,"relics_obtained":[{"floor":3.0,"key":"WingedGreaves"},{"floor":6.0,"key":"Lantern"},{"floor":7.0,"key":"Vajra"},{"floor":8.0,"key":"Pantograph"},{"floor":9.0,"key":"Toy Ornithopter"},{"floor":11.0,"key":"Tiny Chest"},{"floor":24.0,"key":"Torii"},{"floor":24.0,"key":"Omamori"},{"floor":26.0,"key":"Matryoshka"},{"floor":28.0,"key":"Unceasing Top"},{"floor":28.0,"key":"Smiling Mask"},{"floor":29.0,"key":"Gremlin Horn"},{"floor":40,"key":"Happy Flower"},{"floor":40,"key":"Regal Pillow"},{"floor":42,"key":"War Paint"},{"floor":42,"key":"Boot"},{"floor":48,"key":"Shuriken"},{"floor":48,"key":"Prayer Wheel"},{"floor":55,"key":"Orichalcum"},{"floor":55,"key":"Art of War"}],"event_choices":[],"is_beta":false,"boss_relics":[{"not_picked":["SacredBark","Runic Dome"],"picked":"Black Star"},{"not_picked":["Busted Crown","Fusion Hammer"],"picked":"SlaversCollar"}],"items_purged_floors":[5,54],"is_endless":false,"potions_floor_spawned":[1,3,4,11,18,21,24,28,30,35,46,48,55],"ascension_level":20}}