{"host":"78zdngn0u28jm0pp","time":1609268886,"event":{"mods":["BaseMod","Jorbs\u0027s Wanderer Trilogy","Minty Spire (QoL Compilation)","Permanent Neow","Quick Restart","Relic Stats","StSLib","Unceasing Turn Reminder"],"gold_per_floor":[109,109,129,1,16,16,46,59,59,59,59],"floor_reached":10,"playtime":585,"items_purged":[],"score":136,"play_id":"4de66adc-2574-4a42-9318-8f8b0f6d02d2","local_time":"20201229120806","is_ascension_mode":true,"campfire_choices":[{"data":"Phantasmal Killer","floor":6,"key":"SMITH"}],"circlet_count":0,"master_deck":["AscendersBane","Strike_G","Strike_G","Strike_G","Strike_G","Defend_G","Defend_G","Defend_G","Defend_G","Defend_G","Survivor","Neutralize","Deflect","Sucker Punch","Backstab","Phantasmal Killer+1","Dagger Spray","Dagger Spray","Cloak And Dagger","Terror"],"relics":["Black Star","Singing Bowl","Meat on the Bone","Frozen Egg 2"],"acts_visited":["Exordium"],"potions_floor_usage":[7,8,8,10],"damage_taken":[{"damage":12,"enemies":"2 Louse","floor":1,"turns":4},{"damage":3,"enemies":"Cultist","floor":3,"turns":4},{"damage":4,"enemies":"Jaw Worm","floor":5,"turns":2},{"damage":18,"enemies":"3 Sentries","floor":7,"turns":6},{"damage":29,"enemies":"Exordium Thugs","floor":8,"turns":7},{"damage":24,"enemies":"Gremlin Nob","floor":10,"turns":3}],"seed_played":"-4970132901085714844","potions_obtained":[{"floor":5,"key":"SneckoOil"},{"floor":7,"key":"EntropicBrew"}],"is_trial":false,"path_per_floor":["M","?","M","$","M","R","E","M","T","E"],"character_chosen":"THE_SILENT","items_purchased":["Phantasmal Killer","Dagger Spray"],"campfire_rested":0,"item_purchase_floors":[4,4],"current_hp_per_floor":[47,47,44,44,40,40,22,19,19,0,0],"gold":59,"neow_bonus":"BOSS_RELIC","is_daily":false,"chose_seed":false,"campfire_upgraded":1,"win_rate":0.0,"timestamp":1609268886,"path_taken":["M","?","M","$","M","R","E","M","T","E"],"items_purchased_type":["Card","Card"],"build_version":"2020-12-22","purchased_purges":0,"victory":false,"max_hp_per_floor":[66,66,66,66,66,66,66,66,66,66,66],"relic_stats":{"Singing Bowl":0,"counters":[6,26],"Black Star":1,"obtain_stats":[{"Singing Bowl":7,"Black Star":0,"Frozen Egg 2":9,"Ring of the Snake":0,"Meat on the Bone":7},{"Singing Bowl":4,"Black Star":0,"Frozen Egg 2":5,"Ring of the Snake":0,"Meat on the Bone":4},{"Singing Bowl":16,"Black Star":0,"Frozen Egg 2":23,"Ring of the Snake":0,"Meat on the Bone":16}],"Meat on the Bone":12},"card_choices":[{"not_picked":["Heel Hook","PiercingWail"],"picked":"Deflect","floor":1},{"not_picked":["Escape Plan","Slice"],"picked":"Backstab","floor":3},{"not_picked":["Dodge and Roll","Catalyst"],"picked":"Dagger Spray","floor":5},{"not_picked":["Infinite Blades","Setup"],"picked":"Cloak And Dagger","floor":7},{"not_picked":["Flechettes","Quick Slash"],"picked":"Terror","floor":8}],"player_experience":732254,"relics_obtained":[{"floor":7,"key":"Singing Bowl"},{"floor":7,"key":"Meat on the Bone"},{"floor":9,"key":"Frozen Egg 2"}],"event_choices":[{"damage_healed":0,"gold_gain":0,"cards_transformed":["Strike_G"],"player_choice":"Transformed","damage_taken":0,"max_hp_gain":0,"max_hp_loss":0,"event_name":"Transmorgrifier","floor":2,"gold_loss":0,"cards_obtained":["Sucker Punch"]}],"is_beta":false,"boss_relics":[],"items_purged_floors":[],"is_endless":false,"potions_floor_spawned":[5,7],"killed_by":"Gremlin Nob","ascension_level":20}}