{"host":"2no1vwhhkhf0ohz3","time":1609256227,"event":{"mods":["AchievementEnabler","BaseMod","Colored Map","DeckTracker","Keyboard Shortcuts","Minty Spire (QoL Compilation)","Relic Stats","SuperFastMode"],"gold_per_floor":[113,133,208,219,219,219,219,219,219,219,219,229,229,263,263,368,368,355,366,381,398,398,398,408,188,188,188,188],"floor_reached":27,"playtime":495,"items_purged":["Defend_P+1"],"score":213,"play_id":"9cdc87fd-37bb-427f-96c6-6b799ffb6c39","local_time":"20201230003707","is_ascension_mode":false,"campfire_choices":[{"data":"Eruption","floor":6,"key":"SMITH"},{"data":"Vigilance","floor":8,"key":"SMITH"},{"data":"FollowUp","floor":10,"key":"SMITH"},{"data":"LessonLearned","floor":15,"key":"SMITH"},{"floor":23,"key":"REST"}],"circlet_count":0,"master_deck":["Strike_P+1","Strike_P+1","Strike_P","Defend_P+1","Defend_P","Eruption+1","Vigilance+1","FollowUp+1","Consecrate+1","Halt+1","LessonLearned+1","ConjureBlade+1"],"relics":["PureWater","NeowsBlessing","Kunai","Toxic Egg 2","VioletLotus","CultistMask","Bag of Marbles","Letter Opener"],"acts_visited":["Exordium","TheCity"],"potions_floor_usage":[20],"damage_taken":[{"damage":0,"enemies":"Jaw Worm","floor":1,"turns":1},{"damage":0,"enemies":"2 Louse","floor":2,"turns":1},{"damage":0,"enemies":"Small Slimes","floor":4,"turns":1},{"damage":5,"enemies":"Exordium Wildlife","floor":12,"turns":3},{"damage":4,"enemies":"Lagavulin","floor":14,"turns":4},{"damage":28,"enemies":"Hexaghost","floor":16,"turns":9},{"damage":20,"enemies":"2 Thieves","floor":18,"turns":4},{"damage":0,"enemies":"Chosen","floor":19,"turns":3},{"damage":33,"enemies":"Centurion and Healer","floor":20,"turns":5},{"damage":9,"enemies":"Snake Plant","floor":21,"turns":3},{"damage":20,"enemies":"Sentry and Sphere","floor":24,"turns":3},{"damage":26,"enemies":"3 Cultists","floor":27,"turns":3}],"seed_played":"-6674754998257221737","potions_obtained":[{"floor":2,"key":"StancePotion"},{"floor":14,"key":"Energy Potion"},{"floor":16,"key":"BottledMiracle"},{"floor":20,"key":"Fruit Juice"},{"floor":21,"key":"Explosive Potion"}],"is_trial":false,"path_per_floor":["M","M","?","M","?","R","?","R","T","R","?","M","?","E","R","B",null,"M","M","M","M","?","R","M","$","T","M"],"character_chosen":"WATCHER","items_purchased":["Bag of Marbles"],"campfire_rested":1,"item_purchase_floors":[25],"current_hp_per_floor":[72,72,61,61,47,47,47,47,47,47,40,35,35,31,31,3,72,52,52,24,15,15,38,18,18,18,0,0],"gold":188,"neow_bonus":"THREE_ENEMY_KILL","is_daily":false,"chose_seed":false,"campfire_upgraded":4,"win_rate":0.0,"timestamp":1609256227,"path_taken":["M","M","?","M","?","R","?","R","T","R","?","?","?","E","R","BOSS","M","M","?","?","?","R","?","$","T","M"],"items_purchased_type":["Relic"],"build_version":"2020-12-22","purchased_purges":1,"victory":false,"max_hp_per_floor":[72,72,72,72,72,72,72,72,72,72,72,72,72,72,72,72,72,72,72,77,77,77,77,77,77,77,77,77],"relic_stats":{"counters":[12,40],"VioletLotus":[2],"Kunai":[12],"Letter Opener":[0],"obtain_stats":[{"NeowsBlessing":0,"VioletLotus":17,"CultistMask":22,"Bag of Marbles":25,"Kunai":9,"Letter Opener":26,"PureWater":0,"Toxic Egg 2":14},{"NeowsBlessing":0,"VioletLotus":6,"CultistMask":10,"Bag of Marbles":11,"Kunai":3,"Letter Opener":11,"PureWater":0,"Toxic Egg 2":5},{"NeowsBlessing":0,"VioletLotus":19,"CultistMask":34,"Bag of Marbles":37,"Kunai":3,"Letter Opener":37,"PureWater":0,"Toxic Egg 2":10}]},"card_choices":[{"not_picked":["ThirdEye","Consecrate"],"picked":"FollowUp","floor":1},{"not_picked":["EmptyBody","FlyingSleeves"],"picked":"Consecrate","floor":2},{"not_picked":["BowlingBash","Wallop","FollowUp"],"picked":"SKIP","floor":4},{"not_picked":["Collect","PathToVictory","Protect"],"picked":"SKIP","floor":12},{"not_picked":["FollowUp","EmptyBody+1"],"picked":"LessonLearned","floor":14},{"not_picked":["Ragnarok","LessonLearned"],"picked":"ConjureBlade+1","floor":16},{"not_picked":["Sanctity+1","ReachHeaven","Study"],"picked":"SKIP","floor":18},{"not_picked":["Halt+1","Conclude+1","LikeWater"],"picked":"SKIP","floor":19},{"not_picked":["ClearTheMind+1","SashWhip+1","Conclude"],"picked":"SKIP","floor":20},{"not_picked":["Vengeance+1","Protect+1","CutThroughFate"],"picked":"SKIP","floor":21},{"not_picked":["Sanctity+1","Perseverance+1","ThirdEye+1"],"picked":"SKIP","floor":24}],"player_experience":261945,"relics_obtained":[{"floor":9,"key":"Kunai"},{"floor":14,"key":"Toxic Egg 2"},{"floor":26,"key":"Letter Opener"}],"event_choices":[{"damage_healed":0,"gold_gain":75,"player_choice":"Gather Gold","damage_taken":11,"max_hp_gain":0,"max_hp_loss":0,"event_name":"World of Goop","floor":3,"gold_loss":0},{"damage_healed":0,"gold_gain":0,"player_choice":"Entered Light","damage_taken":14,"max_hp_gain":0,"max_hp_loss":0,"event_name":"Shining Light","floor":5,"gold_loss":0,"cards_upgraded":["Defend_P","Consecrate"]},{"damage_healed":0,"gold_gain":0,"player_choice":"Ignored","damage_taken":0,"max_hp_gain":0,"max_hp_loss":0,"event_name":"Liars Game","floor":7,"gold_loss":0},{"cards_removed":["Strike_P"],"damage_healed":0,"gold_gain":0,"player_choice":"Card Removal","damage_taken":7,"max_hp_gain":0,"max_hp_loss":0,"event_name":"Golden Wing","floor":11,"gold_loss":0},{"damage_healed":0,"gold_gain":0,"cards_transformed":["Defend_P"],"player_choice":"Transformed","damage_taken":0,"max_hp_gain":0,"max_hp_loss":0,"event_name":"Transmorgrifier","floor":13,"gold_loss":0,"cards_obtained":["Halt"]},{"damage_healed":0,"gold_gain":0,"player_choice":"Trade","damage_taken":0,"relics_obtained":["CultistMask"],"max_hp_gain":0,"max_hp_loss":0,"event_name":"FaceTrader","floor":22,"gold_loss":0}],"is_beta":false,"boss_relics":[{"not_picked":["Pandora\u0027s Box","Empty Cage"],"picked":"VioletLotus"}],"items_purged_floors":[25],"is_endless":false,"potions_floor_spawned":[2,14,16,19,20,21,24],"killed_by":"3 Cultists","ascension_level":0}}