{"host":"7sni158j623xchr2","time":1609227351,"event":{"mods":["BaseMod","Colored Map","Highlight Path","Minty Spire (QoL Compilation)","Permanent Neow","Potion Indicator Mod","Rare Cards Sparkle","Relic Sorter","Relic Stats","StSLib","everything is the same but u backflip on backflip"],"gold_per_floor":[111,386,401,411,428,428,457,475,501,511,554,554,554,14,14,125,125,143,53,66,79,101,101,144,144,169,187,202,202,234,255,255,361,361,378,378,396,448,448,474,136,159,159,194,194,213,248,277,277,277,277,277,80,114,114],"floor_reached":56,"playtime":1559,"items_purged":["Regret","Strike_G"],"score":1573,"play_id":"b5a74db4-dfde-4037-8082-4f8e4b36b8e5","local_time":"20201229013551","is_ascension_mode":true,"campfire_choices":[{"data":"Crippling Poison","floor":6,"key":"SMITH"},{"data":"Crippling Poison","floor":13,"key":"SMITH"},{"data":"Catalyst","floor":15,"key":"SMITH"},{"data":"Footwork","floor":23,"key":"SMITH"},{"data":"Corpse Explosion","floor":25,"key":"SMITH"},{"data":"Wraith Form v2","floor":29,"key":"SMITH"},{"data":"Glass Knife","floor":32,"key":"SMITH"},{"data":"Burst","floor":45,"key":"SMITH"},{"floor":49,"key":"RECALL"},{"floor":52,"key":"DIG"}],"circlet_count":0,"master_deck":["Strike_G","Strike_G","Strike_G","Defend_G","Defend_G","Defend_G+1","Defend_G+1","Defend_G","Survivor","Neutralize","Dagger Spray","Dagger Spray","Crippling Poison+1","Crippling Poison+1","Wraith Form v2+1","Footwork+1","Backflip+1","Catalyst+1","Glass Knife+1","Blur","Corpse Explosion+1","PiercingWail","Burst+1","Master of Strategy","Blur","PiercingWail","Parasite","Well Laid Plans","Catalyst"],"relics":["Ring of the Snake","NeowsBlessing","Potion Belt","Bag of Marbles","CeramicFish","Boot","Eternal Feather","Orichalcum","Black Star","StrikeDummy","FossilizedHelix","Lantern","PreservedInsect","Kunai","Coffee Dripper","Shovel","Ninja Scroll","Pantograph","Bronze Scales","Centennial Puzzle","Snake Skull","War Paint","Mummified Hand","Blood Vial","Sundial"],"acts_visited":["Exordium","TheCity","TheBeyond","TheEnding"],"potions_floor_usage":[7,8,11,22,24,30,33,33,48,50,50,55,55,55,55,55],"damage_taken":[{"damage":0,"enemies":"Cultist","floor":1,"turns":1},{"damage":0,"enemies":"Small Slimes","floor":3,"turns":1},{"damage":0,"enemies":"2 Louse","floor":4,"turns":1},{"damage":0,"enemies":"Lots of Slimes","floor":5,"turns":1},{"damage":16,"enemies":"Gremlin Nob","floor":7,"turns":4},{"damage":4,"enemies":"Large Slime","floor":8,"turns":8},{"damage":7,"enemies":"Blue Slaver","floor":10,"turns":3},{"damage":13,"enemies":"3 Sentries","floor":11,"turns":4},{"damage":7,"enemies":"The Guardian","floor":16,"turns":9},{"damage":1,"enemies":"Chosen","floor":18,"turns":4},{"damage":1,"enemies":"3 Byrds","floor":20,"turns":3},{"damage":12,"enemies":"Snake Plant","floor":21,"turns":5},{"damage":5,"enemies":"Shelled Parasite and Fungi","floor":22,"turns":4},{"damage":13,"enemies":"Gremlin Leader","floor":24,"turns":5},{"damage":0,"enemies":"Cultist and Chosen","floor":27,"turns":3},{"damage":0,"enemies":"Chosen and Byrds","floor":28,"turns":4},{"damage":13,"enemies":"Book of Stabbing","floor":30,"turns":5},{"damage":0,"enemies":"Shelled Parasite and Fungi","floor":31,"turns":3},{"damage":37,"enemies":"Automaton","floor":33,"turns":7},{"damage":2,"enemies":"Orb Walker","floor":35,"turns":3},{"damage":0,"enemies":"3 Darklings","floor":37,"turns":2},{"damage":0,"enemies":"2 Orb Walkers","floor":38,"turns":2},{"damage":0,"enemies":"Reptomancer","floor":40,"turns":2},{"damage":5,"enemies":"Maw","floor":42,"turns":6},{"damage":0,"enemies":"Giant Head","floor":44,"turns":5},{"damage":0,"enemies":"Spire Growth","floor":46,"turns":4},{"damage":0,"enemies":"Reptomancer","floor":47,"turns":5},{"damage":0,"enemies":"Writhing Mass","floor":48,"turns":3},{"damage":0,"enemies":"Time Eater","floor":50,"turns":2},{"damage":0,"enemies":"Shield and Spear","floor":54,"turns":5},{"damage":64,"enemies":"The Heart","floor":55,"turns":10}],"seed_played":"-1150010984709621047","potions_obtained":[{"floor":3,"key":"Fire Potion"},{"floor":5,"key":"Strength Potion"},{"floor":8,"key":"DistilledChaos"},{"floor":10,"key":"FearPotion"},{"floor":16,"key":"LiquidBronze"},{"floor":20,"key":"Swift Potion"},{"floor":21,"key":"FearPotion"},{"floor":22,"key":"SpeedPotion"},{"floor":24,"key":"LiquidMemories"},{"floor":30,"key":"Regen Potion"},{"floor":31,"key":"DistilledChaos"},{"floor":37,"key":"Poison Potion"},{"floor":40,"key":"Swift Potion"},{"floor":42,"key":"Poison Potion"},{"floor":54,"key":"SkillPotion"}],"is_trial":false,"path_per_floor":["M","?","M","M","M","R","E","M","T","M","E","?","R","$","R","B",null,"M","?","M","M","M","R","E","R","T","M","M","R","E","M","R","B",null,"M","?","M","?","?","E","$","M","T","E","R","M","E","M","R","B",null,"R","$","E","B",null],"character_chosen":"THE_SILENT","items_purchased":["Catalyst","Eternal Feather","Orichalcum","Master of Strategy","Ancient Potion","LiquidBronze","SpeedPotion","Dexterity Potion","Well Laid Plans"],"campfire_rested":0,"item_purchase_floors":[14,14,14,41,41,53,53,53,53],"current_hp_per_floor":[70,70,70,70,70,70,54,50,50,43,30,30,30,30,42,35,70,69,69,68,56,51,63,50,62,62,62,62,70,57,57,69,32,70,68,68,68,68,66,66,66,61,61,61,66,66,66,66,66,66,66,66,66,66,17],"gold":114,"neow_bonus":"THREE_ENEMY_KILL","is_daily":false,"chose_seed":false,"campfire_upgraded":8,"win_rate":0.0,"timestamp":1609227351,"path_taken":["M","?","?","M","M","R","E","M","T","?","E","?","R","$","R","BOSS","M","?","?","M","M","R","E","R","T","M","M","R","E","M","R","BOSS","M","?","?","?","?","E","?","?","T","E","R","?","E","?","R","BOSS","R","$","E","BOSS"],"items_purchased_type":["Card","Relic","Relic","Card","Potion","Potion","Potion","Potion","Card"],"build_version":"2020-12-22","purchased_purges":2,"victory":true,"max_hp_per_floor":[70,70,70,70,70,70,70,70,70,70,70,70,70,70,70,70,70,70,70,70,70,70,70,70,70,70,70,70,70,70,70,70,70,70,70,70,70,70,66,66,66,66,66,66,66,66,66,66,66,66,66,66,66,66,66],"relic_stats":{"counters":[31,124],"CeramicFish":117,"Eternal Feather":61,"PreservedInsect":310,"Snake Skull":[20],"Orichalcum":[282],"War Paint":["Defend_G","Defend_G"],"Boot":[133],"Blood Vial":0,"Centennial Puzzle":[3],"Shovel":1,"Mummified Hand":[5],"Sundial":[0],"Pantograph":0,"Bronze Scales":[162],"Black Star":6,"Kunai":[15],"obtain_stats":[{"Lantern":26,"CeramicFish":11,"Snake Skull":47,"Boot":12,"Blood Vial":54,"Centennial Puzzle":44,"Shovel":38,"Ninja Scroll":40,"Mummified Hand":52,"Sundial":54,"Pantograph":40,"Kunai":30,"Ring of the Snake":0,"Potion Belt":7,"NeowsBlessing":0,"Eternal Feather":14,"PreservedInsect":30,"Orichalcum":14,"War Paint":47,"Bronze Scales":44,"Bag of Marbles":9,"Black Star":17,"Coffee Dripper":34,"StrikeDummy":24,"FossilizedHelix":24},{"Lantern":14,"CeramicFish":8,"Snake Skull":27,"Boot":8,"Blood Vial":30,"Centennial Puzzle":25,"Shovel":22,"Ninja Scroll":23,"Mummified Hand":29,"Sundial":30,"Pantograph":23,"Kunai":17,"Ring of the Snake":0,"Potion Belt":5,"NeowsBlessing":0,"Eternal Feather":8,"PreservedInsect":17,"Orichalcum":8,"War Paint":27,"Bronze Scales":25,"Bag of Marbles":6,"Black Star":9,"Coffee Dripper":19,"StrikeDummy":14,"FossilizedHelix":14},{"Lantern":53,"CeramicFish":23,"Snake Skull":104,"Boot":23,"Blood Vial":114,"Centennial Puzzle":95,"Shovel":82,"Ninja Scroll":84,"Mummified Hand":109,"Sundial":114,"Pantograph":84,"Kunai":65,"Ring of the Snake":0,"Potion Belt":8,"NeowsBlessing":0,"Eternal Feather":23,"PreservedInsect":65,"Orichalcum":23,"War Paint":104,"Bronze Scales":95,"Bag of Marbles":16,"Black Star":32,"Coffee Dripper":75,"StrikeDummy":53,"FossilizedHelix":53}],"Ring of the Snake":[62]},"card_choices":[{"not_picked":["Blur","Deflect"],"picked":"Dagger Spray","floor":1},{"not_picked":["Quick Slash","PiercingWail"],"picked":"Dagger Spray","floor":3},{"not_picked":["Distraction","Dagger Spray","Quick Slash"],"picked":"SKIP","floor":4},{"not_picked":["Distraction","Quick Slash"],"picked":"Crippling Poison","floor":5},{"not_picked":["All Out Attack","Cloak And Dagger"],"picked":"Crippling Poison","floor":7},{"not_picked":["Deadly Poison","Slice"],"picked":"Wraith Form v2","floor":8},{"not_picked":["Riddle With Holes","Cloak And Dagger"],"picked":"Footwork","floor":10},{"not_picked":["Sucker Punch","Crippling Poison"],"picked":"Backflip","floor":11},{"not_picked":["Phantasmal Killer","Unload"],"picked":"Glass Knife","floor":16},{"not_picked":["Outmaneuver","Acrobatics","Infinite Blades"],"picked":"SKIP","floor":18},{"not_picked":["Skewer","Acrobatics","Accuracy"],"picked":"SKIP","floor":20},{"not_picked":["Tactician","Expertise","Accuracy"],"picked":"SKIP","floor":21},{"not_picked":["Dagger Throw+1","Bane"],"picked":"Blur","floor":22},{"not_picked":["Dodge and Roll","PiercingWail"],"picked":"Corpse Explosion","floor":24},{"not_picked":["Dagger Throw","Blade Dance+1","Dagger Spray+1"],"picked":"SKIP","floor":27},{"not_picked":["Doppelganger","Calculated Gamble+1","Flying Knee+1"],"picked":"SKIP","floor":28},{"not_picked":["Reflex+1","Deflect","Envenom"],"picked":"SKIP","floor":30},{"not_picked":["Dagger Throw+1","Reflex+1"],"picked":"PiercingWail","floor":31},{"not_picked":["Unload","Envenom"],"picked":"Burst","floor":33},{"not_picked":["Concentrate+1","Predator+1","Flying Knee"],"picked":"SKIP","floor":35},{"not_picked":["Flying Knee+1","Underhanded Strike","Caltrops+1"],"picked":"SKIP","floor":37},{"not_picked":["Poisoned Stab+1","Infinite Blades","Endless Agony+1"],"picked":"SKIP","floor":40},{"not_picked":["Underhanded Strike","Deflect"],"picked":"Blur","floor":42},{"not_picked":["Reflex+1","Choke+1","Dagger Spray+1"],"picked":"SKIP","floor":44},{"not_picked":["A Thousand Cuts","Backflip+1"],"picked":"PiercingWail","floor":46},{"not_picked":["Poisoned Stab+1","Caltrops+1","Doppelganger"],"picked":"SKIP","floor":47},{"not_picked":["Setup+1","Flying Knee","Dagger Spray+1"],"picked":"SKIP","floor":48},{"not_picked":["PiercingWail","Bane+1"],"picked":"Catalyst","floor":54}],"player_experience":1546996,"relics_obtained":[{"floor":7,"key":"Potion Belt"},{"floor":9,"key":"Bag of Marbles"},{"floor":11,"key":"CeramicFish"},{"floor":24,"key":"StrikeDummy"},{"floor":24,"key":"FossilizedHelix"},{"floor":26,"key":"Lantern"},{"floor":30,"key":"PreservedInsect"},{"floor":30,"key":"Kunai"},{"floor":38,"key":"Shovel"},{"floor":40,"key":"Ninja Scroll"},{"floor":40,"key":"Pantograph"},{"floor":44,"key":"Bronze Scales"},{"floor":44,"key":"Centennial Puzzle"},{"floor":47,"key":"Snake Skull"},{"floor":47,"key":"War Paint"},{"floor":52,"key":"Mummified Hand"},{"floor":54,"key":"Blood Vial"},{"floor":54,"key":"Sundial"}],"event_choices":[{"damage_healed":0,"gold_gain":275,"player_choice":"Desecrate","damage_taken":0,"max_hp_gain":0,"max_hp_loss":0,"event_name":"Golden Shrine","floor":2,"gold_loss":0,"cards_obtained":["Regret"]},{"damage_healed":0,"gold_gain":0,"player_choice":"Gave Potion","damage_taken":0,"relics_obtained":["Boot"],"max_hp_gain":0,"max_hp_loss":0,"event_name":"WeMeetAgain","floor":12,"gold_loss":0},{"cards_removed":["Strike_G"],"damage_healed":0,"gold_gain":0,"player_choice":"Upgrade and Remove","damage_taken":0,"max_hp_gain":0,"max_hp_loss":0,"event_name":"Designer","floor":19,"gold_loss":90,"cards_upgraded":["Backflip"]},{"damage_healed":0,"gold_gain":0,"player_choice":"Ignored","damage_taken":0,"max_hp_gain":0,"max_hp_loss":0,"event_name":"SecretPortal","floor":36,"gold_loss":0},{"damage_healed":0,"gold_gain":0,"player_choice":"Fight","damage_taken":0,"max_hp_gain":0,"max_hp_loss":0,"event_name":"Mysterious Sphere","floor":38,"gold_loss":0},{"damage_healed":0,"gold_gain":0,"player_choice":"Max HP","damage_taken":0,"max_hp_gain":0,"max_hp_loss":4,"event_name":"Winding Halls","floor":39,"gold_loss":0}],"is_beta":false,"boss_relics":[{"not_picked":["Runic Pyramid","Fusion Hammer"],"picked":"Black Star"},{"not_picked":["Runic Dome","Astrolabe"],"picked":"Coffee Dripper"}],"items_purged_floors":[14,41],"is_endless":false,"potions_floor_spawned":[3,5,8,10,16,20,21,22,24,30,31,37,40,42,44,46,54],"ascension_level":1}}