{"host":"ff0k6g9g9j8o52vm","time":1609219983,"event":{"mods":["AchievementEnabler","Aspiration","Astrologer","BaseMod","Beaked The Cultist","Better Altar","Better Note","Better Sensory Stone","Better Skull","Better Third Choice","Colored Map","Colored Powertips","Curses Come First","Downfall","Energized Spire","GifTheSpireLib","Gremlin Mod","Hermit","Highlight Path","Hubris","Infinite Spire","Jorbs\u0027s Wanderer Trilogy","Koishi","Marisa????????","Minty Spire (QoL Compilation)","Quick Restart","Random Character Button","Replay The Spire","Robot Space Explorer","Shade Mod","Somnambulant","StSLib","The Bug Knight","The Clintock","The Construct","The Cursed","The Disciple","The Dragon Tamer","The Forsaken","The Gatherer","The Hayseed","The Hierophant","The Judge","The Jungle","The Marked","The Mystic","The Necromancer","The Poker Player","The Runesmith","The Sage","The Saiyan","The Senshi","The Servant 0.9.4","The Wild Card","TheArtist","Wandering Minibosses","Yuri Mod","vexMod"],"gold_per_floor":[113,133,144,154,154,180,11,11,58,12,12,29,29,40,40,143,143,155,173,173,173,173,173,201,37,63,63,63,63,83,83,83,186,186,200,211,211,211],"floor_reached":37,"playtime":6253,"items_purged":["theForsaken:TheForsaken_Strike","theForsaken:TheForsaken_Defend","theForsaken:TheForsaken_Defend"],"score":437,"play_id":"4642a59c-dc31-4436-b53e-9f20900cae24","local_time":"20201228213303","is_ascension_mode":false,"campfire_choices":[{"data":"theForsaken:Prudence","floor":11,"key":"SMITH"},{"data":"theForsaken:NobleSacrifice","floor":13,"key":"SMITH"},{"floor":15,"key":"DIG"},{"floor":23,"key":"REST"},{"floor":27,"key":"REST"},{"floor":32,"key":"REST"}],"circlet_count":0,"master_deck":["theForsaken:TheForsaken_Defend","theForsaken:Smite","theForsaken:Penitence","theForsaken:QuickAttack","theForsaken:ShieldCharge","theForsaken:Thunderbolt+1","theForsaken:Prudence+1","theForsaken:NobleSacrifice+1","theForsaken:ChargeAttack","theForsaken:FuryStrikes","theForsaken:PanicDive","theForsaken:Temperance","theForsaken:DivineGuidance+1","theForsaken:WardingHymn+1","theForsaken:HorrifyingStrike+1","theForsaken:FatRoll","theForsaken:DarkBargain+1","expansioncontent:StudyTheSpire","theForsaken:DivineGuidance","theForsaken:DefensiveStance+1","infinitespire:DeathsTouch","hubris:Rewind","theForsaken:DesperatePlea","theForsaken:WardingHymn+1","theForsaken:DarkBarrier"],"relics":["theForsaken:JudgementScales","yuri:PortableGlitches","Regal Pillow","hubris:SlimyHat","Astrolabe","hubris:HerbalPaste","Nloth\u0027s Gift","Ancient Tea Set","ReplayTheSpireMod:Lightbulb","vexMod:GhostlyGear","vexMod:BigBerry","Ring of Chaos"],"acts_visited":["Exordium","TheCity","TheBeyond"],"potions_floor_usage":[6,24,24,24,37],"damage_taken":[{"damage":10.0,"enemies":"Cultist","floor":1.0,"turns":5.0},{"damage":0.0,"enemies":"Jaw Worm","floor":2.0,"turns":5.0},{"damage":0.0,"enemies":"2 Louse","floor":3.0,"turns":3.0},{"damage":8,"enemies":"Exordium Thugs","floor":4,"turns":5},{"damage":7,"enemies":"Lagavulin","floor":6,"turns":5},{"damage":0,"enemies":"Looter","floor":12,"turns":3},{"damage":9,"enemies":"Lots of Slimes","floor":14,"turns":4},{"damage":11,"enemies":"Slime Boss","floor":16,"turns":11},{"damage":3,"enemies":"3 Byrds","floor":18,"turns":6},{"damage":5,"enemies":"Centurion and Healer","floor":19,"turns":8},{"damage":65,"enemies":"Gremlin Leader","floor":24,"turns":13},{"damage":26,"enemies":"Snake Plant","floor":30,"turns":4},{"damage":80,"enemies":"Champ","floor":33,"turns":15},{"damage":19,"enemies":"Orb Walker","floor":35,"turns":5},{"damage":5,"enemies":"3 Darklings","floor":36,"turns":5},{"damage":27,"enemies":"infinitespire:Three Voidlings","floor":37,"turns":4},{"damage":88,"enemies":"Nightmare_Alpha","floor":37,"turns":10}],"seed_played":"-6343360714220950684","potions_obtained":[{"floor":2.0,"key":"DistilledChaos"},{"floor":3,"key":"EssenceOfSteel"},{"floor":4,"key":"sneckomod:MuddlingPotion"},{"floor":14,"key":"Weak Potion"},{"floor":24,"key":"FearPotion"},{"floor":30,"key":"Death Potion"},{"floor":33,"key":"Flashbang"},{"floor":35,"key":"AttackPotion"}],"is_trial":false,"path_per_floor":["M","M","M","M","?","E","$","?","T","$","R","M","R","M","R_BF","B",null,"M","M","?","$","?","R","E","$","T","R","?","?","M","AVR","R","B",null,"M","M","?"],"character_chosen":"THE_FORSAKEN","items_purchased":["theForsaken:NobleSacrifice","theForsaken:ChargeAttack","theForsaken:FuryStrikes","hubris:HerbalPaste","Replay:WaspNest","expansioncontent:StudyTheSpire"],"campfire_rested":3,"item_purchase_floors":[7,7,10,21,21,25],"current_hp_per_floor":[63,66,69,64,64,60,60,60,60,60,60,62,62,56,56,55,71,68,66,66,35,35,71,10,10,10,46,46,46,32,62,101,32,101,91,92,0,0],"gold":211,"neow_bonus":"TEN_PERCENT_HP_BONUS","is_daily":false,"chose_seed":false,"campfire_upgraded":2,"win_rate":0.0,"timestamp":1609219983,"path_taken":["M","M","M","M","?","E","$","?","T","?","R","?","R","M","R_BF","BOSS","M","M","?","?","?","R","E","$","T","R","?","?","M","AVR","R","BOSS","M","M","?"],"items_purchased_type":["Card","Card","Card","Relic","Relic","Card"],"build_version":"2020-12-22","purchased_purges":3,"victory":false,"max_hp_per_floor":[71,71,71,71,71,71,71,71,71,71,71,71,71,71,71,71,71,71,71,71,71,71,71,71,71,71,71,71,71,71,101,101,101,101,101,101,101,101],"card_choices":[{"not_picked":["theForsaken:BindingThorns","theForsaken:ScorchingSunlight"],"picked":"theForsaken:QuickAttack","floor":1.0},{"not_picked":["theForsaken:NobleSacrifice","theForsaken:Backlash"],"picked":"theForsaken:ShieldCharge","floor":2.0},{"not_picked":["theForsaken:ScorchingSunlight","theForsaken:NobleSacrifice"],"picked":"theForsaken:Thunderbolt","floor":3},{"not_picked":["theForsaken:Backlash","theForsaken:WordOfPower","theForsaken:ShieldCharge"],"picked":"SKIP","floor":4},{"not_picked":["theForsaken:StoreUp","theForsaken:Temperance"],"picked":"theForsaken:Prudence","floor":6},{"not_picked":["theForsaken:StoreUp","theForsaken:BindingThorns"],"picked":"theForsaken:PanicDive","floor":12},{"not_picked":["theForsaken:QuickAttack","theForsaken:Thunderbolt","theForsaken:FuryStrikes"],"picked":"SKIP","floor":14},{"not_picked":["theForsaken:SpreadingPlague","theForsaken:Horror"],"picked":"theForsaken:Temperance","floor":16},{"not_picked":["theForsaken:ShieldBash","theForsaken:Backlash+1","theForsaken:NobleSacrifice"],"picked":"SKIP","floor":18},{"not_picked":["theForsaken:Thunderbolt","theForsaken:ShieldBash"],"picked":"theForsaken:FatRoll","floor":19},{"not_picked":["theForsaken:HymnOfPatience","theForsaken:MagicWeapon+1"],"picked":"theForsaken:DarkBargain","floor":24},{"not_picked":["theForsaken:WordsOfPestilence","theForsaken:HorrifyingStrike"],"picked":"theForsaken:DefensiveStance+1","floor":30},{"not_picked":["theForsaken:DarkRift","theForsaken:SpreadingPlague"],"picked":"theForsaken:DesperatePlea","floor":33},{"not_picked":["theForsaken:CorruptedWord","theForsaken:Enfeeble"],"picked":"theForsaken:WardingHymn+1","floor":35},{"not_picked":["theForsaken:Terrorize","theForsaken:RainingSunlight"],"picked":"theForsaken:DarkBarrier","floor":36}],"player_experience":898471,"relics_obtained":[{"floor":6,"key":"yuri:PortableGlitches"},{"floor":9,"key":"Regal Pillow"},{"floor":15,"key":"hubris:SlimyHat"},{"floor":24,"key":"Ancient Tea Set"},{"floor":26,"key":"ReplayTheSpireMod:Lightbulb"}],"event_choices":[{"damage_healed":0,"gold_gain":0,"player_choice":"Ignored","damage_taken":0,"max_hp_gain":0,"max_hp_loss":0,"event_name":"Golden Idol","floor":8,"gold_loss":0},{"cards_removed":["theForsaken:TheForsaken_Defend"],"damage_healed":0,"gold_gain":0,"player_choice":"Purged","damage_taken":0,"max_hp_gain":0,"max_hp_loss":0,"event_name":"Purifier","floor":20,"gold_loss":0},{"damage_healed":0,"gold_gain":0,"player_choice":"Traded Relic","damage_taken":0,"relics_obtained":["Nloth\u0027s Gift"],"max_hp_gain":0,"max_hp_loss":0,"event_name":"N\u0027loth","floor":22,"relics_lost":["Replay:WaspNest"],"gold_loss":0},{"damage_healed":0,"gold_gain":0,"player_choice":"Upgraded","damage_taken":0,"max_hp_gain":0,"max_hp_loss":0,"event_name":"Upgrade Shrine","floor":28,"gold_loss":0,"cards_upgraded":["theForsaken:DarkBargain"]},{"damage_healed":0,"gold_gain":0,"player_choice":"1 cards matched","damage_taken":0,"max_hp_gain":0,"max_hp_loss":0,"event_name":"Match and Keep!","floor":29,"gold_loss":0,"cards_obtained":["theForsaken:DivineGuidance"]}],"is_beta":false,"boss_relics":[{"not_picked":["vexMod:FluxCapacitor","vexMod:EndlessSickness"],"picked":"Astrolabe"},{"not_picked":["Pandora\u0027s Box","energizedSpire:NeverEndingSparkler"],"picked":"Ring of Chaos"}],"items_purged_floors":[7,21,31],"is_endless":false,"potions_floor_spawned":[2,3,4,14,24,30,33,35,36],"killed_by":"Nightmare_Alpha","ascension_level":0}}