{"host":"k6d6vy172g6ium25","time":1609281295,"event":{"mods":["Act Like it!","BaseMod","Custom Start","Downfall","Friendly Minions","Kiyohime????","Marisa????????","Minty Spire (QoL Compilation)","Prisma Mod","Rare Cards Sparkle","Relic Filter","StSLib","The Alterego","Waifu the Spire","Yakumo Yukari mod","Yohane!"],"gold_per_floor":[99,110,110,130,144,173,198,232,232,332,343,343,51,51,68,166,166,91,111,16,34,34,19,19,36,47,72,72,72,72,101,120,224,224,224,240,240,31,47,47,70,70,101,115,40,51,79,89,108,108],"floor_reached":51,"playtime":6005,"items_purged":[],"score":707,"play_id":"9bb42271-393f-4f21-9dca-d4cbcc42eb9f","local_time":"20201229233455","is_ascension_mode":false,"campfire_choices":[{"data":"Guardian:ArmoredProtocol","floor":1,"key":"SMITH"},{"floor":9,"key":"RECALL"},{"data":"Guardian:PiercingHide","floor":18,"key":"SMITH"},{"data":"Guardian:PiercingHide","floor":30,"key":"SMITH"},{"data":"Guardian:AncientConstruct","floor":35,"key":"SMITH"},{"data":"Guardian:DecasProtection","floor":40,"key":"SMITH"},{"floor":45,"key":"REST"}],"circlet_count":0,"master_deck":["Guardian:Strike_Guardian","Guardian:Defend_Guardian","Guardian:Defend_Guardian","Guardian:Defend_Guardian","Guardian:CurlUp","Guardian:TwinSlam","Guardian:ArmoredProtocol+1","Guardian:TemporalShield","Guardian:AncientConstruct+1","Guardian:PiercingHide+1","Guardian:Gem_White","Guardian:BronzeOrb","Guardian:SpikerProtocol","Guardian:RevengeProtocol","Guardian:ChargeCore","Guardian:EvasiveProtocol+1","Guardian:FloatingOrbs","Guardian:PolyBeam","Guardian:PiercingHide+1","Guardian:BronzeArmor","Guardian:Gem_Fragmented","Guardian:RevengeProtocol","Guardian:BronzeOrb+1","Guardian:FloatingOrbs+1","Guardian:DecasProtection+1","Guardian:Preprogram","Wraith","Guardian:Orbwalk","Guardian:ConstructionForm","Guardian:Harden+1","Guardian:ChargeCore"],"relics":["Guardian:ModeShifterPlus","Gremlin Horn","Toy Ornithopter","Mercury Hourglass","Regal Pillow","downfall:HeartBlessingRed","Bottled Flame","Pantograph","Orichalcum","Black Star","OrangePellets","MealTicket","Pocketwatch","Meat on the Bone","downfall:HeartBlessingGreen","Darkstone Periapt","Unceasing Top"],"acts_visited":["Exordium","TheCity","TheBeyond"],"potions_floor_usage":[8,16,16,33,43,46,50,50],"damage_taken":[{"damage":0,"enemies":"2 Louse","floor":2,"turns":3},{"damage":0,"enemies":"Cultist","floor":4,"turns":4},{"damage":0,"enemies":"Small Slimes","floor":5,"turns":3},{"damage":20,"enemies":"3 Sentries","floor":6,"turns":11},{"damage":48,"enemies":"Gremlin Nob","floor":8,"turns":7},{"damage":5,"enemies":"2 Fungi Beasts","floor":11,"turns":4},{"damage":0,"enemies":"downfall:FleeingMerchant","floor":13,"turns":4},{"damage":0,"enemies":"3 Louse","floor":15,"turns":3},{"damage":13,"enemies":"downfall:Defect","floor":16,"turns":9},{"damage":0,"enemies":"Shell Parasite","floor":19,"turns":6},{"damage":0,"enemies":"downfall:FleeingMerchant","floor":20,"turns":4},{"damage":0,"enemies":"Chosen","floor":21,"turns":6},{"damage":2,"enemies":"downfall:FleeingMerchant","floor":23,"turns":4},{"damage":0,"enemies":"Sentry and Sphere","floor":25,"turns":6},{"damage":0,"enemies":"Centurion and Healer","floor":26,"turns":10},{"damage":8,"enemies":"Gremlin Leader","floor":27,"turns":8},{"damage":8,"enemies":"Book of Stabbing","floor":31,"turns":5},{"damage":5,"enemies":"Shelled Parasite and Fungi","floor":32,"turns":6},{"damage":13,"enemies":"downfall:Watcher","floor":33,"turns":10},{"damage":3,"enemies":"3 Shapes","floor":36,"turns":6},{"damage":0,"enemies":"downfall:FleeingMerchant","floor":38,"turns":4},{"damage":0,"enemies":"Orb Walker","floor":39,"turns":5},{"damage":13,"enemies":"Reptomancer","floor":43,"turns":8},{"damage":7,"enemies":"Writhing Mass","floor":44,"turns":5},{"damage":55,"enemies":"Transient","floor":46,"turns":5},{"damage":4,"enemies":"Nemesis","floor":47,"turns":7},{"damage":9,"enemies":"3 Darklings","floor":48,"turns":5},{"damage":0,"enemies":"Maw","floor":49,"turns":9},{"damage":4,"enemies":"downfall:Ironclad","floor":50,"turns":15}],"seed_played":"-4919252215122469765","potions_obtained":[{"floor":6,"key":"FearPotion"},{"floor":15,"key":"Guardian:DefensiveModePotion"},{"floor":16,"key":"Swift Potion"},{"floor":25,"key":"Weak Potion"},{"floor":27,"key":"champ:CounterPotion"},{"floor":32,"key":"PowerPotion"},{"floor":33,"key":"Guardian:DefensiveModePotion"},{"floor":36,"key":"SkillPotion"},{"floor":46,"key":"Explosive Potion"},{"floor":48,"key":"ColorlessPotion"}],"is_trial":false,"path_per_floor":["R","M","?","M","M","E","T","E","R","?","M","?","$","?","M","B",null,"R","M","$","M","?","$","T","M","M","E","?","?","R","E","M","B",null,"R","M","?","$","M","R","T","?","E","M","R","M","E","M","M","B",null],"character_chosen":"GUARDIAN","items_purchased":["Guardian:SpikerProtocol","Regal Pillow","PowerPotion","Guardian:FloatingOrbs","Guardian:DecasProtection","OrangePellets"],"campfire_rested":1,"item_purchase_floors":[13,13,13,20,38,38],"current_hp_per_floor":[80,80,80,80,80,60,60,17,17,17,12,12,12,12,12,9,80,80,80,80,80,65,63,63,63,63,55,55,55,55,47,42,59,85,85,82,82,82,82,82,82,82,74,67,85,47,43,46,46,77],"gold":108,"neow_bonus":"TRANSFORM_CARD","is_daily":false,"chose_seed":false,"campfire_upgraded":5,"win_rate":0.0,"timestamp":1609281295,"path_taken":["R","M","?","M","?","E","T","E","R","?","M","?","$","?","M","BOSS","R","M","$","M","?","$","T","M","M","E","?","?","R","E","M","BOSS","R","M","?","$","M","R","T","?","E","M","R","M","E","M","M","BOSS"],"items_purchased_type":["Card","Relic","Potion","Card","Card","Relic"],"build_version":"2020-12-22","purchased_purges":0,"victory":true,"max_hp_per_floor":[80,80,80,80,80,80,80,80,80,80,80,80,80,80,80,80,80,80,80,80,80,85,85,85,85,85,85,85,85,85,85,85,85,85,85,85,85,85,85,85,85,85,85,85,85,85,85,85,85,85],"card_choices":[{"not_picked":["Guardian:VentSteam","Guardian:ShieldCharger"],"picked":"Guardian:TemporalShield","floor":2},{"not_picked":["Guardian:Gem_White","Guardian:CrystalBeam"],"picked":"Guardian:PiercingHide","floor":4},{"not_picked":["Guardian:Preprogram","Guardian:Gem_Lightblue"],"picked":"Guardian:Gem_Blue","floor":5},{"not_picked":["Guardian:Gem_Orange","Guardian:TemporalStrike"],"picked":"Guardian:Gem_Green","floor":6},{"not_picked":["Guardian:ChargeCore","Guardian:BronzeOrb"],"picked":"Guardian:Gem_White","floor":8},{"not_picked":["Guardian:Gem_Crimson","Guardian:Recover"],"picked":"Guardian:BronzeOrb","floor":11},{"not_picked":["Guardian:Gem_Blue","Guardian:TimeCapacitor","Guardian:PrimingBeam"],"picked":"SKIP","floor":13},{"not_picked":["Guardian:Gem_Green","Guardian:Incinerate"],"picked":"Guardian:Gem_White","floor":15},{"not_picked":["Guardian:Gem_Orange","Guardian:BaubleBeam"],"picked":"Guardian:RevengeProtocol","floor":16},{"not_picked":["Guardian:ShieldCharger","Guardian:BronzeArmor"],"picked":"Guardian:ChargeCore","floor":19},{"not_picked":["Guardian:Planning","Guardian:Gem_Green"],"picked":"Guardian:EvasiveProtocol+1","floor":20},{"not_picked":["Guardian:Incinerate","Guardian:Planning","Guardian:WalkerClaw"],"picked":"SKIP","floor":21},{"not_picked":["Guardian:PrimingBeam","Guardian:TemporalShield"],"picked":"Guardian:PolyBeam","floor":23},{"not_picked":["Guardian:GatlingBeam","Guardian:Orbwalk"],"picked":"Guardian:PiercingHide","floor":25},{"not_picked":["Guardian:Gem_Blue","Guardian:Gem_Green"],"picked":"Guardian:BronzeArmor","floor":26},{"not_picked":["Guardian:Gem_Green","Guardian:Gem_Fragmented","Guardian:CrystalBeam"],"picked":"SKIP","floor":27},{"not_picked":["Guardian:Gem_White","Guardian:Harden"],"picked":"Guardian:Gem_Cyan","floor":31},{"not_picked":["Guardian:Gem_Green","Guardian:CrystalBeam"],"picked":"Guardian:Gem_Fragmented","floor":32},{"not_picked":["Guardian:TimeSifter","Guardian:AncientConstruct"],"picked":"Guardian:RevengeProtocol","floor":33},{"not_picked":["Guardian:Planning","Guardian:RollAttack+1"],"picked":"Guardian:BronzeOrb+1","floor":36},{"not_picked":["Guardian:PrimingBeam+1","Guardian:Preprogram+1"],"picked":"Guardian:FloatingOrbs+1","floor":38},{"not_picked":["Guardian:Suspension","Guardian:Emergency"],"picked":"Guardian:Preprogram","floor":39},{"not_picked":["Guardian:PrismaticBeam+1","Guardian:Gem_Green"],"picked":"Guardian:Orbwalk","floor":43},{"not_picked":["Guardian:VentSteam","Guardian:CrystalBeam","Guardian:GuardianWhirl"],"picked":"SKIP","floor":44},{"not_picked":["Guardian:Gem_Green","Guardian:Gem_Blue"],"picked":"Guardian:ConstructionForm","floor":46},{"not_picked":["Guardian:TimeCapacitor+1","Guardian:EvasiveProtocol+1"],"picked":"Guardian:Harden+1","floor":47},{"not_picked":["Guardian:ShieldCharger","Guardian:CrystalBeam"],"picked":"Guardian:ChargeCore","floor":48},{"not_picked":["Guardian:MultiBeam+1","Guardian:Gem_Red","Guardian:PrimingBeam+1"],"picked":"SKIP","floor":49}],"player_experience":75084,"relics_obtained":[{"floor":6,"key":"Gremlin Horn"},{"floor":7,"key":"Toy Ornithopter"},{"floor":8,"key":"Mercury Hourglass"},{"floor":24,"key":"Bottled Flame"},{"floor":27,"key":"Pantograph"},{"floor":31,"key":"Orichalcum"},{"floor":41,"key":"MealTicket"},{"floor":43,"key":"Pocketwatch"},{"floor":43,"key":"Meat on the Bone"},{"floor":47,"key":"Darkstone Periapt"},{"floor":47,"key":"Unceasing Top"}],"event_choices":[{"damage_healed":0,"gold_gain":0,"cards_transformed":["Guardian:Defend_Guardian"],"player_choice":"Transformed","damage_taken":0,"max_hp_gain":0,"max_hp_loss":0,"event_name":"Transmorgrifier","floor":3,"gold_loss":0,"cards_obtained":["Guardian:AncientConstruct"]},{"damage_healed":0,"gold_gain":0,"player_choice":"Ignored","damage_taken":0,"max_hp_gain":0,"max_hp_loss":0,"event_name":"Vampires","floor":28,"gold_loss":0},{"cards_removed":["Guardian:Strike_Guardian"],"damage_healed":0,"gold_gain":0,"player_choice":"Removed Attack","damage_taken":0,"max_hp_gain":0,"max_hp_loss":0,"event_name":"Falling","floor":37,"gold_loss":0},{"damage_healed":0,"gold_gain":0,"player_choice":"Ignored","damage_taken":0,"max_hp_gain":0,"max_hp_loss":0,"event_name":"OrinTheCat","floor":42,"gold_loss":0}],"is_beta":false,"boss_relics":[{"not_picked":["Astrolabe","Velvet Choker"],"picked":"Guardian:ModeShifterPlus"},{"not_picked":["Empty Cage","Cursed Key"],"picked":"Black Star"}],"items_purged_floors":[],"is_endless":false,"potions_floor_spawned":[6,15,16,25,27,31,32,33,36,39,44,46,48],"ascension_level":0}}