{"host":"0cnf9zf1gia27zti","time":1609252411,"event":{"mods":["BaseMod","BetterRewards","Card Forge","Colored Map","Colored Powertips","Conspire","Downfall","Googly Eyes","Minty Spire (QoL Compilation)","Practice Mode","Quick Restart","Replay The Spire","Robot Space Explorer","Shade Mod","Spicy Shops","StSLib"],"gold_per_floor":[109,127,127,17,36,80,80,80,127,167,50,73,14,54,54,145,145,158,158,174,190,48,87,87,31,102,102,115,115,146,170,170,260,260,278,302,27,27,40,75,75,114,141,174,18,52,93,143,143,143,143],"floor_reached":52,"playtime":39008,"items_purged":["Decay"],"score":3033,"play_id":"0b4e9447-2848-46c8-a2c3-909e3c36cf8d","local_time":"20201229143331","daily_mods":["SealedDeck","Colorless Cards","Heirloom","DeadlyEvents","Elite Swarm"],"is_ascension_mode":true,"campfire_choices":[{"floor":8,"key":"REST"},{"data":"FTL","floor":15,"key":"SMITH"},{"data":"conspire:Banana","floor":27,"key":"SMITH"},{"floor":29,"key":"REST"},{"data":"Sweeping Beam","floor":32,"key":"SMITH"},{"floor":41,"key":"REST"},{"data":"Secret Technique","floor":49,"key":"SMITH"}],"circlet_count":0,"master_deck":["AscendersBane","Impatience","Sweeping Beam","Beam Cell","Beam Cell","Beam Cell","Scrape+1","Leap+1","Leap+1","Leap+1","Steam+1","conspire:Banana+1","Gash+1","Sweeping Beam+1","Echo Form+1","Reboot","Gash+1","FTL+1","Gash+1","Thinking Ahead","expansioncontent:DashGenerateEvil","Gash+1","conspire:Banana+1","Secret Technique+1","Secret Technique+1","Reinforced Body+1","Steam+1","Sadistic Nature","Mayhem+1","Machine Learning","Impatience","Steam","ReplayTheSpireMod:Brewmster+1","All For One"],"relics":["Cracked Core","Hammer of Thor","Seething Fire","Anvil of the Gods","Ring of Chaos","FossilizedHelix","Golden Idol","Iron Hammer","PreservedInsect","Lantern","Ginger","Toy Ornithopter","Cursed Key","Replay:Antivirus Software","Strawberry","Replay:Bottled Eggs","Mango","conspire:SpecialSausage","Question Card","Smiling Mask","conspire:IceCreamScoop","War Paint","Replay:Mystery Machine","Calipers","Happy Flower","CeramicFish"],"acts_visited":["Exordium","TheCity","TheBeyond"],"potions_floor_usage":[6,33,33,40,40,47,48,50,50,50,50,50,50,50,50,51,51,51,51,51],"damage_taken":[{"damage":0,"enemies":"2 Louse","floor":1,"turns":2},{"damage":0,"enemies":"Jaw Worm","floor":2,"turns":2},{"damage":0,"enemies":"Cultist","floor":5,"turns":2},{"damage":0,"enemies":"3 Sentries","floor":6,"turns":3},{"damage":0,"enemies":"Gremlin Nob","floor":10,"turns":1},{"damage":0,"enemies":"2 Fungi Beasts","floor":12,"turns":2},{"damage":0,"enemies":"3 Sentries","floor":14,"turns":3},{"damage":0,"enemies":"Slime Boss","floor":16,"turns":4},{"damage":0,"enemies":"3 Byrds","floor":18,"turns":3},{"damage":0,"enemies":"Spheric Guardian","floor":20,"turns":1},{"damage":0,"enemies":"Snecko","floor":21,"turns":3},{"damage":0,"enemies":"Gremlin Leader","floor":23,"turns":3},{"damage":0,"enemies":"Shelled Parasite and Fungi","floor":28,"turns":2},{"damage":0,"enemies":"Book of Stabbing","floor":30,"turns":2},{"damage":0,"enemies":"Snake Plant","floor":31,"turns":3},{"damage":0,"enemies":"conspire:MysteriousRune","floor":33,"turns":2},{"damage":0,"enemies":"3 Darklings","floor":35,"turns":3},{"damage":0,"enemies":"3 Shapes","floor":36,"turns":5},{"damage":17,"enemies":"Transient","floor":39,"turns":6},{"damage":8,"enemies":"R_Hoarder","floor":40,"turns":6},{"damage":0,"enemies":"Giant Head","floor":42,"turns":5},{"damage":0,"enemies":"Nemesis","floor":44,"turns":3},{"damage":0,"enemies":"Giant Head","floor":46,"turns":4},{"damage":0,"enemies":"conspire:MimicChest","floor":47,"turns":3},{"damage":0,"enemies":"R_Hoarder","floor":48,"turns":5},{"damage":0,"enemies":"Donu and Deca","floor":50,"turns":6},{"damage":24,"enemies":"conspire:OrnateMirror","floor":51,"turns":9}],"seed_played":"2714191615260182484","potions_obtained":[{"floor":1,"key":"PotionOfCapacity"},{"floor":2,"key":"Explosive Potion"},{"floor":12,"key":"Strength Potion"},{"floor":16,"key":"Strength Potion"},{"floor":23,"key":"LiquidBronze"},{"floor":33,"key":"Elixir"},{"floor":35,"key":"Block Potion"},{"floor":39,"key":"LiquidBronze"},{"floor":48,"key":"FocusPotion"}],"is_trial":true,"path_per_floor":["M","M","?","$","M","E","T","R","T","E","$","M","$","E","R","B",null,"M","$","M","M","$","E","?","$","T","R","M","R","E","M","R","B",null,"M","M","$","?","M","E","R","E","T","E","$","E","?","E","R","B","B",null],"character_chosen":"DEFECT","items_purchased":["Gash","Sweeping Beam","Gash","Gash","Replay:Antivirus Software","Gash","Question Card","Impatience","Steam"],"campfire_rested":3,"item_purchase_floors":[4,4,11,13,22,25,37,45,45],"current_hp_per_floor":[64,65,40,40,41,42,42,64,64,66,66,68,68,70,70,72,80,81,81,83,85,85,93,93,93,93,93,95,97,115,119,119,123,123,127,131,131,124,111,117,139,145,145,149,149,153,155,157,157,161,151],"gold":143,"neow_bonus":"","is_daily":false,"chose_seed":false,"campfire_upgraded":4,"win_rate":0.0,"timestamp":1609252411,"path_taken":["M","M","?","$","M","E","?","R","T","E","$","M","$","?","R","BOSS","M","$","M","M","$","E","?","$","T","R","M","R","E","M","R","BOSS","M","M","$","?","M","E","R","E","T","E","$","E","?","?","R","BOSS","BOSS"],"items_purchased_type":["Card","Card","Card","Card","Relic","Card","Relic","Card","Card"],"build_version":"2020-12-22","purchased_purges":1,"victory":true,"max_hp_per_floor":[71,72,72,72,73,74,74,74,74,76,76,78,78,80,80,82,82,83,83,85,87,87,95,95,95,95,95,97,97,115,119,119,123,123,127,131,131,131,135,139,139,145,145,149,149,153,155,157,157,161,165],"card_choices":[{"not_picked":["Replay:SS_fish_2","BasicCrystalCard"],"picked":"conspire:Banana","floor":1},{"not_picked":["Replay:SS_forest_5","Stack","Ball Lightning"],"picked":"SKIP","floor":2},{"not_picked":["Aggregate","BasicCrystalCard","Barrage"],"picked":"SKIP","floor":5},{"not_picked":["Crow Ritual","Amplify"],"picked":"Echo Form","floor":6},{"not_picked":["Apotheosis","Crow Ritual"],"picked":"Reboot","floor":10},{"not_picked":["ReplayTheSpireMod:Private Reserves","Cold Snap"],"picked":"FTL","floor":12},{"not_picked":["Apotheosis","Magnetism"],"picked":"Thinking Ahead","floor":14},{"not_picked":["Secret Weapon","expansioncontent:StudyTheSpire"],"picked":"expansioncontent:DashGenerateEvil","floor":16},{"not_picked":["Turbo","Steam Power","Go for the Eyes"],"picked":"SKIP","floor":18},{"not_picked":["Rebound","Sweeping Beam","Ball Lightning+1"],"picked":"SKIP","floor":20},{"not_picked":["Go for the Eyes","Gash","Beam Cell"],"picked":"SKIP","floor":21},{"not_picked":["Crow Ritual","Fission","Buffer"],"picked":"SKIP","floor":23},{"not_picked":["Good Instincts","Panic Button"],"picked":"conspire:Banana","floor":28},{"not_picked":["The Bomb","Mirror Shield"],"picked":"Secret Technique","floor":30},{"not_picked":["Beam Cell","Cold Snap","Turbo"],"picked":"SKIP","floor":31},{"not_picked":["Poisoned Strike","Apotheosis"],"picked":"Secret Technique","floor":33},{"not_picked":["Tempest","Rebound","BasicCrystalCard"],"picked":"SKIP","floor":35},{"not_picked":["Beam Cell+1","Specialist"],"picked":"Reinforced Body+1","floor":36},{"not_picked":["Purity","Hologram","Replay:Bootleg Shield Generator+1"],"picked":"Steam","floor":39},{"not_picked":["The Bomb","Hyperbeam","Metamorphosis"],"picked":"Sadistic Nature","floor":40},{"not_picked":["Secret Weapon","Magnetism","Violence"],"picked":"Mayhem","floor":42},{"not_picked":["ReplayRNGCard","Electrodynamics","Fission"],"picked":"Machine Learning","floor":44},{"not_picked":["Thinking Ahead","Chrysalis","Sadistic Nature"],"picked":"ReplayTheSpireMod:Brewmster","floor":46},{"not_picked":["ReplayTheSpireMod:Omega Cannon","The Bomb","All For One","Multi-Cast"],"picked":"SKIP","floor":48}],"player_experience":2700210,"relics_obtained":[{"floor":6,"key":"Iron Hammer"},{"floor":7,"key":"PreservedInsect"},{"floor":9,"key":"Lantern"},{"floor":10,"key":"Ginger"},{"floor":14,"key":"Toy Ornithopter"},{"floor":23,"key":"Strawberry"},{"floor":26,"key":"Replay:Bottled Eggs"},{"floor":30,"key":"Mango"},{"floor":40,"key":"Smiling Mask"},{"floor":42,"key":"conspire:IceCreamScoop"},{"floor":43,"key":"War Paint"},{"floor":44,"key":"Replay:Mystery Machine"},{"floor":46,"key":"Calipers"},{"floor":47,"key":"Happy Flower"},{"floor":48,"key":"CeramicFish"}],"event_choices":[{"damage_healed":0,"gold_gain":0,"player_choice":"Take Damage","damage_taken":25,"relics_obtained":["Golden Idol"],"max_hp_gain":0,"max_hp_loss":0,"event_name":"Golden Idol","floor":3,"gold_loss":0},{"damage_healed":0,"gold_gain":0,"player_choice":"Ignored","damage_taken":0,"max_hp_gain":0,"max_hp_loss":0,"event_name":"Vampires","floor":24,"gold_loss":0},{"damage_healed":0,"gold_gain":0,"player_choice":"Leave","damage_taken":0,"max_hp_gain":0,"max_hp_loss":0,"event_name":"conspire:Investor","floor":38,"gold_loss":0}],"is_beta":false,"boss_relics":[{"not_picked":["Painkiller Herb","Runic Dome"],"picked":"Cursed Key"},{"not_picked":["Ring of Chaos","FrozenCore"],"picked":"conspire:SpecialSausage"}],"items_purged_floors":[22],"is_endless":false,"potions_floor_spawned":[1,2,12,16,21,23,31,33,35,36,39,48],"ascension_level":20}}