{"host":"l017gercouzhorma","time":1609207724,"event":{"mods":["AchievementEnabler","Aspiration","BaseMod","Challenge The Spire","Conspire","Downfall","Halation","Hermit","Hubris","Infinite Spire","Jorbs\u0027s Wanderer Trilogy","Mad Scientist","Marisa????????","Mimic Mod","Minty Spire (QoL Compilation)","Random Character Button","Rare Cards Sparkle","Relic Stats","Replay The Spire","Shade Mod","StSLib","The Cursed","The Disciple","The Hierophant","The Jungle","The Runesmith","The Servant 0.9.4"],"gold_per_floor":[119,137,151,103,140,140,140,140],"floor_reached":7,"playtime":2764,"items_purged":[],"score":43,"play_id":"7b35ee6a-cce7-42f9-bd88-3ef94cc5e282","local_time":"20201228190844","is_ascension_mode":false,"campfire_choices":[{"floor":6,"key":"REST"}],"circlet_count":0,"master_deck":["Strike_MRS","Strike_MRS","Strike_MRS","Strike_MRS","Defend_MRS","Defend_MRS","Defend_MRS","Defend_MRS","MasterSpark","UpSweep","EscapeVelocity","OrrerysSun","BlazeAway","IllusionStar","WitchOfGreed","GalacticHalo"],"relics":["MiniHakkero"],"acts_visited":["Exordium"],"potions_floor_usage":[5,7],"damage_taken":[{"damage":20,"enemies":"Jaw Worm","floor":1,"turns":3},{"damage":12,"enemies":"Small Slimes","floor":2,"turns":4},{"damage":21,"enemies":"infinitespire:Voidling","floor":3,"turns":4},{"damage":19,"enemies":"Blue Slaver","floor":5,"turns":5},{"damage":27,"enemies":"Lagavulin","floor":7,"turns":5}],"seed_played":"3890835076742127731","potions_obtained":[{"floor":3,"key":"Weak Potion"},{"floor":5,"key":"Reflective Coating"},{"floor":5,"key":"SteroidPotion"}],"is_trial":false,"path_per_floor":["M","M","M","$","M","R","E"],"character_chosen":"MARISA","items_purchased":["WitchOfGreed"],"campfire_rested":1,"item_purchase_floors":[4],"current_hp_per_floor":[55,43,22,22,3,25,0,0],"gold":140,"neow_bonus":"ONE_RANDOM_RARE_CARD","is_daily":false,"chose_seed":false,"campfire_upgraded":0,"win_rate":0.0,"timestamp":1609207724,"path_taken":["M","M","M","$","M","R","E"],"items_purchased_type":["Card"],"build_version":"2020-12-22","purchased_purges":0,"victory":false,"max_hp_per_floor":[75,75,75,75,75,75,75,75],"relic_stats":{"counters":[5,21],"obtain_stats":[{"MiniHakkero":0},{"MiniHakkero":0},{"MiniHakkero":0}]},"card_choices":[{"not_picked":["PowerUp","AlicesGift"],"picked":"OrrerysSun","floor":1},{"not_picked":["GalacticHalo","AsteroidBelt"],"picked":"BlazeAway","floor":2},{"not_picked":["6A","DC"],"picked":"IllusionStar","floor":3},{"not_picked":["WitchOfGreed","DC"],"picked":"GalacticHalo","floor":5}],"player_experience":800163,"relics_obtained":[],"event_choices":[],"is_beta":false,"boss_relics":[],"items_purged_floors":[],"is_endless":false,"potions_floor_spawned":[3,5],"killed_by":"Lagavulin","ascension_level":0}}