{"host":"l60rmjjsfi0fipmi","time":1609204106,"event":{"mods":["BaseMod","Colored Map","DeckTracker","Minty Spire (QoL Compilation)"],"gold_per_floor":[114,124,144,94,94,94,121,153,165,177,207,229,268,294,306,421,433,464,476,137,153,173,202,10,29,29,29,29,43,43,143,143,143,143],"floor_reached":33,"playtime":3997,"items_purged":["Strike_R"],"score":304,"play_id":"cc0257c1-26e5-4d79-a26f-2484eb6c5cc9","local_time":"20201228200826","is_ascension_mode":false,"campfire_choices":[{"data":"Armaments","floor":6.0,"key":"SMITH"},{"data":"Infernal Blade","floor":10.0,"key":"SMITH"},{"data":"Headbutt","floor":15.0,"key":"SMITH"},{"floor":28,"key":"REST"},{"floor":30,"key":"REST"},{"floor":32,"key":"REST"}],"circlet_count":0,"master_deck":["Strike_R","Strike_R","Strike_R","Defend_R","Defend_R","Defend_R","Bash","Infernal Blade+1","Anger","Flame Barrier","Armaments+1","Clash","Cleave","Intimidate","Headbutt+1","Spot Weakness","Double Tap","Twin Strike","Immolate","Bludgeon","Apotheosis","Anger","Bloodletting+1"],"relics":["Burning Blood","Bag of Preparation","Ornamental Fan","SlaversCollar","Nloth\u0027s Gift","Bottled Flame","Pocketwatch","Meat on the Bone","Darkstone Periapt","Calipers"],"acts_visited":["Exordium","TheCity"],"potions_floor_usage":[33,33,33],"damage_taken":[{"damage":7.0,"enemies":"2 Louse","floor":1.0,"turns":3.0},{"damage":0.0,"enemies":"Small Slimes","floor":2.0,"turns":4.0},{"damage":0.0,"enemies":"Cultist","floor":3.0,"turns":2.0},{"damage":23.0,"enemies":"Lagavulin","floor":7.0,"turns":6.0},{"damage":7.0,"enemies":"Gremlin Gang","floor":8.0,"turns":4.0},{"damage":2.0,"enemies":"Blue Slaver","floor":11.0,"turns":3.0},{"damage":0.0,"enemies":"3 Louse","floor":12.0,"turns":1.0},{"damage":17.0,"enemies":"Gremlin Nob","floor":13.0,"turns":4.0},{"damage":0.0,"enemies":"2 Fungi Beasts","floor":14.0,"turns":2.0},{"damage":53.0,"enemies":"The Guardian","floor":16.0,"turns":9.0},{"damage":21,"enemies":"Spheric Guardian","floor":18,"turns":5},{"damage":11,"enemies":"Chosen","floor":21,"turns":6},{"damage":24,"enemies":"Snecko","floor":22,"turns":7},{"damage":0,"enemies":"Book of Stabbing","floor":23,"turns":3},{"damage":27,"enemies":"Snake Plant","floor":25,"turns":3},{"damage":37,"enemies":"3 Cultists","floor":29,"turns":5},{"damage":8,"enemies":"Colosseum Slavers","floor":31,"turns":4},{"damage":25,"enemies":"Colosseum Nobs","floor":31,"turns":4},{"damage":90,"enemies":"Automaton","floor":33,"turns":8}],"seed_played":"5896712590404494243","potions_obtained":[{"floor":3.0,"key":"Weak Potion"},{"floor":7.0,"key":"Strength Potion"},{"floor":13.0,"key":"Block Potion"},{"floor":16.0,"key":"Dexterity Potion"},{"floor":22,"key":"AttackPotion"}],"is_trial":false,"path_per_floor":["M","M","M","?","?","R","E","M","T","R","M","M","E","M","R","B",null,"M","?","$","M","M","E","$","M","T","$","R","M","R","?","R","B"],"character_chosen":"IRONCLAD","items_purchased":["Bottled Flame","Twin Strike","Apotheosis"],"campfire_rested":3,"item_purchase_floors":[20,20,24],"current_hp_per_floor":[79,80,80,80,85,85,68,67,67,67,71,77,66,72,72,25,85,70,70,70,65,47,53,53,32,32,32,57,38,63,54,79,0,0],"gold":143,"neow_bonus":"TRANSFORM_CARD","is_daily":false,"chose_seed":false,"campfire_upgraded":3,"win_rate":0.0,"timestamp":1609204106,"path_taken":["M","M","M","?","?","R","E","M","T","R","M","M","E","M","R","BOSS","M","?","$","M","M","E","?","?","T","$","R","M","R","?","R","BOSS"],"items_purchased_type":["Relic","Card","Card"],"build_version":"2020-12-22","purchased_purges":1,"victory":false,"max_hp_per_floor":[80,80,80,80,85,85,85,85,85,85,85,85,85,85,85,85,85,85,85,85,85,85,85,85,85,85,85,85,85,85,85,85,85,85],"card_choices":[{"not_picked":["True Grit","Twin Strike"],"picked":"Anger","floor":1.0},{"not_picked":["Warcry","Infernal Blade"],"picked":"Flame Barrier","floor":2.0},{"not_picked":["Anger","Fire Breathing"],"picked":"Armaments","floor":3.0},{"not_picked":["Second Wind","Limit Break"],"picked":"Clash","floor":7.0},{"not_picked":["Warcry","Pommel Strike"],"picked":"Cleave","floor":8.0},{"not_picked":["Heavy Blade","Clothesline","Body Slam"],"picked":"SKIP","floor":11.0},{"not_picked":["Cleave","Pommel Strike"],"picked":"Intimidate","floor":12.0},{"not_picked":["Twin Strike","Power Through"],"picked":"Headbutt","floor":13.0},{"not_picked":["Wild Strike","Barricade"],"picked":"Spot Weakness","floor":14.0},{"not_picked":["Bludgeon","Feed"],"picked":"Double Tap","floor":16.0},{"not_picked":["Thunderclap","Sever Soul","Bloodletting"],"picked":"SKIP","floor":18},{"not_picked":["Cleave+1","Limit Break","Ghostly Armor+1"],"picked":"SKIP","floor":21},{"not_picked":["Pommel Strike","Battle Trance"],"picked":"Immolate","floor":22},{"not_picked":["Headbutt","Cleave+1"],"picked":"Bludgeon","floor":23},{"not_picked":["Disarm","Wild Strike+1","Power Through"],"picked":"SKIP","floor":25},{"not_picked":["Whirlwind","Flex"],"picked":"Anger","floor":29},{"not_picked":["Pommel Strike+1","Ghostly Armor"],"picked":"Bloodletting+1","floor":31}],"player_experience":69033,"relics_obtained":[{"floor":7.0,"key":"MawBank"},{"floor":9.0,"key":"Bag of Preparation"},{"floor":13.0,"key":"Ornamental Fan"},{"floor":23,"key":"Pocketwatch"},{"floor":26,"key":"Meat on the Bone"},{"floor":31,"key":"Darkstone Periapt"},{"floor":31,"key":"Calipers"}],"event_choices":[{"cards_removed":["Strike_R"],"damage_healed":0.0,"max_hp_gain":0.0,"max_hp_loss":0.0,"gold_gain":0.0,"event_name":"The Cleric","player_choice":"Card Removal","floor":4.0,"gold_loss":50.0,"damage_taken":0.0},{"damage_healed":0.0,"max_hp_gain":5.0,"max_hp_loss":0.0,"gold_gain":0.0,"event_name":"Big Fish","player_choice":"Donut","floor":5.0,"gold_loss":0.0,"damage_taken":0.0},{"damage_healed":0,"gold_gain":0,"player_choice":"Traded Relic","damage_taken":0,"relics_obtained":["Nloth\u0027s Gift"],"max_hp_gain":0,"max_hp_loss":0,"event_name":"N\u0027loth","floor":19,"relics_lost":["MawBank"],"gold_loss":0},{"damage_healed":0,"gold_gain":0,"player_choice":"Fight","damage_taken":0,"max_hp_gain":0,"max_hp_loss":0,"event_name":"Colosseum","floor":31,"gold_loss":0},{"damage_healed":0,"gold_gain":0,"player_choice":"Fought Nobs","damage_taken":0,"max_hp_gain":0,"max_hp_loss":0,"event_name":"Colosseum","floor":31,"gold_loss":0}],"is_beta":false,"boss_relics":[{"not_picked":["Ectoplasm","Sozu"],"picked":"SlaversCollar"}],"items_purged_floors":[20],"is_endless":false,"potions_floor_spawned":[3,7,13,14,16,21,22,23,29,31],"killed_by":"Automaton","ascension_level":0}}