{"host":"65dpobb9v2rptxk4","time":1609214675,"event":{"mods":["BaseMod","Downfall","Minty Spire (QoL Compilation)","Relic Stats","StSLib"],"gold_per_floor":[99,99,99,399,499,424,424,457,457,71,81,98,23,38,49,153,153,153,172,8,24,24,84,84,158,219,282,358,426,351,412,471,624,624,624,691,754,822,890,956,979,551,630,199,199,267,331,413,476,516,516,598,17,17,57],"floor_reached":56,"playtime":8809,"items_purged":["Slimebound:Icky"],"score":1385,"play_id":"83aecac2-ed4b-4eae-b06d-0387a853e8d7","local_time":"20201228230435","is_ascension_mode":false,"campfire_choices":[{"floor":1.0,"key":"RECALL"},{"data":"champ:Taunt","floor":6.0,"key":"SMITH"},{"data":"champ:Lariat","floor":13.0,"key":"SMITH"},{"data":"champ:SteelEdge","floor":18.0,"key":"SMITH"},{"data":"champ:Duel","floor":30.0,"key":"SMITH"},{"data":"champ:StrikeOfGenius","floor":35.0,"key":"SMITH"},{"data":"champ:IronFortress","floor":45.0,"key":"SMITH"},{"data":"champ:ViciousMockery","floor":54.0,"key":"SMITH"}],"circlet_count":0,"master_deck":["champ:Strike","champ:Strike+1","champ:Strike+1","champ:Defend","champ:Defend","champ:Defend","champ:Defend","champ:Execute+1","champ:Taunt+1","champ:RecklessLeap","champ:EndlessRage+1","champ:RisingSlash","champ:DefensiveStyle","champ:Lariat+1","champ:ViciousMockery+1","champ:GladiatorStyle","champ:HeartStrike","champ:SteelEdge+1","champ:ViciousMockery","champ:PreciseThrust+1","champ:Duel+1","champ:LastStand","expansioncontent:QuickStudy","champ:Lariat+1","champ:DefensiveStyle","champ:CrownThrow","champ:FanOfKnives+1","champ:ViciousMockery+1","champ:TornadoPunch","champ:StrikeOfGenius+1","champ:ViciousMockery+1","champ:Haymaker+1","champ:Haymaker","champ:CheapShot","champ:DefensiveStyle","champ:BerserkerStyle","champ:IronFortress+1","champ:IronFortress+1","champ:RecklessLeap+1","champ:IgnorePain+1","champ:CalledShot","champ:FlashCut","champ:HoldFirm+1","champ:FalseCounter+1"],"relics":["champ:ChampionCrown","downfall:HeartsMalice","downfall:HeartBlessingRed","Pantograph","HandDrill","Blood Vial","downfall:HeartBlessingGreen","Snecko Eye","CeramicFish","downfall:KnowingSkull","Bottled Lightning","champ:BerserkersGuideToSlaughter","Eternal Feather","downfall:HeartBlessingBlue","Coffee Dripper","Dream Catcher","TheAbacus","InkBottle","Bag of Marbles","Ancient Tea Set","Toxic Egg 2","Anchor","OrangePellets","Sundial"],"acts_visited":["Exordium","TheCity","TheBeyond","TheEnding"],"potions_floor_usage":[55,55],"damage_taken":[{"damage":0.0,"enemies":"Jaw Worm","floor":2.0,"turns":1.0},{"damage":0.0,"enemies":"downfall:Heads","floor":5.0,"turns":1.0},{"damage":0.0,"enemies":"3 Sentries","floor":8.0,"turns":1.0},{"damage":35.0,"enemies":"downfall:FleeingMerchant","floor":10.0,"turns":4.0},{"damage":16.0,"enemies":"Small Slimes","floor":11.0,"turns":2.0},{"damage":40.0,"enemies":"2 Louse","floor":12.0,"turns":6.0},{"damage":20.0,"enemies":"Exordium Thugs","floor":14.0,"turns":3.0},{"damage":20.0,"enemies":"3 Louse","floor":15.0,"turns":2.0},{"damage":50.0,"enemies":"downfall:Defect","floor":16.0,"turns":7.0},{"damage":25.0,"enemies":"Chosen","floor":19.0,"turns":4.0},{"damage":33.0,"enemies":"downfall:FleeingMerchant","floor":20.0,"turns":4.0},{"damage":13.0,"enemies":"Snecko","floor":21.0,"turns":5.0},{"damage":43.0,"enemies":"Centurion and Healer","floor":23.0,"turns":5.0},{"damage":18.0,"enemies":"downfall:FleeingMerchant","floor":25.0,"turns":2.0},{"damage":0.0,"enemies":"Snake Plant","floor":26.0,"turns":3.0},{"damage":13.0,"enemies":"Cultist and Chosen","floor":27.0,"turns":7.0},{"damage":13.0,"enemies":"Slavers","floor":28.0,"turns":4.0},{"damage":19.0,"enemies":"Chosen and Byrds","floor":29.0,"turns":3.0},{"damage":23.0,"enemies":"Centurion and Healer","floor":31.0,"turns":5.0},{"damage":16.0,"enemies":"Snecko","floor":32.0,"turns":3.0},{"damage":64.0,"enemies":"downfall:Watcher","floor":33.0,"turns":6.0},{"damage":9.0,"enemies":"Orb Walker","floor":36.0,"turns":4.0},{"damage":0.0,"enemies":"3 Shapes","floor":37.0,"turns":5.0},{"damage":0.0,"enemies":"Jaw Worm Horde","floor":38.0,"turns":4.0},{"damage":13.0,"enemies":"3 Darklings","floor":39.0,"turns":4.0},{"damage":0.0,"enemies":"Maw","floor":40.0,"turns":5.0},{"damage":32.0,"enemies":"Giant Head","floor":43.0,"turns":8.0},{"damage":8.0,"enemies":"Jaw Worm Horde","floor":46.0,"turns":2.0},{"damage":21.0,"enemies":"Transient","floor":47.0,"turns":5.0},{"damage":71.0,"enemies":"Reptomancer","floor":48.0,"turns":5.0},{"damage":22.0,"enemies":"4 Shapes","floor":49.0,"turns":4.0},{"damage":64.0,"enemies":"downfall:Silent","floor":50.0,"turns":10.0},{"damage":41.0,"enemies":"downfall:CharBossMerchant","floor":52.0,"turns":6.0},{"damage":76,"enemies":"downfall:NeowBoss","floor":55,"turns":22}],"seed_played":"5865188529091119079","potions_obtained":[{"floor":8.0,"key":"Regen Potion"},{"floor":11.0,"key":"BlessingOfTheForge"},{"floor":12.0,"key":"Energy Potion"},{"floor":14.0,"key":"Guardian:BlockOnCardUsePotion"},{"floor":26.0,"key":"SpeedPotion"},{"floor":29.0,"key":"LiquidBronze"},{"floor":38.0,"key":"DistilledChaos"},{"floor":47.0,"key":"champ:TechniquePotion"},{"floor":48.0,"key":"champ:OpenerPotion"},{"floor":49.0,"key":"DuplicationPotion"}],"is_trial":false,"path_per_floor":["R","M","?","?","?","R","T","E","?","$","M","M","R","M","M","B",null,"R","M","$","M","?","M","T","$","M","M","E","M","R","M","M","B",null,"R","M","M","M","M","M","T","$","E","$","R","M","M","E","M","B",null,"E","$","R","B",null],"character_chosen":"THE_CHAMP","items_purchased":["HandDrill","Blood Vial","CeramicFish","champ:BerserkersGuideToSlaughter","expansioncontent:QuickStudy","TheAbacus","InkBottle","champ:DefensiveStyle","champ:IronFortress","Ancient Tea Set","Toxic Egg 2","OrangePellets","champ:HoldFirm+1","Sundial","champ:FalseCounter+1"],"campfire_rested":0,"item_purchase_floors":[10,10,20,25,25,42,42,42,44,44,44,53,53,53,53],"current_hp_per_floor":[90,90,90,90,90,90,90,90,90,80,81,87,87,84,81,50,95,95,85,84,83,74,67,67,66,73,82,91,94,105,105,105,59,105,105,99,101,103,105,105,105,105,110,110,110,110,89,80,80,94,110,107,107,110,99],"gold":57,"neow_bonus":"THREE_ENEMY_KILL","is_daily":false,"chose_seed":false,"campfire_upgraded":7,"win_rate":0.0,"timestamp":1609214675,"path_taken":["R","M","?","?","?","R","T","E","?","$","M","M","R","?","M","BOSS","R","M","$","M","?","M","T","$","?","?","E","M","R","M","M","BOSS","R","M","M","M","M","M","T","$","E","$","R","M","M","E","M","BOSS","E","$","R","BOSS"],"items_purchased_type":["Relic","Relic","Relic","Relic","Card","Relic","Relic","Card","Card","Relic","Relic","Relic","Card","Relic","Card"],"build_version":"2020-12-22","purchased_purges":1,"victory":true,"max_hp_per_floor":[90,90,90,90,90,90,90,90,90,90,90,95,95,95,95,95,95,95,95,95,95,95,95,95,95,95,95,95,95,105,105,105,105,105,105,105,105,105,105,105,105,105,110,110,110,110,110,110,110,110,110,110,110,110,110],"relic_stats":{"counters":[34,159],"CeramicFish":225,"Eternal Feather":4,"Blood Vial":38,"OrangePellets":[10],"Dream Catcher":0,"TheAbacus":[78],"Sundial":[4],"Pantograph":37,"Snecko Eye":[232,221,236,233],"HandDrill":[92],"obtain_stats":[{"downfall:HeartBlessingRed":6,"CeramicFish":20,"champ:ChampionCrown":0,"downfall:HeartsMalice":0,"downfall:HeartBlessingGreen":13,"Eternal Feather":28,"Ancient Tea Set":44,"Blood Vial":10,"OrangePellets":53,"Dream Catcher":41,"Anchor":48,"TheAbacus":42,"downfall:HeartBlessingBlue":30,"Sundial":53,"Pantograph":8,"Snecko Eye":17,"downfall:KnowingSkull":22,"HandDrill":10,"Coffee Dripper":34,"Bag of Marbles":43,"Bottled Lightning":24,"champ:BerserkersGuideToSlaughter":25,"Toxic Egg 2":44,"InkBottle":42},{"downfall:HeartBlessingRed":2,"CeramicFish":11,"champ:ChampionCrown":0,"downfall:HeartsMalice":0,"downfall:HeartBlessingGreen":6,"Eternal Feather":17,"Ancient Tea Set":27,"Blood Vial":4,"OrangePellets":33,"Dream Catcher":26,"Anchor":30,"TheAbacus":26,"downfall:HeartBlessingBlue":18,"Sundial":33,"Pantograph":3,"Snecko Eye":9,"downfall:KnowingSkull":12,"HandDrill":4,"Coffee Dripper":21,"Bag of Marbles":27,"Bottled Lightning":13,"champ:BerserkersGuideToSlaughter":14,"Toxic Egg 2":27,"InkBottle":26},{"downfall:HeartBlessingRed":0,"CeramicFish":32,"champ:ChampionCrown":0,"downfall:HeartsMalice":0,"downfall:HeartBlessingGreen":12,"Eternal Feather":58,"Ancient Tea Set":105,"Blood Vial":4,"OrangePellets":137,"Dream Catcher":97,"Anchor":117,"TheAbacus":97,"downfall:HeartBlessingBlue":61,"Sundial":137,"Pantograph":0,"Snecko Eye":24,"downfall:KnowingSkull":37,"HandDrill":4,"Coffee Dripper":75,"Bag of Marbles":105,"Bottled Lightning":42,"champ:BerserkersGuideToSlaughter":44,"Toxic Egg 2":105,"InkBottle":97}],"InkBottle":[32]},"card_choices":[{"not_picked":["champ:Backstep","champ:BringItOn"],"picked":"champ:RecklessLeap","floor":2.0},{"not_picked":["champ:DeathBlow","champ:GutPunch"],"picked":"champ:RisingSlash","floor":5.0},{"not_picked":["champ:AdrenalArmor","champ:Circumvent"],"picked":"champ:DefensiveStyle","floor":8.0},{"not_picked":["champ:ArenaPreparation","champ:FocusedDefense"],"picked":"champ:FightOn","floor":10.0},{"not_picked":["champ:CalledShot","champ:FanOfKnives"],"picked":"champ:Lariat","floor":11.0},{"not_picked":["champ:PerfectedStrike","champ:Circumvent"],"picked":"champ:ViciousMockery","floor":12.0},{"not_picked":["champ:PreciseThrust","champ:BringItOn"],"picked":"champ:GladiatorStyle","floor":14.0},{"not_picked":["champ:CrookedStrike","champ:TornadoPunch"],"picked":"champ:HeartStrike","floor":15.0},{"not_picked":["champ:CrownThrow","champ:SwordThrow"],"picked":"champ:SteelEdge","floor":16.0},{"not_picked":["champ:CrookedStrike","champ:GladiatorsShout"],"picked":"champ:ViciousMockery","floor":19.0},{"not_picked":["champ:FaceSlap+1","champ:GladiatorsShout+1"],"picked":"champ:PreciseThrust+1","floor":20.0},{"not_picked":["champ:DefensiveShout","champ:AdrenalArmor","champ:Haymaker"],"picked":"SKIP","floor":21.0},{"not_picked":["champ:Haymaker","champ:Lariat"],"picked":"champ:Duel","floor":23.0},{"not_picked":["champ:StanceDance","champ:FocusedDefense"],"picked":"champ:LastStand","floor":25.0},{"not_picked":["champ:TornadoPunch","champ:DefensiveStyle"],"picked":"champ:Lariat+1","floor":26.0},{"not_picked":["champ:BladeFlurry","champ:CrookedStrike"],"picked":"champ:DefensiveStyle","floor":27.0},{"not_picked":["champ:FanOfKnives","champ:Haymaker"],"picked":"champ:CrownThrow","floor":28.0},{"not_picked":["champ:ArenaPreparation","champ:DefensiveShout"],"picked":"champ:FanOfKnives+1","floor":29.0},{"not_picked":["champ:SwordThrow","champ:PerfectedStrike"],"picked":"champ:ViciousMockery+1","floor":31.0},{"not_picked":["champ:FanOfKnives+1","champ:PerfectedStrike"],"picked":"champ:TornadoPunch","floor":32.0},{"not_picked":["champ:LastStand","champ:CrownThrow"],"picked":"champ:StrikeOfGenius","floor":33.0},{"not_picked":["champ:GutPunch","champ:Shatter+1"],"picked":"champ:ViciousMockery+1","floor":36.0},{"not_picked":["champ:AdrenalArmor+1","champ:BringItOn"],"picked":"champ:Haymaker+1","floor":37.0},{"not_picked":["champ:GutPunch+1","champ:FanOfKnives"],"picked":"champ:Haymaker","floor":38.0},{"not_picked":["champ:AdrenalArmor","champ:BerserkersShout"],"picked":"champ:CheapShot","floor":39.0},{"not_picked":["champ:Backstep+1","champ:FlashCut+1"],"picked":"champ:FightOn","floor":40.0},{"not_picked":["champ:StanceDance","champ:FocusedDefense"],"picked":"champ:BerserkerStyle","floor":43.0},{"not_picked":["champ:DefensiveShout+1","champ:PerfectedStrike"],"picked":"champ:IronFortress+1","floor":46.0},{"not_picked":["champ:TornadoPunch","champ:BerserkersShout+1"],"picked":"champ:RecklessLeap+1","floor":47.0},{"not_picked":["champ:AdrenalArmor+1","champ:GutPunch"],"picked":"champ:IgnorePain+1","floor":48.0},{"not_picked":["champ:HeartStrike+1","champ:TornadoPunch+1"],"picked":"champ:CalledShot","floor":49.0},{"not_picked":["champ:ArenaPreparation+1","champ:AdrenalArmor+1"],"picked":"champ:FlashCut","floor":52.0}],"player_experience":384811,"relics_obtained":[{"floor":8.0,"key":"Pantograph"},{"floor":24.0,"key":"Bottled Lightning"},{"floor":28.0,"key":"Eternal Feather"},{"floor":41.0,"key":"Dream Catcher"},{"floor":43.0,"key":"Bag of Marbles"},{"floor":48.0,"key":"Anchor"}],"event_choices":[{"cards_removed":["Slimebound:Icky"],"damage_healed":0.0,"max_hp_gain":0.0,"max_hp_loss":0.0,"gold_gain":0.0,"event_name":"Purifier","player_choice":"Purged","floor":9.0,"gold_loss":0.0,"damage_taken":0.0}],"is_beta":false,"boss_relics":[{"not_picked":["Fusion Hammer","Runic Pyramid"],"picked":"Snecko Eye"},{"not_picked":["champ:ChampionCrownUpgraded","Philosopher\u0027s Stone"],"picked":"Coffee Dripper"}],"items_purged_floors":[10],"is_endless":false,"potions_floor_spawned":[8,11,12,14,19,21,26,29,32,33,36,38,43,47,48,49],"ascension_level":0}}