{"host":"mi0eibewekhugwl1","time":1609243257,"event":{"mods":["AchievementEnabler","BaseMod","Colored Map","Colored Powertips","DeckTracker","Keyboard Shortcuts","Minty Spire (QoL Compilation)","Quick Restart","Rare Cards Sparkle","Relic Stats","StSLib","SuperFastMode","everything is the same but u backflip on backflip"],"gold_per_floor":[217,227,240,73,93,110,136,136,183,183,55,55,72,91,91,165,165,176,190,205,205,205],"floor_reached":21,"playtime":343,"items_purged":["Strike_R"],"score":470,"play_id":"e59937a0-3f58-4fef-aed9-c4945e1b09c6","local_time":"20201229210057","is_ascension_mode":true,"campfire_choices":[{"floor":10,"key":"REST"},{"data":"Immolate","floor":12,"key":"SMITH"},{"data":"Fire Breathing","floor":15,"key":"SMITH"}],"circlet_count":0,"master_deck":["AscendersBane","Bash","Wild Strike","Second Wind","Fire Breathing+1","Cleave","Immolate+1","Shrug It Off","Bloodletting","Fiend Fire","Bloodletting","Barricade","Rampage","Hemokinesis","Metallicize","Wild Strike","Sever Soul","Shrug It Off"],"relics":["Burning Blood","Magic Flower","Smiling Mask","Pandora\u0027s Box"],"acts_visited":["Exordium","TheCity"],"potions_floor_usage":[5,16,19,20],"damage_taken":[{"damage":2,"enemies":"Cultist","floor":1,"turns":4},{"damage":19,"enemies":"Jaw Worm","floor":2,"turns":5},{"damage":4,"enemies":"Small Slimes","floor":3,"turns":3},{"damage":0,"enemies":"Gremlin Gang","floor":5,"turns":1},{"damage":30,"enemies":"Red Slaver","floor":6,"turns":4},{"damage":32,"enemies":"Gremlin Nob","floor":7,"turns":4},{"damage":15,"enemies":"Exordium Wildlife","floor":13,"turns":4},{"damage":0,"enemies":"Gremlin Gang","floor":14,"turns":1},{"damage":3,"enemies":"Slime Boss","floor":16,"turns":4},{"damage":11,"enemies":"Chosen","floor":18,"turns":4},{"damage":29,"enemies":"Shell Parasite","floor":19,"turns":5},{"damage":31,"enemies":"Shelled Parasite and Fungi","floor":20,"turns":2},{"damage":26,"enemies":"Snake Plant","floor":21,"turns":3}],"seed_played":"-1510963680975173052","potions_obtained":[{"floor":2,"key":"AttackPotion"},{"floor":7,"key":"Block Potion"},{"floor":16,"key":"SneckoOil"},{"floor":19,"key":"ElixirPotion"}],"is_trial":false,"path_per_floor":["M","M","M","$","M","M","E","?","T","R","$","R","M","M","R","B",null,"M","M","M","M"],"character_chosen":"IRONCLAD","items_purchased":["Second Wind","Fire Breathing","Cleave","DistilledChaos"],"campfire_rested":1,"item_purchase_floors":[4,4,4,11],"current_hp_per_floor":[72,59,61,61,67,43,17,17,17,39,39,39,33,42,42,48,68,66,46,24,0,0],"gold":205,"neow_bonus":"HUNDRED_GOLD","is_daily":false,"chose_seed":false,"campfire_upgraded":2,"win_rate":0.0,"timestamp":1609243257,"path_taken":["M","M","M","$","M","?","E","?","T","R","$","R","M","M","R","BOSS","M","M","M","M"],"items_purchased_type":["Card","Card","Card","Potion"],"build_version":"2020-12-22","purchased_purges":1,"victory":false,"max_hp_per_floor":[75,75,75,75,75,75,75,75,75,75,75,75,75,75,75,75,75,75,75,75,75,75],"relic_stats":{"counters":[13,44],"Magic Flower":[18],"Pandora\u0027s Box":["Bloodletting","Barricade","Rampage","Hemokinesis","Metallicize","Wild Strike","Sever Soul","Shrug It Off"],"Smiling Mask":25,"obtain_stats":[{"Magic Flower":7,"Pandora\u0027s Box":17,"Smiling Mask":9,"Burning Blood":0},{"Magic Flower":6,"Pandora\u0027s Box":9,"Smiling Mask":6,"Burning Blood":0},{"Magic Flower":21,"Pandora\u0027s Box":30,"Smiling Mask":21,"Burning Blood":0}],"Burning Blood":90},"card_choices":[{"not_picked":["Iron Wave","Warcry","Flex"],"picked":"SKIP","floor":1},{"not_picked":["Warcry","Flame Barrier"],"picked":"Wild Strike","floor":2},{"not_picked":["Metallicize","Body Slam","Sword Boomerang"],"picked":"SKIP","floor":3},{"not_picked":["Flex","Warcry","Perfected Strike"],"picked":"SKIP","floor":5},{"not_picked":["Clash","Inflame"],"picked":"Immolate","floor":6},{"not_picked":["Ghostly Armor","Clash"],"picked":"Shrug It Off","floor":7},{"not_picked":["Wild Strike","Sword Boomerang","Cleave"],"picked":"SKIP","floor":13},{"not_picked":["Shrug It Off","Clash"],"picked":"Bloodletting","floor":14},{"not_picked":["Berserk","Feed"],"picked":"Fiend Fire","floor":16},{"not_picked":["Inflame","Infernal Blade","Clash"],"picked":"SKIP","floor":18},{"not_picked":["Perfected Strike","Heavy Blade","Anger"],"picked":"SKIP","floor":19},{"not_picked":["Wild Strike+1","Hemokinesis","Anger"],"picked":"SKIP","floor":20}],"player_experience":1722522,"relics_obtained":[{"floor":7,"key":"Magic Flower"},{"floor":9,"key":"Smiling Mask"}],"event_choices":[{"damage_healed":0,"gold_gain":0,"player_choice":"Ignored","damage_taken":0,"max_hp_gain":0,"max_hp_loss":0,"event_name":"Shining Light","floor":8,"gold_loss":0}],"is_beta":false,"boss_relics":[{"not_picked":["Fusion Hammer","Calling Bell"],"picked":"Pandora\u0027s Box"}],"items_purged_floors":[11],"is_endless":false,"potions_floor_spawned":[2,7,16,19],"killed_by":"Snake Plant","ascension_level":20}}