{"host":"pq168dofzzbbmuuf","time":1609247254,"event":{"mods":["BaseMod","Downfall","Friendly Minions","Minty Spire (QoL Compilation)","StSLib"],"gold_per_floor":[99,99,199,199,199,210,210,243,243,155,155,172,209,209,59,165,165,182,201,201,50,0,0,0,27,27,62,62,62,62,62],"floor_reached":29,"playtime":1652,"items_purged":[],"score":270,"play_id":"f3ca7d05-27fc-40c4-b2b3-5b091df824a7","local_time":"20201229080734","is_ascension_mode":false,"campfire_choices":[{"floor":11,"key":"RECALL"},{"data":"hexamod:VolcanoVisage","floor":15,"key":"SMITH"},{"data":"hexamod:GhostOfSpirePast","floor":26,"key":"SMITH"},{"floor":28,"key":"REST"}],"circlet_count":0,"master_deck":["hexamod:Strike","hexamod:Strike","hexamod:Strike","hexamod:Strike","hexamod:Defend","hexamod:Defend+1","hexamod:Defend","hexamod:Defend","hexamod:Sear","hexamod:Float","hexamod:AdvancingGuard+1","hexamod:RainOfEmbers+1","hexamod:GhostOfSpirePast+1","hexamod:VolcanoVisage+1","hexamod:RadiantFlame","hexamod:SecondSeal","hexamod:WildfireWeapon+1","hexamod:FourthSeal","hexamod:SixthSeal","hexamod:FirstSeal","hexamod:VolcanoVisage+1","Regret"],"relics":["hexamod:SpiritBrand","downfall:HeartsMalice","Shuriken","hexamod:InflammatoryLetter","downfall:BrokenWingStatue","Lizard Tail","downfall:HeartBlessingRed","downfall:HeartBlessingGreen","Cursed Key","downfall:RedIOU","DollysMirror","Bottled Flame","Singing Bowl"],"acts_visited":["Exordium","TheCity"],"potions_floor_usage":[13,19,21,27,29,29],"damage_taken":[{"damage":0,"enemies":"Jaw Worm","floor":1,"turns":1},{"damage":0,"enemies":"Cultist","floor":2,"turns":1},{"damage":0,"enemies":"2 Louse","floor":4,"turns":1},{"damage":1,"enemies":"Blue Slaver","floor":6,"turns":4},{"damage":12,"enemies":"Gremlin Nob","floor":8,"turns":4},{"damage":0,"enemies":"downfall:FleeingMerchant","floor":10,"turns":4},{"damage":7,"enemies":"Red Slaver","floor":12,"turns":3},{"damage":12,"enemies":"Lagavulin","floor":13,"turns":5},{"damage":44,"enemies":"downfall:Silent","floor":16,"turns":10},{"damage":10,"enemies":"Spheric Guardian","floor":18,"turns":5},{"damage":13,"enemies":"Shelled Parasite and Fungi","floor":19,"turns":6},{"damage":0,"enemies":"downfall:FleeingMerchant","floor":21,"turns":4},{"damage":16,"enemies":"Centurion and Healer","floor":25,"turns":7},{"damage":75,"enemies":"Gremlin Leader","floor":27,"turns":7},{"damage":53,"enemies":"Slavers","floor":29,"turns":4}],"seed_played":"4732114816770549047","potions_obtained":[{"floor":6,"key":"hexamod:DoubleChargePotion"},{"floor":16,"key":"Block Potion"},{"floor":18,"key":"hexamod:InfernoChargePotion"},{"floor":19,"key":"EssenceOfSteel"},{"floor":21,"key":"PowerPotion"},{"floor":25,"key":"ColorlessPotion"},{"floor":27,"key":"SneckoOil"}],"is_trial":false,"path_per_floor":["M","M","?","M","?","M","T","E","?","$","R","M","E","T","R","B",null,"M","M","?","$","?","?","T","M","R","E","R","E"],"character_chosen":"THE_SPIRIT","items_purchased":["hexamod:SecondSeal","DollysMirror"],"campfire_rested":1,"item_purchase_floors":[10,21],"current_hp_per_floor":[70,70,70,70,70,69,69,57,57,57,57,50,38,38,47,3,70,60,47,47,54,70,70,70,61,61,32,53,0,0,0],"gold":62,"neow_bonus":"THREE_ENEMY_KILL","is_daily":false,"chose_seed":false,"campfire_upgraded":2,"win_rate":0.0,"timestamp":1609247254,"path_taken":["M","M","?","?","?","M","T","E","?","$","R","M","E","?","R","BOSS","M","M","?","$","?","?","T","?","R","E","R","E"],"items_purchased_type":["Card","Relic"],"build_version":"2020-12-22","purchased_purges":0,"victory":false,"max_hp_per_floor":[70,70,70,70,70,70,70,70,70,70,70,70,70,70,70,70,70,70,70,70,70,70,70,70,70,70,72,72,72,72,72],"card_choices":[{"not_picked":["hexamod:BurningTouch","hexamod:NightmareGuise"],"picked":"hexamod:AdvancingGuard","floor":1},{"not_picked":["hexamod:NightmareStrike","hexamod:AdvancingGuard"],"picked":"hexamod:RainOfEmbers","floor":2},{"not_picked":["hexamod:BurningTouch","hexamod:SpectersWail"],"picked":"hexamod:GhostOfSpirePast","floor":4},{"not_picked":["hexamod:RainOfEmbers","hexamod:InspiringFlames"],"picked":"hexamod:VolcanoVisage","floor":6},{"not_picked":["hexamod:NightmareGuise","hexamod:NecessarySacrifice"],"picked":"hexamod:RadiantFlame","floor":8},{"not_picked":["hexamod:GhostLash","hexamod:RainOfEmbers","hexamod:ShieldOfDarkness"],"picked":"SKIP","floor":10},{"not_picked":["hexamod:BurningTouch","hexamod:SkipABeat"],"picked":"hexamod:WildfireWeapon","floor":12},{"not_picked":["hexamod:NightmareStrike","hexamod:RainOfEmbers"],"picked":"hexamod:FourthSeal","floor":13},{"not_picked":["hexamod:VolcanoVisage","hexamod:TimeWarp"],"picked":"hexamod:SixthSeal","floor":16},{"not_picked":["hexamod:HeatMetal","hexamod:HeatCrush"],"picked":"hexamod:HeatShield","floor":18},{"not_picked":["hexamod:GhostShield+1","hexamod:BacktrackSmack"],"picked":"hexamod:FirstSeal","floor":19},{"not_picked":["hexamod:DynamicBlow","hexamod:Incineration","hexamod:UnleashSpirits"],"picked":"SKIP","floor":21},{"not_picked":["hexamod:BurningTouch","hexamod:SwordOfDarkness","hexamod:SpectersWail"],"picked":"SKIP","floor":25},{"not_picked":["hexamod:ParanormalForm","hexamod:ShieldOfDarkness+1","hexamod:Firestarter+1"],"picked":"Singing Bowl","floor":27}],"player_experience":577104,"relics_obtained":[{"floor":7,"key":"Shuriken"},{"floor":8,"key":"hexamod:InflammatoryLetter"},{"floor":13,"key":"Lizard Tail"},{"floor":14,"key":"Eternal Feather"},{"floor":24,"key":"Bottled Flame"},{"floor":27,"key":"Singing Bowl"}],"event_choices":[{"damage_healed":0,"gold_gain":0,"player_choice":"Grow","damage_taken":0,"max_hp_gain":0,"max_hp_loss":0,"event_name":"Living Wall","floor":5,"gold_loss":0,"cards_upgraded":["hexamod:RainOfEmbers"]},{"cards_removed":["hexamod:HeatShield"],"damage_healed":0,"gold_gain":0,"player_choice":"Offered Uncommon","damage_taken":0,"max_hp_gain":0,"max_hp_loss":0,"event_name":"Bonfire Elementals","floor":23,"gold_loss":0}],"is_beta":false,"boss_relics":[{"not_picked":["SlaversCollar","Coffee Dripper"],"picked":"Cursed Key"}],"items_purged_floors":[],"is_endless":false,"potions_floor_spawned":[6,16,27],"killed_by":"Slavers","ascension_level":0}}