{"host":"oy4pyvr762z5n0bb","time":1609226859,"event":{"mods":["AchievementEnabler","BaseMod","Colored Map","Colored Powertips","Googly Eyes","Key Reminder","Minty Spire (QoL Compilation)","Quick Restart","Relic Sorter","StSLib","SuperFastMode","Unceasing Turn Reminder","slay the spire mod where everything is the same but ironclad has a cowboy hat"],"gold_per_floor":[115,186,186,186,0,0,29,39,88,101,146,180,195,207,207,302,302,315,414,135,152,9,9,44,59,59,59,59,91,91,110,110,211,211,229,242,242,35,49,80,80,98,98,98,98,130,130,149,149,149],"floor_reached":51,"playtime":935,"items_purged":["Strike_R","Anger"],"score":996,"play_id":"864b81e9-bdf1-4a63-88e2-2b7eb4eda144","local_time":"20201228232739","is_ascension_mode":true,"campfire_choices":[{"data":"Demon Form","floor":6,"key":"SMITH"},{"data":"Uppercut","floor":15,"key":"SMITH"},{"floor":23,"key":"REST"},{"floor":27,"key":"RECALL"},{"floor":30,"key":"REST"},{"floor":32,"key":"REST"}],"circlet_count":0,"master_deck":["Strike_R","Strike_R+1","Strike_R","Strike_R","Defend_R","Defend_R","Defend_R","Defend_R+1","Bash","Demon Form+1","Uppercut+1","Hemokinesis","Headbutt","Hemokinesis","Anger","Hemokinesis","Anger","Limit Break","Dropkick+1","Shrug It Off+1","Reaper","Shockwave","Headbutt","Limit Break","Shrug It Off","True Grit","Dual Wield+1","Armaments+1","Armaments+1","Blood for Blood+1","Inflame"],"relics":["Burning Blood","Sling","Potion Belt","Happy Flower","Red Skull","Bag of Marbles","Fusion Hammer","Lantern","Sundial","keyreminder:keyreminder","Bottled Tornado","Juzu Bracelet","Coffee Dripper","Anchor","Nunchaku","Regal Pillow"],"acts_visited":["Exordium","TheCity","TheBeyond"],"potions_floor_usage":[12,14,24,24,25,29,46,46,46,46,50],"damage_taken":[{"damage":9,"enemies":"Jaw Worm","floor":1,"turns":4},{"damage":19,"enemies":"Lagavulin","floor":7,"turns":5},{"damage":3,"enemies":"2 Louse","floor":8,"turns":2},{"damage":2,"enemies":"Cultist","floor":10,"turns":2},{"damage":4,"enemies":"Gremlin Nob","floor":12,"turns":2},{"damage":4,"enemies":"2 Fungi Beasts","floor":13,"turns":2},{"damage":16,"enemies":"Gremlin Gang","floor":14,"turns":3},{"damage":34,"enemies":"Hexaghost","floor":16,"turns":5},{"damage":21,"enemies":"Shell Parasite","floor":18,"turns":3},{"damage":10,"enemies":"Chosen","floor":21,"turns":2},{"damage":25,"enemies":"Book of Stabbing","floor":24,"turns":4},{"damage":18,"enemies":"3 Cultists","floor":25,"turns":4},{"damage":31,"enemies":"Gremlin Leader","floor":29,"turns":4},{"damage":25,"enemies":"Centurion and Healer","floor":31,"turns":3},{"damage":33,"enemies":"Collector","floor":33,"turns":6},{"damage":20,"enemies":"3 Darklings","floor":35,"turns":4},{"damage":16,"enemies":"Orb Walker","floor":36,"turns":3},{"damage":2,"enemies":"Transient","floor":39,"turns":5},{"damage":46,"enemies":"Nemesis","floor":40,"turns":5},{"damage":8,"enemies":"Writhing Mass","floor":42,"turns":4},{"damage":28,"enemies":"Reptomancer","floor":46,"turns":4},{"damage":22,"enemies":"Maw","floor":48,"turns":4},{"damage":87,"enemies":"Awakened One","floor":50,"turns":7}],"seed_played":"4771584375741154042","potions_obtained":[{"floor":1,"key":"EntropicBrew"},{"floor":10,"key":"Fire Potion"},{"floor":16,"key":"Weak Potion"},{"floor":24,"key":"PowerPotion"},{"floor":33,"key":"BloodPotion"},{"floor":39,"key":"EssenceOfSteel"},{"floor":42,"key":"Regen Potion"},{"floor":48,"key":"AttackPotion"}],"is_trial":false,"path_per_floor":["M","?","?","?","$","R","E","M","T","M","T","E","M","M","R","B",null,"M","?","$","M","$","R","E","M","T","R","?","E","R","M","R","B",null,"M","M","?","$","M","E","R","M","T","$","?","E","?","M","R","B",null],"character_chosen":"IRONCLAD","items_purchased":["Sling","Hemokinesis","Anger","Lantern","Reaper","Shrug It Off","True Grit"],"campfire_rested":3,"item_purchase_floors":[5,5,20,20,22,38,38],"current_hp_per_floor":[69,69,74,57,57,57,44,47,47,51,51,53,55,45,45,17,68,53,53,53,49,49,74,73,61,61,61,61,71,85,66,85,58,78,66,56,56,56,60,29,29,38,38,38,38,82,82,66,66,20],"gold":149,"neow_bonus":"ONE_RANDOM_RARE_CARD","is_daily":false,"chose_seed":false,"campfire_upgraded":2,"win_rate":0.0,"timestamp":1609226859,"path_taken":["M","?","?","?","?","R","E","M","T","M","?","E","M","M","R","BOSS","M","?","$","M","$","R","E","M","T","R","?","E","R","M","R","BOSS","M","M","?","$","M","E","R","M","T","$","?","E","?","M","R","BOSS"],"items_purchased_type":["Relic","Card","Card","Relic","Card","Card","Card"],"build_version":"2020-12-22","purchased_purges":2,"victory":true,"max_hp_per_floor":[80,80,85,85,85,85,85,85,85,85,85,85,85,85,85,85,85,85,85,85,85,85,85,85,85,85,85,85,85,85,85,85,85,85,85,85,85,85,85,85,85,85,85,85,82,82,82,82,82,82],"card_choices":[{"not_picked":["Clash","Rupture"],"picked":"Uppercut","floor":1},{"not_picked":["Dark Embrace","Entrench"],"picked":"Anger","floor":7},{"not_picked":["Ghostly Armor","Clash"],"picked":"Headbutt","floor":8},{"not_picked":["Iron Wave","Power Through"],"picked":"Hemokinesis","floor":10},{"not_picked":["Blood for Blood","Shrug It Off"],"picked":"Anger","floor":12},{"not_picked":["Iron Wave","Cleave"],"picked":"Hemokinesis","floor":13},{"not_picked":["Perfected Strike","Rampage"],"picked":"Anger","floor":14},{"not_picked":["Brutality","Feed"],"picked":"Limit Break","floor":16},{"not_picked":["Body Slam","Sword Boomerang"],"picked":"Dropkick+1","floor":18},{"not_picked":["Sentinel+1","Wild Strike"],"picked":"Shrug It Off+1","floor":21},{"not_picked":["Twin Strike","Sword Boomerang"],"picked":"Shockwave","floor":24},{"not_picked":["Disarm","Uppercut+1","Clash+1"],"picked":"SKIP","floor":25},{"not_picked":["Blood for Blood+1","Impervious"],"picked":"Headbutt","floor":29},{"not_picked":["Clothesline","Dark Embrace+1","Infernal Blade"],"picked":"SKIP","floor":31},{"not_picked":["Berserk","Double Tap"],"picked":"Limit Break","floor":33},{"not_picked":["Clothesline","Thunderclap","Body Slam"],"picked":"SKIP","floor":35},{"not_picked":["Body Slam+1","Hemokinesis"],"picked":"Havoc","floor":36},{"not_picked":["Armaments","Seeing Red"],"picked":"Dual Wield+1","floor":39},{"not_picked":["Barricade","Pommel Strike"],"picked":"Armaments+1","floor":40},{"not_picked":["Sword Boomerang","Shockwave+1"],"picked":"Armaments+1","floor":42},{"not_picked":["Wild Strike","Sever Soul"],"picked":"Blood for Blood+1","floor":46},{"not_picked":["Anger+1","Havoc+1"],"picked":"Inflame","floor":48}],"player_experience":593180,"relics_obtained":[{"floor":7,"key":"Potion Belt"},{"floor":9,"key":"Happy Flower"},{"floor":11,"key":"Red Skull"},{"floor":12,"key":"Bag of Marbles"},{"floor":24,"key":"Sundial"},{"floor":26,"key":"Bottled Tornado"},{"floor":29,"key":"Juzu Bracelet"},{"floor":40,"key":"Anchor"},{"floor":43,"key":"Nunchaku"},{"floor":46,"key":"Regal Pillow"}],"event_choices":[{"damage_healed":0,"gold_gain":71,"player_choice":"Gained Gold","damage_taken":0,"max_hp_gain":0,"max_hp_loss":0,"event_name":"Golden Wing","floor":2,"gold_loss":0},{"damage_healed":0,"gold_gain":0,"player_choice":"Donut","damage_taken":0,"max_hp_gain":5,"max_hp_loss":0,"event_name":"Big Fish","floor":3,"gold_loss":0},{"damage_healed":0,"gold_gain":0,"player_choice":"Entered Light","damage_taken":17,"max_hp_gain":0,"max_hp_loss":0,"event_name":"Shining Light","floor":4,"gold_loss":0,"cards_upgraded":["Strike_R","Defend_R"]},{"damage_healed":0,"gold_gain":99,"player_choice":"Stole From Cult","damage_taken":0,"max_hp_gain":0,"max_hp_loss":0,"event_name":"Nest","floor":19,"gold_loss":0},{"cards_removed":["Anger"],"damage_healed":0,"gold_gain":0,"player_choice":"Purged","damage_taken":0,"max_hp_gain":0,"max_hp_loss":0,"event_name":"Purifier","floor":28,"gold_loss":0},{"damage_healed":0,"gold_gain":0,"player_choice":"Ignored","damage_taken":0,"max_hp_gain":0,"max_hp_loss":0,"event_name":"Tomb of Lord Red Mask","floor":37,"gold_loss":0},{"cards_removed":["Parasite"],"damage_healed":0,"gold_gain":0,"player_choice":"Purged","damage_taken":0,"max_hp_gain":0,"max_hp_loss":0,"event_name":"Purifier","floor":45,"gold_loss":0},{"cards_removed":["Havoc"],"damage_healed":0,"gold_gain":0,"player_choice":"Removed Skill","damage_taken":0,"max_hp_gain":0,"max_hp_loss":0,"event_name":"Falling","floor":47,"gold_loss":0}],"is_beta":false,"boss_relics":[{"not_picked":["Tiny House","SlaversCollar"],"picked":"Fusion Hammer"},{"not_picked":["Snecko Eye","Cursed Key"],"picked":"Coffee Dripper"}],"items_purged_floors":[20,38],"is_endless":false,"potions_floor_spawned":[1,10,16,18,24,33,39,42,48],"ascension_level":6}}