{"host":"yaxsefyig1et0yi2","time":1609212618,"event":{"mods":["Aspiration","BaseMod","BetterRewards","Colored Powertips","Conspire","Displayed Cursed Tome","Halation","Hermit","Hubris","Infinite Spire","Minty Spire (QoL Compilation)","Quick Restart","RatMod","Replay The Spire","Reworked Bosses","Spikes Relics","StSLib","The Jungle"],"gold_per_floor":[367,377,377,452,465,495,512,544,544,544,544,544,544,556,556,651,651,662,680,680,680,138,164,174,174,174],"floor_reached":25,"playtime":1452,"items_purged":[],"score":281,"play_id":"adb2dfb8-8322-4b33-8878-9a87f5ad3579","local_time":"20201228223018","is_ascension_mode":false,"campfire_choices":[{"floor":15.0,"key":"REST"}],"circlet_count":0,"master_deck":["hermit:Strike_Hermit+1","hermit:Strike_Hermit","hermit:Strike_Hermit","hermit:Strike_Hermit","hermit:Defend_Hermit","hermit:Defend_Hermit","hermit:Defend_Hermit","hermit:Defend_Hermit","hermit:Snapshot","hermit:Covet","Strike_G","hermit:Snapshot","hermit:ItchyTrigger","hermit:NoHoldsBarred","hermit:EternalForm","hermit:EyeOfTheStorm","hermit:FlashPowder","hermit:FullyLoaded","Writhe","Zap","hermit:Gambit","Flash of Steel","infinitespire:Fortify","hermit:Deadeye","hermit:WideOpen+1","hermit:Showdown","hermit:Magnum","hermit:TakeAim","hubris:EnhanceAbility","hermit:LoneWolf+1","hermit:Malice"],"relics":["hermit:Momento","Shuriken","aspiration:FrozenJewel","conspire:DecoderRing","infinitespire:BottledMercury","ReplayTheSpireMod:SealedPack","MutagenicStrength","halation:LostSnail","halation:Pancakes"],"acts_visited":["Exordium","TheCity"],"potions_floor_usage":[23],"damage_taken":[{"damage":0.0,"enemies":"Small Slimes","floor":1.0,"turns":4.0},{"damage":1.0,"enemies":"2 Louse","floor":2.0,"turns":2.0},{"damage":13.0,"enemies":"Jaw Worm","floor":5.0,"turns":3.0},{"damage":20.0,"enemies":"Gremlin Nob","floor":6.0,"turns":4.0},{"damage":12.0,"enemies":"Blue Slaver","floor":7.0,"turns":2.0},{"damage":13.0,"enemies":"3 Sentries","floor":8.0,"turns":4.0},{"damage":0.0,"enemies":"Large Slime","floor":14.0,"turns":4.0},{"damage":0.0,"enemies":"Slime Boss","floor":16.0,"turns":7.0},{"damage":6.0,"enemies":"Spheric Guardian","floor":18.0,"turns":4.0},{"damage":7.0,"enemies":"Shell Parasite","floor":19.0,"turns":6.0},{"damage":40,"enemies":"Slavers","floor":23,"turns":5},{"damage":43,"enemies":"Shelled Parasite and Fungi","floor":24,"turns":6},{"damage":18,"enemies":"conspire:Head Lice","floor":25,"turns":9}],"seed_played":"7166711405945530307","potions_obtained":[{"floor":7.0,"key":"Swift Potion"},{"floor":14.0,"key":"Toxic Potion"},{"floor":16.0,"key":"LifebloodPotion"},{"floor":18.0,"key":"SpeedPotion"},{"floor":19.0,"key":"infinitespire:BlackPotion"}],"is_trial":false,"path_per_floor":["M","M","?","?","M","E","M","E","T","?","?","T","?","M","R","B",null,"M","M","?","?","$","E","M","E"],"character_chosen":"HERMIT","items_purchased":["hermit:Showdown","hermit:Magnum","hermit:TakeAim","halation:LostSnail","hubris:EnhanceAbility"],"campfire_rested":1,"item_purchase_floors":[22,22,22,22,22],"current_hp_per_floor":[75,74,74,63,50,30,18,5,5,5,2,2,2,2,24,24,75,69,62,62,59,59,61,18,0,0],"gold":174,"neow_bonus":"TWO_FIFTY_GOLD","is_daily":false,"chose_seed":false,"campfire_upgraded":0,"win_rate":0.0,"timestamp":1609212618,"path_taken":["M","M","?","?","?","E","M","E","T","?","?","?","?","M","R","BOSS","M","M","?","?","$","E","?","E"],"items_purchased_type":["Card","Card","Card","Relic","Card"],"build_version":"2020-12-22","purchased_purges":0,"victory":false,"max_hp_per_floor":[75,75,75,75,75,75,75,75,75,75,75,75,75,75,75,75,75,75,75,75,75,75,75,75,75,75],"card_choices":[{"not_picked":["hermit:TrackingShot","hermit:Combo"],"picked":"hermit:ItchyTrigger","floor":1.0},{"not_picked":["hermit:TrackingShot","hermit:Gambit"],"picked":"hermit:NoHoldsBarred","floor":2.0},{"not_picked":["hermit:Coalescence","hermit:Quickdraw","hermit:FullyLoaded"],"picked":"SKIP","floor":5.0},{"not_picked":["hermit:Enervate","hermit:BodyArmor"],"picked":"hermit:EternalForm","floor":6.0},{"not_picked":["hermit:Scavenge","hermit:Vantage"],"picked":"hermit:EyeOfTheStorm","floor":7.0},{"not_picked":["hermit:Manifest","hermit:Feint"],"picked":"hermit:FlashPowder","floor":8.0},{"not_picked":["hermit:Misfire","hermit:HighCaliber"],"picked":"hermit:FullyLoaded","floor":14.0},{"not_picked":["Survivor","Dualcast"],"picked":"Zap","floor":17.0},{"not_picked":["hermit:EternalForm","hermit:OverwhelmingPower"],"picked":"hermit:Gambit","floor":17.0},{"not_picked":["Survey Options","Madness"],"picked":"Flash of Steel","floor":17.0},{"not_picked":["ReplayTheSpireMod:Haul","ReplayTheSpireMod:Echoes of Time"],"picked":"infinitespire:Fortify","floor":17.0},{"not_picked":["hermit:Horror","hermit:Virtue+1"],"picked":"hermit:Deadeye","floor":18.0},{"not_picked":["hermit:TrackingShot","hermit:Desperado"],"picked":"hermit:WideOpen+1","floor":19.0},{"not_picked":["hermit:NoHoldsBarred","hermit:ShadowCloak"],"picked":"hermit:LoneWolf+1","floor":23},{"not_picked":["hermit:LoneWolf","hermit:Manifest"],"picked":"hermit:Malice","floor":24}],"player_experience":236743,"relics_obtained":[{"floor":6.0,"key":"Shuriken"},{"floor":8.0,"key":"aspiration:FrozenJewel"},{"floor":9.0,"key":"conspire:DecoderRing"},{"floor":12.0,"key":"infinitespire:BottledMercury"},{"floor":23,"key":"halation:Pancakes"}],"event_choices":[{"damage_healed":0.0,"max_hp_gain":0.0,"max_hp_loss":0.0,"gold_gain":0.0,"event_name":"The Cleric","player_choice":"Leave","floor":3.0,"gold_loss":0.0,"damage_taken":0.0},{"damage_healed":0.0,"max_hp_gain":0.0,"max_hp_loss":0.0,"gold_gain":75.0,"event_name":"World of Goop","player_choice":"Gather Gold","floor":4.0,"gold_loss":0.0,"damage_taken":11.0},{"damage_healed":0.0,"max_hp_gain":0.0,"max_hp_loss":0.0,"gold_gain":0.0,"event_name":"Scrap Ooze","player_choice":"Fled","floor":11.0,"gold_loss":0.0,"damage_taken":3.0},{"damage_healed":0.0,"max_hp_gain":0.0,"max_hp_loss":0.0,"gold_gain":0.0,"event_name":"Golden Idol","player_choice":"Ignored","floor":13.0,"gold_loss":0.0,"damage_taken":0.0},{"damage_healed":0.0,"max_hp_gain":0.0,"max_hp_loss":0.0,"gold_gain":0.0,"event_name":"Drug Dealer","player_choice":"Inject Mutagens","floor":20.0,"gold_loss":0.0,"damage_taken":0.0,"relics_obtained":["MutagenicStrength"]},{"damage_healed":0.0,"max_hp_gain":0.0,"max_hp_loss":0.0,"gold_gain":0.0,"event_name":"Designer","player_choice":"Punched","floor":21.0,"gold_loss":0.0,"damage_taken":3.0}],"is_beta":false,"boss_relics":[{"not_picked":["aspiration:FutureDiary","Empty Cage"],"picked":"ReplayTheSpireMod:SealedPack"}],"items_purged_floors":[],"is_endless":false,"potions_floor_spawned":[7,14,16,18,19],"killed_by":"conspire:Head Lice","ascension_level":0}}