{"host":"appz8zkad29u9482","time":1609276786,"event":{"mods":["2.2 Compatiblity","Act Like it!","Aspiration","BaseMod","Better Altar","Better Match","Better Note","Better Skull","Better Third Choice","BetterRewards","CapriCore","Chen","Conspire","Disable Question Mark Monsters","Energized Spire","Gensokyo","GifTheSpireLib","Gold Saver","Halation","Hermit","Hubris","Infinite Spire","Jedi Mod","Marisa????????","Minty Spire (QoL Compilation)","Permanent Neow","Reimu??????","Replay The Spire","Spicy Shops","StSLib","Strawberry Spire","Stuff the Spire","The Immortal","The Servant 0.9.4","Yakumo Yukari mod","yUi"],"gold_per_floor":[460,460,471,491,491,525,525,552,577,0,30,42,81,107,119,234,246,269,281,293,319,346,385,397,441,453,465,465,465],"floor_reached":27,"playtime":2360,"items_purged":[],"score":397,"play_id":"8ffb7699-2ceb-48c1-aff8-1c06fdbbf2b0","local_time":"20201229111946","is_ascension_mode":true,"campfire_choices":[{"data":"Chrysalis","floor":7.0,"key":"SMITH"},{"data":"MokouMod:FujiyamaVolcano","floor":15.0,"key":"SMITH"},{"data":"MokouMod:ResonanceReactor","floor":24.0,"key":"SMITH"}],"circlet_count":0,"master_deck":["MokouMod:Strike","MokouMod:Strike","MokouMod:Strike","MokouMod:Strike","MokouMod:Defend","MokouMod:Defend","MokouMod:Defend","MokouMod:Defend","MokouMod:HeatSpark","Chrysalis+1","MokouMod:ResonanceReactor+1","MokouMod:FujiyamaVolcano+1","MokouMod:DanceofFlames","Regret","MokouMod:ResonatingAura","MokouMod:DanceofFlames","Enlightenment","MokouMod:UncontrollableSolarReaction","MokouMod:ScorchingColumn","MokouMod:RisingSunBarrier","MokouMod:PhoenixForm","Ghostly","Ghostly","Ghostly","Ghostly","Ghostly","MokouMod:HeartofFire","MokouMod:DanceofFlames","MokouMod:GuidingSmoke","MokouMod:RisingSunBarrier"],"relics":["MokouMod:PhoenixFeather","Replay:Bottled Steam","aspiration:TomeofQuesting","Potion Belt","jedi:crownofsimplicity","MawBank","halation:OrihimeAndHikoboshiSamaAndTears","conspire:SeveredTorchhead","Garlic","ReplayFunnel","conspire:Boomerang"],"acts_visited":["Exordium","TheCity"],"potions_floor_usage":[],"damage_taken":[{"damage":0.0,"enemies":"Cultist","floor":1.0,"turns":3.0},{"damage":6.0,"enemies":"Jaw Worm","floor":3.0,"turns":5.0},{"damage":5.0,"enemies":"Small Slimes","floor":4.0,"turns":3.0},{"damage":45.0,"enemies":"Lagavulin","floor":6.0,"turns":10.0},{"damage":75.0,"enemies":"Gremlin Nob","floor":8.0,"turns":7.0},{"damage":6.0,"enemies":"3 Sentries","floor":11.0,"turns":5.0},{"damage":14.0,"enemies":"Gremlin Nob","floor":13.0,"turns":3.0},{"damage":3.0,"enemies":"Looter","floor":14.0,"turns":4.0},{"damage":0.0,"enemies":"Hexaghost","floor":16.0,"turns":5.0},{"damage":14.0,"enemies":"Spheric Guardian","floor":18.0,"turns":4.0},{"damage":5.0,"enemies":"2 Thieves","floor":21.0,"turns":3.0},{"damage":11.0,"enemies":"3 Cultists","floor":22.0,"turns":7.0},{"damage":1.0,"enemies":"Gremlin Leader","floor":23.0,"turns":6.0},{"damage":4.0,"enemies":"Slavers","floor":25.0,"turns":6.0},{"damage":16,"enemies":"Shelled Parasite and Fungi","floor":27,"turns":6}],"seed_played":"-8169616616773298647","potions_obtained":[{"floor":1.0,"key":"ColorlessPotion"},{"floor":6.0,"key":"FearPotion"},{"floor":11.0,"key":"Swift Potion"},{"floor":14.0,"key":"PowerPotion"},{"floor":16.0,"key":"DuplicationPotion"},{"floor":23.0,"key":"ColorlessPotion"},{"floor":25.0,"key":"Doom Potion"}],"is_trial":false,"path_per_floor":["M","?","M","M","?","E","R","E","T","?","E","$","E","M","R","B",null,"M","?","?","M","M","E","R","E","T","M"],"character_chosen":"MKU","items_purchased":[],"campfire_rested":0,"item_purchase_floors":[],"current_hp_per_floor":[68,68,62,57,57,12,12,7,7,13,7,7,18,15,15,15,74,60,74,37,32,21,20,20,16,16,0,0,0],"gold":465,"neow_bonus":"RANDOM_COLORLESS_2","is_daily":false,"chose_seed":false,"campfire_upgraded":3,"win_rate":0.0,"timestamp":1609276786,"path_taken":["M","?","M","?","?","E","R","E","T","?","E","$","E","M","R","BOSS","M","?","?","M","M","E","R","E","T","M"],"items_purchased_type":[],"build_version":"2020-12-22","purchased_purges":0,"victory":false,"max_hp_per_floor":[68,68,68,68,68,68,68,68,68,74,74,74,74,74,74,74,74,74,74,37,37,37,37,37,37,37,37,37,37],"card_choices":[{"not_picked":["jedi:RedIncense","Replay:Dark Deal"],"picked":"Chrysalis","floor":0.0},{"not_picked":["MokouMod:IllusoryBattlefield","MokouMod:IgneousBlow"],"picked":"MokouMod:ResonanceReactor","floor":1.0},{"not_picked":["MokouMod:DanceofFlames","MokouMod:FlickeringFlame"],"picked":"MokouMod:FujiyamaVolcano","floor":3.0},{"not_picked":["MokouMod:FlamingFireTalons","MokouMod:FujiyamaVolcano"],"picked":"MokouMod:DanceofFlames","floor":4.0},{"not_picked":["MokouMod:EternalBurstReactor","MokouMod:ScorchedEarth"],"picked":"MokouMod:ResonatingAura","floor":6.0},{"not_picked":["MokouMod:BurningHiddenBullet","MokouMod:PhoenixFeathers"],"picked":"MokouMod:DanceofFlames","floor":8.0},{"not_picked":["MokouMod:FlickeringFlame","MokouMod:CrimsonArmoury"],"picked":"MokouMod:UncontrollableSolarReaction","floor":11.0},{"not_picked":["MokouMod:CrimsonArmoury","MokouMod:IndiscriminateIgnition"],"picked":"MokouMod:ScorchingColumn","floor":13.0},{"not_picked":["MokouMod:PhoenixFeathers","MokouMod:IndiscriminateIgnition"],"picked":"MokouMod:RisingSunBarrier","floor":14.0},{"not_picked":["MokouMod:ResonatingAura","MokouMod:ProfanedFlare"],"picked":"MokouMod:PhoenixForm","floor":16.0},{"not_picked":["MokouMod:Sear","MokouMod:FusionFlare","MokouMod:AdaptivePyromancy"],"picked":"SKIP","floor":18.0},{"not_picked":["MokouMod:BurningDraft","MokouMod:Combust"],"picked":"MokouMod:HeartofFire","floor":21.0},{"not_picked":["MokouMod:BlazingComet","MokouMod:RoaringFlare"],"picked":"MokouMod:DanceofFlames","floor":22.0},{"not_picked":["MokouMod:Ember","MokouMod:BlazingComet"],"picked":"MokouMod:GuidingSmoke","floor":23.0},{"not_picked":["MokouMod:SearingShot","MokouMod:Fireball"],"picked":"MokouMod:RisingSunBarrier","floor":25.0}],"player_experience":374384,"relics_obtained":[{"floor":6.0,"key":"aspiration:TomeofQuesting"},{"floor":8.0,"key":"Potion Belt"},{"floor":9.0,"key":"jedi:crownofsimplicity"},{"floor":11.0,"key":"MawBank"},{"floor":13.0,"key":"halation:OrihimeAndHikoboshiSamaAndTears"},{"floor":23.0,"key":"Garlic"},{"floor":25.0,"key":"ReplayFunnel"},{"floor":26.0,"key":"conspire:Boomerang"}],"event_choices":[{"cards_removed":["MokouMod:Strike"],"damage_healed":0.0,"max_hp_gain":0.0,"max_hp_loss":0.0,"gold_gain":0.0,"event_name":"Purifier","player_choice":"Purged","floor":2.0,"gold_loss":0.0,"damage_taken":0.0},{"damage_healed":0.0,"max_hp_gain":0.0,"max_hp_loss":0.0,"gold_gain":0.0,"event_name":"Big Fish","player_choice":"Box","floor":5.0,"gold_loss":0.0,"damage_taken":0.0,"relics_obtained":["Replay:Bottled Steam"],"cards_obtained":["Regret"]},{"damage_healed":0.0,"max_hp_gain":0.0,"max_hp_loss":0.0,"gold_gain":0.0,"event_name":"betterThird:BetterSerpent","player_choice":"RENOUNCE","floor":10.0,"gold_loss":577.0,"damage_taken":577.0,"cards_obtained":["Enlightenment"]},{"damage_healed":24.0,"max_hp_gain":0.0,"max_hp_loss":0.0,"gold_gain":0.0,"event_name":"The Library","player_choice":"Heal","floor":19.0,"gold_loss":0.0,"damage_taken":0.0},{"damage_healed":0.0,"max_hp_gain":0.0,"max_hp_loss":37.0,"gold_gain":0.0,"event_name":"Ghosts","player_choice":"Became a Ghost","floor":20.0,"gold_loss":0.0,"damage_taken":0.0,"cards_obtained":["Ghostly","Ghostly","Ghostly","Ghostly","Ghostly"]}],"is_beta":false,"boss_relics":[{"not_picked":["Busted Crown","Ectoplasm"],"picked":"conspire:SeveredTorchhead"}],"items_purged_floors":[],"is_endless":false,"potions_floor_spawned":[1,6,11,14,16,23,25],"killed_by":"Shelled Parasite and Fungi","ascension_level":1}}