{"host":"szp1d6dso4pv7ddl","time":1609274231,"event":{"mods":["AchievementEnabler","Alarm Clock","BaseMod","Bestiary","Block Reminder","Colored Map","Colored Powertips","Curses Come First","Displayed Cursed Tome","Highlight Path","Minty Spire (QoL Compilation)","Permanent Neow","Quick Restart","Relic Sorter","Relic Stats","StSLib","Synergy Search"],"gold_per_floor":[12,26,43,43,43,77,77,77,148,165,165,192,192,44,44,142,192,212,212,212,222,222,222],"floor_reached":22,"playtime":571,"items_purged":[],"score":259,"play_id":"e1b9ee4d-5f63-48d5-beaa-365dd99e1fad","local_time":"20201229123711","is_ascension_mode":true,"campfire_choices":[{"floor":8,"key":"REST"},{"floor":13,"key":"REST"},{"floor":15,"key":"REST"}],"circlet_count":0,"master_deck":["Strike_B","Strike_B","Strike_B","Defend_B","Defend_B","Defend_B","Gash","Gash+1","Streamline","Machine Learning+1","Sweeping Beam","Hologram"],"relics":["Cracked Core","InkBottle","Lantern","Frozen Egg 2","Boot","Tiny House"],"acts_visited":["Exordium","TheCity"],"potions_floor_usage":[6,16,22],"damage_taken":[{"damage":8.0,"enemies":"Small Slimes","floor":1.0,"turns":3.0},{"damage":0.0,"enemies":"2 Louse","floor":2.0,"turns":2.0},{"damage":2.0,"enemies":"Jaw Worm","floor":3.0,"turns":3.0},{"damage":24,"enemies":"Lagavulin","floor":6,"turns":4},{"damage":3,"enemies":"Blue Slaver","floor":10,"turns":3},{"damage":30,"enemies":"3 Sentries","floor":12,"turns":6},{"damage":41,"enemies":"Hexaghost","floor":16,"turns":6},{"damage":20,"enemies":"Shell Parasite","floor":18,"turns":5},{"damage":36,"enemies":"2 Thieves","floor":21,"turns":4},{"damage":16,"enemies":"Snecko","floor":22,"turns":3}],"seed_played":"-9004373815153776901","potions_obtained":[{"floor":2.0,"key":"BlessingOfTheForge"},{"floor":6,"key":"FearPotion"},{"floor":17,"key":"AttackPotion"},{"floor":18,"key":"GamblersBrew"}],"is_trial":false,"path_per_floor":["M","M","M","?","?","E","$","R","T","M","$","E","R","$","R","B",null,"M","?","$","M","M"],"character_chosen":"DEFECT","items_purchased":["Machine Learning+1"],"campfire_rested":3,"item_purchase_floors":[14],"current_hp_per_floor":[60,60,58,46,39,15,15,37,37,34,34,4,26,26,48,7,63,43,43,43,7,0,0],"gold":222,"neow_bonus":"REMOVE_TWO","is_daily":false,"chose_seed":false,"campfire_upgraded":0,"win_rate":0.0,"timestamp":1609274231,"path_taken":["M","M","M","?","?","E","?","R","T","M","$","E","R","?","R","BOSS","M","?","$","M","M"],"items_purchased_type":["Card"],"build_version":"2020-12-22","purchased_purges":0,"victory":false,"max_hp_per_floor":[75,75,75,75,75,75,75,75,75,75,75,75,75,75,75,75,80,80,80,80,80,80,80],"relic_stats":{"counters":[10,39],"Boot":[14],"obtain_stats":[{"Lantern":4,"Tiny House":17,"Frozen Egg 2":9,"Cracked Core":0,"Boot":12,"InkBottle":6},{"Lantern":3,"Tiny House":7,"Frozen Egg 2":4,"Cracked Core":0,"Boot":6,"InkBottle":4},{"Lantern":8,"Tiny House":27,"Frozen Egg 2":12,"Cracked Core":0,"Boot":21,"InkBottle":12}],"InkBottle":[9]},"card_choices":[{"not_picked":["Fusion","Stack"],"picked":"Gash","floor":1.0},{"not_picked":["Sweeping Beam","Ball Lightning"],"picked":"Gash","floor":2.0},{"not_picked":["Go for the Eyes","Compile Driver","Steam"],"picked":"SKIP","floor":3.0},{"not_picked":["Chill","Conserve Battery"],"picked":"Streamline","floor":6},{"not_picked":["Stack","Coolheaded","Turbo"],"picked":"SKIP","floor":10},{"not_picked":["Hyperbeam","Stack","Sunder"],"picked":"SKIP","floor":12},{"not_picked":["Steam","Lockon"],"picked":"Sweeping Beam","floor":17},{"not_picked":["Darkness+1","Rebound+1","Streamline"],"picked":"SKIP","floor":18},{"not_picked":["Ball Lightning","Thunder Strike"],"picked":"Hologram","floor":21}],"player_experience":1066521,"relics_obtained":[{"floor":6,"key":"InkBottle"},{"floor":9,"key":"Frozen Egg 2"},{"floor":12,"key":"Boot"}],"event_choices":[{"damage_healed":0.0,"max_hp_gain":0.0,"max_hp_loss":0.0,"gold_gain":0.0,"event_name":"Scrap Ooze","player_choice":"Success","floor":4.0,"gold_loss":0.0,"damage_taken":12.0,"relics_obtained":["Lantern"]},{"cards_removed":["Dualcast"],"damage_healed":0.0,"max_hp_gain":0.0,"max_hp_loss":0.0,"gold_gain":0.0,"event_name":"Golden Wing","player_choice":"Card Removal","floor":5.0,"gold_loss":0.0,"damage_taken":7.0},{"cards_removed":["Zap"],"damage_healed":0,"gold_gain":0,"player_choice":"Elegance","damage_taken":0,"max_hp_gain":0,"max_hp_loss":0,"event_name":"Back to Basics","floor":19,"gold_loss":0}],"is_beta":false,"boss_relics":[{"not_picked":["Snecko Eye","Inserter"],"picked":"Tiny House"}],"items_purged_floors":[],"is_endless":false,"potions_floor_spawned":[2,6,18],"killed_by":"Snecko","ascension_level":7}}