{"host":"8fjsnt81u6xsmhji","time":1609238794,"event":{"mods":["BaseMod","Beaked The Cultist","Colored Powertips","Downfall","Glutton Mod","Hermit","Minty Spire (QoL Compilation)","Quick Restart","StSLib","The Bug Knight","The Forsaken","The Hierophant"],"gold_per_floor":[99,118,129,149,149,168,168,185,210,26,42,42,60,86,106,211,261,186,204,217,217,417,430,482,291,291,308,308,308,308],"floor_reached":28,"playtime":1507,"items_purged":["Shame"],"score":246,"play_id":"c8971579-5baa-4732-b327-d56636ed135a","local_time":"20201229044634","is_ascension_mode":true,"campfire_choices":[{"floor":1.0,"key":"RECALL"},{"floor":12,"key":"REST"},{"data":"Guardian:SphericShield","floor":18,"key":"SMITH"}],"circlet_count":0,"master_deck":["Guardian:Strike_Guardian","Guardian:Strike_Guardian","Guardian:Strike_Guardian","Guardian:Strike_Guardian","Guardian:Defend_Guardian","Guardian:Defend_Guardian","Guardian:Defend_Guardian","Guardian:Defend_Guardian","Guardian:CurlUp","Guardian:TwinSlam","expansioncontent:QuickStudy","Guardian:SentryBeam","Guardian:Incinerate","Guardian:VentSteam+1","Guardian:ShieldCharger","Guardian:ChargeUp","Guardian:Recover","Guardian:DonusPower","Guardian:ChargeCore","Guardian:Suspension","Guardian:SphericShield+1","Guardian:FierceBash","Guardian:ChargeCore","Guardian:TemporalShield","Guardian:Gem_Green","Guardian:ChargeUp+1","Guardian:Orbwalk","Guardian:BronzeOrb","Guardian:WalkerClaw"],"relics":["Guardian:ModeShifter","Ornamental Fan","Peace Pipe","Membership Card","Vajra","Tiny House","downfall:HeartBlessingRed","Dream Catcher","Omamori","Frozen Eye"],"acts_visited":["Exordium","TheCity"],"potions_floor_usage":[9,10,16,16,22,27],"damage_taken":[{"damage":6.0,"enemies":"Jaw Worm","floor":2.0,"turns":4.0},{"damage":0.0,"enemies":"Small Slimes","floor":3.0,"turns":1.0},{"damage":0.0,"enemies":"2 Louse","floor":4.0,"turns":2.0},{"damage":8,"enemies":"Exordium Thugs","floor":6,"turns":6},{"damage":1,"enemies":"2 Fungi Beasts","floor":8,"turns":3},{"damage":1,"enemies":"3 Sentries","floor":9,"turns":6},{"damage":2,"enemies":"downfall:FleeingMerchant","floor":10,"turns":4},{"damage":8,"enemies":"Lots of Slimes","floor":11,"turns":2},{"damage":0,"enemies":"Large Slime","floor":13,"turns":4},{"damage":19,"enemies":"Gremlin Nob","floor":14,"turns":3},{"damage":0,"enemies":"Lots of Slimes","floor":15,"turns":1},{"damage":14,"enemies":"downfall:Defect","floor":16,"turns":6},{"damage":16,"enemies":"Shell Parasite","floor":19,"turns":5},{"damage":8,"enemies":"Chosen and Byrds","floor":20,"turns":6},{"damage":21,"enemies":"Chosen and Byrds","floor":22,"turns":5},{"damage":7,"enemies":"Snake Plant","floor":23,"turns":4},{"damage":3,"enemies":"downfall:FleeingMerchant","floor":25,"turns":4},{"damage":20,"enemies":"Sentry and Sphere","floor":27,"turns":5},{"damage":6,"enemies":"Chosen and Byrds","floor":28,"turns":2}],"seed_played":"-449195400257995485","potions_obtained":[{"floor":6,"key":"Explosive Potion"},{"floor":8,"key":"GamblersBrew"},{"floor":9,"key":"DistilledChaos"},{"floor":11,"key":"PowerPotion"},{"floor":15,"key":"Regen Potion"},{"floor":16,"key":"SteroidPotion"},{"floor":17,"key":"Ancient Potion"},{"floor":26,"key":"ColorlessPotion"},{"floor":27,"key":"Guardian:AcceleratePotion"}],"is_trial":false,"path_per_floor":["R","M","M","M","?","M","T","M","E","$","M","R","M","E","M","B",null,"R","M","M","?","?","M","T","$","?","M","M"],"character_chosen":"GUARDIAN","items_purchased":["Membership Card","Guardian:ChargeCore","Frozen Eye","Guardian:Orbwalk","Guardian:BronzeOrb"],"campfire_rested":1,"item_purchase_floors":[10,10,25,25,25],"current_hp_per_floor":[80,74,74,74,74,66,66,65,64,62,54,78,78,59,59,59,85,85,69,61,61,40,33,33,30,30,10,4,4,4],"gold":308,"neow_bonus":"RANDOM_COLORLESS_2","is_daily":false,"chose_seed":false,"campfire_upgraded":1,"win_rate":0.0,"timestamp":1609238794,"path_taken":["R","M","M","M","?","M","T","M","E","$","M","R","M","E","M","BOSS","R","M","M","?","?","M","T","$","?","M","?"],"items_purchased_type":["Relic","Card","Relic","Card","Card"],"build_version":"2020-12-22","purchased_purges":1,"victory":false,"max_hp_per_floor":[80,80,80,80,80,80,80,80,80,80,80,80,80,80,80,80,85,85,85,85,85,85,85,85,85,85,85,85,85,85],"card_choices":[{"not_picked":["Secret Technique","expansioncontent:DashGenerateEvil"],"picked":"expansioncontent:QuickStudy","floor":0.0},{"not_picked":["Guardian:Suspension","Guardian:PolyBeam"],"picked":"Guardian:SentryBeam","floor":2.0},{"not_picked":["Guardian:Suspension","Guardian:TemporalShield"],"picked":"Guardian:Incinerate","floor":3.0},{"not_picked":["Guardian:Planning","Guardian:RollAttack"],"picked":"Guardian:VentSteam","floor":4.0},{"not_picked":["Guardian:Emergency","Guardian:ExploitGems"],"picked":"Guardian:ShieldCharger","floor":6},{"not_picked":["Guardian:Planning","Guardian:EvasiveProtocol"],"picked":"Guardian:ChargeUp","floor":8},{"not_picked":["Guardian:Gem_Lightblue","Guardian:PiercingHide"],"picked":"Guardian:Recover","floor":9},{"not_picked":["Guardian:BaubleBeam","Guardian:Gem_Fragmented"],"picked":"Guardian:DonusPower","floor":10},{"not_picked":["Guardian:PiercingHide","Guardian:VentSteam"],"picked":"Guardian:Suspension","floor":11},{"not_picked":["Guardian:ShieldSpikes","Guardian:Gem_Cyan"],"picked":"Guardian:Gem_Blue","floor":13},{"not_picked":["Guardian:Suspension","Guardian:PrismaticBarrier"],"picked":"Guardian:Gem_Green","floor":14},{"not_picked":["Guardian:SentryBeam","Guardian:CrystalBeam"],"picked":"Guardian:SphericShield","floor":15},{"not_picked":["Guardian:ConstructionForm","Guardian:GemFire"],"picked":"Guardian:FierceBash","floor":16},{"not_picked":["Guardian:Reroute","Guardian:Recover"],"picked":"Guardian:ChargeCore","floor":17},{"not_picked":["Guardian:ShieldCharger","Guardian:CrystalBeam+1"],"picked":"Guardian:TemporalShield","floor":19},{"not_picked":["Guardian:TimeBomb","Guardian:PiercingHide"],"picked":"Guardian:Gem_Green","floor":20},{"not_picked":["Guardian:HyperBeam_Guardian","Guardian:Planning","Guardian:ChargeCore"],"picked":"SKIP","floor":23},{"not_picked":["Guardian:PrimingBeam+1","Guardian:Incinerate+1"],"picked":"Guardian:ChargeUp+1","floor":25},{"not_picked":["Guardian:Orbwalk","Guardian:Recover"],"picked":"Guardian:WalkerClaw","floor":27}],"player_experience":604239,"relics_obtained":[{"floor":7,"key":"Ornamental Fan"},{"floor":9,"key":"Peace Pipe"},{"floor":14,"key":"Vajra"},{"floor":24,"key":"Omamori"}],"event_choices":[{"cards_removed":["Injury"],"damage_healed":0.0,"max_hp_gain":0.0,"max_hp_loss":0.0,"gold_gain":0.0,"event_name":"The Cleric","player_choice":"Card Removal","floor":5.0,"gold_loss":0.0,"damage_taken":0.0},{"damage_healed":0,"gold_gain":0,"player_choice":"Stole Relic","damage_taken":0,"relics_obtained":["Dream Catcher"],"max_hp_gain":0,"max_hp_loss":0,"event_name":"Addict","floor":21,"gold_loss":0,"cards_obtained":["Shame"]},{"damage_healed":0,"gold_gain":0,"player_choice":"Got Potions","damage_taken":0,"max_hp_gain":0,"max_hp_loss":0,"event_name":"Lab","floor":26,"gold_loss":0}],"is_beta":false,"boss_relics":[{"not_picked":["Astrolabe","Coffee Dripper"],"picked":"Tiny House"}],"items_purged_floors":[25],"is_endless":false,"potions_floor_spawned":[6,8,9,11,15,16,22,27],"killed_by":"Chosen and Byrds","ascension_level":1}}