{"host":"msa0wxqjs3jv1k3j","time":1609248399,"event":{"mods":["BaseMod","BetterRewards","Colored Map","Highlight Path","KOR Keyword Fix","Keyboard Shortcuts","Minty Spire (QoL Compilation)","Quick Restart","SuperFastMode","everything is the same but u backflip on backflip"],"gold_per_floor":[117,192,192,117,137,167,167,197,278,278,291,191,191,204,204,307,307,323,100,119,138,138,138,172,184,184,201,201,126,1,15,15,110,110,127,127,127,81,91,91,91],"floor_reached":40,"playtime":1665,"items_purged":["Strike_R","Defend_R","Defend_R"],"score":439,"play_id":"2b89b136-a1ae-4130-a432-cb05920bcfca","local_time":"20201229222639","is_ascension_mode":false,"campfire_choices":[{"data":"Flex","floor":7.0,"key":"SMITH"},{"data":"Rage","floor":10.0,"key":"SMITH"},{"data":"Infernal Blade","floor":15.0,"key":"SMITH"},{"data":"Seeing Red","floor":23.0,"key":"SMITH"},{"floor":28.0,"key":"REST"},{"floor":32.0,"key":"REST"}],"circlet_count":0,"master_deck":["Strike_R","Strike_R","Strike_R","Defend_R","Bash+1","Flex+1","Rage+1","Rupture+1","Iron Wave","Infernal Blade+1","Demon Form+1","Seeing Red+1","Heavy Blade+1","Bloodletting","Offering","Dual Wield+1","Double Tap","Shrug It Off"],"relics":["Burning Blood","NeowsBlessing","Anchor","Incense Burner","Frozen Egg 2","SacredBark","Omamori","PreservedInsect","Vajra","Mark of Pain","Self Forming Clay"],"acts_visited":["Exordium","TheCity","TheBeyond"],"potions_floor_usage":[40],"damage_taken":[{"damage":0.0,"enemies":"2 Louse","floor":1.0,"turns":1.0},{"damage":0.0,"enemies":"Cultist","floor":5.0,"turns":1.0},{"damage":0.0,"enemies":"3 Sentries","floor":6.0,"turns":2.0},{"damage":35.0,"enemies":"Lagavulin","floor":8.0,"turns":7.0},{"damage":0.0,"enemies":"Small Slimes","floor":11.0,"turns":3.0},{"damage":12.0,"enemies":"Blue Slaver","floor":14.0,"turns":4.0},{"damage":31.0,"enemies":"Hexaghost","floor":16.0,"turns":10.0},{"damage":34.0,"enemies":"3 Byrds","floor":18.0,"turns":6.0},{"damage":27.0,"enemies":"Chosen","floor":20.0,"turns":6.0},{"damage":27.0,"enemies":"Snecko","floor":21.0,"turns":5.0},{"damage":25.0,"enemies":"Slavers","floor":24.0,"turns":5.0},{"damage":13.0,"enemies":"Snake Plant","floor":25.0,"turns":3.0},{"damage":9.0,"enemies":"Centurion and Healer","floor":27.0,"turns":4.0},{"damage":2.0,"enemies":"Cultist and Chosen","floor":31.0,"turns":4.0},{"damage":46.0,"enemies":"Collector","floor":33.0,"turns":6.0},{"damage":36.0,"enemies":"3 Darklings","floor":35.0,"turns":5.0},{"damage":6.0,"enemies":"Orb Walker","floor":39.0,"turns":2.0},{"damage":74,"enemies":"Nemesis","floor":40,"turns":5}],"seed_played":"7386726407235321223","potions_obtained":[{"floor":1.0,"key":"CultistPotion"},{"floor":11.0,"key":"SkillPotion"},{"floor":14.0,"key":"Block Potion"},{"floor":18.0,"key":"AttackPotion"},{"floor":24.0,"key":"SpeedPotion"},{"floor":31.0,"key":"DistilledChaos"},{"floor":33.0,"key":"ColorlessPotion"}],"is_trial":false,"path_per_floor":["M","?","?","$","M","E","R","E","T","R","M","$","?","M","R","B",null,"M","$","M","M","?","R","E","M","T","M","R","?","$","M","R","B",null,"M","$","T","$","M","E"],"character_chosen":"IRONCLAD","items_purchased":["Seeing Red","Omamori","Shrug It Off"],"campfire_rested":2,"item_purchase_floors":[19,19,38],"current_hp_per_floor":[80,69,69,69,75,80,80,51,51,51,57,57,57,51,51,26,80,52,52,31,10,36,36,17,10,10,7,31,31,31,35,59,19,80,50,50,50,50,50,0,0],"gold":91,"neow_bonus":"THREE_ENEMY_KILL","is_daily":false,"chose_seed":false,"campfire_upgraded":4,"win_rate":0.0,"timestamp":1609248399,"path_taken":["M","?","?","$","M","E","R","E","T","R","?","$","?","?","R","BOSS","M","$","M","?","?","R","E","M","T","M","R","?","?","M","R","BOSS","M","$","?","$","M","E"],"items_purchased_type":["Card","Relic","Card"],"build_version":"2020-12-22","purchased_purges":3,"victory":false,"max_hp_per_floor":[80,80,80,80,80,80,80,80,80,80,80,80,80,80,80,80,80,80,80,80,80,80,80,80,80,80,80,80,80,80,80,80,80,80,80,80,80,80,80,80,80],"card_choices":[{"not_picked":["Burning Pact","Heavy Blade"],"picked":"Flex","floor":1.0},{"not_picked":["Body Slam","Second Wind"],"picked":"Rage","floor":5.0},{"not_picked":["Iron Wave","Spot Weakness","Burning Pact"],"picked":"SKIP","floor":6.0},{"not_picked":["Spot Weakness","True Grit","Bludgeon"],"picked":"SKIP","floor":8.0},{"not_picked":["Cleave","Disarm"],"picked":"Rupture+1","floor":11.0},{"not_picked":["Flex","Sever Soul"],"picked":"Infernal Blade","floor":14.0},{"not_picked":["Limit Break","Brutality+1"],"picked":"Demon Form+1","floor":16.0},{"not_picked":["Clothesline","Armaments","Iron Wave"],"picked":"SKIP","floor":18.0},{"not_picked":["Dual Wield+1","Twin Strike"],"picked":"Heavy Blade+1","floor":20.0},{"not_picked":["Feel No Pain+1","Dark Embrace+1"],"picked":"Bloodletting","floor":21.0},{"not_picked":["Combust+1","Flex"],"picked":"Offering","floor":24.0},{"not_picked":["Second Wind","Warcry+1"],"picked":"Dual Wield+1","floor":25.0},{"not_picked":["Thunderclap","Infernal Blade","Disarm"],"picked":"SKIP","floor":27.0},{"not_picked":["Sword Boomerang","Feel No Pain+1","Heavy Blade"],"picked":"SKIP","floor":31.0},{"not_picked":["Demon Form+1","Berserk+1"],"picked":"Double Tap","floor":33.0},{"not_picked":["Rampage+1","Twin Strike","Ghostly Armor+1"],"picked":"SKIP","floor":35.0},{"not_picked":["Thunderclap+1","Twin Strike+1","Flex+1"],"picked":"SKIP","floor":39.0}],"player_experience":12939,"relics_obtained":[{"floor":6.0,"key":"Anchor"},{"floor":8.0,"key":"Incense Burner"},{"floor":9.0,"key":"Frozen Egg 2"},{"floor":24.0,"key":"PreservedInsect"},{"floor":26.0,"key":"Vajra"},{"floor":37.0,"key":"Self Forming Clay"}],"event_choices":[{"damage_healed":0.0,"max_hp_gain":0.0,"max_hp_loss":0.0,"gold_gain":75.0,"event_name":"World of Goop","player_choice":"Gather Gold","floor":2.0,"gold_loss":0.0,"damage_taken":11.0},{"damage_healed":0.0,"max_hp_gain":0.0,"max_hp_loss":0.0,"gold_gain":0.0,"event_name":"Upgrade Shrine","player_choice":"Upgraded","floor":3.0,"gold_loss":0.0,"damage_taken":0.0,"cards_upgraded":["Bash"]},{"cards_removed":["Defend_R"],"damage_healed":0.0,"max_hp_gain":0.0,"max_hp_loss":0.0,"gold_gain":0.0,"event_name":"NoteForYourself","player_choice":"Took Card","floor":13.0,"gold_loss":0.0,"damage_taken":0.0,"cards_obtained":["Iron Wave"]},{"damage_healed":26.0,"max_hp_gain":0.0,"max_hp_loss":0.0,"gold_gain":0.0,"event_name":"The Library","player_choice":"Heal","floor":22.0,"gold_loss":0.0,"damage_taken":0.0},{"cards_removed":["Strike_R"],"damage_healed":0.0,"max_hp_gain":0.0,"max_hp_loss":0.0,"gold_gain":0.0,"event_name":"Beggar","player_choice":"Gave Gold","floor":29.0,"gold_loss":75.0,"damage_taken":0.0}],"is_beta":false,"boss_relics":[{"not_picked":["Runic Cube","Cursed Key"],"picked":"SacredBark"},{"not_picked":["Snecko Eye","Black Blood"],"picked":"Mark of Pain"}],"items_purged_floors":[4,12,30],"is_endless":false,"potions_floor_spawned":[1,11,14,18,24,31,33],"killed_by":"Nemesis","ascension_level":0}}