{"host":"njcl8kinlkfw245p","time":1609259025,"event":{"mods":["BaseMod","Block Reminder","Colored Map","KinomotoSakuraMod(????)","Minty Spire (QoL Compilation)","StSLib","The Senshi"],"gold_per_floor":[112,212,231,242,259,288,298,298,380,391,391,418,418,445,445,546,546,558,309,309,339,356,385,385,409,432,446,446,446,478,63,63,161,161,178,100,115,337,356,356,390,390,390,390,404,436,452,485,485,485,485,485,3,30,30],"floor_reached":56,"playtime":6302,"items_purged":[],"score":1812,"play_id":"5d4fca8e-2ba3-410c-b826-35a470091585","local_time":"20201229082345","is_ascension_mode":true,"campfire_choices":[{"floor":8.0,"key":"REST"},{"data":"ClowCardTheWave","floor":11.0,"key":"SMITH"},{"data":"SpellCardSeal","floor":13.0,"key":"SMITH"},{"data":"ClowCardTheWave","floor":15.0,"key":"SMITH"},{"data":"ClowCardTheLittle","floor":24,"key":"SMITH"},{"data":"ClowCardTheFight","floor":29,"key":"SMITH"},{"data":"ClowCardTheFlower","floor":32,"key":"SMITH"},{"data":"ClowCardTheLight","floor":40,"key":"SMITH"},{"data":"ClowCardTheArrow","floor":42,"key":"SMITH"},{"floor":44,"key":"RECALL"},{"data":"ClowCardTheBubbles","floor":49,"key":"SMITH"},{"data":"ClowCardTheFreeze","floor":52,"key":"SMITH"}],"circlet_count":0,"master_deck":["SakuraCardTheLittle+","SakuraCardTheMove+","SakuraCardThePower+","SakuraCardTheFly+","ClowCardTheSword","ClowCardTheSword","ClowCardTheSword","ClowCardTheSword","ClowCardTheShield","ClowCardTheShield","ClowCardTheShield","ClowCardTheShield+1","SpellCardSeal+1","SpellCardRelease","ClowCardTheWave+1","ClowCardTheFreeze+1","ClowCardTheMove+1","ClowCardTheWave+1","ClowCardTheFight+1","ClowCardTheArrow+1","ClowCardTheLittle+1","ClowCardTheWave+1","ClowCardTheLoop","ClowCardTheJump","ClowCardTheFlower+1","ClowCardTheBubbles+1","ClowCardTheMove+1","ClowCardTheLight+1","ClowCardTheFloat","ClowCardTheFloat+1"],"relics":["KSMOD_SealedBook","KSMOD_SealedWand","Anchor","Meat on the Bone","KSMOD_MoonBell","Bag of Marbles","Runic Dome","ClockworkSouvenir","Red Mask","Tiny Chest","Juzu Bracelet","Ornamental Fan","Boot","Singing Bowl","KSMOD_DarknessWand","Nunchaku","Oddly Smooth Stone","War Paint","Mercury Hourglass","Bird Faced Urn","Pen Nib","KSMOD_TaoistSuit","Sling","Sundial"],"acts_visited":["Exordium","TheCity","TheBeyond","TheEnding"],"potions_floor_usage":[23,30,50],"damage_taken":[{"damage":19.0,"enemies":"Small Slimes","floor":1.0,"turns":5.0},{"damage":0.0,"enemies":"Cultist","floor":3.0,"turns":4.0},{"damage":1.0,"enemies":"2 Louse","floor":4.0,"turns":3.0},{"damage":3.0,"enemies":"Blue Slaver","floor":5.0,"turns":5.0},{"damage":36.0,"enemies":"3 Sentries","floor":6.0,"turns":12.0},{"damage":5.0,"enemies":"Exordium Wildlife","floor":7.0,"turns":4.0},{"damage":1.0,"enemies":"Exordium Thugs","floor":10.0,"turns":3.0},{"damage":7.0,"enemies":"Gremlin Nob","floor":12.0,"turns":4.0},{"damage":6.0,"enemies":"3 Sentries","floor":14.0,"turns":12.0},{"damage":21.0,"enemies":"Slime Boss","floor":16.0,"turns":7.0},{"damage":1.0,"enemies":"3 Byrds","floor":18.0,"turns":4.0},{"damage":4,"enemies":"Masked Bandits","floor":21,"turns":3},{"damage":0,"enemies":"Chosen","floor":22,"turns":1},{"damage":1,"enemies":"Book of Stabbing","floor":23,"turns":5},{"damage":4,"enemies":"Sentry and Sphere","floor":27,"turns":5},{"damage":9,"enemies":"Slavers","floor":30,"turns":4},{"damage":8,"enemies":"Automaton","floor":33,"turns":6},{"damage":0,"enemies":"3 Shapes","floor":35,"turns":3},{"damage":0,"enemies":"3 Darklings","floor":37,"turns":2},{"damage":9,"enemies":"Writhing Mass","floor":39,"turns":4},{"damage":0,"enemies":"Giant Head","floor":41,"turns":5},{"damage":4,"enemies":"Spire Growth","floor":45,"turns":4},{"damage":0,"enemies":"Nemesis","floor":46,"turns":1},{"damage":0,"enemies":"Transient","floor":47,"turns":5},{"damage":43,"enemies":"Reptomancer","floor":48,"turns":4},{"damage":2,"enemies":"Awakened One","floor":50,"turns":7},{"damage":20,"enemies":"Shield and Spear","floor":54,"turns":6},{"damage":98,"enemies":"The Heart","floor":55,"turns":7}],"seed_played":"-8298132732470526571","potions_obtained":[{"floor":5.0,"key":"Energy Potion"},{"floor":7.0,"key":"SkillPotion"},{"floor":10.0,"key":"BlessingOfTheForge"},{"floor":14.0,"key":"PowerPotion"},{"floor":18.0,"key":"KSMOD_MagickBottle"},{"floor":21,"key":"FearPotion"},{"floor":27,"key":"Regen Potion"},{"floor":45,"key":"KSMOD_MagickBottle"}],"is_trial":false,"path_per_floor":["M","?","M","M","M","E","M","R","T","M","R","E","R","E","R","B",null,"M","$","?","?","M","E","R","T","T","M","?","R","E","$","R","B",null,"M","$","M","?","M","R","E","R","T","R","M","E","M","E","R","B",null,"R","$","E","B",null],"character_chosen":"KINOMOTOSAKURA","items_purchased":["ClowCardTheArrow","ClowCardTheLittle","ClockworkSouvenir","ClowCardTheFlower","ClowCardTheCreate","Singing Bowl","ClowCardTheBubbles","ClowCardTheFloat","KSMOD_TaoistSuit","Sling"],"campfire_rested":1,"item_purchase_floors":[19,19,19,31,31,31,36,53,53,53],"current_hp_per_floor":[51,51,51,50,47,11,6,29,29,40,40,45,45,46,46,42,68,68,68,68,66,66,69,69,69,69,67,67,67,59,59,59,52,71,74,74,75,75,68,68,72,72,72,72,72,74,87,50,50,84,88,88,88,86,50],"gold":30,"neow_bonus":"TEN_PERCENT_HP_BONUS","is_daily":false,"chose_seed":false,"campfire_upgraded":10,"win_rate":0.0,"timestamp":1609259025,"path_taken":["M","?","?","M","M","E","?","R","T","M","R","E","R","E","R","BOSS","M","$","?","?","M","E","R","?","T","M","?","R","E","$","R","BOSS","M","$","M","?","M","R","E","R","T","R","M","E","M","E","R","BOSS","R","$","E","BOSS"],"items_purchased_type":["Card","Card","Relic","Card","Card","Relic","Card","Card","Relic","Relic"],"build_version":"2020-12-22","purchased_purges":0,"victory":true,"max_hp_per_floor":[77,77,77,77,77,77,77,77,77,77,77,77,77,77,77,77,77,77,77,77,77,77,77,77,77,77,77,77,77,77,77,77,77,77,79,79,79,79,79,79,81,81,81,81,83,85,87,89,89,89,89,89,89,89,89],"card_choices":[{"not_picked":["ClowCardTheMaze","ClowCardTheLibra"],"picked":"ClowCardTheMove","floor":1.0},{"not_picked":["ClowCardTheChange","ClowCardTheStorm"],"picked":"ClowCardTheFly","floor":3.0},{"not_picked":["ClowCardTheRain","ClowCardTheSleep"],"picked":"ClowCardTheWave","floor":4.0},{"not_picked":["ClowCardTheIllusion","ClowCardTheSilent"],"picked":"ClowCardTheMaze","floor":5.0},{"not_picked":["ClowCardTheWindy","ClowCardTheCloud","ClowCardTheReturn"],"picked":"SKIP","floor":6.0},{"not_picked":["ClowCardThePower","ClowCardTheWood"],"picked":"ClowCardTheFreeze","floor":7.0},{"not_picked":["ClowCardTheSand","ClowCardTheLittle"],"picked":"ClowCardTheMove","floor":10.0},{"not_picked":["ClowCardTheLibra","ClowCardTheCloud"],"picked":"ClowCardThePower","floor":12.0},{"not_picked":["ClowCardTheFreeze","ClowCardTheSand"],"picked":"ClowCardTheWave","floor":14.0},{"not_picked":["ClowCardTheThunder","ClowCardTheReturn"],"picked":"ClowCardTheFight","floor":16.0},{"not_picked":["ClowCardTheWood+1","ClowCardTheSand","ClowCardTheFreeze"],"picked":"SKIP","floor":18.0},{"not_picked":["ClowCardTheRain+1","ClowCardTheMove"],"picked":"ClowCardTheLittle+1","floor":21},{"not_picked":["ClowCardTheErase","ClowCardTheChange"],"picked":"ClowCardTheWave+1","floor":22},{"not_picked":["ClowCardTheSong","ClowCardTheVoice"],"picked":"ClowCardTheLoop","floor":23},{"not_picked":["ClowCardTheDream","ClowCardTheMove"],"picked":"ClowCardTheJump","floor":27},{"not_picked":["ClowCardTheLoop","ClowCardTheSnow","ClowCardTheRain+1"],"picked":"SKIP","floor":30},{"not_picked":["ClowCardTheReturn","ClowCardTheDash"],"picked":"ClowCardTheCreate","floor":33},{"not_picked":["ClowCardTheSweet","ClowCardTheRain","ClowCardTheChange"],"picked":"Singing Bowl","floor":35},{"not_picked":["ClowCardTheDream","ClowCardTheWave"],"picked":"ClowCardTheMove+1","floor":37},{"not_picked":["ClowCardTheShot+1","ClowCardTheDream"],"picked":"ClowCardTheLight","floor":39},{"not_picked":["ClowCardTheBubbles","ClowCardTheSong","ClowCardTheLock"],"picked":"Singing Bowl","floor":41},{"not_picked":["ClowCardTheBubbles+1","ClowCardTheBig","ClowCardTheSilent+1"],"picked":"Singing Bowl","floor":45},{"not_picked":["ClowCardTheWatery+1","ClowCardTheSong+1","ClowCardTheFly"],"picked":"Singing Bowl","floor":46},{"not_picked":["ClowCardTheWave+1","ClowCardTheSong","ClowCardTheDream"],"picked":"Singing Bowl","floor":47},{"not_picked":["ClowCardTheVoice","ClowCardTheShadow","ClowCardTheTime"],"picked":"Singing Bowl","floor":48},{"not_picked":["ClowCardTheMirror","ClowCardTheLibra"],"picked":"ClowCardTheFloat+1","floor":54}],"player_experience":871357,"relics_obtained":[{"floor":6.0,"key":"Anchor"},{"floor":9.0,"key":"Meat on the Bone"},{"floor":12.0,"key":"KSMOD_MoonBell"},{"floor":14.0,"key":"Bag of Marbles"},{"floor":21,"key":"Red Mask"},{"floor":23,"key":"Tiny Chest"},{"floor":26,"key":"Juzu Bracelet"},{"floor":30,"key":"Boot"},{"floor":39,"key":"Nunchaku"},{"floor":41,"key":"Oddly Smooth Stone"},{"floor":41,"key":"War Paint"},{"floor":43,"key":"Mercury Hourglass"},{"floor":46,"key":"Bird Faced Urn"},{"floor":48,"key":"Pen Nib"},{"floor":54,"key":"Sundial"}],"event_choices":[{"damage_healed":0.0,"max_hp_gain":0.0,"max_hp_loss":0.0,"gold_gain":100.0,"event_name":"Golden Shrine","player_choice":"Pray","floor":2.0,"gold_loss":0.0,"damage_taken":0.0},{"damage_healed":0,"gold_gain":0,"player_choice":"Ignored","damage_taken":0,"max_hp_gain":0,"max_hp_loss":0,"event_name":"Vampires","floor":20,"gold_loss":0},{"damage_healed":0,"gold_gain":0,"player_choice":"Fought Bandits","damage_taken":0,"max_hp_gain":0,"max_hp_loss":0,"event_name":"Masked Bandits","floor":21,"gold_loss":0},{"cards_removed":["ClowCardTheMaze"],"damage_healed":0,"gold_gain":0,"player_choice":"Gave Card","damage_taken":0,"relics_obtained":["Ornamental Fan"],"max_hp_gain":0,"max_hp_loss":0,"event_name":"WeMeetAgain","floor":28,"gold_loss":0},{"damage_healed":0,"gold_gain":222,"player_choice":"Wore Mask","damage_taken":0,"max_hp_gain":0,"max_hp_loss":0,"event_name":"Tomb of Lord Red Mask","floor":38,"gold_loss":0}],"is_beta":false,"boss_relics":[{"not_picked":["Calling Bell","Velvet Choker"],"picked":"Runic Dome"},{"not_picked":["Tiny House","SlaversCollar"],"picked":"KSMOD_DarknessWand"}],"items_purged_floors":[],"is_endless":false,"potions_floor_spawned":[5,7,10,14,18,21,27,45,46],"ascension_level":9}}