{"host":"baymyijz6sxaqj5s","time":1609235430,"event":{"mods":["AchievementEnabler","BaseMod","Colored Map","Colored Powertips","DeckTracker","Highlight Path","KOR Keyword Fix","Keyboard Shortcuts","Minty Spire (QoL Compilation)","Quick Restart","StSLib","SuperFastMode"],"gold_per_floor":[110,110,121,121,139,174,174,188,234,234,247,247,247,267,267,267,267],"floor_reached":16,"playtime":584,"items_purged":[],"score":112,"play_id":"9b4fd6e6-ab3d-4d90-8b64-da16ccffe825","local_time":"20201229185030","is_ascension_mode":true,"campfire_choices":[{"floor":12,"key":"REST"},{"data":"Flame Barrier","floor":15,"key":"SMITH"}],"circlet_count":0,"master_deck":["Strike_R","Strike_R","Strike_R","Strike_R","Defend_R","Defend_R","Defend_R","Defend_R","Bash","Inflame","Sword Boomerang","Spot Weakness","Flame Barrier+1","Bash","Shrug It Off"],"relics":["Burning Blood","Mummified Hand","Tiny Chest","Smiling Mask","Boot"],"acts_visited":["Exordium"],"potions_floor_usage":[3,3,6,11,14,14,16],"damage_taken":[{"damage":1,"enemies":"Cultist","floor":1,"turns":3},{"damage":6,"enemies":"2 Louse","floor":3,"turns":5},{"damage":7,"enemies":"Small Slimes","floor":5,"turns":3},{"damage":16,"enemies":"Lagavulin","floor":6,"turns":5},{"damage":7,"enemies":"2 Fungi Beasts","floor":8,"turns":3},{"damage":25,"enemies":"Lots of Slimes","floor":11,"turns":4},{"damage":11,"enemies":"Exordium Thugs","floor":14,"turns":5},{"damage":79,"enemies":"Slime Boss","floor":16,"turns":12}],"seed_played":"4823459821361253877","potions_obtained":[{"floor":1,"key":"EntropicBrew"},{"floor":3,"key":"Strength Potion"},{"floor":14,"key":"LiquidBronze"}],"is_trial":false,"path_per_floor":["M","$","M","?","M","E","?","M","T","?","M","R","?","M","R","B"],"character_chosen":"IRONCLAD","items_purchased":[],"campfire_rested":1,"item_purchase_floors":[],"current_hp_per_floor":[88,88,88,81,80,70,70,69,69,66,47,73,73,68,68,0,0],"gold":267,"neow_bonus":"TEN_PERCENT_HP_BONUS","is_daily":false,"chose_seed":false,"campfire_upgraded":1,"win_rate":0.0,"timestamp":1609235430,"path_taken":["M","?","?","?","M","E","?","M","T","?","M","R","?","M","R","BOSS"],"items_purchased_type":[],"build_version":"2020-12-22","purchased_purges":0,"victory":false,"max_hp_per_floor":[88,88,88,88,88,88,88,88,88,88,88,88,88,88,88,88,88],"card_choices":[{"not_picked":["Infernal Blade","Burning Pact","Clothesline"],"picked":"SKIP","floor":1},{"not_picked":["Cleave","Combust"],"picked":"Inflame","floor":3},{"not_picked":["Rupture","Bloodletting"],"picked":"Sword Boomerang","floor":5},{"not_picked":["Shrug It Off","Clash"],"picked":"Spot Weakness","floor":6},{"not_picked":["Bloodletting","Iron Wave","Havoc"],"picked":"SKIP","floor":8},{"not_picked":["Headbutt","Fiend Fire"],"picked":"Flame Barrier","floor":11},{"not_picked":["Entrench","Metallicize"],"picked":"Shrug It Off","floor":14}],"player_experience":290089,"relics_obtained":[{"floor":6,"key":"Mummified Hand"},{"floor":9,"key":"Smiling Mask"}],"event_choices":[{"cards_removed":["Strike_R"],"damage_healed":0,"gold_gain":0,"player_choice":"Card Removal","damage_taken":7,"max_hp_gain":0,"max_hp_loss":0,"event_name":"Golden Wing","floor":4,"gold_loss":0},{"damage_healed":0,"gold_gain":0,"player_choice":"Searched \u00272\u0027 times","damage_taken":0,"relics_obtained":["Tiny Chest"],"max_hp_gain":0,"max_hp_loss":0,"event_name":"Dead Adventurer","floor":7,"gold_loss":0},{"damage_healed":0,"gold_gain":0,"player_choice":"Success","damage_taken":3,"relics_obtained":["Boot"],"max_hp_gain":0,"max_hp_loss":0,"event_name":"Scrap Ooze","floor":10,"gold_loss":0},{"damage_healed":0,"gold_gain":0,"player_choice":"1 cards matched","damage_taken":0,"max_hp_gain":0,"max_hp_loss":0,"event_name":"Match and Keep!","floor":13,"gold_loss":0,"cards_obtained":["Bash"]}],"is_beta":false,"boss_relics":[],"items_purged_floors":[],"is_endless":false,"potions_floor_spawned":[1,3,14],"killed_by":"Slime Boss","ascension_level":2}}