{"host":"b0hh64pqctf46s8m","time":1609274002,"event":{"mods":["Act Like it!","BaseMod","Bestiary","CCEM","CapriCore","ChefMod","Conspire","Curses Come First","Displayed Cursed Tome","Dota2Spire","Downfall","Ekko","Elementarium","Fireblade Mod","Hallownest","Hermit","Hubris","Infinite Spire","Jess\u0027s Bottle","JesterMod","Jorbs\u0027s Wanderer Trilogy","Lobotomy","Luminous","Menagerie","Minty Spire (QoL Compilation)","Pale of the Ancients","Permanent Neow","Relic Stats","Replay The Spire","Robot Space Explorer","Shade Mod","StSLib","The Blue Laboratory","The Dragon Tamer","The Immortal","The Marked","TheLocksmith","TheSwordswoman","TheVacant","TheWitcher","UnlockEverythingMod","Wandering Minibosses","??????REMEMod","????"],"gold_per_floor":[127,127,127,47,47,112,112,112,135,165,195,259,259,289,289,465,465,432,432,392,250,279,279,312,341,341,371,371,371],"floor_reached":28,"playtime":1308,"items_purged":["ekkoTheBoyWhoShatteredTime:Strike"],"score":246,"play_id":"d80cae27-4b9c-4d3d-ba68-816049e93937","local_time":"20201229123322","is_ascension_mode":false,"campfire_choices":[{"data":"hermit:DeadOrAlive","floor":7,"key":"SMITH"},{"floor":15,"key":"REST"},{"data":"ekkoTheBoyWhoShatteredTime:ComeAtMe","floor":23,"key":"SMITH"}],"circlet_count":0,"master_deck":["ekkoTheBoyWhoShatteredTime:Strike","ekkoTheBoyWhoShatteredTime:Strike","ekkoTheBoyWhoShatteredTime:Defend","ekkoTheBoyWhoShatteredTime:Defend","ekkoTheBoyWhoShatteredTime:Defend","ekkoTheBoyWhoShatteredTime:Defend","ekkoTheBoyWhoShatteredTime:TimeMaster","hermit:DeadOrAlive+1","ekkoTheBoyWhoShatteredTime:CatchUpTime","ekkoTheBoyWhoShatteredTime:ComeAtMe+1","ekkoTheBoyWhoShatteredTime:KneeNSwordCombo","ekkoTheBoyWhoShatteredTime:Dash","ekkoTheBoyWhoShatteredTime:DefensiveStance","ekkoTheBoyWhoShatteredTime:VelocityConsuming","ekkoTheBoyWhoShatteredTime:NaggingBlow","ekkoTheBoyWhoShatteredTime:AfterimageHit","ekkoTheBoyWhoShatteredTime:Periocharge","ekkoTheBoyWhoShatteredTime:NeedlesslyLargeRod+1","ekkoTheBoyWhoShatteredTime:IceBreak","ekkoTheBoyWhoShatteredTime:DelayedWork","ekkoTheBoyWhoShatteredTime:CalmingWaves+1","ekkoTheBoyWhoShatteredTime:AfterimageSetup+1","ekkoTheBoyWhoShatteredTime:Overflow+1"],"relics":["ekkoTheBoyWhoShatteredTime:zDriveResonance","REME_ComplimentaryCards","Ring of Searing","hubris:Towel","hubris:TenFootPole","Dota2Spire:PowerTreads","Replay:WaspNest","Cursed Key","Toxic Egg 2","Art of War"],"acts_visited":["Hallownest:Greenpath","TheCity"],"potions_floor_usage":[16,18,27,28],"damage_taken":[{"damage":3,"enemies":"Hallownest:2_MossCreeps","floor":1,"turns":6},{"damage":29,"enemies":"Hallownest:eliteMossKnight","floor":6,"turns":13},{"damage":3,"enemies":"Hallownest:monsterHuskGuard","floor":10,"turns":4},{"damage":0,"enemies":"Hallownest:2_Baldur","floor":11,"turns":3},{"damage":21,"enemies":"Hallownest:eliteCrystalGuardian","floor":12,"turns":7},{"damage":7,"enemies":"Hallownest:Guard_and_Warrior","floor":14,"turns":5},{"damage":17,"enemies":"Hallownest:BossFalseKnight","floor":16,"turns":8},{"damage":23,"enemies":"2 Thieves","floor":18,"turns":5},{"damage":10,"enemies":"Shell Parasite","floor":22,"turns":5},{"damage":9,"enemies":"Nightmare","floor":24,"turns":7},{"damage":18,"enemies":"3 Cultists","floor":25,"turns":5},{"damage":1,"enemies":"conspire:HollyBat","floor":27,"turns":7},{"damage":19,"enemies":"REME_1_Revenger","floor":28,"turns":4}],"seed_played":"3591626514772550694","potions_obtained":[{"floor":10,"key":"Weak Potion"},{"floor":14,"key":"Dota2Spire:Clarity"},{"floor":16,"key":"blueLaboratory:HorrorPotion"},{"floor":22,"key":"blueLaboratory:BottleOfVodka"}],"is_trial":false,"path_per_floor":["M","?","?","$","?","E","R","?","T","M","M","E","?","M","R","B",null,"M","?","?","$","M","R","NM","M","T","M","E"],"character_chosen":"EKKO_THE_BOY_WHO_SHATTERED_TIME","items_purchased":["ekkoTheBoyWhoShatteredTime:KneeNSwordCombo","ekkoTheBoyWhoShatteredTime:CalmingWaves+1"],"campfire_rested":1,"item_purchase_floors":[4,21],"current_hp_per_floor":[68,68,68,68,68,39,39,34,34,31,31,10,10,3,24,7,71,48,48,48,48,38,38,29,11,11,10,0,0],"gold":371,"neow_bonus":"THREE_RARE_CARDS","is_daily":false,"chose_seed":false,"campfire_upgraded":2,"win_rate":0.0,"timestamp":1609274002,"path_taken":["M","?","?","$","?","E","R","?","T","M","?","E","?","M","R","BOSS","M","?","?","?","?","R","NM","M","T","M","E"],"items_purchased_type":["Card","Card"],"build_version":"2020-12-22","purchased_purges":1,"victory":false,"max_hp_per_floor":[71,71,71,71,71,71,71,71,71,71,71,71,71,71,71,71,71,71,71,71,71,71,71,71,71,71,71,71,71],"relic_stats":{"counters":[13,79],"Art of War":[2],"Cursed Key":0,"obtain_stats":[{"Dota2Spire:PowerTreads":9,"Replay:WaspNest":12,"hubris:TenFootPole":6,"Art of War":24,"hubris:Towel":3,"Toxic Egg 2":20,"ekkoTheBoyWhoShatteredTime:zDriveResonance":0,"Cursed Key":17,"REME_ComplimentaryCards":0,"Ring of Searing":2},{"Dota2Spire:PowerTreads":2,"Replay:WaspNest":5,"hubris:TenFootPole":2,"Art of War":10,"hubris:Towel":1,"Toxic Egg 2":8,"ekkoTheBoyWhoShatteredTime:zDriveResonance":0,"Cursed Key":7,"REME_ComplimentaryCards":0,"Ring of Searing":1},{"Dota2Spire:PowerTreads":19,"Replay:WaspNest":33,"hubris:TenFootPole":19,"Art of War":63,"hubris:Towel":6,"Toxic Egg 2":51,"ekkoTheBoyWhoShatteredTime:zDriveResonance":0,"Cursed Key":46,"REME_ComplimentaryCards":0,"Ring of Searing":6}]},"card_choices":[{"not_picked":["ekkoTheBoyWhoShatteredTime:URF","ekkoTheBoyWhoShatteredTime:GuinsoosRageblade"],"picked":"ekkoTheBoyWhoShatteredTime:CatchUpTime","floor":0},{"not_picked":["ekkoTheBoyWhoShatteredTime:QuickBreak","ekkoTheBoyWhoShatteredTime:TimeRecall"],"picked":"ekkoTheBoyWhoShatteredTime:ComeAtMe","floor":1},{"not_picked":["ekkoTheBoyWhoShatteredTime:Confident","ekkoTheBoyWhoShatteredTime:AfterimageHit"],"picked":"ekkoTheBoyWhoShatteredTime:Dash","floor":6},{"not_picked":["ekkoTheBoyWhoShatteredTime:FluidEnergy","ekkoTheBoyWhoShatteredTime:ParallelConvergence"],"picked":"ekkoTheBoyWhoShatteredTime:DefensiveStance","floor":10},{"not_picked":["ekkoTheBoyWhoShatteredTime:FluidEnergy","ekkoTheBoyWhoShatteredTime:WaitForKeyTiming"],"picked":"ekkoTheBoyWhoShatteredTime:VelocityConsuming","floor":11},{"not_picked":["ekkoTheBoyWhoShatteredTime:CalmingWaves","ekkoTheBoyWhoShatteredTime:KneeNSwordCombo"],"picked":"ekkoTheBoyWhoShatteredTime:NaggingBlow","floor":12},{"not_picked":["ekkoTheBoyWhoShatteredTime:PlayTheBeat","ekkoTheBoyWhoShatteredTime:NashorsTooth"],"picked":"ekkoTheBoyWhoShatteredTime:AfterimageHit","floor":14},{"not_picked":["ekkoTheBoyWhoShatteredTime:OverloadingWeapon","ekkoTheBoyWhoShatteredTime:SandstormSympathy"],"picked":"ekkoTheBoyWhoShatteredTime:Periocharge","floor":16},{"not_picked":["ekkoTheBoyWhoShatteredTime:SpHit+1","ekkoTheBoyWhoShatteredTime:QuickBreak"],"picked":"ekkoTheBoyWhoShatteredTime:NeedlesslyLargeRod+1","floor":18},{"not_picked":["ekkoTheBoyWhoShatteredTime:AfterimageTimeWrap+1","ekkoTheBoyWhoShatteredTime:WideSlice"],"picked":"ekkoTheBoyWhoShatteredTime:AfterimageSetup+1","floor":22},{"not_picked":["ekkoTheBoyWhoShatteredTime:LichBane+1","ekkoTheBoyWhoShatteredTime:AfterimageDualStroke","ekkoTheBoyWhoShatteredTime:Backtrack+1"],"picked":"SKIP","floor":24},{"not_picked":["ekkoTheBoyWhoShatteredTime:SneakHit","ekkoTheBoyWhoShatteredTime:HauntedAfterimage","ekkoTheBoyWhoShatteredTime:DodgeTraining+1"],"picked":"SKIP","floor":25},{"not_picked":["ekkoTheBoyWhoShatteredTime:Dash+1","ekkoTheBoyWhoShatteredTime:PhaseDive+1"],"picked":"ekkoTheBoyWhoShatteredTime:Overflow+1","floor":27}],"player_experience":1408674,"relics_obtained":[{"floor":2,"key":"Ring of Searing"},{"floor":6,"key":"hubris:TenFootPole"},{"floor":9,"key":"Dota2Spire:PowerTreads"},{"floor":12,"key":"Replay:WaspNest"},{"floor":24,"key":"Art of War"}],"event_choices":[{"damage_healed":0,"gold_gain":0,"cards_transformed":["ekkoTheBoyWhoShatteredTime:Strike","ekkoTheBoyWhoShatteredTime:Strike"],"player_choice":"Became Test Subject","damage_taken":0,"max_hp_gain":0,"max_hp_loss":0,"event_name":"Drug Dealer","floor":19,"gold_loss":0,"cards_obtained":["ekkoTheBoyWhoShatteredTime:IceBreak","ekkoTheBoyWhoShatteredTime:DelayedWork"]}],"is_beta":false,"boss_relics":[{"not_picked":["conspire:RoyalGoblet","Tiny House"],"picked":"Cursed Key"}],"items_purged_floors":[21],"is_endless":false,"potions_floor_spawned":[10,14,16,22],"killed_by":"REME_1_Revenger","ascension_level":0}}