{"host":"4cz9gr89nglr7k8k","time":1609277814,"event":{"mods":["BaseMod","Minty Spire (QoL Compilation)","Relic Stats","Slay-I"],"gold_per_floor":[119,119,119,195,212,245,245,271,271,104,104,135,135,135,135,209,209,227,245,70,89,89,89,114,127,127,127,161,180,180,199,199,278,278,294,182,193,207,227,227,241,241,241,241,241],"floor_reached":44,"playtime":1597,"items_purged":["Strike_R"],"score":892,"play_id":"e377f968-e48e-4461-9f64-615f532827ad","local_time":"20201229223654","is_ascension_mode":true,"campfire_choices":[{"floor":7,"key":"REST"},{"floor":11,"key":"REST"},{"floor":13,"key":"REST"},{"floor":15,"key":"REST"},{"floor":23,"key":"REST"},{"floor":27,"key":"REST"},{"floor":32,"key":"REST"},{"floor":40,"key":"REST"},{"floor":42,"key":"REST"}],"circlet_count":0,"master_deck":["AscendersBane","Strike_R","Strike_R","Strike_R","Strike_R","Defend_R","Defend_R","Defend_R+1","Defend_R","Bash+1","Cleave","Clothesline","Infernal Blade","Fiend Fire","Disarm+1","Bash","Reaper","Havoc","Twin Strike","Inflame+1","Anger","Intimidate","Combust+1","Shrug It Off","Rupture+1","Twin Strike","Impervious","Havoc+1","Havoc","Rupture+1","Power Through","Anger"],"relics":["Burning Blood","Frozen Egg 2","Omamori","Strawberry","Pantograph","Art of War","Vajra","Centennial Puzzle","Busted Crown","Smiling Mask","War Paint","Ornamental Fan","MutagenicStrength","Black Star","Pen Nib","Bottled Flame"],"acts_visited":["Exordium","TheCity","TheBeyond"],"potions_floor_usage":[6,8,12,16,28,28,33,44,44],"damage_taken":[{"damage":7,"enemies":"Cultist","floor":1,"turns":4},{"damage":20,"enemies":"Small Slimes","floor":5,"turns":3},{"damage":55,"enemies":"3 Sentries","floor":6,"turns":9},{"damage":24,"enemies":"Gremlin Nob","floor":8,"turns":4},{"damage":40,"enemies":"Lagavulin","floor":12,"turns":4},{"damage":38,"enemies":"Slime Boss","floor":16,"turns":4},{"damage":26,"enemies":"3 Byrds","floor":18,"turns":7},{"damage":1,"enemies":"Spheric Guardian","floor":19,"turns":3},{"damage":27,"enemies":"Centurion and Healer","floor":21,"turns":4},{"damage":42,"enemies":"Shelled Parasite and Fungi","floor":25,"turns":4},{"damage":27,"enemies":"Gremlin Leader","floor":28,"turns":6},{"damage":13,"enemies":"Snecko","floor":29,"turns":4},{"damage":6,"enemies":"Centurion and Healer","floor":31,"turns":5},{"damage":70,"enemies":"Collector","floor":33,"turns":8},{"damage":33,"enemies":"Orb Walker","floor":35,"turns":5},{"damage":14,"enemies":"3 Shapes","floor":37,"turns":7},{"damage":50,"enemies":"3 Darklings","floor":38,"turns":4},{"damage":54,"enemies":"Sphere and 2 Shapes","floor":39,"turns":7},{"damage":53,"enemies":"Maw","floor":41,"turns":7},{"damage":69,"enemies":"Giant Head","floor":44,"turns":5}],"seed_played":"-6902970460152342640","potions_obtained":[{"floor":5,"key":"Regen Potion"},{"floor":6,"key":"FearPotion"},{"floor":8,"key":"Ancient Potion"},{"floor":12,"key":"Strength Potion"},{"floor":19,"key":"LiquidBronze"},{"floor":25,"key":"SkillPotion"},{"floor":28,"key":"SneckoOil"},{"floor":31,"key":"Weak Potion"},{"floor":33,"key":"FairyPotion"},{"floor":37,"key":"PowerPotion"},{"floor":39,"key":"SteroidPotion"}],"is_trial":false,"path_per_floor":["M","T","?","?","M","E","R","E","T","$","R","E","R","?","R","B",null,"M","M","$","M","?","R","T","M","T","R","E","M","?","M","R","B",null,"M","?","M","M","M","R","M","R","T","E"],"character_chosen":"IRONCLAD","items_purchased":["Vajra","Inflame+1","Anger"],"campfire_rested":9,"item_purchase_floors":[10,20,20],"current_hp_per_floor":[67,67,56,56,42,15,39,21,21,21,45,11,35,35,59,50,74,58,63,63,47,23,49,49,13,13,39,33,38,38,38,64,43,76,57,57,49,29,24,50,12,38,38,0,0],"gold":241,"neow_bonus":"UPGRADE_CARD","is_daily":false,"chose_seed":false,"campfire_upgraded":0,"win_rate":0.0,"timestamp":1609277814,"path_taken":["M","?","?","?","M","E","R","E","T","$","R","E","R","?","R","BOSS","M","?","$","?","?","R","?","M","T","R","E","?","?","M","R","BOSS","M","?","M","?","?","R","M","R","T","E"],"items_purchased_type":["Relic","Card","Card"],"build_version":"2020-12-22","purchased_purges":1,"victory":false,"max_hp_per_floor":[75,75,75,75,75,82,82,82,82,82,82,82,82,82,82,82,82,82,82,82,82,87,87,87,87,87,87,87,87,87,87,87,87,87,87,87,87,87,87,87,87,87,87,87,87],"relic_stats":{"Centennial Puzzle":[45],"Busted Crown":26,"counters":[20,104],"Ornamental Fan":[56],"Pantograph":46,"Pen Nib":[4],"Art of War":[7],"Black Star":0,"War Paint":["Disarm","Defend_R"],"Smiling Mask":0,"obtain_stats":[{"Vajra":10,"Pen Nib":36,"Omamori":3,"Frozen Egg 2":2,"War Paint":26,"Smiling Mask":24,"Burning Blood":0,"Centennial Puzzle":12,"Bottled Flame":43,"Busted Crown":17,"Ornamental Fan":28,"Strawberry":6,"Pantograph":8,"MutagenicStrength":30,"Art of War":9,"Black Star":34},{"Vajra":4,"Pen Nib":15,"Omamori":1,"Frozen Egg 2":1,"War Paint":10,"Smiling Mask":9,"Burning Blood":0,"Centennial Puzzle":5,"Bottled Flame":19,"Busted Crown":6,"Ornamental Fan":11,"Strawberry":3,"Pantograph":4,"MutagenicStrength":12,"Art of War":4,"Black Star":14},{"Vajra":20,"Pen Nib":74,"Omamori":4,"Frozen Egg 2":4,"War Paint":46,"Smiling Mask":42,"Burning Blood":0,"Centennial Puzzle":24,"Bottled Flame":99,"Busted Crown":28,"Ornamental Fan":52,"Strawberry":16,"Pantograph":20,"MutagenicStrength":56,"Art of War":20,"Black Star":69}],"Burning Blood":114},"card_choices":[{"not_picked":["Pommel Strike","Iron Wave"],"picked":"Cleave","floor":1},{"not_picked":["Wild Strike","True Grit"],"picked":"Clothesline","floor":5},{"not_picked":["Rampage","Power Through"],"picked":"Infernal Blade","floor":6},{"not_picked":["Heavy Blade","Dropkick"],"picked":"Fiend Fire","floor":8},{"not_picked":["Headbutt","Clothesline"],"picked":"Disarm","floor":12},{"not_picked":["Fiend Fire","Exhume"],"picked":"Reaper","floor":16},{"not_picked":[],"picked":"Havoc","floor":18},{"not_picked":[],"picked":"Twin Strike","floor":19},{"not_picked":[],"picked":"Intimidate","floor":21},{"not_picked":[],"picked":"Combust+1","floor":25},{"not_picked":[],"picked":"Shrug It Off","floor":28},{"not_picked":[],"picked":"Rupture+1","floor":29},{"not_picked":[],"picked":"Twin Strike","floor":31},{"not_picked":[],"picked":"Impervious","floor":33},{"not_picked":[],"picked":"Havoc+1","floor":35},{"not_picked":[],"picked":"Havoc","floor":37},{"not_picked":[],"picked":"Rupture+1","floor":38},{"not_picked":[],"picked":"Power Through","floor":39},{"not_picked":[],"picked":"Anger","floor":41}],"player_experience":1470897,"relics_obtained":[{"floor":2,"key":"Frozen Egg 2"},{"floor":6,"key":"Strawberry"},{"floor":8,"key":"Pantograph"},{"floor":9,"key":"Art of War"},{"floor":12,"key":"Centennial Puzzle"},{"floor":24,"key":"Smiling Mask"},{"floor":26,"key":"War Paint"},{"floor":28,"key":"Ornamental Fan"},{"floor":43,"key":"Bottled Flame"}],"event_choices":[{"damage_healed":0,"gold_gain":0,"player_choice":"Success","damage_taken":11,"relics_obtained":["Omamori"],"max_hp_gain":0,"max_hp_loss":0,"event_name":"Scrap Ooze","floor":3,"gold_loss":0},{"damage_healed":0,"gold_gain":76,"player_choice":"Gained Gold","damage_taken":0,"max_hp_gain":0,"max_hp_loss":0,"event_name":"Golden Wing","floor":4,"gold_loss":0},{"damage_healed":0,"gold_gain":0,"player_choice":"3 cards matched","damage_taken":0,"max_hp_gain":0,"max_hp_loss":0,"event_name":"Match and Keep!","floor":14,"gold_loss":0,"cards_obtained":["Doubt","Injury","Bash"]},{"damage_healed":0,"gold_gain":0,"player_choice":"Shed Blood","damage_taken":29,"max_hp_gain":5,"max_hp_loss":0,"event_name":"Forgotten Altar","floor":22,"gold_loss":0},{"damage_healed":0,"gold_gain":0,"player_choice":"Inject Mutagens","damage_taken":0,"relics_obtained":["MutagenicStrength"],"max_hp_gain":0,"max_hp_loss":0,"event_name":"Drug Dealer","floor":30,"gold_loss":0},{"damage_healed":0,"gold_gain":0,"player_choice":"Paid Gold","damage_taken":0,"relics_obtained":["Pen Nib"],"max_hp_gain":0,"max_hp_loss":0,"event_name":"WeMeetAgain","floor":36,"gold_loss":112}],"is_beta":false,"boss_relics":[{"not_picked":["Fusion Hammer","Cursed Key"],"picked":"Busted Crown"},{"not_picked":["Snecko Eye","Runic Pyramid"],"picked":"Black Star"}],"items_purged_floors":[20],"is_endless":false,"potions_floor_spawned":[5,6,8,12,19,25,28,31,33,37,38,39],"killed_by":"Giant Head","ascension_level":20}}