{"host":"cbnfbo28eyz4xcn1","time":1609269801,"event":{"mods":["BaseMod","Colored Map","Colored Powertips","Infinite Spire","Minty Spire (QoL Compilation)","Replay The Spire","StSLib"],"gold_per_floor":[110,183,183,193,21,21,48,48,73,73,18,18,32,63,63,159,159,172,172,172,172,187,212,37,37,37,37,68,68,80,92,92,196,196,211,21,37,90,18,51,51,70,94,109,109,109,109,122,122,122],"floor_reached":51,"playtime":2280,"items_purged":[],"score":1216,"play_id":"e7e34819-e292-4ceb-a2eb-ce976a2bf98f","local_time":"20201229202321","is_ascension_mode":true,"campfire_choices":[{"data":"Cloak And Dagger","floor":6.0,"key":"SMITH"},{"floor":8.0,"key":"REST"},{"floor":10.0,"key":"REST"},{"floor":12.0,"key":"REST"},{"floor":15.0,"key":"REST"},{"data":"Skewer","floor":25.0,"key":"SMITH"},{"data":"Accuracy","floor":27.0,"key":"SMITH"},{"floor":29.0,"key":"REST"},{"floor":32.0,"key":"REST"},{"data":"Apotheosis","floor":41.0,"key":"SMITH"},{"data":"Infinite Blades","floor":45,"key":"SMITH"},{"data":"Phantasmal Killer","floor":47,"key":"SMITH"},{"data":"Dagger Spray","floor":49,"key":"SMITH"}],"circlet_count":0,"master_deck":["AscendersBane","Strike_G","Strike_G","Strike_G","Strike_G","Strike_G","Defend_G","Defend_G","Defend_G","Defend_G","Defend_G","Survivor","Neutralize","Survivor","Defend_P","Skewer+1","Cloak And Dagger+1","Blade Dance","Slice","Flying Knee","Flying Knee","Footwork","Dagger Spray+1","Accuracy+1","Caltrops","Infinite Blades+1","Unload","Backstab","Backflip","Backstab","Bandage Up","Footwork","Glass Knife","Slice","Phantasmal Killer+1","Overencumbered","Injury","Decay","Dagger Spray+1","Apotheosis+1","Deflect+1","Dagger Throw+1","Blade Dance+1","Parasite","PiercingWail+1"],"relics":["Ring of the Snake","Byrd Skull","Blue Doll","infinitespire:Eraser","Pet Ghost","Replay:Towering Pillar of Hats","Potion Belt","Pen Nib","infinitespire:Cupcake","Singing Bowl","Ninja Scroll","Du-Vu Doll","Kunai","Replay:Ancient Bell","PreservedInsect","Divine Protection","Vampiric Spirits","Tough Bandages","FossilizedHelix","Ancient Tea Set"],"acts_visited":["Exordium","TheCity","TheBeyond"],"potions_floor_usage":[50,50,50,50],"damage_taken":[{"damage":0.0,"enemies":"Small Slimes","floor":1.0,"turns":5.0},{"damage":4.0,"enemies":"2 Louse","floor":4.0,"turns":2.0},{"damage":49.0,"enemies":"Lagavulin","floor":7.0,"turns":10.0},{"damage":0.0,"enemies":"Cultist","floor":13.0,"turns":2.0},{"damage":22.0,"enemies":"Gremlin Nob","floor":14.0,"turns":4.0},{"damage":3.0,"enemies":"Slime Boss","floor":16.0,"turns":7.0},{"damage":2.0,"enemies":"Shell Parasite","floor":18.0,"turns":4.0},{"damage":0.0,"enemies":"Spheric Guardian","floor":22.0,"turns":3.0},{"damage":11.0,"enemies":"Gremlin Leader","floor":23.0,"turns":5.0},{"damage":31.0,"enemies":"Book of Stabbing","floor":28.0,"turns":3.0},{"damage":8.0,"enemies":"Cultist and Chosen","floor":30.0,"turns":2.0},{"damage":18.0,"enemies":"Snake Plant","floor":31.0,"turns":2.0},{"damage":39.0,"enemies":"Collector","floor":33.0,"turns":5.0},{"damage":0.0,"enemies":"Orb Walker","floor":35.0,"turns":1.0},{"damage":4.0,"enemies":"3 Darklings","floor":37.0,"turns":3.0},{"damage":0.0,"enemies":"2 Orb Walkers","floor":38.0,"turns":3.0},{"damage":0.0,"enemies":"Nemesis","floor":40.0,"turns":1.0},{"damage":30,"enemies":"Writhing Mass","floor":42,"turns":4},{"damage":0,"enemies":"Sphere and 2 Shapes","floor":44,"turns":2},{"damage":0,"enemies":"Spire Growth","floor":48,"turns":2},{"damage":15,"enemies":"Donu and Deca","floor":50,"turns":5}],"seed_played":"-8948281834553320632","potions_obtained":[{"floor":4.0,"key":"Ancient Potion"},{"floor":13.0,"key":"Energy Potion"},{"floor":22.0,"key":"SkillPotion"},{"floor":23.0,"key":"Toxic Potion"},{"floor":30.0,"key":"Venom Potion"},{"floor":35.0,"key":"LiquidBronze"},{"floor":38.0,"key":"DistilledChaos"},{"floor":40.0,"key":"Fire Potion"}],"is_trial":false,"path_per_floor":["M","?","?","M","$","R","E","R","T","R","$","R","M","E","R","B",null,"M","?","?","AVR","M","E","$","R","T","R","E","R","M","M","R","B",null,"M","$","M","?","$","E","R","M","T","M","R","?","R","M","R","B",null],"character_chosen":"THE_SILENT","items_purchased":["Flying Knee","Pet Ghost","Dagger Spray+1","Accuracy","Bandage Up","Footwork","Apotheosis","Venom Potion"],"campfire_rested":6,"item_purchase_floors":[5,5,11,11,24,24,36,39],"current_hp_per_floor":[63,63,60,56,56,56,7,28,28,49,49,70,70,48,69,66,69,67,67,67,67,67,56,56,56,56,56,29,50,42,30,51,16,64,78,78,74,78,78,78,78,48,48,77,77,79,79,84,84,69],"gold":122,"neow_bonus":"ONE_RARE_RELIC","is_daily":false,"chose_seed":false,"campfire_upgraded":7,"win_rate":0.0,"timestamp":1609269801,"path_taken":["M","?","?","M","$","R","E","R","T","R","$","R","M","E","R","BOSS","M","?","?","AVR","M","E","$","R","T","R","E","R","M","M","R","BOSS","M","$","M","?","$","E","R","M","T","M","R","?","R","M","R","BOSS"],"items_purchased_type":["Card","Relic","Card","Card","Card","Card","Card","Potion"],"build_version":"2020-12-22","purchased_purges":0,"victory":true,"max_hp_per_floor":[70,70,70,70,70,70,70,70,70,70,70,70,70,70,70,70,70,70,70,70,70,70,70,70,70,70,70,70,70,70,72,72,72,78,78,78,78,78,78,78,78,78,78,80,80,82,82,84,84,84],"card_choices":[{"not_picked":["Sucker Punch","Eviscerate"],"picked":"Skewer","floor":1.0},{"not_picked":["Blade Dance","Blur"],"picked":"Cloak And Dagger","floor":2.0},{"not_picked":["Acrobatics","Leg Sweep"],"picked":"Blade Dance","floor":2.0},{"not_picked":["Crippling Poison","Leg Sweep"],"picked":"Slice","floor":4.0},{"not_picked":["Storm of Steel","Acrobatics"],"picked":"Footwork","floor":7.0},{"not_picked":["Predator","Well Laid Plans"],"picked":"Caltrops","floor":13.0},{"not_picked":["Distraction","Dodge and Roll"],"picked":"Infinite Blades","floor":14.0},{"not_picked":["Tools of the Trade","ReplayTheSpireMod:From All Sides"],"picked":"Unload","floor":16.0},{"not_picked":["Eviscerate","Finisher"],"picked":"Backstab","floor":18.0},{"not_picked":["Acrobatics","Deadly Poison"],"picked":"Backflip","floor":22.0},{"not_picked":["Bane","Backflip+1"],"picked":"Backstab","floor":23.0},{"not_picked":["Infinite Blades","Outmaneuver"],"picked":"Glass Knife","floor":28.0},{"not_picked":["Toxin Wave","Footwork"],"picked":"Slice","floor":30.0},{"not_picked":["Cloak And Dagger","Riddle With Holes","Deadly Poison"],"picked":"Singing Bowl","floor":31.0},{"not_picked":["Storm of Steel","Malaise"],"picked":"Phantasmal Killer","floor":33.0},{"not_picked":["Writhe","Overencumbered","ReplayTheSpireMod:Splinters"],"picked":"Singing Bowl","floor":34.0},{"not_picked":["Spreading Infection","Injury","Parasite"],"picked":"Singing Bowl","floor":34.0},{"not_picked":["CurseOfTheBell","Decay","Looming Evil"],"picked":"Singing Bowl","floor":34.0},{"not_picked":["Setup+1","Underhanded Strike"],"picked":"Dagger Spray","floor":35.0},{"not_picked":["Backflip","Hidden Blade"],"picked":"Deflect+1","floor":37.0},{"not_picked":["Hidden Blade","Endless Agony+1"],"picked":"Dagger Throw+1","floor":38.0},{"not_picked":["Riddle With Holes+1","Fluid Movement"],"picked":"Blade Dance+1","floor":40.0},{"not_picked":["Dagger Spray","Adrenaline"],"picked":"PiercingWail+1","floor":42},{"not_picked":["Acrobatics","ReplayTheSpireMod:Tripwire","Flying Knee"],"picked":"Singing Bowl","floor":44},{"not_picked":["Impatience","Blind","Jack Of All Trades"],"picked":"Singing Bowl","floor":46},{"not_picked":["Sucker Punch","Prepared","Quick Slash"],"picked":"Singing Bowl","floor":48}],"player_experience":472409,"relics_obtained":[{"floor":2.0,"key":"Blue Doll"},{"floor":7.0,"key":"Replay:Towering Pillar of Hats"},{"floor":9.0,"key":"Potion Belt"},{"floor":14.0,"key":"Pen Nib"},{"floor":23.0,"key":"Ninja Scroll"},{"floor":26.0,"key":"Du-Vu Doll"},{"floor":28.0,"key":"Kunai"},{"floor":38.0,"key":"Tough Bandages"},{"floor":40.0,"key":"FossilizedHelix"},{"floor":43,"key":"Ancient Tea Set"}],"event_choices":[{"damage_healed":0.0,"max_hp_gain":0.0,"max_hp_loss":0.0,"gold_gain":0.0,"event_name":"Scrap Ooze","player_choice":"Success","floor":3.0,"gold_loss":0.0,"damage_taken":3.0,"relics_obtained":["infinitespire:Eraser"]},{"damage_healed":0.0,"max_hp_gain":0.0,"max_hp_loss":0.0,"gold_gain":0.0,"event_name":"Beggar","player_choice":"Ignored","floor":19.0,"gold_loss":0.0,"damage_taken":0.0},{"damage_healed":0.0,"max_hp_gain":0.0,"max_hp_loss":0.0,"gold_gain":0.0,"event_name":"Mysterious Sphere","player_choice":"Fight","floor":38.0,"gold_loss":0.0,"damage_taken":0.0},{"damage_healed":0,"gold_gain":0,"player_choice":"Memory 1","damage_taken":0,"max_hp_gain":0,"max_hp_loss":0,"event_name":"SensoryStone","floor":46,"gold_loss":0}],"is_beta":false,"boss_relics":[{"not_picked":["Fusion Hammer","ReplayTheSpireMod:DimensionalGlitch"],"picked":"infinitespire:Cupcake"},{"not_picked":["Kintsugi","Runic Dome"],"picked":"Replay:Ancient Bell"},{"not_picked":["MealTicket","Juzu Bracelet"],"picked":"PreservedInsect"},{"not_picked":["Frozen Egg 2","White Beast Statue"],"picked":"Divine Protection"},{"not_picked":["Ice Cream","Torii"],"picked":"Vampiric Spirits"}],"items_purged_floors":[],"is_endless":false,"potions_floor_spawned":[4,13,22,23,30,35,38,40],"ascension_level":10}}