{"host":"fdmexzkyss3ff9bv","time":1609279908,"event":{"mods":["BaseMod","Beaked The Cultist","BetterRewards","Downfall","Glutton Mod","Halation","Hubris","Infinite Spire","Minty Spire (QoL Compilation)","Replay The Spire","StSLib","The Animator","The Blackbeard","The Bug Knight","The Construct","The Mystic","The Servant 0.9.4","The Witch"],"gold_per_floor":[112,212,223,243,243,275,275,290,342,342,72,90,106,119,119,219,219,235,235,235,250,250,250,250,269,269,286,286,286,286,286,286],"floor_reached":31,"playtime":2260,"items_purged":["Normality"],"score":387,"play_id":"09465a7e-38a5-49b5-a10d-415cdba0822f","local_time":"20201229231148","is_ascension_mode":false,"campfire_choices":[{"floor":7,"key":"REST"},{"floor":10,"key":"REST"},{"floor":15,"key":"REST"},{"data":"1","floor":23,"key":"LIFT"}],"circlet_count":0,"master_deck":["Strike_G","Strike_G","Strike_G","Strike_G","Strike_G","Defend_G","Defend_G","Defend_G","Defend_G","Defend_G","Survivor","Neutralize","Bouncing Flask+1","Slice","Flying Knee","Terror","Poisoned Stab","Storm of Steel","Quick Slash","Venomology","Dagger Throw+1","Infinite Blades","PiercingWail","hubris:Sniper","Burst","Draining Mist+1","infinitespire:Punishment","Dagger Spray+1","Hidden Blade+1","Prepared+1","RitualDagger","Ghostly","Ghostly","Ghostly","Ghostly","Ghostly"],"relics":["Ring of the Snake","Girya","HollowMod:LifeEnderRelic","Anchor","ReplayTheSpireMod:CursedCoin","Orichalcum","Honey Jar","HornCleat","BargainBundle","ReplayTheSpireMod:Lightbulb"],"acts_visited":["Exordium","TheCity"],"potions_floor_usage":[8,12,13,16,16,16,25,27,31,31,31,31],"damage_taken":[{"damage":9,"enemies":"Small Slimes","floor":1,"turns":3},{"damage":0,"enemies":"Cultist","floor":3,"turns":3},{"damage":6,"enemies":"2 Louse","floor":4,"turns":2},{"damage":29,"enemies":"Gremlin Nob","floor":6,"turns":4},{"damage":25,"enemies":"Gremlin Gang","floor":8,"turns":4},{"damage":2,"enemies":"Blue Slaver","floor":12,"turns":2},{"damage":6,"enemies":"Large Slime","floor":13,"turns":4},{"damage":0,"enemies":"3 Louse","floor":14,"turns":3},{"damage":10,"enemies":"Slime Boss","floor":16,"turns":8},{"damage":0,"enemies":"Chosen","floor":18,"turns":3},{"damage":0,"enemies":"2 Thieves","floor":21,"turns":3},{"damage":0,"enemies":"3 Cultists","floor":25,"turns":3},{"damage":0,"enemies":"Snake Plant","floor":27,"turns":2},{"damage":55,"enemies":"Nightmare","floor":31,"turns":7}],"seed_played":"-5996465800390369796","potions_obtained":[{"floor":1,"key":"Venom Potion"},{"floor":3,"key":"SteroidPotion"},{"floor":13,"key":"DuplicationPotion"},{"floor":21,"key":"SpeedPotion"},{"floor":24,"key":"DuplicationPotion"},{"floor":24,"key":"Elixir"},{"floor":24,"key":"Cursed Concoction"},{"floor":25,"key":"FairyPotion"}],"is_trial":false,"path_per_floor":["M","?","M","M","T","E","R","M","T","R","$","M","M","M","R","B",null,"M","?","AVR","M","?","R","?","M","T","M","?","$","?","NM"],"character_chosen":"THE_SILENT","items_purchased":["Bouncing Flask+1","Slice","ReplayTheSpireMod:CursedCoin","Venomology","Orichalcum","Dagger Throw+1"],"campfire_rested":3,"item_purchase_floors":[0,0,11,11,11,11],"current_hp_per_floor":[48,48,48,42,42,13,34,9,9,30,30,28,22,22,43,33,70,70,63,63,63,50,50,50,50,50,50,44,44,37,0,0],"gold":286,"neow_bonus":"","is_daily":false,"chose_seed":false,"campfire_upgraded":0,"win_rate":0.0,"timestamp":1609279908,"path_taken":["M","?","?","M","?","E","R","M","T","R","$","?","M","M","R","BOSS","M","?","AVR","M","?","R","?","M","T","?","?","$","?","NM"],"items_purchased_type":["Card","Card","Relic","Card","Relic","Card"],"build_version":"2020-12-13","purchased_purges":1,"victory":false,"max_hp_per_floor":[70,70,70,70,70,70,70,70,70,70,70,70,70,70,70,70,70,70,70,70,70,75,75,75,75,75,75,75,75,37,37,37],"card_choices":[{"not_picked":["Dodge and Roll","hubris:SlightOfHand"],"picked":"Flying Knee","floor":1},{"not_picked":["Endless Agony","ReplayTheSpireMod:Speed Training"],"picked":"Terror","floor":3},{"not_picked":["Riddle With Holes","Infinite Blades"],"picked":"Poisoned Stab","floor":4},{"not_picked":["Acrobatics","Poisoned Stab"],"picked":"Storm of Steel","floor":6},{"not_picked":["Poisoned Stab","Caltrops"],"picked":"Quick Slash","floor":8},{"not_picked":["Dagger Throw","ReplayTheSpireMod:Tripwire"],"picked":"Infinite Blades","floor":12},{"not_picked":["ReplayTheSpireMod:Tripwire","Hidden Blade"],"picked":"PiercingWail","floor":13},{"not_picked":["Choke","Underhanded Strike"],"picked":"hubris:Sniper","floor":14},{"not_picked":["Night Terror","Phantasmal Killer"],"picked":"Burst","floor":16},{"not_picked":["Dagger Throw","Backflip+1","Dodge and Roll"],"picked":"Draining Mist+1","floor":18},{"not_picked":["Replay:Poison Smokescreen","Underhanded Strike","Flying Knee"],"picked":"Dagger Spray+1","floor":21},{"not_picked":["ReplayTheSpireMod:Tripwire","Poisoned Stab","Prepared+1"],"picked":"Hidden Blade+1","floor":25},{"not_picked":["ReplayTheSpireMod:Tripwire","Riddle With Holes","Heel Hook+1"],"picked":"Prepared+1","floor":27}],"player_experience":51282,"relics_obtained":[{"floor":5,"key":"HollowMod:LifeEnderRelic"},{"floor":6,"key":"Anchor"},{"floor":26,"key":"ReplayTheSpireMod:Lightbulb"}],"event_choices":[{"damage_healed":0,"gold_gain":100,"player_choice":"Gold","damage_taken":0,"max_hp_gain":0,"max_hp_loss":0,"event_name":"Wheel of Change","floor":2,"gold_loss":0},{"damage_healed":0,"gold_gain":0,"player_choice":"HornCleat","damage_taken":0,"relics_obtained":["HornCleat"],"max_hp_gain":0,"max_hp_loss":0,"event_name":"blackbeard:ShipwreckEvent","floor":19,"gold_loss":0},{"damage_healed":0,"gold_gain":0,"player_choice":"Shed Blood","damage_taken":18,"max_hp_gain":5,"max_hp_loss":0,"event_name":"Forgotten Altar","floor":22,"gold_loss":0},{"damage_healed":0,"gold_gain":0,"player_choice":"Got Potions","damage_taken":0,"max_hp_gain":0,"max_hp_loss":0,"event_name":"Lab","floor":24,"gold_loss":0},{"damage_healed":0,"gold_gain":0,"player_choice":"Joined the Cult","damage_taken":6,"max_hp_gain":0,"max_hp_loss":0,"event_name":"Nest","floor":28,"gold_loss":0,"cards_obtained":["RitualDagger"]},{"damage_healed":0,"gold_gain":0,"player_choice":"Became a Ghost","damage_taken":0,"max_hp_gain":0,"max_hp_loss":38,"event_name":"Ghosts","floor":30,"gold_loss":0,"cards_obtained":["Ghostly","Ghostly","Ghostly","Ghostly","Ghostly"]}],"is_beta":false,"boss_relics":[{"not_picked":["Fusion Hammer","hubris:VirtuousBlindfold"],"picked":"Honey Jar"}],"items_purged_floors":[11],"is_endless":false,"potions_floor_spawned":[1,3,13,14,21,25],"killed_by":"Nightmare","ascension_level":0}}