{"host":"ki5kvxn974a96omm","time":1609203566,"event":{"mods":["BaseMod","Colored Map","Colored Powertips","Downfall","Key Reminder","Minty Spire (QoL Compilation)","Relic Sorter","StSLib"],"gold_per_floor":[99,112,112,127,127,127,127,139,157,157,157,179,199,243,272,272,272,272],"floor_reached":16,"playtime":831,"items_purged":[],"score":168,"play_id":"76aa851d-362e-4bb3-867d-195b27282646","local_time":"20201228195926","is_ascension_mode":true,"campfire_choices":[{"data":"champ:PerfectForm","floor":1,"key":"SMITH"},{"data":"champ:Taunt","floor":10,"key":"SMITH"}],"circlet_count":0,"master_deck":["champ:Strike","champ:Strike","champ:Strike","champ:Strike","champ:Defend","champ:Defend","champ:Defend","champ:Defend","champ:Execute","champ:Taunt+1","champ:PerfectForm+1","champ:FanOfKnives","champ:CrookedStrike","champ:DefensiveStyle","champ:TornadoPunch","champ:BringItOn","champ:SteelEdge","champ:AdrenalArmor"],"relics":["champ:ChampionCrown","CeramicFish","FaceOfCleric","Torii"],"acts_visited":["Exordium"],"potions_floor_usage":[13,14,16,16],"damage_taken":[{"damage":12,"enemies":"Jaw Worm","floor":2,"turns":3},{"damage":6,"enemies":"2 Louse","floor":4,"turns":3},{"damage":0,"enemies":"Cultist","floor":6,"turns":1},{"damage":10,"enemies":"Lots of Slimes","floor":8,"turns":4},{"damage":13,"enemies":"Red Slaver","floor":9,"turns":4},{"damage":16,"enemies":"Large Slime","floor":12,"turns":6},{"damage":0,"enemies":"3 Louse","floor":13,"turns":1},{"damage":8,"enemies":"Lagavulin","floor":14,"turns":6},{"damage":14,"enemies":"Large Slime","floor":15,"turns":7},{"damage":27,"enemies":"downfall:Ironclad","floor":16,"turns":3}],"seed_played":"3977659895442862497","potions_obtained":[{"floor":9,"key":"Guardian:BlockOnCardUsePotion"},{"floor":12,"key":"Explosive Potion"},{"floor":13,"key":"DuplicationPotion"},{"floor":14,"key":"CultistPotion"}],"is_trial":false,"path_per_floor":["R","M","?","M","?","M","T","M","M","R","?","M","M","E","M","B"],"character_chosen":"THE_CHAMP","items_purchased":[],"campfire_rested":0,"item_purchase_floors":[],"current_hp_per_floor":[57,55,55,49,49,49,49,39,34,34,34,27,28,29,21,0,0,0],"gold":272,"neow_bonus":"THREE_RARE_CARDS","is_daily":false,"chose_seed":false,"campfire_upgraded":2,"win_rate":0.0,"timestamp":1609203566,"path_taken":["R","M","?","M","?","M","T","M","M","R","?","M","?","E","M","BOSS"],"items_purchased_type":[],"build_version":"2020-12-22","purchased_purges":0,"victory":false,"max_hp_per_floor":[90,90,90,90,90,90,90,90,90,90,90,91,92,93,94,94,94,94],"card_choices":[{"not_picked":["champ:LastStand","champ:CheapShot"],"picked":"champ:PerfectForm","floor":0},{"not_picked":["champ:Backstep","champ:BerserkersShout"],"picked":"champ:FanOfKnives","floor":2},{"not_picked":["champ:ShieldSigil","champ:GutPunch"],"picked":"champ:CrookedStrike","floor":4},{"not_picked":["champ:StanceDance","champ:BladeFlurry"],"picked":"champ:DefensiveStyle","floor":6},{"not_picked":["champ:GladiatorStyle","champ:Haymaker","champ:GladiatorsShout"],"picked":"SKIP","floor":8},{"not_picked":["champ:FightOn","champ:FanOfKnives","champ:ShieldThrow"],"picked":"SKIP","floor":9},{"not_picked":["champ:RecklessLeap","champ:CrookedStrike"],"picked":"champ:TornadoPunch","floor":12},{"not_picked":["champ:BladeFlurry","champ:StanceDance"],"picked":"champ:BringItOn","floor":13},{"not_picked":["champ:DefensiveShout","champ:StanceDance"],"picked":"champ:SteelEdge","floor":14},{"not_picked":["champ:BerserkersShout","champ:FlashCut"],"picked":"champ:AdrenalArmor","floor":15}],"player_experience":1907714,"relics_obtained":[{"floor":7,"key":"CeramicFish"},{"floor":14,"key":"Torii"}],"event_choices":[{"damage_healed":0,"gold_gain":0,"player_choice":"Trade","damage_taken":0,"relics_obtained":["FaceOfCleric"],"max_hp_gain":0,"max_hp_loss":0,"event_name":"FaceTrader","floor":11,"gold_loss":0}],"is_beta":false,"boss_relics":[],"items_purged_floors":[],"is_endless":false,"potions_floor_spawned":[9,12,13,14],"killed_by":"downfall:Ironclad","ascension_level":6}}