{"host":"2xqcnyceei4ojw3j","time":1609281056,"event":{"mods":["2.2 Compatiblity","AchievementEnabler","AlwaysNeverKeys","BaseMod","Better Note","BetterRewards","Card Forge","Custom Start","Jedi Mod","Minty Spire (QoL Compilation)","Quick Restart","Rare Cards Sparkle","Spicy Shops","StSLib","The Alterego"],"gold_per_floor":[114,114,114,127,127,127,127,156,180,208,208,225,225,68,68,172,172,192,192,192,209,223,251,251,268,268,23,38,49,49,49,49,149,149,166,185,135,49,1048,1048,1018,1018,1018,988,975,962,673,643,643,643,643,643,79,81,81],"floor_reached":56,"playtime":2756,"items_purged":[],"score":1471,"play_id":"83a3e7bd-1631-4677-8be5-694fd3cb8d96","local_time":"20201229203056","is_ascension_mode":false,"campfire_choices":[{"floor":6.0,"key":"REST"},{"floor":15.0,"key":"REST"},{"floor":24.0,"key":"REST"},{"floor":30.0,"key":"REST"},{"floor":32.0,"key":"REST"},{"floor":40,"key":"REST"},{"floor":42,"key":"REST"},{"floor":49,"key":"REST"},{"floor":52,"key":"REST"}],"circlet_count":0,"master_deck":["alterego_mod:Defend+1","alterego_mod:Defend+1","alterego_mod:Defend+1","alterego_mod:Clones+1","alterego_mod:SakuraPetals+1","alterego_mod:Bounce+1","alterego_mod:Mirror+1","alterego_mod:Rip+1","alterego_mod:Bounce+1","alterego_mod:Pet+1","alterego_mod:Bounce+1","alterego_mod:GachaTicket+1","alterego_mod:Birthday+1","alterego_mod:Weigh+1","alterego_mod:Rake+1","alterego_mod:Mirror+1","alterego_mod:GIGAMILK+1","alterego_mod:Stockings+1","alterego_mod:Nekomimi+1","alterego_mod:Stockings+1","alterego_mod:Jiggle+1","alterego_mod:InsideBaseball+1","alterego_mod:Rip+1","alterego_mod:Bounce+1","alterego_mod:Bounce+1","alterego_mod:Nekomimi+1","alterego_mod:Clones+1","alterego_mod:GIGAMILK+1","alterego_mod:Rip+1"],"relics":["alterego_mod:MasochisticConstitution","Hammer of Thor","Seething Fire","Anvil of the Gods","Smiling Mask","Oddly Smooth Stone","Toy Ornithopter","Letter Opener","Fusion Hammer","Anchor","Mummified Hand","jedi:HeartOfTheCards","CaptainsWheel","Bronze Scales","Juzu Bracelet","Lizard Tail","Turnip","Toolbox","Gambling Chip"],"acts_visited":["Exordium","TheCity","TheBeyond","TheEnding"],"potions_floor_usage":[50,50,50,54,55,55],"damage_taken":[{"damage":6.0,"enemies":"Cultist","floor":1.0,"turns":3.0},{"damage":15.0,"enemies":"Jaw Worm","floor":4.0,"turns":2.0},{"damage":14.0,"enemies":"Gremlin Nob","floor":8.0,"turns":3.0},{"damage":22.0,"enemies":"Lagavulin","floor":10.0,"turns":3.0},{"damage":0.0,"enemies":"2 Louse","floor":12.0,"turns":2.0},{"damage":41.0,"enemies":"Slime Boss","floor":16.0,"turns":7.0},{"damage":1.0,"enemies":"3 Byrds","floor":18.0,"turns":4.0},{"damage":0.0,"enemies":"Chosen","floor":21.0,"turns":4.0},{"damage":5.0,"enemies":"Snecko","floor":22.0,"turns":3.0},{"damage":39.0,"enemies":"Book of Stabbing","floor":23.0,"turns":5.0},{"damage":20.0,"enemies":"Centurion and Healer","floor":25.0,"turns":4.0},{"damage":0.0,"enemies":"Snake Plant","floor":28.0,"turns":2.0},{"damage":0.0,"enemies":"Chosen and Byrds","floor":29.0,"turns":4.0},{"damage":67.0,"enemies":"Collector","floor":33.0,"turns":9.0},{"damage":9.0,"enemies":"3 Shapes","floor":35.0,"turns":4.0},{"damage":35,"enemies":"3 Darklings","floor":36,"turns":4},{"damage":10,"enemies":"Spire Growth","floor":41,"turns":2},{"damage":5,"enemies":"Maw","floor":44,"turns":2},{"damage":13,"enemies":"4 Shapes","floor":45,"turns":4},{"damage":11,"enemies":"Jaw Worm Horde","floor":46,"turns":2},{"damage":0,"enemies":"Transient","floor":48,"turns":3},{"damage":60,"enemies":"Donu and Deca","floor":50,"turns":7},{"damage":37,"enemies":"Shield and Spear","floor":54,"turns":4},{"damage":131,"enemies":"The Heart","floor":55,"turns":9}],"seed_played":"5512611124937094719","potions_obtained":[{"floor":4.0,"key":"Strength Potion"},{"floor":8.0,"key":"SkillPotion"},{"floor":10.0,"key":"SpeedPotion"},{"floor":21.0,"key":"SkillPotion"},{"floor":25.0,"key":"jedi:tentaclejuice"},{"floor":28.0,"key":"Block Potion"},{"floor":29.0,"key":"BlessingOfTheForge"},{"floor":33.0,"key":"Swift Potion"},{"floor":35.0,"key":"LiquidBronze"},{"floor":45,"key":"GamblersBrew"},{"floor":54,"key":"Strength Potion"}],"is_trial":false,"path_per_floor":["M","?","?","M","$","R","?","E","T","E","T","M","?","$","R","B",null,"M","?","?","M","M","E","R","M","T","$","M","M","R","?","R","B",null,"M","M","$","$","?","R","M","R","T","M","M","M","$","M","R","B",null,"R","$","E","B",null],"character_chosen":"The_Alterego","items_purchased":["alterego_mod:Clones","alterego_mod:SakuraPetals","alterego_mod:Weigh","jedi:HeartOfTheCards","alterego_mod:Bounce","alterego_mod:Bounce","alterego_mod:Nekomimi","Bronze Scales","Juzu Bracelet","DistilledChaos","Energy Potion","Lizard Tail","Turnip","Toolbox"],"campfire_rested":9,"item_purchase_floors":[0,0,14,27,37,38,38,47,47,53,53,53,53,53],"current_hp_per_floor":[71,71,71,57,57,72,72,59,59,38,38,43,43,43,65,28,75,76,76,76,76,72,37,60,44,44,44,44,62,79,79,79,22,80,72,41,41,41,41,65,56,80,80,76,70,60,60,60,85,40,87,87,87,56,5],"gold":81,"neow_bonus":"","is_daily":false,"chose_seed":false,"campfire_upgraded":0,"win_rate":0.0,"timestamp":1609281056,"path_taken":["M","?","?","M","$","R","?","E","T","E","?","?","?","$","R","BOSS","M","?","?","M","?","E","R","M","T","$","M","?","R","?","R","BOSS","M","M","?","$","?","R","M","R","T","?","M","M","$","M","R","BOSS","R","$","E","BOSS"],"items_purchased_type":["Card","Card","Card","Relic","Card","Card","Card","Relic","Relic","Potion","Potion","Relic","Relic","Relic"],"build_version":"2020-12-22","purchased_purges":0,"victory":true,"max_hp_per_floor":[71,71,71,72,72,72,72,73,73,74,74,74,74,74,74,75,75,76,76,76,76,77,78,78,79,79,79,79,79,79,79,79,80,80,81,82,82,82,82,82,83,83,83,84,85,86,86,86,86,87,87,87,87,88,89],"card_choices":[{"not_picked":["alterego_mod:Punishment","alterego_mod:Cycle"],"picked":"alterego_mod:1TonWallop","floor":1.0},{"not_picked":["alterego_mod:TrashNCrash","alterego_mod:Skirt"],"picked":"alterego_mod:Bounce","floor":4.0},{"not_picked":["alterego_mod:BiFurious","alterego_mod:DeftHands"],"picked":"alterego_mod:Rip","floor":8.0},{"not_picked":["alterego_mod:RidiculouslyBig","alterego_mod:MaintainEyeContact","alterego_mod:Skirt"],"picked":"SKIP","floor":10.0},{"not_picked":["alterego_mod:DiscoLights","alterego_mod:Maid"],"picked":"alterego_mod:Bounce","floor":12.0},{"not_picked":["alterego_mod:Weigh","alterego_mod:BrynhildrRomantia"],"picked":"alterego_mod:Rake","floor":16.0},{"not_picked":["alterego_mod:DeftHands","alterego_mod:Maid"],"picked":"alterego_mod:Mirror","floor":18.0},{"not_picked":["alterego_mod:BoobPocket","alterego_mod:DustData","alterego_mod:DiscoLights"],"picked":"SKIP","floor":21.0},{"not_picked":["alterego_mod:Undulate","alterego_mod:Weigh"],"picked":"alterego_mod:Nekomimi","floor":22.0},{"not_picked":["alterego_mod:PerceptionDisorder","alterego_mod:Cycle","alterego_mod:Skirt"],"picked":"SKIP","floor":23.0},{"not_picked":["alterego_mod:DiscoLights","alterego_mod:Skirt"],"picked":"alterego_mod:Stockings+1","floor":25.0},{"not_picked":["alterego_mod:BeGentle","alterego_mod:Bloomers+1"],"picked":"alterego_mod:Jiggle","floor":28.0},{"not_picked":["alterego_mod:Undulate+1","alterego_mod:BusterCard","alterego_mod:Cooking"],"picked":"SKIP","floor":29.0},{"not_picked":["alterego_mod:Palingenesis","alterego_mod:Rake"],"picked":"alterego_mod:InsideBaseball","floor":33.0},{"not_picked":["alterego_mod:SuperDuperMasochism","alterego_mod:Undulate+1"],"picked":"alterego_mod:Rip+1","floor":35.0},{"not_picked":["alterego_mod:TrashNCrash","alterego_mod:Cooking+1","alterego_mod:1TonWallop+1"],"picked":"SKIP","floor":36},{"not_picked":["alterego_mod:Mirror+1","alterego_mod:Punishment"],"picked":"alterego_mod:Clones","floor":41},{"not_picked":["alterego_mod:GachaTicket","alterego_mod:GoddessCore+1","alterego_mod:1TonWallop"],"picked":"SKIP","floor":44},{"not_picked":["alterego_mod:RocketPunch","alterego_mod:Cycle+1","alterego_mod:Crossover"],"picked":"SKIP","floor":45},{"not_picked":["alterego_mod:DeftHands+1","alterego_mod:Bloomers","alterego_mod:BusterCard"],"picked":"SKIP","floor":46},{"not_picked":["alterego_mod:PresenceConcealment+1","alterego_mod:Cooking+1"],"picked":"alterego_mod:GIGAMILK","floor":48},{"not_picked":["alterego_mod:PerceptionDisorder+1","alterego_mod:HighServant+1"],"picked":"alterego_mod:Rip","floor":54}],"player_experience":99430,"relics_obtained":[{"floor":8.0,"key":"Smiling Mask"},{"floor":9.0,"key":"Oddly Smooth Stone"},{"floor":10.0,"key":"Toy Ornithopter"},{"floor":11.0,"key":"Letter Opener"},{"floor":23.0,"key":"Anchor"},{"floor":26.0,"key":"Mummified Hand"},{"floor":43,"key":"CaptainsWheel"},{"floor":54,"key":"Gambling Chip"}],"event_choices":[{"damage_healed":0.0,"max_hp_gain":0.0,"max_hp_loss":0.0,"gold_gain":0.0,"event_name":"Shining Light","player_choice":"Ignored","floor":2.0,"gold_loss":0.0,"damage_taken":0.0},{"damage_healed":0.0,"max_hp_gain":0.0,"max_hp_loss":0.0,"gold_gain":0.0,"event_name":"The Cleric","player_choice":"Leave","floor":3.0,"gold_loss":0.0,"damage_taken":0.0},{"damage_healed":0.0,"max_hp_gain":0.0,"max_hp_loss":0.0,"gold_gain":0.0,"cards_transformed":["alterego_mod:Defend"],"event_name":"Living Wall","player_choice":"Change","floor":7.0,"gold_loss":0.0,"damage_taken":0.0,"cards_obtained":["alterego_mod:Mirror"]},{"damage_healed":0.0,"max_hp_gain":0.0,"max_hp_loss":0.0,"gold_gain":0.0,"event_name":"Upgrade Shrine","player_choice":"Ignored","floor":19.0,"gold_loss":0.0,"damage_taken":0.0},{"damage_healed":0.0,"max_hp_gain":0.0,"max_hp_loss":0.0,"gold_gain":0.0,"event_name":"Match and Keep!","player_choice":"2 cards matched","floor":20.0,"gold_loss":0.0,"damage_taken":0.0,"cards_obtained":["alterego_mod:GIGAMILK","alterego_mod:Stockings"]},{"cards_removed":["alterego_mod:Strike"],"damage_healed":0.0,"max_hp_gain":0.0,"max_hp_loss":0.0,"gold_gain":0.0,"event_name":"Purifier","player_choice":"Purged","floor":31.0,"gold_loss":0.0,"damage_taken":0.0},{"damage_healed":0,"gold_gain":999,"player_choice":"Gold","damage_taken":0,"max_hp_gain":0,"max_hp_loss":0,"event_name":"MindBloom","floor":39,"gold_loss":0,"cards_obtained":["Normality","Normality"]}],"is_beta":false,"boss_relics":[{"not_picked":["SacredBark","Pandora\u0027s Box"],"picked":"Fusion Hammer"},{"not_picked":["Runic Dome","Velvet Choker","Astrolabe"]}],"items_purged_floors":[],"is_endless":false,"potions_floor_spawned":[4,8,10,21,25,28,29,33,35,45,54],"ascension_level":0}}