{"host":"grli52lbdph2722t","time":1609225712,"event":{"mods":["AchievementEnabler","BaseMod","Downfall","Minty Spire (QoL Compilation)","Quick Restart","StSLib"],"gold_per_floor":[99,99,99,99,199,199,199,232,232,265,23,77,2,17,34,132,132,132,151,167,77,92,417,417,417,517,97,131,151,171,200,220,220,220,220],"floor_reached":33,"playtime":1833,"items_purged":["champ:Strike"],"score":691,"play_id":"9bd2e663-278c-4623-a5bd-172d8861962a","local_time":"20201229080832","is_ascension_mode":true,"campfire_choices":[{"data":"champ:Taunt","floor":1,"key":"SMITH"},{"data":"champ:CrookedStrike","floor":9,"key":"SMITH"},{"data":"champ:Balance","floor":13,"key":"SMITH"},{"data":"champ:FalseCounter","floor":18,"key":"SMITH"},{"floor":25,"key":"RECALL"}],"circlet_count":0,"master_deck":["AscendersBane","champ:Strike+1","champ:Defend+1","champ:Defend","champ:Defend","champ:Defend","champ:Execute+1","champ:Taunt+1","champ:CrookedStrike+1","champ:CalledShot+1","champ:BerserkersShout","champ:Duel","champ:DefensiveStyle+1","champ:RageSigil","champ:DefensiveStyle+1","champ:Balance+1","champ:Circumvent","champ:DefensiveStyle+1","champ:FalseCounter+1","champ:StanceDance","champ:Improvising+1","champ:DeathBlow","champ:ArenaPreparation","champ:RageSigil+1","champ:Aggression","champ:EnGarde","champ:ShieldSigil+1","champ:Lariat+1","expansioncontent:QuickStudy+1","champ:Circumvent+1","champ:Circumvent+1","champ:FalseCounter+1","champ:DefensiveShout+1","champ:EnGarde+1"],"relics":["champ:ChampionCrown","downfall:HeartsMalice","Boot","Prayer Wheel","champ:DefensiveTrainingManual","Frozen Egg 2","Toolbox","Unceasing Top","downfall:HeartBlessingGreen","Runic Pyramid","Old Coin","Toxic Egg 2","ClockworkSouvenir","HornCleat","Bottled Flame"],"acts_visited":["Exordium","TheCity"],"potions_floor_usage":[],"damage_taken":[{"damage":0,"enemies":"Jaw Worm","floor":2,"turns":1},{"damage":0,"enemies":"downfall:Heads","floor":5,"turns":1},{"damage":0,"enemies":"Lagavulin","floor":8,"turns":1},{"damage":42,"enemies":"Gremlin Nob","floor":10,"turns":5},{"damage":8,"enemies":"downfall:FleeingMerchant","floor":11,"turns":4},{"damage":5,"enemies":"Lagavulin","floor":12,"turns":6},{"damage":3,"enemies":"Small Slimes","floor":14,"turns":3},{"damage":5,"enemies":"2 Louse","floor":15,"turns":2},{"damage":19,"enemies":"downfall:Ironclad","floor":16,"turns":9},{"damage":10,"enemies":"Shell Parasite","floor":19,"turns":5},{"damage":22,"enemies":"Chosen","floor":20,"turns":4},{"damage":15,"enemies":"downfall:FleeingMerchant","floor":21,"turns":4},{"damage":40,"enemies":"Centurion and Healer","floor":22,"turns":7},{"damage":5,"enemies":"Book of Stabbing","floor":23,"turns":5},{"damage":15,"enemies":"downfall:FleeingMerchant","floor":27,"turns":4},{"damage":10,"enemies":"Gremlin Leader","floor":28,"turns":6},{"damage":10,"enemies":"3 Cultists","floor":29,"turns":3},{"damage":0,"enemies":"Snake Plant","floor":30,"turns":2},{"damage":47,"enemies":"Book of Stabbing","floor":31,"turns":4},{"damage":31,"enemies":"Shelled Parasite and Fungi","floor":32,"turns":6},{"damage":22,"enemies":"downfall:Silent","floor":33,"turns":1}],"seed_played":"6797803587810097587","potions_obtained":[{"floor":8,"key":"champ:OpenerPotion"},{"floor":10,"key":"Weak Potion"},{"floor":12,"key":"champ:CounterPotion"},{"floor":14,"key":"Dexterity Potion"},{"floor":31,"key":"EntropicBrew"}],"is_trial":false,"path_per_floor":["R","M","?","?","?","?","T","E","R","E","$","E","R","M","M","B",null,"R","M","M","$","M","E","T","R","?","$","E","M","M","E","M","B"],"character_chosen":"THE_CHAMP","items_purchased":["champ:DefensiveStyle+1","Toolbox","champ:Lariat+1","ClockworkSouvenir","expansioncontent:QuickStudy+1"],"campfire_rested":0,"item_purchase_floors":[11,11,27,27,27],"current_hp_per_floor":[81,81,81,74,74,74,74,74,74,40,40,40,40,40,40,26,74,74,74,62,62,62,62,62,62,62,62,62,62,62,38,18,0,0,0],"gold":220,"neow_bonus":"THREE_ENEMY_KILL","is_daily":false,"chose_seed":false,"campfire_upgraded":4,"win_rate":0.0,"timestamp":1609225712,"path_taken":["R","M","?","?","?","?","T","E","R","E","$","E","R","M","M","BOSS","R","M","M","$","M","E","T","R","?","$","E","M","M","E","M","BOSS"],"items_purchased_type":["Card","Relic","Card","Relic","Card"],"build_version":"2020-12-22","purchased_purges":1,"victory":false,"max_hp_per_floor":[90,90,90,90,90,90,90,90,90,90,90,90,90,90,90,90,90,90,90,90,90,90,90,90,90,90,90,90,90,90,90,90,90,90,90],"card_choices":[{"not_picked":["champ:Circumvent","champ:RisingSlash"],"picked":"champ:CrookedStrike","floor":2},{"not_picked":["champ:FanOfKnives","champ:GutPunch"],"picked":"champ:CalledShot","floor":5},{"not_picked":["champ:SkillfulDodge","champ:GladiatorsShout"],"picked":"champ:Duel","floor":8},{"not_picked":["champ:ShieldSigil","champ:GutPunch"],"picked":"champ:DefensiveStyle+1","floor":10},{"not_picked":["champ:DefensiveShout","champ:FanOfKnives"],"picked":"champ:RageSigil","floor":11},{"not_picked":["champ:GutPunch","champ:GladiatorsShout"],"picked":"champ:Balance","floor":12},{"not_picked":["champ:Haymaker","champ:FanOfKnives"],"picked":"champ:Circumvent","floor":14},{"not_picked":["champ:SkillfulDodge","champ:IgnorePain"],"picked":"champ:DefensiveStyle+1","floor":14},{"not_picked":["champ:Backstep","champ:Circumvent"],"picked":"champ:FalseCounter","floor":15},{"not_picked":["champ:CrookedStrike","champ:GladiatorStyle+1"],"picked":"champ:StanceDance","floor":15},{"not_picked":["champ:PerfectForm+1","champ:SteelEdge"],"picked":"champ:Improvising+1","floor":16},{"not_picked":["champ:BerserkersShout+1","champ:PreciseThrust"],"picked":"champ:DeathBlow","floor":19},{"not_picked":["champ:StanceDance","champ:BringItOn","champ:Shatter"],"picked":"SKIP","floor":19},{"not_picked":["champ:EnchantShield","champ:FanOfKnives"],"picked":"champ:ArenaPreparation","floor":20},{"not_picked":["champ:DeathBlow","champ:Circumvent"],"picked":"champ:RageSigil+1","floor":20},{"not_picked":["champ:FightOn","champ:Backstep+1"],"picked":"champ:Aggression","floor":21},{"not_picked":["champ:SwordThrow","champ:FaceSlap+1"],"picked":"champ:EnGarde","floor":22},{"not_picked":["champ:GladiatorsShout+1","champ:BringItOn","champ:BerserkersShout"],"picked":"SKIP","floor":22},{"not_picked":["champ:FightOn","champ:CalledShot+1","champ:Aggression+1"],"picked":"SKIP","floor":23},{"not_picked":["champ:GutPunch","champ:PerfectedStrike"],"picked":"champ:ShieldSigil+1","floor":27},{"not_picked":["champ:Lariat+1","champ:FightOn"],"picked":"champ:Circumvent+1","floor":28},{"not_picked":["champ:ShieldSigil+1","champ:EnragedBash"],"picked":"champ:Circumvent+1","floor":29},{"not_picked":["champ:TornadoPunch+1","champ:Balance+1"],"picked":"champ:FalseCounter+1","floor":29},{"not_picked":["champ:ViciousMockery+1","champ:AdrenalArmor+1"],"picked":"champ:DefensiveShout+1","floor":30},{"not_picked":["champ:Duel","champ:AdrenalArmor+1","champ:Lariat+1"],"picked":"SKIP","floor":30},{"not_picked":["champ:PreciseThrust","champ:HeavySlash","champ:CrookedStrike+1"],"picked":"SKIP","floor":31},{"not_picked":["champ:AdrenalArmor+1","champ:Backstep+1"],"picked":"champ:EnGarde+1","floor":32},{"not_picked":["champ:TornadoPunch+1","champ:EnragedBash","champ:GladiatorStyle+1"],"picked":"SKIP","floor":32}],"player_experience":4927115,"relics_obtained":[{"floor":7,"key":"Prayer Wheel"},{"floor":8,"key":"champ:DefensiveTrainingManual"},{"floor":10,"key":"Frozen Egg 2"},{"floor":12,"key":"Unceasing Top"},{"floor":23,"key":"Old Coin"},{"floor":24,"key":"Toxic Egg 2"},{"floor":28,"key":"HornCleat"},{"floor":31,"key":"Bottled Flame"}],"event_choices":[{"damage_healed":0,"gold_gain":0,"player_choice":"Success","damage_taken":7,"relics_obtained":["Boot"],"max_hp_gain":0,"max_hp_loss":0,"event_name":"Scrap Ooze","floor":4,"gold_loss":0}],"is_beta":false,"boss_relics":[{"not_picked":["Velvet Choker","Calling Bell"],"picked":"Runic Pyramid"}],"items_purged_floors":[21],"is_endless":false,"potions_floor_spawned":[8,10,12,14,16,22,28,29,31],"killed_by":"downfall:Silent","ascension_level":11}}