{"host":"0nzvmr5az7vks2y2","time":1609258480,"event":{"mods":["BaseMod","Colored Map","Minty Spire (QoL Compilation)","Shade Mod","StSLib"],"gold_per_floor":[110,122,122,135,210,210,243,243,317,333,333,333,359,359,359,463,463,476,192,192,192,204,204,236,236,262,262,273,283,283,283],"floor_reached":30,"playtime":1532,"items_purged":["Shade:Strike_Shade"],"score":256,"play_id":"a05c2d12-0f96-473b-a6b5-db38bf06a943","local_time":"20201229171440","is_ascension_mode":false,"campfire_choices":[{"data":"Shade:GraveStillness","floor":6,"key":"SMITH"},{"data":"Shade:PoundOfFlesh","floor":8,"key":"SMITH"},{"data":"Shade:Consume","floor":15,"key":"SMITH"},{"data":"Shade:AnimateDead","floor":23,"key":"SMITH"},{"data":"Shade:OpenGraves","floor":25,"key":"SMITH"}],"circlet_count":0,"master_deck":["Shade:Strike_Shade+1","Shade:Defend_Shade+1","Shade:Defend_Shade+1","Shade:Defend_Shade+1","Shade:Defend_Shade+1","Shade:AnimateDead+1","Shade:CarefulCut","Shade:ClawBack","Shade:GraveStillness+1","Shade:Bite_Shade","Shade:PoundOfFlesh+1","Shade:Premonition","Shade:Consume+1","Shade:SelfBurial","Shade:OpenGraves","Shade:WallOfFlesh","Shade:Putrefaction","Shade:OpenGraves+1","Shade:Trample","Shade:PressTheAttack"],"relics":["Shade:YorickSkull","Centennial Puzzle","Pen Nib","Matryoshka","Bottled Lightning","Black Star","StrikeDummy","HornCleat","Eternal Feather","Potion Belt"],"acts_visited":["Exordium","TheCity"],"potions_floor_usage":[7,7,7,13,16,24,30,30],"damage_taken":[{"damage":2,"enemies":"Small Slimes","floor":1,"turns":3},{"damage":0,"enemies":"2 Louse","floor":2,"turns":2},{"damage":0,"enemies":"Cultist","floor":4,"turns":4},{"damage":16,"enemies":"Lagavulin","floor":7,"turns":7},{"damage":0,"enemies":"Blue Slaver","floor":10,"turns":3},{"damage":15,"enemies":"Gremlin Nob","floor":13,"turns":4},{"damage":33,"enemies":"The Guardian","floor":16,"turns":11},{"damage":7,"enemies":"Shell Parasite","floor":18,"turns":8},{"damage":9,"enemies":"Chosen","floor":22,"turns":7},{"damage":12,"enemies":"Slavers","floor":24,"turns":4},{"damage":9,"enemies":"Sentry and Sphere","floor":28,"turns":8},{"damage":7,"enemies":"Snecko","floor":29,"turns":6},{"damage":31,"enemies":"Book of Stabbing","floor":30,"turns":7}],"seed_played":"-8097334314661305589","potions_obtained":[{"floor":1,"key":"Regen Potion"},{"floor":2,"key":"EntropicBrew"},{"floor":7,"key":"PowerPotion"},{"floor":10,"key":"PowerPotion"},{"floor":16,"key":"FearPotion"},{"floor":29,"key":"LiquidBronze"}],"is_trial":false,"path_per_floor":["M","M","?","M","?","R","E","R","T","M","?","?","E","?","R","B",null,"M","$","?","?","M","R","E","R","T","?","M","M","E"],"character_chosen":"SHADE","items_purchased":["Shade:WallOfFlesh","Shade:Putrefaction"],"campfire_rested":0,"item_purchase_floors":[19,19],"current_hp_per_floor":[69,69,62,62,51,51,56,56,56,60,46,69,56,56,56,25,71,66,66,53,53,46,46,34,34,34,34,29,26,0,0],"gold":283,"neow_bonus":"TEN_PERCENT_HP_BONUS","is_daily":false,"chose_seed":false,"campfire_upgraded":5,"win_rate":0.0,"timestamp":1609258480,"path_taken":["M","M","?","M","?","R","E","R","T","M","?","?","E","?","R","BOSS","M","$","?","?","M","R","E","R","T","?","M","M","E"],"items_purchased_type":["Card","Card"],"build_version":"2020-12-22","purchased_purges":1,"victory":false,"max_hp_per_floor":[71,71,71,71,71,71,71,71,71,71,71,71,71,71,71,71,71,71,71,76,76,76,76,76,76,76,76,76,76,76,76],"card_choices":[{"not_picked":["Shade:GoDigging","Shade:Asphyxiate"],"picked":"Shade:ClawBack","floor":1},{"not_picked":["Shade:Bonestorm","Shade:SoulToxin"],"picked":"Shade:GraveStillness","floor":2},{"not_picked":["Shade:BoneShards","Shade:Haruspicy"],"picked":"Shade:Bite_Shade","floor":4},{"not_picked":["Shade:Asphyxiate","Shade:AncientSpear"],"picked":"Shade:PoundOfFlesh","floor":7},{"not_picked":["Shade:DangerousRitual","Shade:CommandSoldier"],"picked":"Shade:Premonition","floor":10},{"not_picked":["Shade:FingerOfDeath","Shade:Bite_Shade"],"picked":"Shade:Consume","floor":13},{"not_picked":["Shade:Consume","Shade:MadHubris"],"picked":"Shade:SelfBurial","floor":16},{"not_picked":["Shade:AncientSpear+1","Shade:SanguineRitual"],"picked":"Shade:OpenGraves","floor":18},{"not_picked":["Shade:Frenzy+1","Shade:GoDigging"],"picked":"Shade:OpenGraves","floor":22},{"not_picked":["Shade:Bite_Shade","Shade:RavenousHorde"],"picked":"Shade:Trample","floor":24},{"not_picked":["Shade:PotionOfRestlessness","Shade:Bonestorm"],"picked":"Shade:PressTheAttack","floor":28},{"not_picked":["Shade:PotionOfRestlessness+1","Shade:Premonition+1","Shade:LyeBath"],"picked":"SKIP","floor":29}],"player_experience":545027,"relics_obtained":[{"floor":7,"key":"Pen Nib"},{"floor":9,"key":"Matryoshka"},{"floor":13,"key":"Bottled Lightning"},{"floor":24,"key":"StrikeDummy"},{"floor":24,"key":"HornCleat"},{"floor":26,"key":"Eternal Feather"},{"floor":26,"key":"Potion Belt"}],"event_choices":[{"damage_healed":0,"gold_gain":0,"player_choice":"Success","damage_taken":7,"relics_obtained":["Centennial Puzzle"],"max_hp_gain":0,"max_hp_loss":0,"event_name":"Scrap Ooze","floor":3,"gold_loss":0},{"damage_healed":0,"gold_gain":75,"player_choice":"Gather Gold","damage_taken":11,"max_hp_gain":0,"max_hp_loss":0,"event_name":"World of Goop","floor":5,"gold_loss":0},{"damage_healed":0,"gold_gain":0,"player_choice":"Entered Light","damage_taken":14,"max_hp_gain":0,"max_hp_loss":0,"event_name":"Shining Light","floor":11,"gold_loss":0,"cards_upgraded":["Shade:Defend_Shade","Shade:Strike_Shade"]},{"damage_healed":23,"gold_gain":0,"player_choice":"Banana","damage_taken":0,"max_hp_gain":0,"max_hp_loss":0,"event_name":"Big Fish","floor":12,"gold_loss":0},{"cards_removed":["Shade:Strike_Shade"],"damage_healed":0,"gold_gain":0,"player_choice":"Card Removal","damage_taken":0,"max_hp_gain":0,"max_hp_loss":0,"event_name":"Wheel of Change","floor":14,"gold_loss":0},{"damage_healed":0,"gold_gain":0,"player_choice":"Shed Blood","damage_taken":18,"max_hp_gain":5,"max_hp_loss":0,"event_name":"Forgotten Altar","floor":20,"gold_loss":0},{"damage_healed":0,"gold_gain":0,"player_choice":"Simplicity","damage_taken":0,"max_hp_gain":0,"max_hp_loss":0,"event_name":"Back to Basics","floor":21,"gold_loss":0,"cards_upgraded":["Shade:Strike_Shade","Shade:Strike_Shade","Shade:Defend_Shade","Shade:Defend_Shade","Shade:Defend_Shade"]},{"cards_removed":["Shade:Strike_Shade"],"damage_healed":0,"gold_gain":0,"player_choice":"Purged","damage_taken":0,"max_hp_gain":0,"max_hp_loss":0,"event_name":"Purifier","floor":27,"gold_loss":0}],"is_beta":false,"boss_relics":[{"not_picked":["SacredBark","Sozu"],"picked":"Black Star"}],"items_purged_floors":[19],"is_endless":false,"potions_floor_spawned":[1,2,7,10,16,29],"killed_by":"Book of Stabbing","ascension_level":0}}