{"host":"mjmsgaxkb56jw5c5","time":1609265938,"event":{"mods":["Aspiration","BaseMod","Colored Powertips","Conspire","Downfall","Hubris","Minty Spire (QoL Compilation)","Replay The Spire","StSLib","The Jungle"],"gold_per_floor":[118,39,114,126,52,83,95,95,95,95,182,16,16,34,34,139,139,154,51,62,62,62],"floor_reached":21,"playtime":580,"items_purged":[],"score":290,"play_id":"187124c0-9ba0-4c7c-a4bc-75bf65078224","local_time":"20201229191858","is_ascension_mode":true,"campfire_choices":[{"data":"Loop","floor":8,"key":"SMITH"},{"data":"hubris:DuctTapeCard","floor":10,"key":"SMITH"},{"floor":15,"key":"REST"}],"circlet_count":0,"master_deck":["Strike_B","Strike_B","Strike_B","Strike_B","Defend_B","Defend_B","Defend_B","Defend_B","Dualcast","Hello World","Loop+1","Hello World+1","Capacitor","hubris:DuctTapeCard+2","Capacitor","hubris:SpecializedCircuitry","Consume","Ball Lightning","Double Energy+1"],"relics":["Cracked Core","NeowsBlessing","Blue Candle","hubris:DuctTape","Orichalcum","Membership Card","hubris:Backtick","hubris:BallOfYels","Bag of Preparation"],"acts_visited":["Exordium","TheCity"],"potions_floor_usage":[16,16,16],"damage_taken":[{"damage":0,"enemies":"Cultist","floor":1,"turns":1},{"damage":0,"enemies":"Jaw Worm","floor":4,"turns":1},{"damage":0,"enemies":"Gremlin Nob","floor":6,"turns":1},{"damage":12,"enemies":"2 Louse","floor":7,"turns":3},{"damage":12,"enemies":"Large Slime","floor":14,"turns":5},{"damage":0,"enemies":"Slime Boss","floor":16,"turns":5},{"damage":42,"enemies":"3 Byrds","floor":18,"turns":6},{"damage":31,"enemies":"Shell Parasite","floor":20,"turns":5},{"damage":6,"enemies":"Chosen and Byrds","floor":21,"turns":1}],"seed_played":"-3452962034216493642","potions_obtained":[{"floor":1,"key":"FocusPotion"},{"floor":6,"key":"Swift Potion"},{"floor":11,"key":"SkillPotion"},{"floor":11,"key":"DistilledChaos"},{"floor":20,"key":"Strength Potion"}],"is_trial":false,"path_per_floor":["M","$","?","M","$","E","M","R","T","R","?","$","?","M","R","B",null,"M","$","M","M"],"character_chosen":"DEFECT","items_purchased":["Loop","Hello World","Membership Card","Capacitor","Bag of Preparation","Ball Lightning"],"campfire_rested":1,"item_purchase_floors":[2,5,12,12,19,19],"current_hp_per_floor":[75,75,64,64,64,64,52,52,52,52,52,52,52,40,62,62,75,33,33,2,0,0],"gold":62,"neow_bonus":"THREE_ENEMY_KILL","is_daily":false,"chose_seed":false,"campfire_upgraded":2,"win_rate":0.0,"timestamp":1609265938,"path_taken":["M","?","?","M","$","E","M","R","T","R","?","$","?","?","R","BOSS","M","$","M","M"],"items_purchased_type":["Card","Card","Relic","Card","Relic","Card"],"build_version":"2020-12-22","purchased_purges":0,"victory":false,"max_hp_per_floor":[75,75,75,75,75,75,75,75,75,75,75,75,75,75,75,75,75,75,75,75,75,75],"card_choices":[{"not_picked":["ReplayGash","Stack"],"picked":"Hello World","floor":1},{"not_picked":["Recycle","Skim"],"picked":"Ball Lightning","floor":4},{"not_picked":["Auto Shields","Sweeping Beam"],"picked":"Capacitor","floor":6},{"not_picked":["BasicCrystalCard","Reprogram","ReplayTheSpireMod:Repulse"],"picked":"SKIP","floor":7},{"not_picked":["Glacier","Steam","Cold Snap"],"picked":"SKIP","floor":14},{"not_picked":["ReplayRNGCard","Machine Learning"],"picked":"hubris:SpecializedCircuitry","floor":16},{"not_picked":["Hologram","Skim+1"],"picked":"Consume","floor":18},{"not_picked":["Streamline","Turbo"],"picked":"Double Energy+1","floor":20}],"player_experience":229415,"relics_obtained":[{"floor":6,"key":"Blue Candle"},{"floor":9,"key":"hubris:DuctTape"},{"floor":11,"key":"Orichalcum"}],"event_choices":[{"damage_healed":0,"gold_gain":75,"player_choice":"Gather Gold","damage_taken":11,"max_hp_gain":0,"max_hp_loss":0,"event_name":"World of Goop","floor":3,"gold_loss":0},{"damage_healed":0,"gold_gain":0,"player_choice":"Grow","damage_taken":0,"max_hp_gain":0,"max_hp_loss":0,"event_name":"Living Wall","floor":13,"gold_loss":0,"cards_upgraded":["Hello World"]}],"is_beta":false,"boss_relics":[{"not_picked":["Cursed Key","Snecko Eye"],"picked":"hubris:Backtick"}],"items_purged_floors":[],"is_endless":false,"potions_floor_spawned":[1,6,14,20],"killed_by":"Chosen and Byrds","ascension_level":3}}