{"host":"grli52lbdph2722t","time":1609222035,"event":{"mods":["AchievementEnabler","BaseMod","Downfall","Minty Spire (QoL Compilation)","Quick Restart","StSLib"],"gold_per_floor":[99,99,99,99,199,227,227,238,88,88,113,113,125,141,155,250,250,250,260,245,255,89,89,136,166,183,216,141,141,141,171,182,282,282,282,282,297,270,283,296,296,328,342,9,42,42,76,95,115,115,115,148,23,23,23],"floor_reached":56,"playtime":3511,"items_purged":["champ:Strike","Pain","champ:Strike"],"score":1965,"play_id":"03239909-65c3-4bc7-a944-d0233d0bfa77","local_time":"20201229070715","is_ascension_mode":true,"campfire_choices":[{"data":"champ:Taunt","floor":1,"key":"SMITH"},{"data":"champ:GladiatorStyle","floor":9,"key":"SMITH"},{"data":"champ:EndlessRage","floor":12,"key":"SMITH"},{"data":"champ:HoldFirm","floor":18,"key":"SMITH"},{"floor":23,"key":"RECALL"},{"data":"champ:CrownThrow","floor":28,"key":"SMITH"},{"floor":30,"key":"REST"},{"data":"champ:GladiatorStyle","floor":35,"key":"SMITH"},{"data":"champ:ShieldWall","floor":46,"key":"SMITH"},{"data":"champ:DeathBlow","floor":54,"key":"SMITH"}],"circlet_count":0,"master_deck":["AscendersBane","champ:Strike+1","champ:Defend","champ:Defend","champ:Defend","champ:Defend","champ:Execute","champ:Taunt+1","champ:GladiatorStyle+1","champ:BladeFlurry","champ:EndlessRage+1","champ:Haymaker","champ:CrownThrow+1","champ:HoldFirm+1","champ:ShieldWall+1","champ:AdrenalArmor","champ:SwordSigil","champ:GladiatorStyle+1","champ:Haymaker","champ:IgnorePain","Slimebound:CheckThePlaybook","champ:BladeFlurry+1","champ:Devastate","champ:BerserkerStyle","champ:CalledShot+1","champ:AdrenalArmor+1","champ:CheapShot","champ:TornadoPunch","champ:DeathBlow+1","champ:DeathBlow+1"],"relics":["champ:ChampionCrown","downfall:HeartsMalice","downfall:ShatteredFragment","Whetstone","downfall:HeartBlessingGreen","downfall:HeartBlessingBlue","Odd Mushroom","Snecko Eye","Lantern","Incense Burner","Dead Branch","downfall:HeartBlessingRed","TungstenRod","SlaversCollar","WarpedTongs","Bottled Lightning","Ancient Tea Set","Toxic Egg 2","Pen Nib","Anchor","Blue Candle"],"acts_visited":["Exordium","TheCity","TheBeyond","TheEnding"],"potions_floor_usage":[16,16,20,33,55,55],"damage_taken":[{"damage":0,"enemies":"Small Slimes","floor":2,"turns":1},{"damage":0,"enemies":"2 Louse","floor":3,"turns":1},{"damage":0,"enemies":"Lagavulin","floor":6,"turns":1},{"damage":2,"enemies":"Jaw Worm","floor":8,"turns":4},{"damage":22,"enemies":"The Mushroom Lair","floor":11,"turns":4},{"damage":5,"enemies":"Gremlin Gang","floor":13,"turns":4},{"damage":0,"enemies":"Red Slaver","floor":14,"turns":3},{"damage":0,"enemies":"2 Fungi Beasts","floor":15,"turns":3},{"damage":34,"enemies":"downfall:Ironclad","floor":16,"turns":9},{"damage":6,"enemies":"3 Byrds","floor":19,"turns":5},{"damage":0,"enemies":"downfall:FleeingMerchant","floor":20,"turns":4},{"damage":2,"enemies":"Spheric Guardian","floor":21,"turns":3},{"damage":5,"enemies":"downfall:FleeingMerchant","floor":22,"turns":4},{"damage":3,"enemies":"Slavers","floor":25,"turns":5},{"damage":2,"enemies":"Shelled Parasite and Fungi","floor":26,"turns":3},{"damage":7,"enemies":"Gremlin Leader","floor":27,"turns":4},{"damage":29,"enemies":"Book of Stabbing","floor":31,"turns":4},{"damage":0,"enemies":"Snake Plant","floor":32,"turns":2},{"damage":1,"enemies":"downfall:Defect","floor":33,"turns":6},{"damage":22,"enemies":"3 Darklings","floor":37,"turns":6},{"damage":0,"enemies":"downfall:FleeingMerchant","floor":38,"turns":1},{"damage":0,"enemies":"Orb Walker","floor":39,"turns":2},{"damage":24,"enemies":"Writhing Mass","floor":40,"turns":5},{"damage":6,"enemies":"Giant Head","floor":42,"turns":3},{"damage":32,"enemies":"Sphere and 2 Shapes","floor":43,"turns":6},{"damage":0,"enemies":"Nemesis","floor":45,"turns":7},{"damage":14,"enemies":"Reptomancer","floor":47,"turns":5},{"damage":1,"enemies":"Spire Growth","floor":48,"turns":3},{"damage":12,"enemies":"3 Darklings","floor":49,"turns":5},{"damage":40,"enemies":"downfall:Watcher","floor":50,"turns":6},{"damage":56,"enemies":"downfall:CharBossMerchant","floor":52,"turns":5},{"damage":75,"enemies":"downfall:NeowBoss","floor":55,"turns":18}],"seed_played":"5670892576617887258","potions_obtained":[{"floor":6,"key":"Energy Potion"},{"floor":8,"key":"Fruit Juice"},{"floor":13,"key":"sneckomod:MuddlingPotion"},{"floor":19,"key":"PowerPotion"},{"floor":26,"key":"BlessingOfTheForge"},{"floor":32,"key":"Swift Potion"},{"floor":33,"key":"PowerPotion"},{"floor":42,"key":"champ:OpenerPotion"}],"is_trial":false,"path_per_floor":["R","M","M","?","?","E","T","M","R","?","?","R","M","M","M","B",null,"R","M","$","M","$","R","T","E","M","E","R","?","R","E","M","B",null,"R","?","M","$","M","M","T","E","M","?","E","R","E","M","M","B",null,"E","$","R","B",null],"character_chosen":"THE_CHAMP","items_purchased":["champ:GladiatorStyle","Bottled Lightning"],"campfire_rested":1,"item_purchase_floors":[22,38],"current_hp_per_floor":[81,81,81,54,54,54,54,52,62,62,45,45,40,40,40,6,77,77,71,71,71,71,71,71,68,68,68,68,33,63,38,38,44,90,90,90,103,103,103,79,79,73,41,118,118,118,110,111,114,111,116,102,102,102,118],"gold":23,"neow_bonus":"THREE_ENEMY_KILL","is_daily":false,"chose_seed":false,"campfire_upgraded":8,"win_rate":0.0,"timestamp":1609222035,"path_taken":["R","M","M","?","?","E","T","M","R","?","?","R","?","M","M","BOSS","R","M","$","M","$","R","T","E","?","E","R","?","R","E","M","BOSS","R","?","M","$","?","M","T","E","M","?","E","R","E","M","M","BOSS","E","$","R","BOSS"],"items_purchased_type":["Card","Relic"],"build_version":"2020-12-22","purchased_purges":3,"victory":true,"max_hp_per_floor":[90,90,90,90,90,90,90,90,100,100,100,100,100,100,100,100,100,100,100,100,100,100,100,100,100,100,100,100,100,100,100,100,105,105,105,105,105,105,105,105,105,105,105,118,118,118,118,118,118,118,118,118,118,118,118],"card_choices":[{"not_picked":["champ:StanceDance","champ:Aggression"],"picked":"champ:GladiatorStyle","floor":2},{"not_picked":["champ:Encircle","champ:FlashCut"],"picked":"champ:BladeFlurry","floor":3},{"not_picked":["champ:HeartStrike","champ:CrookedStrike"],"picked":"champ:EndlessRage","floor":6},{"not_picked":["champ:StanceDance","champ:AdrenalArmor"],"picked":"champ:Haymaker","floor":8},{"not_picked":["champ:GladiatorsShout","champ:Haymaker","champ:EndlessRage"],"picked":"SKIP","floor":13},{"not_picked":["champ:BladeFlurry","champ:Backstep"],"picked":"champ:CrownThrow","floor":14},{"not_picked":["champ:GutPunch","champ:BladeFlurry","champ:Riposte"],"picked":"SKIP","floor":15},{"not_picked":["champ:PerfectForm","champ:SwordThrow"],"picked":"champ:HoldFirm","floor":16},{"not_picked":["champ:FlashCut","champ:BringItOn+1"],"picked":"champ:ShieldWall","floor":19},{"not_picked":["champ:Shatter","champ:Encircle+1"],"picked":"champ:AdrenalArmor","floor":20},{"not_picked":["champ:Backstep","champ:GladiatorsShout","champ:DefensiveShout"],"picked":"SKIP","floor":21},{"not_picked":["champ:EnchantSword","champ:TornadoPunch"],"picked":"champ:SwordSigil","floor":22},{"not_picked":["champ:CalledShot+1","champ:ViciousMockery"],"picked":"champ:Haymaker","floor":25},{"not_picked":["champ:RageSigil","champ:Circumvent","champ:GladiatorsShout"],"picked":"SKIP","floor":26},{"not_picked":["champ:FalseCounter","champ:FaceSlap+1"],"picked":"champ:IgnorePain","floor":27},{"not_picked":["champ:FanOfKnives","champ:FocusedBerserking","champ:RapidStrikes+1"],"picked":"SKIP","floor":31},{"not_picked":["champ:StanceDance","champ:ShieldSigil+1"],"picked":"champ:BladeFlurry+1","floor":32},{"not_picked":["champ:EnchantShield","champ:SteelEdge"],"picked":"champ:Devastate","floor":33},{"not_picked":["champ:Circumvent+1","champ:ShieldSigil+1","champ:BerserkerStyle+1"],"picked":"SKIP","floor":37},{"not_picked":["champ:FocusedDefense","champ:BerserkersShout+1","champ:BladeFlurry+1"],"picked":"SKIP","floor":38},{"not_picked":["champ:Shatter+1","champ:Riposte+1","champ:DefensiveShout"],"picked":"SKIP","floor":39},{"not_picked":["champ:TornadoPunch","champ:Balance+1"],"picked":"champ:BerserkerStyle","floor":40},{"not_picked":["champ:HeartStrike+1","champ:PerfectedStrike+1"],"picked":"champ:CalledShot+1","floor":42},{"not_picked":["champ:BerserkerStyle","champ:TornadoPunch+1"],"picked":"champ:AdrenalArmor+1","floor":43},{"not_picked":["champ:BerserkerStyle+1","champ:Lariat+1"],"picked":"champ:CheapShot","floor":45},{"not_picked":["champ:StanceDance+1","champ:FalseCounter+1"],"picked":"champ:TornadoPunch","floor":47},{"not_picked":["champ:AdrenalArmor+1","champ:FightOn"],"picked":"champ:DeathBlow","floor":48},{"not_picked":["champ:FanOfKnives","champ:BringItOn+1"],"picked":"champ:DeathBlow+1","floor":49},{"not_picked":["champ:IronFortress","champ:EnragedBash","champ:Shatter"],"picked":"SKIP","floor":52}],"player_experience":4921467,"relics_obtained":[{"floor":6,"key":"Whetstone"},{"floor":11,"key":"Odd Mushroom"},{"floor":24,"key":"Lantern"},{"floor":25,"key":"Incense Burner"},{"floor":27,"key":"Dead Branch"},{"floor":31,"key":"TungstenRod"},{"floor":41,"key":"Ancient Tea Set"},{"floor":42,"key":"Toxic Egg 2"},{"floor":45,"key":"Pen Nib"},{"floor":47,"key":"Anchor"},{"floor":52,"key":"Blue Candle"}],"event_choices":[{"damage_healed":0,"gold_gain":0,"player_choice":"Fought Mushrooms","damage_taken":0,"max_hp_gain":0,"max_hp_loss":0,"event_name":"Mushrooms","floor":11,"gold_loss":0},{"damage_healed":0,"gold_gain":0,"player_choice":"Rummage","damage_taken":0,"relics_obtained":["WarpedTongs"],"max_hp_gain":0,"max_hp_loss":0,"event_name":"Accursed Blacksmith","floor":36,"gold_loss":0,"cards_obtained":["Pain"]}],"is_beta":false,"boss_relics":[{"not_picked":["Fusion Hammer","champ:ChampionCrownUpgraded"],"picked":"Snecko Eye"},{"not_picked":["Tiny House","champ:PowerArmor"],"picked":"SlaversCollar"}],"items_purged_floors":[22,38,53],"is_endless":false,"potions_floor_spawned":[6,8,13,19,26,32,33,39,42,43,48,49],"ascension_level":10}}