{"host":"78zdngn0u28jm0pp","time":1609229725,"event":{"mods":["BaseMod","Jorbs\u0027s Wanderer Trilogy","Minty Spire (QoL Compilation)","Permanent Neow","Quick Restart","Relic Stats","StSLib","Unceasing Turn Reminder"],"gold_per_floor":[111,128,2,21,21,21,41,75,75,104,115,115,59,74,74,150,150,166,166,183,202,214,214,225,225,271,271,282,316,316,19,19,95,95,110,110,67,67,67,67],"floor_reached":39,"playtime":1497,"items_purged":["Strike_G","Strike_G"],"score":822,"play_id":"2138949a-29ee-4f46-86ce-c0257e005e34","local_time":"20201229011525","is_ascension_mode":true,"campfire_choices":[{"floor":6.0,"key":"REST"},{"floor":12.0,"key":"REST"},{"data":"Cloak And Dagger","floor":15.0,"key":"SMITH"},{"floor":23.0,"key":"REST"},{"data":"Cloak And Dagger","floor":25.0,"key":"SMITH"},{"data":"Bouncing Flask","floor":27.0,"key":"SMITH"},{"floor":32.0,"key":"REST"}],"circlet_count":0,"master_deck":["AscendersBane","Strike_G","Defend_G","Defend_G+1","Defend_G","Defend_G+1","Survivor","Neutralize","Backflip","Blade Dance","Leg Sweep","Cloak And Dagger+1","Cloak And Dagger+1","PiercingWail","Dash","Blade Dance","Bouncing Flask+1","Malaise","Accuracy+1","Storm of Steel+1","Masterful Stab+1","Backflip+1","Malaise","Acrobatics","Deflect","Corpse Explosion","Footwork","After Image","Noxious Fumes+1"],"relics":["WristBlade","Potion Belt","Nunchaku","Sundial","Astrolabe","Pen Nib","Busted Crown"],"acts_visited":["Exordium","TheCity","TheBeyond"],"potions_floor_usage":[33,33],"damage_taken":[{"damage":0.0,"enemies":"2 Louse","floor":1.0,"turns":5.0},{"damage":3.0,"enemies":"Cultist","floor":2.0,"turns":5.0},{"damage":2.0,"enemies":"Jaw Worm","floor":4.0,"turns":4.0},{"damage":5.0,"enemies":"Exordium Wildlife","floor":7.0,"turns":5.0},{"damage":28.0,"enemies":"Gremlin Nob","floor":8.0,"turns":4.0},{"damage":5.0,"enemies":"Lagavulin","floor":10.0,"turns":7.0},{"damage":0.0,"enemies":"2 Fungi Beasts","floor":11.0,"turns":4.0},{"damage":0.0,"enemies":"3 Louse","floor":14.0,"turns":3.0},{"damage":32.0,"enemies":"Slime Boss","floor":16.0,"turns":9.0},{"damage":12.0,"enemies":"Shell Parasite","floor":18.0,"turns":3.0},{"damage":0.0,"enemies":"Chosen","floor":20.0,"turns":2.0},{"damage":7.0,"enemies":"Snecko","floor":21.0,"turns":4.0},{"damage":12.0,"enemies":"3 Cultists","floor":22.0,"turns":4.0},{"damage":0.0,"enemies":"Centurion and Healer","floor":24.0,"turns":5.0},{"damage":7.0,"enemies":"Snake Plant","floor":28.0,"turns":3.0},{"damage":12.0,"enemies":"Book of Stabbing","floor":29.0,"turns":5.0},{"damage":43,"enemies":"Collector","floor":33,"turns":8},{"damage":0,"enemies":"3 Shapes","floor":35,"turns":2},{"damage":15,"enemies":"3 Darklings","floor":39,"turns":3}],"seed_played":"-8688138472440473519","potions_obtained":[{"floor":1.0,"key":"Strength Potion"},{"floor":4.0,"key":"EssenceOfSteel"},{"floor":11.0,"key":"DistilledChaos"},{"floor":14.0,"key":"Fruit Juice"},{"floor":16.0,"key":"SteroidPotion"},{"floor":22.0,"key":"GamblersBrew"},{"floor":24.0,"key":"ColorlessPotion"},{"floor":28.0,"key":"DistilledChaos"},{"floor":29.0,"key":"DistilledChaos"},{"floor":35,"key":"SpeedPotion"}],"is_trial":false,"path_per_floor":["M","M","$","M","?","R","M","E","T","E","M","R","$","M","R","B",null,"M","?","M","M","M","R","M","R","T","R","M","E","?","$","R","B",null,"M","?","$","?","M"],"character_chosen":"THE_SILENT","items_purchased":["Blade Dance","Blade Dance","Corpse Explosion","Footwork","Noxious Fumes"],"campfire_rested":4,"item_purchase_floors":[3,13,31,31,37],"current_hp_per_floor":[59,56,56,54,34,53,48,20,20,15,15,34,34,34,34,7,55,43,43,43,36,24,45,45,45,45,45,38,26,26,26,47,4,54,54,54,54,54,39,39],"gold":67,"neow_bonus":"BOSS_RELIC","is_daily":false,"chose_seed":false,"campfire_upgraded":3,"win_rate":0.0,"timestamp":1609229725,"path_taken":["M","M","$","M","?","R","M","E","T","E","M","R","$","M","R","BOSS","M","?","M","?","M","R","M","R","T","R","?","E","?","?","R","BOSS","M","?","$","?","?"],"items_purchased_type":["Card","Card","Card","Card","Card"],"build_version":"2020-12-22","purchased_purges":2,"victory":false,"max_hp_per_floor":[66,66,66,66,66,66,66,66,66,66,66,66,66,66,66,71,71,71,71,71,71,71,71,71,71,71,71,71,71,71,71,71,71,71,71,67,67,67,67,67],"relic_stats":{"Nunchaku":[17],"Busted Crown":2,"counters":[19,85],"Sundial":[4],"Astrolabe":["Accuracy","Storm of Steel","Masterful Stab"],"Pen Nib":[6],"obtain_stats":[{"Potion Belt":8,"Nunchaku":9,"Busted Crown":34,"WristBlade":0,"Sundial":10,"Astrolabe":17,"Pen Nib":26,"Ring of the Snake":0},{"Potion Belt":5,"Nunchaku":5,"Busted Crown":17,"WristBlade":0,"Sundial":6,"Astrolabe":9,"Pen Nib":14,"Ring of the Snake":0},{"Potion Belt":23,"Nunchaku":23,"Busted Crown":80,"WristBlade":0,"Sundial":30,"Astrolabe":46,"Pen Nib":64,"Ring of the Snake":0}]},"card_choices":[{"not_picked":["Expertise","Deadly Poison"],"picked":"Backflip","floor":1.0},{"not_picked":["Underhanded Strike","Setup","Outmaneuver"],"picked":"SKIP","floor":2.0},{"not_picked":["Dagger Spray","Slice"],"picked":"Leg Sweep","floor":4.0},{"not_picked":["Backflip","Quick Slash"],"picked":"Cloak And Dagger","floor":7.0},{"not_picked":["Prepared","Skewer"],"picked":"Cloak And Dagger","floor":8.0},{"not_picked":["Bane","Leg Sweep"],"picked":"PiercingWail","floor":10.0},{"not_picked":["Sucker Punch","Outmaneuver"],"picked":"Dash","floor":11.0},{"not_picked":["Deadly Poison","Bane"],"picked":"Bouncing Flask","floor":14.0},{"not_picked":["Doppelganger","Wraith Form v2"],"picked":"Malaise","floor":16.0},{"not_picked":["Dodge and Roll","Dagger Spray"],"picked":"Backflip+1","floor":18.0},{"not_picked":["Quick Slash","Accuracy"],"picked":"Acrobatics","floor":20.0},{"not_picked":["Bane","Dagger Throw","Deadly Poison"],"picked":"SKIP","floor":21.0},{"not_picked":["Backflip","Poisoned Stab","All Out Attack"],"picked":"SKIP","floor":22.0},{"not_picked":["Skewer","Venomology"],"picked":"Deflect","floor":24.0},{"not_picked":["PiercingWail","Infinite Blades","Eviscerate"],"picked":"SKIP","floor":28.0},{"not_picked":["Sucker Punch","Calculated Gamble","Quick Slash"],"picked":"SKIP","floor":29.0},{"not_picked":["Corpse Explosion","Bullet Time"],"picked":"After Image","floor":33},{"not_picked":["Flying Knee"],"picked":"SKIP","floor":35}],"player_experience":704217,"relics_obtained":[{"floor":8.0,"key":"Potion Belt"},{"floor":9.0,"key":"Nunchaku"},{"floor":10.0,"key":"Sundial"},{"floor":26.0,"key":"Pen Nib"}],"event_choices":[{"damage_healed":0.0,"max_hp_gain":0.0,"max_hp_loss":0.0,"gold_gain":0.0,"event_name":"Shining Light","player_choice":"Entered Light","floor":5.0,"gold_loss":0.0,"damage_taken":20.0,"cards_upgraded":["Defend_G","Defend_G"]},{"damage_healed":0.0,"max_hp_gain":0.0,"max_hp_loss":0.0,"gold_gain":0.0,"event_name":"Duplicator","player_choice":"Copied","floor":19.0,"gold_loss":0.0,"damage_taken":0.0,"cards_obtained":["Malaise"]},{"damage_healed":0.0,"max_hp_gain":0.0,"max_hp_loss":0.0,"gold_gain":0.0,"event_name":"Vampires","player_choice":"Ignored","floor":30.0,"gold_loss":0.0,"damage_taken":0.0},{"damage_healed":0,"gold_gain":0,"player_choice":"Max HP","damage_taken":0,"max_hp_gain":0,"max_hp_loss":4,"event_name":"Winding Halls","floor":36,"gold_loss":0},{"damage_healed":0,"gold_gain":0,"player_choice":"Upgraded","damage_taken":0,"max_hp_gain":0,"max_hp_loss":0,"event_name":"Upgrade Shrine","floor":38,"gold_loss":0,"cards_upgraded":["Noxious Fumes"]}],"is_beta":false,"boss_relics":[{"not_picked":["Tiny House","Pandora\u0027s Box"],"picked":"Astrolabe"},{"not_picked":["Velvet Choker","Runic Pyramid"],"picked":"Busted Crown"}],"items_purged_floors":[3,31],"is_endless":false,"potions_floor_spawned":[1,4,11,14,16,22,24,28,29,35],"killed_by":"3 Darklings","ascension_level":20}}