{"host":"grli52lbdph2722t","time":1609232531,"event":{"mods":["AchievementEnabler","BaseMod","Downfall","Minty Spire (QoL Compilation)","Quick Restart","StSLib"],"gold_per_floor":[99,115,115,125,125,125,151,175,207,218,235,264,189,216,233,329,329,329,348,448,448,433,358,385,404,424,155,175,375,375,404,415,517,517,517,531,1530,1542,1562,1025,1049,1049,404,439,450,484,409,409,429,429,429,460,19,19,19],"floor_reached":56,"playtime":3276,"items_purged":["Normality","hexamod:Haunted","Normality"],"score":3055,"play_id":"31274c5a-0905-47b5-a3fe-aacfbc98fa30","local_time":"20201229100211","is_ascension_mode":true,"campfire_choices":[{"data":"champ:Execute","floor":1.0,"key":"SMITH"},{"data":"champ:Taunt","floor":6,"key":"SMITH"},{"floor":13,"key":"REST"},{"floor":18,"key":"RECALL"},{"data":"champ:PerfectForm","floor":23,"key":"SMITH"},{"data":"champ:MurderStrike","floor":30,"key":"SMITH"},{"data":"champ:MurderStrike","floor":35,"key":"SMITH"},{"data":"champ:StrikeOfGenius","floor":42,"key":"SMITH"},{"data":"expansioncontent:DashGenerateEvil","floor":47,"key":"SMITH"},{"data":"champ:ShieldWall","floor":54,"key":"SMITH"}],"circlet_count":0,"master_deck":["AscendersBane","champ:Execute+1","champ:Taunt+1","champ:BladeFlurry+1","champ:PerfectedStrike","champ:ShieldWall","champ:BerserkerStyle","champ:VampiricStrike","champ:TornadoPunch","champ:HeavySlash","champ:BerserkerStyle","champ:Duel","champ:SwordSigil","champ:EnchantCrown","champ:VampiricStrike","champ:PerfectForm+1","champ:MurderStrike+1","champ:MurderStrike+1","champ:Haymaker+1","champ:TornadoPunch+1","champ:Lariat+1","champ:DeathBlow","champ:Improvising","champ:StrikeOfGenius+1","champ:Duel","champ:ShieldWall+1","Discovery+1","expansioncontent:DashGenerateEvil+1","champ:EnGarde+1","champ:RecklessLeap+1","champ:Haymaker+1","champ:CrownThrow","champ:LastStand"],"relics":["Snecko Eye","downfall:ShatteredFragment","Dream Catcher","champ:FightingForDummies","War Paint","downfall:HeartBlessingBlue","Whetstone","Pandora\u0027s Box","downfall:HeartBlessingRed","Orichalcum","Toxic Egg 2","White Beast Statue","Coffee Dripper","Eternal Feather","HornCleat","Sling","Bronze Scales","Thread and Needle","Prayer Wheel","Blood Vial","downfall:HeartBlessingGreen","Bird Faced Urn","Toolbox"],"acts_visited":["Exordium","TheCity","TheBeyond","TheEnding"],"potions_floor_usage":[9,55,55],"damage_taken":[{"damage":10,"enemies":"2 Louse","floor":2,"turns":3},{"damage":5,"enemies":"Jaw Worm","floor":4,"turns":2},{"damage":15,"enemies":"Lagavulin","floor":9,"turns":5},{"damage":0,"enemies":"Cultist","floor":10,"turns":1},{"damage":6,"enemies":"Gremlin Gang","floor":11,"turns":4},{"damage":15,"enemies":"Gremlin Nob","floor":12,"turns":3},{"damage":7,"enemies":"Lagavulin","floor":14,"turns":5},{"damage":7,"enemies":"Blue Slaver","floor":15,"turns":2},{"damage":50,"enemies":"downfall:Silent","floor":16,"turns":8},{"damage":6,"enemies":"Chosen","floor":19,"turns":3},{"damage":19,"enemies":"downfall:FleeingMerchant","floor":22,"turns":4},{"damage":18,"enemies":"Shell Parasite","floor":25,"turns":3},{"damage":9,"enemies":"3 Cultists","floor":26,"turns":3},{"damage":15,"enemies":"downfall:FleeingMerchant","floor":27,"turns":4},{"damage":40,"enemies":"Snake Plant","floor":28,"turns":3},{"damage":16,"enemies":"Gremlin Leader","floor":31,"turns":3},{"damage":5,"enemies":"Chosen and Byrds","floor":32,"turns":4},{"damage":54,"enemies":"downfall:Ironclad","floor":33,"turns":4},{"damage":0,"enemies":"Orb Walker","floor":36,"turns":2},{"damage":30,"enemies":"3 Shapes","floor":38,"turns":5},{"damage":37,"enemies":"3 Darklings","floor":39,"turns":3},{"damage":0,"enemies":"downfall:FleeingMerchant","floor":40,"turns":1},{"damage":54,"enemies":"Nemesis","floor":44,"turns":5},{"damage":33,"enemies":"Transient","floor":45,"turns":5},{"damage":44,"enemies":"Giant Head","floor":46,"turns":5},{"damage":20,"enemies":"4 Shapes","floor":49,"turns":5},{"damage":24,"enemies":"downfall:Watcher","floor":50,"turns":4},{"damage":114,"enemies":"downfall:CharBossMerchant","floor":52,"turns":5},{"damage":193,"enemies":"downfall:NeowBoss","floor":55,"turns":16}],"seed_played":"-4466224483953339221","potions_obtained":[{"floor":4,"key":"SpeedPotion"},{"floor":10,"key":"SpeedPotion"},{"floor":12,"key":"SmokeBomb"},{"floor":14,"key":"AttackPotion"},{"floor":16,"key":"Ancient Potion"}],"is_trial":false,"path_per_floor":["R","M","?","M","?","R","T","T","E","M","M","E","R","E","M","B",null,"R","M","?","?","$","R","T","M","M","$","M","?","R","E","M","B",null,"R","M","?","M","M","$","T","R","$","E","M","E","R","?","M","B",null,"E","$","R","B",null],"character_chosen":"THE_CHAMP","items_purchased":["Toxic Egg 2","Eternal Feather","HornCleat","Sling","champ:Duel","champ:ShieldWall","Discovery+1","Thread and Needle","expansioncontent:DashGenerateEvil","champ:LastStand","Toolbox"],"campfire_rested":1,"item_purchase_floors":[27,40,40,40,40,40,43,43,43,53,53],"current_hp_per_floor":[81,76,49,49,54,54,54,54,44,44,43,33,74,74,78,61,94,94,98,98,98,105,105,105,105,105,105,96,96,96,105,105,105,105,105,105,105,105,105,105,105,105,105,86,105,105,105,90,105,105,105,90,90,105,105],"gold":19,"neow_bonus":"BOSS_RELIC","is_daily":false,"chose_seed":false,"campfire_upgraded":8,"win_rate":0.0,"timestamp":1609232531,"path_taken":["R","M","?","M","?","R","T","?","E","M","M","E","R","E","M","BOSS","R","M","?","?","$","R","T","?","M","$","M","?","R","E","M","BOSS","R","M","?","M","M","$","T","R","$","E","M","E","R","?","M","BOSS","E","$","R","BOSS"],"items_purchased_type":["Relic","Relic","Relic","Relic","Card","Card","Card","Relic","Card","Card","Relic"],"build_version":"2020-12-22","purchased_purges":3,"victory":true,"max_hp_per_floor":[90,90,90,90,95,95,95,95,95,95,95,95,105,105,105,105,105,105,105,105,105,105,105,105,105,105,105,105,105,105,105,105,105,105,105,105,105,105,105,105,105,105,105,105,105,105,105,105,105,105,105,105,105,105,105],"card_choices":[{"not_picked":["champ:BerserkersShout","champ:StanceDance"],"picked":"champ:BladeFlurry","floor":2},{"not_picked":["champ:BerserkersShout","champ:SwordSigil"],"picked":"champ:PerfectedStrike","floor":4},{"not_picked":["champ:ArenaPreparation","champ:RageSigil"],"picked":"champ:ShieldWall","floor":9},{"not_picked":["champ:CalledShot","champ:BerserkersShout"],"picked":"champ:BerserkerStyle","floor":10},{"not_picked":["champ:Backstep","champ:RisingSlash","champ:FocusedBerserking"],"picked":"SKIP","floor":11},{"not_picked":["champ:RageSigil","champ:ShieldSlam","champ:IronFortress"],"picked":"SKIP","floor":12},{"not_picked":["champ:GladiatorStyle","champ:SwordSigil"],"picked":"champ:VampiricStrike","floor":14},{"not_picked":["champ:EnGarde","champ:FocusedDefense"],"picked":"champ:TornadoPunch","floor":15},{"not_picked":["champ:ShieldSlam","champ:MurderStrike"],"picked":"champ:HeavySlash","floor":16},{"not_picked":["champ:DefensiveStyle","champ:ShieldSigil"],"picked":"champ:Haymaker+1","floor":19},{"not_picked":["champ:Backstep","champ:Haymaker"],"picked":"champ:TornadoPunch+1","floor":22},{"not_picked":["champ:BladeFlurry+1","champ:PerfectedStrike+1","champ:ShieldSigil"],"picked":"SKIP","floor":25},{"not_picked":["champ:Backstep","champ:PerfectedStrike","champ:BringItOn"],"picked":"SKIP","floor":26},{"not_picked":["champ:ArenaPreparation+1","champ:SwordThrow","champ:Haymaker"],"picked":"SKIP","floor":27},{"not_picked":["champ:BerserkersShout+1","champ:RageSigil+1"],"picked":"champ:Lariat+1","floor":28},{"not_picked":["champ:RageSigil+1","champ:FlashCut","champ:GladiatorsShout+1"],"picked":"SKIP","floor":31},{"not_picked":["champ:Control+1","champ:EndlessRage+1"],"picked":"champ:DeathBlow","floor":32},{"not_picked":["champ:EnchantSword+1","champ:MurderStrike"],"picked":"champ:Improvising","floor":33},{"not_picked":["champ:FlashCut+1","champ:BerserkersShout+1","champ:DefensiveShout+1"],"picked":"SKIP","floor":36},{"not_picked":["champ:BerserkersShout+1","champ:Haymaker"],"picked":"champ:StrikeOfGenius","floor":38},{"not_picked":["champ:BerserkersShout+1","champ:FightOn","champ:GutPunch"],"picked":"SKIP","floor":39},{"not_picked":["champ:ArenaPreparation+1","champ:CrookedStrike","champ:GladiatorsShout+1"],"picked":"SKIP","floor":40},{"not_picked":["champ:ViciousMockery+1","champ:Control+1"],"picked":"champ:EnGarde+1","floor":44},{"not_picked":["champ:AdrenalArmor+1","champ:BerserkersShout+1","champ:EnchantCrown+1"],"picked":"SKIP","floor":45},{"not_picked":["champ:BringItOn+1","champ:FocusedDefense+1","champ:RecklessLeap+1"],"picked":"SKIP","floor":45},{"not_picked":["champ:BringItOn+1","champ:FocusedDefense+1"],"picked":"champ:RecklessLeap+1","floor":45},{"not_picked":["champ:AdrenalArmor+1","champ:BerserkersShout+1","champ:EnchantCrown+1"],"picked":"SKIP","floor":45},{"not_picked":["champ:CrookedStrike","champ:Duel","champ:StanceDance+1"],"picked":"SKIP","floor":46},{"not_picked":["champ:TornadoPunch+1","champ:BringItOn+1"],"picked":"champ:Haymaker+1","floor":49},{"not_picked":["champ:CrookedStrike","champ:GutPunch+1"],"picked":"champ:CrownThrow","floor":49},{"not_picked":["champ:StanceDance+1","champ:FocusedGladiator+1","champ:TornadoPunch"],"picked":"SKIP","floor":52}],"player_experience":4927115,"relics_obtained":[{"floor":8,"key":"Dream Catcher"},{"floor":9,"key":"champ:FightingForDummies"},{"floor":12,"key":"War Paint"},{"floor":14,"key":"Whetstone"},{"floor":24,"key":"Orichalcum"},{"floor":31,"key":"White Beast Statue"},{"floor":41,"key":"Bronze Scales"},{"floor":44,"key":"Prayer Wheel"},{"floor":46,"key":"Blood Vial"},{"floor":52,"key":"Bird Faced Urn"}],"event_choices":[{"damage_healed":0,"gold_gain":0,"player_choice":"Donut","damage_taken":0,"max_hp_gain":5,"max_hp_loss":0,"event_name":"Big Fish","floor":5,"gold_loss":0},{"damage_healed":0,"gold_gain":0,"player_choice":"Ignored","damage_taken":0,"max_hp_gain":0,"max_hp_loss":0,"event_name":"Vampires","floor":21,"gold_loss":0}],"is_beta":false,"boss_relics":[{"not_picked":["Runic Pyramid","Velvet Choker"],"picked":"Pandora\u0027s Box"},{"not_picked":["SacredBark","Sozu"],"picked":"Coffee Dripper"}],"items_purged_floors":[40,43,53],"is_endless":false,"potions_floor_spawned":[4,10,12,14,16,19,25,28,32,33,36,38,39,40,44,45,46,49,52],"ascension_level":11}}