{"host":"toh0bbw446wnuexf","time":1609200558,"event":{"mods":["BaseMod","Downfall","Hermit","Minty Spire (QoL Compilation)","Random Character Button","StSLib"],"gold_per_floor":[118,132,132,132,132,166,185,185,239,239,239,252,252,264,264,264,264],"floor_reached":16,"playtime":577,"items_purged":[],"score":131,"play_id":"62d1a4ad-7b60-4ca8-8f4c-b3fdd93cac28","local_time":"20201229130918","is_ascension_mode":true,"campfire_choices":[{"data":"hermit:Dive","floor":11,"key":"SMITH"},{"data":"hermit:Snapshot","floor":15,"key":"SMITH"}],"circlet_count":0,"master_deck":["hermit:Strike_Hermit","hermit:Strike_Hermit","hermit:Strike_Hermit","hermit:Strike_Hermit","hermit:Defend_Hermit+1","hermit:Defend_Hermit","hermit:Defend_Hermit+1","hermit:Defend_Hermit","hermit:Snapshot+1","hermit:Dive+1","hermit:Quickdraw"],"relics":["hermit:Momento","NeowsBlessing","Anchor","War Paint","Akabeko"],"acts_visited":["Exordium"],"potions_floor_usage":[],"damage_taken":[{"damage":0,"enemies":"2 Louse","floor":1,"turns":1},{"damage":0,"enemies":"Jaw Worm","floor":2,"turns":1},{"damage":0,"enemies":"Lagavulin","floor":6,"turns":1},{"damage":0,"enemies":"Cultist","floor":7,"turns":3},{"damage":0,"enemies":"2 Fungi Beasts","floor":12,"turns":4},{"damage":0,"enemies":"3 Louse","floor":14,"turns":2},{"damage":75,"enemies":"Hexaghost","floor":16,"turns":14}],"seed_played":"-1397837594817807072","potions_obtained":[{"floor":6,"key":"hermit:Tonic"},{"floor":7,"key":"LiquidMemories"},{"floor":14,"key":"Strength Potion"}],"is_trial":false,"path_per_floor":["M","M","?","?","T","E","M","?","T","$","R","M","$","M","R","B"],"character_chosen":"HERMIT","items_purchased":[],"campfire_rested":0,"item_purchase_floors":[],"current_hp_per_floor":[75,75,75,75,75,75,75,75,75,75,75,75,75,75,75,0,0],"gold":264,"neow_bonus":"THREE_ENEMY_KILL","is_daily":false,"chose_seed":false,"campfire_upgraded":2,"win_rate":0.0,"timestamp":1609200558,"path_taken":["M","M","?","?","?","E","M","?","T","$","R","M","$","M","R","BOSS"],"items_purchased_type":[],"build_version":"2020-12-22","purchased_purges":0,"victory":false,"max_hp_per_floor":[75,75,75,75,75,75,75,75,75,75,75,75,75,75,75,75,75],"card_choices":[{"not_picked":["hermit:Ricochet","hermit:Snipe"],"picked":"hermit:Dive","floor":1},{"not_picked":["hermit:HighCaliber","hermit:RoundhouseKick","hermit:Desperado"],"picked":"SKIP","floor":2},{"not_picked":["hermit:FinalCanter","hermit:FlashPowder","hermit:BodyArmor"],"picked":"SKIP","floor":6},{"not_picked":["hermit:Feint","hermit:Horror","hermit:Desperado"],"picked":"SKIP","floor":7},{"not_picked":["hermit:PistolWhip","hermit:ItchyTrigger","hermit:Roulette"],"picked":"SKIP","floor":12},{"not_picked":["hermit:Roulette","hermit:WideOpen","hermit:CalledShot"],"picked":"SKIP","floor":14}],"player_experience":545946,"relics_obtained":[{"floor":5,"key":"Anchor"},{"floor":6,"key":"War Paint"},{"floor":9,"key":"Akabeko"}],"event_choices":[{"damage_healed":0,"gold_gain":0,"cards_transformed":["hermit:Covet"],"player_choice":"Change","damage_taken":0,"max_hp_gain":0,"max_hp_loss":0,"event_name":"Living Wall","floor":3,"gold_loss":0,"cards_obtained":["hermit:Quickdraw"]},{"damage_healed":0,"gold_gain":0,"player_choice":"Ignored","damage_taken":0,"max_hp_gain":0,"max_hp_loss":0,"event_name":"Golden Idol","floor":4,"gold_loss":0},{"damage_healed":0,"gold_gain":0,"player_choice":"Ignored","damage_taken":0,"max_hp_gain":0,"max_hp_loss":0,"event_name":"Liars Game","floor":8,"gold_loss":0}],"is_beta":false,"boss_relics":[],"items_purged_floors":[],"is_endless":false,"potions_floor_spawned":[6,7,14],"killed_by":"Hexaghost","ascension_level":1}}