{"host":"mg6qqnp83j5r6p2r","time":1609210771,"event":{"mods":["BaseMod","Colored Map","Colored Powertips","Highlight Path","Minty Spire (QoL Compilation)","Rare Cards Sparkle","Relic Sorter","Relic Stats","StSLib"],"gold_per_floor":[116,131,131,146,156,185,185,197,197,214,245,295,310,343,343,438,438,456,456,456,436,181,181,205,205,284,311,356,35,53,79,79,177,177,192,192,74,74,84,84,118,118,118,152,198,1,21,34,34,34,34,34,34,68,68,68],"floor_reached":55,"playtime":8942,"items_purged":["Strike_P+1","Defend_P+1"],"score":826,"play_id":"ccae6fda-b640-476e-b4b2-56d1a0bc5d24","local_time":"20201228205931","is_ascension_mode":true,"campfire_choices":[{"data":"Eruption","floor":7.0,"key":"SMITH"},{"floor":15.0,"key":"RECALL"},{"floor":23.0,"key":"REST"},{"floor":25.0,"key":"REST"},{"data":"Wish","floor":32.0,"key":"SMITH"},{"data":"Alpha","floor":40,"key":"SMITH"},{"floor":42,"key":"REST"},{"data":"Perseverance","floor":49,"key":"SMITH"},{"data":"Vigilance","floor":52,"key":"SMITH"}],"circlet_count":0,"master_deck":["Strike_P+1","Strike_P+1","Strike_P+1","Defend_P+1","Defend_P+1","Defend_P+1","Eruption+1","Vigilance+1","Perseverance+1","EmptyFist","EmptyBody","Wish+1","Protect","FlurryOfBlows","Alpha+1","BowlingBash","Consecrate","DeusExMachina","FlurryOfBlows","FollowUp","Flash of Steel","ThirdEye+1","FearNoEvil+1","LikeWater+1","LessonLearned","Crescendo+1","MentalFortress","LikeWater+1","Fasting2+1","EmptyFist+1","Protect+1","Perseverance+1"],"relics":["SlaversCollar","Meat on the Bone","Bottled Lightning","The Courier","Ornamental Fan","Odd Mushroom","Pen Nib","SacredBark","Nilry\u0027s Codex","TheAbacus","Bag of Preparation","Shuriken","Orichalcum","ClockworkSouvenir","Vajra","Prayer Wheel","VioletLotus","Damaru","War Paint","Pantograph","Anchor","HandDrill","Akabeko"],"acts_visited":["Exordium","TheCity","TheBeyond","TheEnding"],"potions_floor_usage":[39,41,45,48,55,55,55],"damage_taken":[{"damage":5.0,"enemies":"Jaw Worm","floor":1.0,"turns":5.0},{"damage":10.0,"enemies":"Small Slimes","floor":2.0,"turns":3.0},{"damage":4.0,"enemies":"Cultist","floor":4.0,"turns":3.0},{"damage":1.0,"enemies":"3 Louse","floor":5.0,"turns":4.0},{"damage":4.0,"enemies":"3 Sentries","floor":6.0,"turns":10.0},{"damage":0.0,"enemies":"2 Fungi Beasts","floor":8.0,"turns":2.0},{"damage":3.0,"enemies":"Lots of Slimes","floor":10.0,"turns":5.0},{"damage":6.0,"enemies":"Gremlin Nob","floor":11.0,"turns":3.0},{"damage":0.0,"enemies":"The Mushroom Lair","floor":12.0,"turns":3.0},{"damage":9.0,"enemies":"Gremlin Gang","floor":13.0,"turns":3.0},{"damage":6.0,"enemies":"Lagavulin","floor":14.0,"turns":7.0},{"damage":15.0,"enemies":"The Guardian","floor":16.0,"turns":8.0},{"damage":26.0,"enemies":"3 Byrds","floor":18.0,"turns":5.0},{"damage":15.0,"enemies":"2 Thieves","floor":21.0,"turns":4.0},{"damage":14.0,"enemies":"Gremlin Leader","floor":27.0,"turns":6.0},{"damage":16.0,"enemies":"3 Cultists","floor":28.0,"turns":6.0},{"damage":6.0,"enemies":"Shelled Parasite and Fungi","floor":30.0,"turns":4.0},{"damage":0.0,"enemies":"Slavers","floor":31.0,"turns":3.0},{"damage":4.0,"enemies":"Champ","floor":33.0,"turns":8.0},{"damage":0.0,"enemies":"3 Shapes","floor":35.0,"turns":9.0},{"damage":12,"enemies":"3 Darklings","floor":39,"turns":4},{"damage":14,"enemies":"Reptomancer","floor":41,"turns":6},{"damage":4,"enemies":"Giant Head","floor":44,"turns":7},{"damage":0,"enemies":"Sphere and 2 Shapes","floor":45,"turns":6},{"damage":0,"enemies":"4 Shapes","floor":47,"turns":12},{"damage":9,"enemies":"3 Darklings","floor":48,"turns":5},{"damage":21,"enemies":"Awakened One","floor":50,"turns":14},{"damage":48,"enemies":"Shield and Spear","floor":54,"turns":8},{"damage":66,"enemies":"The Heart","floor":55,"turns":9}],"seed_played":"7139012521746628818","potions_obtained":[{"floor":1.0,"key":"SteroidPotion"},{"floor":6.0,"key":"Fire Potion"},{"floor":8.0,"key":"EntropicBrew"},{"floor":10.0,"key":"Explosive Potion"},{"floor":11.0,"key":"BottledMiracle"},{"floor":12.0,"key":"EntropicBrew"},{"floor":14.0,"key":"Block Potion"},{"floor":27.0,"key":"FearPotion"},{"floor":28.0,"key":"SkillPotion"},{"floor":31.0,"key":"BottledMiracle"},{"floor":33.0,"key":"Fire Potion"},{"floor":35.0,"key":"Fire Potion"},{"floor":47,"key":"Explosive Potion"},{"floor":48,"key":"Strength Potion"},{"floor":54,"key":"Weak Potion"}],"is_trial":false,"path_per_floor":["M","M","?","M","M","E","R","M","T","M","E","?","M","E","R","B",null,"M","?","?","M","$","R","T","R","T","E","M","$","M","E","R","B",null,"M","?","$","T","M","R","E","R","T","E","M","$","M","M","R","B",null,"R","$","E","B"],"character_chosen":"WATCHER","items_purchased":["Flash of Steel","TheAbacus","ClockworkSouvenir","Vajra","Damaru","HandDrill","CultistPotion"],"campfire_rested":3,"item_purchase_floors":[22,22,29,29,37,46,46],"current_hp_per_floor":[67,57,32,40,39,47,47,47,47,44,38,38,41,49,49,46,72,46,46,30,27,27,48,48,69,69,55,39,39,45,45,45,41,72,72,72,72,72,60,60,46,67,67,63,63,63,63,54,54,51,72,72,72,36,0,0],"gold":68,"neow_bonus":"BOSS_RELIC","is_daily":false,"chose_seed":false,"campfire_upgraded":5,"win_rate":0.0,"timestamp":1609210771,"path_taken":["M","M","?","M","M","E","R","M","T","M","E","?","M","E","R","BOSS","M","?","?","M","$","R","?","R","T","E","M","$","M","E","R","BOSS","M","?","$","?","M","R","E","R","T","E","M","$","M","M","R","BOSS","R","$","E","BOSS"],"items_purchased_type":["Card","Relic","Relic","Relic","Relic","Relic","Potion"],"build_version":"2020-12-22","purchased_purges":2,"victory":false,"max_hp_per_floor":[72,72,72,72,72,72,72,72,72,72,72,72,72,72,72,72,72,72,72,72,72,72,72,72,72,72,72,72,72,72,72,72,72,72,72,72,72,72,72,72,72,72,72,72,72,72,72,72,72,72,72,72,72,72,72,72],"relic_stats":{"counters":[29,172],"Pen Nib":[24],"Bag of Preparation":[31],"Orichalcum":[84],"War Paint":["Crescendo","Perseverance"],"TheAbacus":[72],"Ornamental Fan":[208],"Shuriken":[45],"Pantograph":43,"Prayer Wheel":5,"VioletLotus":[16],"HandDrill":[10],"obtain_stats":[{"Nilry\u0027s Codex":20,"SacredBark":17,"Vajra":29,"Damaru":37,"The Courier":9,"Pen Nib":14,"Bag of Preparation":24,"Odd Mushroom":12,"Orichalcum":27,"War Paint":41,"Akabeko":54,"ClockworkSouvenir":29,"SlaversCollar":0,"Anchor":44,"TheAbacus":22,"Ornamental Fan":11,"Shuriken":26,"Pantograph":43,"Prayer Wheel":31,"VioletLotus":34,"HandDrill":46,"Bottled Lightning":6,"PureWater":0,"Meat on the Bone":3},{"Nilry\u0027s Codex":13,"SacredBark":12,"Vajra":16,"Damaru":20,"The Courier":6,"Pen Nib":11,"Bag of Preparation":14,"Odd Mushroom":9,"Orichalcum":15,"War Paint":22,"Akabeko":28,"ClockworkSouvenir":16,"SlaversCollar":0,"Anchor":23,"TheAbacus":14,"Ornamental Fan":8,"Shuriken":14,"Pantograph":22,"Prayer Wheel":18,"VioletLotus":19,"HandDrill":24,"Bottled Lightning":5,"PureWater":0,"Meat on the Bone":2},{"Nilry\u0027s Codex":61,"SacredBark":56,"Vajra":77,"Damaru":101,"The Courier":27,"Pen Nib":48,"Bag of Preparation":65,"Odd Mushroom":38,"Orichalcum":71,"War Paint":111,"Akabeko":163,"ClockworkSouvenir":77,"SlaversCollar":0,"Anchor":118,"TheAbacus":65,"Ornamental Fan":35,"Shuriken":65,"Pantograph":111,"Prayer Wheel":84,"VioletLotus":92,"HandDrill":124,"Bottled Lightning":25,"PureWater":0,"Meat on the Bone":8}],"Meat on the Bone":84},"card_choices":[{"not_picked":["FlyingSleeves","Halt"],"picked":"EmptyFist","floor":1.0},{"not_picked":["Conclude","Study"],"picked":"Perseverance","floor":2.0},{"not_picked":["Wireheading","Crescendo"],"picked":"EmptyFist","floor":4.0},{"not_picked":["Collect","Consecrate"],"picked":"EmptyBody","floor":5.0},{"not_picked":["Weave","InnerPeace"],"picked":"Wish","floor":6.0},{"not_picked":["MentalFortress","Tantrum"],"picked":"Protect","floor":8.0},{"not_picked":["JustLucky","Nirvana"],"picked":"FlurryOfBlows","floor":10.0},{"not_picked":["Prostrate","CrushJoints"],"picked":"Alpha","floor":11.0},{"not_picked":["ThirdEye","ClearTheMind"],"picked":"BowlingBash","floor":12.0},{"not_picked":["Prostrate","BattleHymn"],"picked":"Consecrate","floor":13.0},{"not_picked":["Tantrum","ReachHeaven","Meditate"],"picked":"SKIP","floor":14.0},{"not_picked":["Ragnarok","Alpha"],"picked":"DeusExMachina","floor":16.0},{"not_picked":["Study","SignatureMove+1"],"picked":"FlurryOfBlows","floor":18.0},{"not_picked":["BowlingBash","SpiritShield"],"picked":"FollowUp","floor":21.0},{"not_picked":["Adaptation","Tantrum","CarveReality"],"picked":"SKIP","floor":27.0},{"not_picked":["ForeignInfluence","CutThroughFate"],"picked":"ThirdEye+1","floor":28.0},{"not_picked":["Crescendo","ClearTheMind"],"picked":"FearNoEvil+1","floor":30.0},{"not_picked":["ThirdEye","EmptyBody"],"picked":"LikeWater+1","floor":31.0},{"not_picked":["SpiritShield","Ragnarok"],"picked":"LessonLearned","floor":33.0},{"not_picked":["FlyingSleeves+1","Wallop+1"],"picked":"Crescendo","floor":35.0},{"not_picked":["FlyingSleeves+1","Pray","BattleHymn"],"picked":"SKIP","floor":35.0},{"not_picked":["Halt","CutThroughFate+1"],"picked":"LikeWater+1","floor":39},{"not_picked":["SandsOfTime+1","FollowUp"],"picked":"Fasting2+1","floor":39},{"not_picked":["Consecrate","BattleHymn+1","Indignation+1"],"picked":"SKIP","floor":41},{"not_picked":["EmptyFist+1","FlurryOfBlows","BowlingBash+1"],"picked":"SKIP","floor":44},{"not_picked":["FlurryOfBlows","BowlingBash+1"],"picked":"EmptyFist+1","floor":44},{"not_picked":["Swivel+1","FlurryOfBlows"],"picked":"Protect+1","floor":45},{"not_picked":["Vengeance","PathToVictory+1","SashWhip+1"],"picked":"SKIP","floor":45},{"not_picked":["Fasting2","CrushJoints","SandsOfTime"],"picked":"SKIP","floor":47},{"not_picked":["JustLucky","WindmillStrike","CrushJoints+1"],"picked":"SKIP","floor":47},{"not_picked":["CutThroughFate","Nirvana+1"],"picked":"Perseverance","floor":48},{"not_picked":["Wallop+1","ThirdEye","Study+1"],"picked":"SKIP","floor":48},{"not_picked":["Omniscience","CrushJoints+1","FollowUp+1"],"picked":"SKIP","floor":54}],"player_experience":169403,"relics_obtained":[{"floor":6.0,"key":"Bottled Lightning"},{"floor":9.0,"key":"The Courier"},{"floor":11.0,"key":"Ornamental Fan"},{"floor":12.0,"key":"Odd Mushroom"},{"floor":14.0,"key":"Pen Nib"},{"floor":20.0,"key":"Nilry\u0027s Codex"},{"floor":24.0,"key":"Bag of Preparation"},{"floor":26.0,"key":"Shuriken"},{"floor":27.0,"key":"Orichalcum"},{"floor":31.0,"key":"Prayer Wheel"},{"floor":41,"key":"War Paint"},{"floor":43,"key":"Pantograph"},{"floor":44,"key":"Anchor"},{"floor":54,"key":"Akabeko"}],"event_choices":[{"damage_healed":0.0,"max_hp_gain":0.0,"max_hp_loss":0.0,"gold_gain":0.0,"event_name":"Scrap Ooze","player_choice":"Success","floor":3.0,"gold_loss":0.0,"damage_taken":25.0,"relics_obtained":["Meat on the Bone"]},{"damage_healed":0.0,"max_hp_gain":0.0,"max_hp_loss":0.0,"gold_gain":0.0,"event_name":"Mushrooms","player_choice":"Fought Mushrooms","floor":12.0,"gold_loss":0.0,"damage_taken":0.0},{"damage_healed":0.0,"max_hp_gain":0.0,"max_hp_loss":0.0,"gold_gain":0.0,"event_name":"Back to Basics","player_choice":"Simplicity","floor":19.0,"gold_loss":0.0,"damage_taken":0.0,"cards_upgraded":["Strike_P","Strike_P","Strike_P","Strike_P","Defend_P","Defend_P","Defend_P","Defend_P"]},{"damage_healed":0.0,"max_hp_gain":0.0,"max_hp_loss":0.0,"gold_gain":0.0,"event_name":"Cursed Tome","player_choice":"Obtained Book","floor":20.0,"gold_loss":0.0,"damage_taken":16.0},{"damage_healed":0.0,"max_hp_gain":0.0,"max_hp_loss":0.0,"gold_gain":0.0,"cards_transformed":["EmptyFist"],"event_name":"Transmorgrifier","player_choice":"Transformed","floor":36.0,"gold_loss":0.0,"damage_taken":0.0,"cards_obtained":["MentalFortress"]}],"is_beta":false,"boss_relics":[{"not_picked":["Empty Cage","Coffee Dripper"],"picked":"SacredBark"},{"not_picked":["Velvet Choker","Runic Dome"],"picked":"VioletLotus"}],"items_purged_floors":[22,29],"is_endless":false,"potions_floor_spawned":[1,6,8,10,11,12,14,27,28,31,33,35,47,48,54],"killed_by":"The Heart","ascension_level":1}}