{"host":"m1168lp3vv5pgdep","time":1609285718,"event":{"mods":["Act Like it!","Aspiration","BaseMod","Better Altar","Better Match","Better Sensory Stone","Better Skull","Better Third Choice","Block Reminder","CCEM","Curses Come First","Elementarium","Gensokyo","GungeonMod","Hallownest","Hermit","Hubris","Menagerie","Minty Spire (QoL Compilation)","Pale of the Ancients","Permanent Neow","Quick Restart","Small Relic Pack","Spicy Shops","StSLib","The Bug Knight","The Forsaken","Wandering Minibosses","WarShipGirlsR/????R mod"],"gold_per_floor":[111,125,50,50,50,76,90,90,115,115,115],"floor_reached":10,"playtime":859,"items_purged":["hermit:Strike_Hermit"],"score":66,"play_id":"0ebbc447-2dd9-4419-9839-70f4d69ca708","local_time":"20201229234838","is_ascension_mode":false,"campfire_choices":[],"circlet_count":0,"master_deck":["hermit:Strike_Hermit","hermit:Strike_Hermit+1","hermit:Strike_Hermit","hermit:Defend_Hermit","hermit:Defend_Hermit","hermit:Defend_Hermit","hermit:Defend_Hermit","hermit:Snapshot","hermit:Covet","hermit:Horror","hermit:Showdown+1","hermit:ShadowCloak","hermit:SprayPray"],"relics":["hermit:Momento","Whetstone"],"acts_visited":["Menagerie:Menagerie"],"potions_floor_usage":[10],"damage_taken":[{"damage":0,"enemies":"Menagerie:WhisperingWraith","floor":1,"turns":4},{"damage":3,"enemies":"Menagerie:MonstrousExperiment","floor":2,"turns":3},{"damage":37,"enemies":"Menagerie:VoidReaper","floor":6,"turns":7},{"damage":5,"enemies":"Menagerie:2_RABBITS","floor":7,"turns":4},{"damage":47,"enemies":"Menagerie:MaskedSummoner","floor":10,"turns":12}],"seed_played":"-9108153798475511763","potions_obtained":[{"floor":1,"key":"GamblersBrew"},{"floor":6,"key":"SkillPotion"}],"is_trial":false,"path_per_floor":["M","M","$","?","$","E","M","?","T","E"],"character_chosen":"HERMIT","items_purchased":[],"campfire_rested":0,"item_purchase_floors":[],"current_hp_per_floor":[82,79,79,82,82,45,40,40,40,0,0],"gold":115,"neow_bonus":"TEN_PERCENT_HP_BONUS","is_daily":false,"chose_seed":false,"campfire_upgraded":0,"win_rate":0.0,"timestamp":1609285718,"path_taken":["M","M","$","?","$","E","M","?","T","E"],"items_purchased_type":[],"build_version":"2020-12-22","purchased_purges":1,"victory":false,"max_hp_per_floor":[82,82,82,85,85,85,85,85,85,85,85],"card_choices":[{"not_picked":["hermit:Coalescence","hermit:CalledShot"],"picked":"hermit:Horror","floor":1},{"not_picked":["hermit:LuckOfTheDraw","hermit:Dive"],"picked":"hermit:Showdown","floor":2},{"not_picked":["hermit:Scavenge","hermit:Vantage"],"picked":"hermit:ShadowCloak","floor":6},{"not_picked":["hermit:Enervate","hermit:HoleUp"],"picked":"hermit:SprayPray","floor":7}],"player_experience":237857,"relics_obtained":[{"floor":6,"key":"Whetstone"}],"event_choices":[{"damage_healed":0,"gold_gain":0,"player_choice":"Ignored","damage_taken":0,"max_hp_gain":0,"max_hp_loss":0,"event_name":"Menagerie:CorruptingLight","floor":8,"gold_loss":0}],"is_beta":false,"boss_relics":[],"items_purged_floors":[3],"is_endless":false,"potions_floor_spawned":[1,6],"killed_by":"Menagerie:MaskedSummoner","ascension_level":0}}