{"host":"x5a6cvihdukvwm3n","time":1609263894,"event":{"mods":["Act Like it!","AlwaysNeverKeys","Aspiration","BaseMod","Beaked The Cultist","Better Altar","Better Match","Better Note","Better Sensory Stone","Better Skull","Better Third Choice","BetterRewards","Colored Map","Colored Powertips","Conspire","Curses Come First","Downfall","Friendly Minions","Gensokyo","GifTheSpireLib","Halation","Hallownest","Hermit","Highlight Path","Hubris","Jorbs\u0027s Wanderer Trilogy","Minty Spire (QoL Compilation)","Permanent Neow","Replay The Spire","Robot Space Explorer","Shade Mod","Shop Mod","Spicy Shops","StSLib","Stuff the Spire","SuperFastMode","Synergy Search","The Blue Laboratory","The Cursed","The Jungle","The Marked","vexMod"],"gold_per_floor":[112,112,122,122,137,137,137,137,137,462,462,481,506,135,135,158,158,281,281,302,17,17,17,35,35,48,67,67,86,106,131,146,146,146,146,146],"floor_reached":35,"playtime":1939,"items_purged":[],"score":253,"play_id":"21c053a7-c2e6-4629-8069-f6be72e58cc4","local_time":"20201229184454","is_ascension_mode":false,"campfire_choices":[{"floor":17,"key":"REST"},{"floor":25,"key":"REST"},{"floor":34,"key":"REST"}],"circlet_count":0,"master_deck":["RobotSpaceExplorer:Strike","RobotSpaceExplorer:Strike+1","RobotSpaceExplorer:Strike","RobotSpaceExplorer:Strike","RobotSpaceExplorer:Defend","RobotSpaceExplorer:Defend","RobotSpaceExplorer:Defend","RobotSpaceExplorer:Defend","RobotSpaceExplorer:Scan","RobotSpaceExplorer:MiniLasers","RobotSpaceExplorer:Pulsar+1","RobotSpaceExplorer:DoubleBlock","RobotSpaceExplorer:IronShell","RobotSpaceExplorer:DoubleFind","RobotSpaceExplorer:GearShield","RobotSpaceExplorer:SurgingStrike","RobotSpaceExplorer:IronShell+1","RobotSpaceExplorer:GlueShot","RobotSpaceExplorer:ChargingLaser","RobotSpaceExplorer:MiniDrones","RobotSpaceExplorer:Probe","RobotSpaceExplorer:Probe","RobotSpaceExplorer:SurgingStrike","RobotSpaceExplorer:RigExplosive+1","RobotSpaceExplorer:FreezingShield","RobotSpaceExplorer:FreezeRay","RobotSpaceExplorer:ScrapMissile","RobotSpaceExplorer:Pulsar","Shame"],"relics":["RobotSpaceExplorer:RoboCore","Golden Idol","aspiration:ChemicalBlood","StuffTheSpire:TintedRock","MerchantsRug","aspiration:Lifesprig","Ring of Chaos","hubris:64BitClover","Regal Pillow","White Beast Statue"],"acts_visited":["Exordium","TheCity"],"potions_floor_usage":[18,27,29,29,30,31,31,32,32,35,35,35],"damage_taken":[{"damage":1,"enemies":"conspire:RoseBush","floor":1,"turns":3},{"damage":3,"enemies":"2 Louse","floor":3,"turns":2},{"damage":0,"enemies":"Small Slimes","floor":5,"turns":4},{"damage":1,"enemies":"3 Louse","floor":12,"turns":4},{"damage":0,"enemies":"Red Slaver","floor":13,"turns":5},{"damage":0,"enemies":"Exordium Thugs","floor":16,"turns":4},{"damage":36,"enemies":"The Guardian","floor":18,"turns":15},{"damage":12,"enemies":"Shell Parasite","floor":20,"turns":8},{"damage":21,"enemies":"Spheric Guardian","floor":24,"turns":9},{"damage":11,"enemies":"Shelled Parasite and Fungi","floor":26,"turns":10},{"damage":22,"enemies":"Snake Plant","floor":27,"turns":8},{"damage":14,"enemies":"Centurion and Healer","floor":29,"turns":5},{"damage":8,"enemies":"conspire:HollyBat","floor":30,"turns":11},{"damage":18,"enemies":"Chosen and Byrds","floor":31,"turns":7},{"damage":0,"enemies":"Snake Plant","floor":32,"turns":5},{"damage":53,"enemies":"conspire:MysteriousRune","floor":35,"turns":16}],"seed_played":"6054981133432393966","potions_obtained":[{"floor":3,"key":"Explosive Potion"},{"floor":12,"key":"blueLaboratory:RecallPotion"},{"floor":18,"key":"blueLaboratory:TrueEctoplasm"},{"floor":20,"key":"Adrenaline Potion"},{"floor":24,"key":"blueLaboratory:NullPotion"},{"floor":29,"key":"blueLaboratory:AbyssPotion"},{"floor":31,"key":"LifebloodPotion"}],"is_trial":false,"path_per_floor":["M","?","M","?","M","?","PTL","PTL","?","?","T","M","M","$","?","M","R","B",null,"M","$","?","?","M","R","M","M","T","M","M","M","M","?","R","B"],"character_chosen":"RobotSpaceExplorer","items_purchased":["MerchantsRug","RobotSpaceExplorer:SurgingStrike","RobotSpaceExplorer:IronShell+1","aspiration:Lifesprig","RobotSpaceExplorer:Probe","hubris:64BitClover"],"campfire_rested":3,"item_purchase_floors":[14,14,14,14,21,21],"current_hp_per_floor":[74,74,71,71,71,76,76,76,56,14,14,13,13,13,13,13,37,1,80,68,68,68,68,47,71,60,43,43,29,21,3,3,3,43,0,0],"gold":146,"neow_bonus":"RANDOM_EVENT","is_daily":false,"chose_seed":false,"campfire_upgraded":0,"win_rate":0.0,"timestamp":1609263894,"path_taken":["M","?","M","?","M","?","PTL","PTL","?","?","T","?","M","?","?","M","R","BOSS","M","$","?","?","M","R","M","M","T","M","M","M","M","?","R","BOSS"],"items_purchased_type":["Relic","Card","Card","Relic","Card","Relic"],"build_version":"2020-12-22","purchased_purges":0,"victory":false,"max_hp_per_floor":[75,75,75,75,75,80,80,80,80,80,80,80,80,80,80,80,80,80,80,80,80,80,80,80,80,80,85,85,85,85,85,85,85,85,85,85],"card_choices":[{"not_picked":["RobotSpaceExplorer:SwiftStep","RobotSpaceExplorer:ShovelStrike"],"picked":"RobotSpaceExplorer:Pulsar","floor":1},{"not_picked":["RobotSpaceExplorer:Ammunition","RobotSpaceExplorer:SurgingStrike"],"picked":"RobotSpaceExplorer:DoubleBlock","floor":3},{"not_picked":["RobotSpaceExplorer:Electroshield","RobotSpaceExplorer:StunGrenade"],"picked":"RobotSpaceExplorer:IronShell","floor":5},{"not_picked":["RobotSpaceExplorer:ShovelStrike","RobotSpaceExplorer:SurgingShield"],"picked":"RobotSpaceExplorer:DoubleFind","floor":12},{"not_picked":["RobotSpaceExplorer:GlueShot","RobotSpaceExplorer:Discharger"],"picked":"RobotSpaceExplorer:GearShield","floor":13},{"not_picked":["RobotSpaceExplorer:DoubleFind","RobotSpaceExplorer:SlimeMissile"],"picked":"RobotSpaceExplorer:GlueShot","floor":16},{"not_picked":["RobotSpaceExplorer:Multitool","RobotSpaceExplorer:Scanner"],"picked":"RobotSpaceExplorer:ChargingLaser","floor":18},{"not_picked":["RobotSpaceExplorer:ImprovisedAttack","RobotSpaceExplorer:MakeshiftVolley"],"picked":"RobotSpaceExplorer:MiniDrones","floor":20},{"not_picked":["RobotSpaceExplorer:ImprovisedAttack","RobotSpaceExplorer:ShovelStrike","RobotSpaceExplorer:SwiftStep"],"picked":"SKIP","floor":24},{"not_picked":["RobotSpaceExplorer:GlueShot","RobotSpaceExplorer:MakeshiftVolley"],"picked":"RobotSpaceExplorer:SurgingStrike","floor":26},{"not_picked":["RobotSpaceExplorer:MetalStrike+1","RobotSpaceExplorer:ImprovisedAttack"],"picked":"RobotSpaceExplorer:RigExplosive+1","floor":27},{"not_picked":["RobotSpaceExplorer:ImprovisedAttack","RobotSpaceExplorer:SurgingStrike"],"picked":"RobotSpaceExplorer:FreezingShield","floor":29},{"not_picked":["RobotSpaceExplorer:FrostMissile+1","RobotSpaceExplorer:GearShield"],"picked":"RobotSpaceExplorer:FreezeRay","floor":30},{"not_picked":["RobotSpaceExplorer:ShovelStrike+1","RobotSpaceExplorer:FreezeRay"],"picked":"RobotSpaceExplorer:ScrapMissile","floor":31},{"not_picked":["RobotSpaceExplorer:Smokescreen","RobotSpaceExplorer:ShockKick"],"picked":"RobotSpaceExplorer:Pulsar","floor":32}],"player_experience":272177,"relics_obtained":[{"floor":11,"key":"StuffTheSpire:TintedRock"},{"floor":28,"key":"Regal Pillow"},{"floor":32,"key":"White Beast Statue"}],"event_choices":[{"damage_healed":0,"gold_gain":0,"player_choice":"Disagree","damage_taken":0,"max_hp_gain":0,"max_hp_loss":0,"event_name":"conspire:LoneGhost","floor":4,"gold_loss":0},{"damage_healed":0,"gold_gain":0,"player_choice":"Donut","damage_taken":0,"max_hp_gain":5,"max_hp_loss":0,"event_name":"Big Fish","floor":6,"gold_loss":0},{"damage_healed":0,"gold_gain":0,"player_choice":"Take Damage","damage_taken":20,"relics_obtained":["Golden Idol"],"max_hp_gain":0,"max_hp_loss":0,"event_name":"Golden Idol","floor":9,"gold_loss":0},{"damage_healed":0,"gold_gain":325,"player_choice":"RE GO GO GO ","damage_taken":47,"relics_obtained":["aspiration:ChemicalBlood"],"max_hp_gain":0,"max_hp_loss":0,"event_name":"betterSkull:BetterSkull","floor":10,"gold_loss":0,"cards_upgraded":[]},{"damage_healed":0,"gold_gain":0,"player_choice":"Forge","damage_taken":0,"max_hp_gain":0,"max_hp_loss":0,"event_name":"Accursed Blacksmith","floor":15,"gold_loss":0,"cards_upgraded":["RobotSpaceExplorer:Pulsar"]},{"cards_removed":["RobotSpaceExplorer:Probe"],"damage_healed":0,"gold_gain":0,"player_choice":"Give","damage_taken":0,"max_hp_gain":0,"max_hp_loss":0,"event_name":"betterNote:BetterNote","floor":22,"gold_loss":0,"cards_obtained":["Strike_R"]},{"damage_healed":0,"gold_gain":0,"player_choice":"Ignored","damage_taken":0,"max_hp_gain":0,"max_hp_loss":0,"event_name":"Ghosts","floor":23,"gold_loss":0}],"is_beta":false,"boss_relics":[{"not_picked":["halation:Prosthetics","beaked:MawFillet"],"picked":"Ring of Chaos"}],"items_purged_floors":[],"is_endless":false,"potions_floor_spawned":[3,12,18,20,24,29,31],"killed_by":"conspire:MysteriousRune","ascension_level":0}}