{"host":"Zion","time":1609225757,"event":{"mods":["AchievementEnabler","BaseMod","Colored Map","DeckTracker","Minty Spire (QoL Compilation)","Quick Restart","Rare Cards Sparkle"],"gold_per_floor":[113,113,38,49,61,61,71,87,111,141,155,155,189,208,208,308,308,325,338,338,352,363,363,393,393,393],"floor_reached":25,"playtime":1102,"items_purged":["Strike_R"],"score":296,"play_id":"12a5d0e5-2e63-4e58-ae4e-3ca56598e6dc","local_time":"20201229160917","is_ascension_mode":true,"campfire_choices":[{"data":"Immolate","floor":6.0,"key":"SMITH"},{"data":"Fire Breathing","floor":12.0,"key":"SMITH"},{"data":"Shrug It Off","floor":15.0,"key":"SMITH"},{"data":"Inflame","floor":23.0,"key":"SMITH"}],"circlet_count":0,"master_deck":["Strike_R","Strike_R","Strike_R","Defend_R","Defend_R","Defend_R","Defend_R","Bash","Immolate+1","Shrug It Off+1","Shockwave","Fire Breathing+1","Battle Trance","Inflame","Inflame+1","Dual Wield","Heavy Blade+1","Flame Barrier+1"],"relics":["Burning Blood","NeowsBlessing","Lantern","Bag of Marbles","Vajra","Cursed Key","Dream Catcher"],"acts_visited":["TheCity"],"potions_floor_usage":[],"damage_taken":[{"damage":0.0,"enemies":"Small Slimes","floor":1.0,"turns":1.0},{"damage":0.0,"enemies":"Cultist","floor":4.0,"turns":1.0},{"damage":0.0,"enemies":"Jaw Worm","floor":5.0,"turns":1.0},{"damage":10.0,"enemies":"Exordium Thugs","floor":7.0,"turns":3.0},{"damage":4.0,"enemies":"Blue Slaver","floor":8.0,"turns":3.0},{"damage":24.0,"enemies":"Lagavulin","floor":10.0,"turns":5.0},{"damage":0.0,"enemies":"Lots of Slimes","floor":11.0,"turns":1.0},{"damage":10.0,"enemies":"3 Sentries","floor":13.0,"turns":3.0},{"damage":0.0,"enemies":"Large Slime","floor":14.0,"turns":4.0},{"damage":57.0,"enemies":"Hexaghost","floor":16.0,"turns":8.0},{"damage":0.0,"enemies":"3 Byrds","floor":18.0,"turns":2.0},{"damage":0.0,"enemies":"Spheric Guardian","floor":19.0,"turns":3.0},{"damage":13.0,"enemies":"Snake Plant","floor":21.0,"turns":3.0},{"damage":0.0,"enemies":"Cultist and Chosen","floor":22.0,"turns":4.0},{"damage":27,"enemies":"Book of Stabbing","floor":24,"turns":4}],"seed_played":"3253078831910936340","potions_obtained":[{"floor":1.0,"key":"BloodPotion"},{"floor":7.0,"key":"DistilledChaos"},{"floor":8.0,"key":"LiquidMemories"},{"floor":24,"key":"Regen Potion"}],"is_trial":false,"path_per_floor":["M","?","$","M","M","R","M","M","T","E","M","R","E","M","R","B",null,"M","M","?","M","M","R","E","R"],"character_chosen":"IRONCLAD","items_purchased":[],"campfire_rested":0,"item_purchase_floors":[],"current_hp_per_floor":[80,80,80,80,80,80,76,78,78,60,66,66,62,68,68,17,64,70,76,76,69,75,75,54,54,54],"gold":393,"neow_bonus":"THREE_ENEMY_KILL","is_daily":false,"chose_seed":false,"campfire_upgraded":4,"win_rate":0.0,"timestamp":1609225757,"path_taken":["M","?","$","?","M","R","M","M","T","E","M","R","E","M","R","BOSS","M","M","?","M","M","R","E","R"],"items_purchased_type":[],"build_version":"2020-12-18","purchased_purges":1,"victory":false,"max_hp_per_floor":[80,80,80,80,80,80,80,80,80,80,80,80,80,80,80,80,80,80,80,80,80,80,80,80,80,80],"card_choices":[{"not_picked":["Power Through","True Grit","Heavy Blade"],"picked":"SKIP","floor":1.0},{"not_picked":["Sever Soul","Dropkick","Clothesline"],"picked":"SKIP","floor":4.0},{"not_picked":["Sword Boomerang","Perfected Strike"],"picked":"Shrug It Off","floor":5.0},{"not_picked":["Wild Strike","Clothesline"],"picked":"Shockwave","floor":7.0},{"not_picked":["Burning Pact","Entrench","Ghostly Armor"],"picked":"SKIP","floor":8.0},{"not_picked":["Power Through","Rupture"],"picked":"Fire Breathing","floor":10.0},{"not_picked":["Spot Weakness","Perfected Strike"],"picked":"Battle Trance","floor":11.0},{"not_picked":["Intimidate","Rupture"],"picked":"Inflame","floor":13.0},{"not_picked":["Flame Barrier","Battle Trance","Body Slam"],"picked":"SKIP","floor":14.0},{"not_picked":["Pummel+1","Havoc"],"picked":"Inflame","floor":18.0},{"not_picked":["Carnage+1","Rupture+1"],"picked":"Dual Wield","floor":19.0},{"not_picked":["Iron Wave","Sentinel"],"picked":"Heavy Blade+1","floor":21.0},{"not_picked":["Shockwave","Sword Boomerang"],"picked":"Flame Barrier+1","floor":22.0},{"not_picked":["Flex+1","Body Slam","Bludgeon"],"picked":"SKIP","floor":24}],"player_experience":193943,"relics_obtained":[{"floor":9.0,"key":"Lantern"},{"floor":10.0,"key":"Bag of Marbles"},{"floor":13.0,"key":"Vajra"},{"floor":24,"key":"Dream Catcher"}],"event_choices":[{"damage_healed":0.0,"max_hp_gain":0.0,"max_hp_loss":0.0,"gold_gain":0.0,"event_name":"Match and Keep!","player_choice":"1 cards matched","floor":2.0,"gold_loss":0.0,"damage_taken":0.0,"cards_obtained":["Immolate"]},{"cards_removed":["Strike_R"],"damage_healed":0.0,"max_hp_gain":0.0,"max_hp_loss":0.0,"gold_gain":0.0,"event_name":"Purifier","player_choice":"Purged","floor":20.0,"gold_loss":0.0,"damage_taken":0.0}],"is_beta":true,"boss_relics":[{"not_picked":["Runic Dome","Empty Cage"],"picked":"Cursed Key"}],"items_purged_floors":[3],"is_endless":false,"potions_floor_spawned":[1,7,8,16,21,22,24],"ascension_level":5}}