{"host":"ec09novo68szpe7d","time":1609265178,"event":{"mods":["AchievementEnabler","BaseMod","Bestiary","Minty Spire (QoL Compilation)","StSLib"],"gold_per_floor":[111,124,134,149,160,191,191,225,225,257,257,275,290,89,89,187,187,202,202,202,157,187,216,231,266,266,10,10,10,20,20,20,122,122,132,55,71,91,103,103,131,131,155,180,180,207,225,235,235,235,235,235,39,74,74,74],"floor_reached":55,"playtime":3949,"items_purged":["Flechettes"],"score":1018,"play_id":"1fd5f165-a0dc-4dcc-922a-f39fbfe96d06","local_time":"20201229190618","is_ascension_mode":true,"campfire_choices":[{"floor":7.0,"key":"REST"},{"data":"1","floor":15.0,"key":"LIFT"},{"data":"2","floor":29.0,"key":"LIFT"},{"data":"3","floor":32.0,"key":"LIFT"},{"floor":40.0,"key":"RECALL"},{"data":"Accuracy","floor":42.0,"key":"SMITH"},{"data":"Infinite Blades","floor":49.0,"key":"SMITH"},{"data":"Storm of Steel","floor":52.0,"key":"SMITH"}],"circlet_count":0,"master_deck":["Survivor","Neutralize+1","Well Laid Plans","Flying Knee","Deflect","Backstab","A Thousand Cuts","Blade Dance","Sucker Punch+1","Dagger Spray","Accuracy+1","Blade Dance","Blur","Escape Plan","Dodge and Roll","Terror","Storm of Steel+1","PiercingWail","Sucker Punch+1","Blade Dance","Infinite Blades+1","Malaise","PiercingWail","Backflip","Cloak And Dagger","Acrobatics","Finisher+1","Cloak And Dagger","PiercingWail","Adrenaline","Cloak And Dagger+1","Blur","Leg Sweep","Leg Sweep+1","Deflect+1","Backflip+1","Panacea","Prepared"],"relics":["Pandora\u0027s Box","Molten Egg 2","Blood Vial","Eternal Feather","Girya","Sozu","Nilry\u0027s Codex","Red Mask","Kunai","Art of War","Omamori","Pear","Ancient Tea Set","Ginger","Cursed Key","Oddly Smooth Stone","Strawberry","Shuriken","Whetstone","Sling","Bottled Tornado"],"acts_visited":["Exordium","TheCity","TheBeyond","TheEnding"],"potions_floor_usage":[55],"damage_taken":[{"damage":0.0,"enemies":"Cultist","floor":1.0,"turns":2.0},{"damage":0.0,"enemies":"Small Slimes","floor":2.0,"turns":2.0},{"damage":5.0,"enemies":"Jaw Worm","floor":3.0,"turns":2.0},{"damage":6.0,"enemies":"Blue Slaver","floor":4.0,"turns":2.0},{"damage":10.0,"enemies":"3 Louse","floor":5.0,"turns":2.0},{"damage":16.0,"enemies":"3 Sentries","floor":6.0,"turns":4.0},{"damage":9.0,"enemies":"Gremlin Nob","floor":8.0,"turns":3.0},{"damage":0.0,"enemies":"Lagavulin","floor":10.0,"turns":5.0},{"damage":10.0,"enemies":"Red Slaver","floor":12.0,"turns":2.0},{"damage":0.0,"enemies":"Exordium Thugs","floor":13.0,"turns":3.0},{"damage":0.0,"enemies":"Slime Boss","floor":16.0,"turns":2.0},{"damage":2.0,"enemies":"Chosen","floor":18.0,"turns":4.0},{"damage":10.0,"enemies":"Masked Bandits","floor":22.0,"turns":3.0},{"damage":7.0,"enemies":"Slavers","floor":23.0,"turns":3.0},{"damage":0.0,"enemies":"Shell Parasite","floor":24.0,"turns":5.0},{"damage":16.0,"enemies":"Gremlin Leader","floor":25.0,"turns":5.0},{"damage":0.0,"enemies":"3 Cultists","floor":30.0,"turns":3.0},{"damage":20.0,"enemies":"Collector","floor":33.0,"turns":10.0},{"damage":13.0,"enemies":"3 Shapes","floor":35.0,"turns":2.0},{"damage":9.0,"enemies":"3 Darklings","floor":37.0,"turns":4.0},{"damage":5.0,"enemies":"Transient","floor":38.0,"turns":5.0},{"damage":0.0,"enemies":"Writhing Mass","floor":39.0,"turns":5.0},{"damage":13.0,"enemies":"Reptomancer","floor":41.0,"turns":5.0},{"damage":17.0,"enemies":"Giant Head","floor":44.0,"turns":7.0},{"damage":9.0,"enemies":"Nemesis","floor":46.0,"turns":5.0},{"damage":0.0,"enemies":"Maw","floor":47.0,"turns":2.0},{"damage":17.0,"enemies":"3 Darklings","floor":48.0,"turns":4.0},{"damage":8.0,"enemies":"Donu and Deca","floor":50.0,"turns":6.0},{"damage":50.0,"enemies":"Shield and Spear","floor":54.0,"turns":7.0},{"damage":59,"enemies":"The Heart","floor":55,"turns":5}],"seed_played":"232221549662614781","potions_obtained":[{"floor":1.0,"key":"Poison Potion"},{"floor":5.0,"key":"Ancient Potion"},{"floor":8.0,"key":"EntropicBrew"},{"floor":10.0,"key":"Strength Potion"},{"floor":11.0,"key":"GamblersBrew"},{"floor":11.0,"key":"Fruit Juice"},{"floor":11.0,"key":"Weak Potion"},{"floor":12.0,"key":"DistilledChaos"}],"is_trial":false,"path_per_floor":["M","M","M","M","M","E","R","E","T","E","?","M","M","$","R","B",null,"M","T","?","$","?","E","M","E","T","$","?","R","M","T","R","B",null,"M","$","M","M","M","R","E","R","T","E","?","E","M","M","R","B",null,"R","$","E","B"],"character_chosen":"THE_SILENT","items_purchased":["Blade Dance","Infinite Blades","Backflip","Pear","Blur","Sling","Prepared"],"campfire_rested":1,"item_purchase_floors":[14,14,21,27,36,53,53],"current_hp_per_floor":[70,70,65,59,49,33,54,45,45,47,52,44,46,46,58,60,75,73,73,57,57,49,44,46,32,32,42,42,57,59,59,74,56,85,72,72,65,62,64,82,71,85,92,75,75,68,70,55,76,70,92,92,92,57,0,0],"gold":74,"neow_bonus":"BOSS_RELIC","is_daily":false,"chose_seed":false,"campfire_upgraded":3,"win_rate":0.0,"timestamp":1609265178,"path_taken":["M","M","M","M","M","E","R","E","T","E","?","M","M","$","R","BOSS","M","?","?","$","?","E","M","E","T","?","?","R","?","?","R","BOSS","M","$","M","M","M","R","E","R","T","E","?","E","M","?","R","BOSS","R","$","E","BOSS"],"items_purchased_type":["Card","Card","Card","Relic","Card","Relic","Card"],"build_version":"2020-12-22","purchased_purges":1,"victory":false,"max_hp_per_floor":[70,70,70,70,70,70,70,70,70,70,75,75,75,75,75,75,75,75,75,75,75,75,75,75,75,75,85,85,85,85,85,85,85,85,85,85,85,85,85,85,85,85,92,92,92,92,92,92,92,92,92,92,92,92,92,92],"card_choices":[{"not_picked":["Tactician","Deflect"],"picked":"Blade Dance","floor":1.0},{"not_picked":["Outmaneuver","Bane","Slice"],"picked":"SKIP","floor":2.0},{"not_picked":["PiercingWail","Outmaneuver"],"picked":"Blur","floor":3.0},{"not_picked":["Heel Hook","Catalyst"],"picked":"Escape Plan","floor":4.0},{"not_picked":["Sucker Punch","Underhanded Strike"],"picked":"Dodge and Roll","floor":5.0},{"not_picked":["Crippling Poison","Tactician"],"picked":"Terror","floor":6.0},{"not_picked":["Bouncing Flask","Finisher+1"],"picked":"Storm of Steel","floor":8.0},{"not_picked":["Poisoned Stab+1","Dagger Spray+1","Slice+1"],"picked":"SKIP","floor":10.0},{"not_picked":["Outmaneuver","Flying Knee+1"],"picked":"PiercingWail","floor":12.0},{"not_picked":["Endless Agony+1","Eviscerate+1"],"picked":"Sucker Punch+1","floor":13.0},{"not_picked":["A Thousand Cuts","Unload+1"],"picked":"Malaise","floor":16.0},{"not_picked":["Poisoned Stab+1","Riddle With Holes+1"],"picked":"PiercingWail","floor":18.0},{"not_picked":["Heel Hook+1","Quick Slash+1"],"picked":"Cloak And Dagger","floor":22.0},{"not_picked":["Masterful Stab+1","Catalyst"],"picked":"Acrobatics","floor":23.0},{"not_picked":["Concentrate","Flechettes+1"],"picked":"Finisher+1","floor":24.0},{"not_picked":["Caltrops+1","Corpse Explosion"],"picked":"Cloak And Dagger","floor":25.0},{"not_picked":["Reflex+1","Tactician"],"picked":"PiercingWail","floor":30.0},{"not_picked":["Glass Knife+1","Grand Finale+1"],"picked":"Adrenaline","floor":33.0},{"not_picked":["Crippling Poison+1","Underhanded Strike+1"],"picked":"Cloak And Dagger+1","floor":35.0},{"not_picked":["PiercingWail+1","Poisoned Stab+1"],"picked":"Leg Sweep","floor":37.0},{"not_picked":["Outmaneuver+1","Dagger Throw+1","Slice+1"],"picked":"SKIP","floor":38.0},{"not_picked":["Outmaneuver+1","Dodge and Roll"],"picked":"Leg Sweep+1","floor":39.0},{"not_picked":["Unload+1","Sucker Punch+1"],"picked":"Deflect+1","floor":41.0},{"not_picked":["Quick Slash+1","Predator+1"],"picked":"Backflip+1","floor":44.0},{"not_picked":["Venomology","Sucker Punch+1","Crippling Poison+1"],"picked":"SKIP","floor":46.0},{"not_picked":["Acrobatics+1","Slice+1","Footwork+1"],"picked":"SKIP","floor":47.0},{"not_picked":["Backflip","Outmaneuver+1","Underhanded Strike+1"],"picked":"SKIP","floor":48.0},{"not_picked":["Dagger Spray+1","Noxious Fumes+1","Deadly Poison"],"picked":"SKIP","floor":54.0}],"player_experience":224846,"relics_obtained":[{"floor":6.0,"key":"Molten Egg 2"},{"floor":8.0,"key":"Blood Vial"},{"floor":9.0,"key":"Eternal Feather"},{"floor":10.0,"key":"Girya"},{"floor":20.0,"key":"Nilry\u0027s Codex"},{"floor":22.0,"key":"Red Mask"},{"floor":23.0,"key":"Kunai"},{"floor":25.0,"key":"Art of War"},{"floor":26.0,"key":"Omamori"},{"floor":28.0,"key":"Ancient Tea Set"},{"floor":31.0,"key":"Ginger"},{"floor":41.0,"key":"Oddly Smooth Stone"},{"floor":43.0,"key":"Strawberry"},{"floor":44.0,"key":"Shuriken"},{"floor":46.0,"key":"Whetstone"},{"floor":54.0,"key":"Bottled Tornado"}],"event_choices":[{"damage_healed":0.0,"max_hp_gain":0.0,"max_hp_loss":0.0,"gold_gain":0.0,"event_name":"Lab","player_choice":"Got Potions","floor":11.0,"gold_loss":0.0,"damage_taken":0.0},{"damage_healed":0.0,"max_hp_gain":0.0,"max_hp_loss":0.0,"gold_gain":0.0,"event_name":"Cursed Tome","player_choice":"Obtained Book","floor":20.0,"gold_loss":0.0,"damage_taken":16.0},{"damage_healed":0.0,"max_hp_gain":0.0,"max_hp_loss":0.0,"gold_gain":0.0,"event_name":"Masked Bandits","player_choice":"Fought Bandits","floor":22.0,"gold_loss":0.0,"damage_taken":0.0},{"damage_healed":0.0,"max_hp_gain":0.0,"max_hp_loss":0.0,"gold_gain":0.0,"event_name":"Wheel of Change","player_choice":"Relic","floor":28.0,"gold_loss":0.0,"damage_taken":0.0},{"damage_healed":0.0,"max_hp_gain":0.0,"max_hp_loss":0.0,"gold_gain":0.0,"event_name":"Match and Keep!","player_choice":"1 cards matched","floor":45.0,"gold_loss":0.0,"damage_taken":0.0,"cards_obtained":["Panacea"]}],"is_beta":false,"boss_relics":[{"not_picked":["Tiny House","Coffee Dripper"],"picked":"Sozu"},{"not_picked":["Runic Pyramid","Snecko Eye"],"picked":"Cursed Key"}],"items_purged_floors":[14],"is_endless":false,"potions_floor_spawned":[1,5,8,10,12,24,25,30,33,35,39,41,47,48,54],"killed_by":"The Heart","ascension_level":3}}