{"host":"m77rrhbqzv44va4v","time":1609214360,"event":{"mods":["AchievementEnabler","BaseMod","Colored Map","DeckTracker","Keyboard Shortcuts","Minty Spire (QoL Compilation)","StSLib","SuperFastMode","everything is the same but u backflip on backflip"],"gold_per_floor":[110,126,126,138,138,165,165,191,215,235,235,254,271,43,43,43,43],"floor_reached":16,"playtime":445,"items_purged":["Strike_R"],"score":196,"play_id":"8893ac23-2cb0-4980-bf5c-7793708c3c3d","local_time":"20201229125920","is_ascension_mode":true,"campfire_choices":[{"floor":11.0,"key":"REST"},{"data":"Uppercut","floor":15,"key":"SMITH"}],"circlet_count":0,"master_deck":["AscendersBane","Strike_R","Strike_R","Strike_R","Strike_R+1","Defend_R+1","Defend_R","Defend_R","Defend_R","Bash","Immolate","Wild Strike","Uppercut+1","Battle Trance"],"relics":["Burning Blood","Lantern","Oddly Smooth Stone","MealTicket","PreservedInsect"],"acts_visited":["Exordium"],"potions_floor_usage":[16,16],"damage_taken":[{"damage":0.0,"enemies":"2 Louse","floor":1.0,"turns":2.0},{"damage":12.0,"enemies":"Jaw Worm","floor":2.0,"turns":2.0},{"damage":3.0,"enemies":"Small Slimes","floor":4.0,"turns":2.0},{"damage":35.0,"enemies":"Lagavulin","floor":6.0,"turns":6.0},{"damage":17.0,"enemies":"3 Sentries","floor":8.0,"turns":7.0},{"damage":2.0,"enemies":"Exordium Thugs","floor":10.0,"turns":3.0},{"damage":5.0,"enemies":"Red Slaver","floor":12.0,"turns":2.0},{"damage":9.0,"enemies":"Exordium Wildlife","floor":13.0,"turns":3.0},{"damage":53,"enemies":"The Guardian","floor":16,"turns":10}],"seed_played":"-2731602568899812766","potions_obtained":[{"floor":1.0,"key":"HeartOfIron"},{"floor":6.0,"key":"Block Potion"},{"floor":10.0,"key":"BlessingOfTheForge"},{"floor":12.0,"key":"Strength Potion"}],"is_trial":false,"path_per_floor":["M","M","?","M","?","E","?","E","T","M","R","M","M","$","R","B"],"character_chosen":"IRONCLAD","items_purchased":["PreservedInsect"],"campfire_rested":1,"item_purchase_floors":[14],"current_hp_per_floor":[74,68,68,71,76,47,23,12,12,16,40,41,38,53,53,0,0],"gold":43,"neow_bonus":"ONE_RANDOM_RARE_CARD","is_daily":false,"chose_seed":false,"campfire_upgraded":1,"win_rate":0.0,"timestamp":1609214360,"path_taken":["M","M","?","M","?","E","?","E","T","M","R","M","?","?","R","BOSS"],"items_purchased_type":["Relic"],"build_version":"2020-12-22","purchased_purges":1,"victory":false,"max_hp_per_floor":[75,75,75,75,80,80,80,80,80,80,80,80,80,80,80,80,80],"card_choices":[{"not_picked":["Clash","Clothesline"],"picked":"Wild Strike","floor":1.0},{"not_picked":["Dual Wield","Combust","Uppercut"],"picked":"SKIP","floor":2.0},{"not_picked":["Uppercut","Twin Strike","Warcry"],"picked":"SKIP","floor":4.0},{"not_picked":["Spot Weakness","Dark Embrace","Flex"],"picked":"SKIP","floor":6.0},{"not_picked":["Rampage","Body Slam","Warcry"],"picked":"SKIP","floor":8.0},{"not_picked":["Armaments","Anger"],"picked":"Uppercut","floor":10.0},{"not_picked":["Infernal Blade","Rupture","Hemokinesis"],"picked":"SKIP","floor":12.0},{"not_picked":["Uppercut","Metallicize"],"picked":"Battle Trance","floor":13.0}],"player_experience":835285,"relics_obtained":[{"floor":6.0,"key":"Lantern"},{"floor":8.0,"key":"Oddly Smooth Stone"},{"floor":9.0,"key":"MealTicket"}],"event_choices":[{"damage_healed":0.0,"max_hp_gain":0.0,"max_hp_loss":0.0,"gold_gain":0.0,"event_name":"Liars Game","player_choice":"Ignored","floor":3.0,"gold_loss":0.0,"damage_taken":0.0},{"damage_healed":0.0,"max_hp_gain":5.0,"max_hp_loss":0.0,"gold_gain":0.0,"event_name":"Big Fish","player_choice":"Donut","floor":5.0,"gold_loss":0.0,"damage_taken":0.0},{"damage_healed":0.0,"max_hp_gain":0.0,"max_hp_loss":0.0,"gold_gain":0.0,"event_name":"Shining Light","player_choice":"Entered Light","floor":7.0,"gold_loss":0.0,"damage_taken":24.0,"cards_upgraded":["Defend_R","Strike_R"]}],"is_beta":false,"boss_relics":[],"items_purged_floors":[14],"is_endless":false,"potions_floor_spawned":[1,6,10,12,13],"killed_by":"The Guardian","ascension_level":15}}