{"host":"y76clbnovzmw9ubx","time":1609284607,"event":{"mods":["AchievementEnabler","BaseMod","Minty Spire (QoL Compilation)","Permanent Neow","Relic Stats"],"gold_per_floor":[13,26,26,45,63,63,63],"floor_reached":6,"playtime":268,"items_purged":[],"score":76,"play_id":"3085fd3a-cb98-45eb-9fb1-bc10fc1b1cfb","local_time":"20201229183007","is_ascension_mode":true,"campfire_choices":[],"circlet_count":0,"master_deck":["AscendersBane","Strike_G","Strike_G","Strike_G","Strike_G","Strike_G","Defend_G","Defend_G","Defend_G","Defend_G","Defend_G","Survivor","Neutralize","Malaise","Poisoned Stab","PiercingWail","Backstab"],"relics":["Ring of the Snake"],"acts_visited":["Exordium"],"potions_floor_usage":[],"damage_taken":[{"damage":2,"enemies":"Cultist","floor":1,"turns":5},{"damage":8,"enemies":"Jaw Worm","floor":2,"turns":7},{"damage":2,"enemies":"2 Louse","floor":4,"turns":3},{"damage":0,"enemies":"2 Fungi Beasts","floor":5,"turns":3},{"damage":52,"enemies":"Gremlin Nob","floor":6,"turns":5}],"seed_played":"7786213494971624517","potions_obtained":[{"floor":1,"key":"Dexterity Potion"},{"floor":2,"key":"SmokeBomb"},{"floor":3,"key":"Weak Potion"},{"floor":3,"key":"SteroidPotion"},{"floor":4,"key":"CultistPotion"}],"is_trial":false,"path_per_floor":["M","M","?","M","M","E"],"character_chosen":"THE_SILENT","items_purchased":[],"campfire_rested":0,"item_purchase_floors":[],"current_hp_per_floor":[57,49,49,47,47,0,0],"gold":63,"neow_bonus":"THREE_RARE_CARDS","is_daily":false,"chose_seed":false,"campfire_upgraded":0,"win_rate":0.0,"timestamp":1609284607,"path_taken":["M","M","?","M","M","E"],"items_purchased_type":[],"build_version":"2020-12-22","purchased_purges":0,"victory":false,"max_hp_per_floor":[66,66,66,66,66,66,66],"relic_stats":{"counters":[5,23],"obtain_stats":[{"Ring of the Snake":0},{"Ring of the Snake":0},{"Ring of the Snake":0}],"Ring of the Snake":[10]},"card_choices":[{"not_picked":["A Thousand Cuts","Bullet Time"],"picked":"Malaise","floor":0},{"not_picked":["Tactician","Sucker Punch"],"picked":"Poisoned Stab","floor":1},{"not_picked":["Bane","Eviscerate"],"picked":"PiercingWail","floor":2},{"not_picked":["Choke","Backflip"],"picked":"Backstab","floor":4},{"not_picked":["PiercingWail","Grand Finale","Setup"],"picked":"SKIP","floor":5}],"player_experience":3016575,"relics_obtained":[],"event_choices":[{"damage_healed":0,"gold_gain":0,"player_choice":"Got Potions","damage_taken":0,"max_hp_gain":0,"max_hp_loss":0,"event_name":"Lab","floor":3,"gold_loss":0}],"is_beta":false,"boss_relics":[],"items_purged_floors":[],"is_endless":false,"potions_floor_spawned":[1,2,4],"killed_by":"Gremlin Nob","ascension_level":20}}