{"host":"grli52lbdph2722t","time":1609208818,"event":{"mods":["AchievementEnabler","BaseMod","Downfall","Minty Spire (QoL Compilation)","Quick Restart","StSLib"],"gold_per_floor":[99,99,199,199,69,96,122,149,204,222,257,275,50,50,63,63,63],"floor_reached":16,"playtime":505,"items_purged":[],"score":282,"play_id":"a2119a60-76f3-483a-b069-ed0859457f8e","local_time":"20201229032658","is_ascension_mode":true,"campfire_choices":[{"floor":1,"key":"RECALL"},{"data":"sneckomod:SerpentMind","floor":13,"key":"SMITH"}],"circlet_count":0,"master_deck":["AscendersBane","sneckomod:Strike","sneckomod:Strike","sneckomod:Defend","sneckomod:Defend","sneckomod:Defend","sneckomod:SnekBite","sneckomod:Unknown","sneckomod:Unknown","sneckomod:ImprovisedAttack","sneckomod:WideSting","sneckomod:UnknownUncommonPower","sneckomod:SnakeSap","sneckomod:TrashToTreasure","sneckomod:UnknownVulnerable","sneckomod:IronFang+1","sneckomod:Unknown2Cost","sneckomod:SerpentMind+1","sneckomod:SoulCleanse","sneckomod:MasterEye"],"relics":["sneckomod:SneckoSoul","downfall:HeartsMalice","Molten Egg 2","Vajra","Oddly Smooth Stone","Akabeko","downfall:HeartBlessingRed","downfall:HeartBlessingGreen","downfall:HeartBlessingBlue"],"acts_visited":["Exordium"],"potions_floor_usage":[9,11,16,16],"damage_taken":[{"damage":0,"enemies":"Jaw Worm","floor":2,"turns":1},{"damage":0,"enemies":"downfall:FleeingMerchant","floor":5,"turns":1},{"damage":0,"enemies":"Lagavulin","floor":6,"turns":1},{"damage":15,"enemies":"Gremlin Nob","floor":8,"turns":4},{"damage":10,"enemies":"3 Sentries","floor":9,"turns":3},{"damage":6,"enemies":"Small Slimes","floor":10,"turns":3},{"damage":11,"enemies":"3 Sentries","floor":11,"turns":5},{"damage":0,"enemies":"2 Louse","floor":12,"turns":1},{"damage":0,"enemies":"2 Fungi Beasts","floor":15,"turns":2},{"damage":46,"enemies":"downfall:Silent","floor":16,"turns":6}],"seed_played":"-8385600947654939199","potions_obtained":[{"floor":8,"key":"DistilledChaos"},{"floor":8,"key":"sneckomod:DiceRollPotion"},{"floor":9,"key":"SkillPotion"},{"floor":11,"key":"champ:CounterPotion"},{"floor":15,"key":"SkillPotion"}],"is_trial":false,"path_per_floor":["R","M","?","?","$","E","T","E","?","M","E","M","R","?","M","B"],"character_chosen":"THE_SNECKO","items_purchased":["sneckomod:UnknownUncommonPower","sneckomod:SnakeSap"],"campfire_rested":0,"item_purchase_floors":[5,5],"current_hp_per_floor":[75,75,75,75,76,76,76,62,52,47,36,36,46,46,46,0,0],"gold":63,"neow_bonus":"THREE_ENEMY_KILL","is_daily":false,"chose_seed":false,"campfire_upgraded":1,"win_rate":0.0,"timestamp":1609208818,"path_taken":["R","M","?","?","?","E","T","E","?","M","E","M","R","?","M","BOSS"],"items_purchased_type":["Card","Card"],"build_version":"2020-12-22","purchased_purges":0,"victory":false,"max_hp_per_floor":[83,83,83,83,84,84,84,85,85,86,86,86,96,96,96,96,96],"card_choices":[{"not_picked":["sneckomod:ImprovisedGuard","sneckomod:Unknown1Cost"],"picked":"sneckomod:ImprovisedAttack","floor":2},{"not_picked":["sneckomod:RainOfDice","sneckomod:UnknownClassRED"],"picked":"sneckomod:WideSting","floor":5},{"not_picked":["sneckomod:ImprovisedGuard","sneckomod:DiceBlock"],"picked":"sneckomod:TrashToTreasure","floor":6},{"not_picked":["sneckomod:RainOfDice+1","sneckomod:UnknownCommonAttack+1"],"picked":"sneckomod:UnknownVulnerable","floor":8},{"not_picked":["sneckomod:UnknownClassGUARDIAN","sneckomod:UnknownClassHEXA_GHOST_PURPLE"],"picked":"sneckomod:IronFang+1","floor":9},{"not_picked":["sneckomod:UnknownExhaust","sneckomod:IronFang+1"],"picked":"sneckomod:Unknown2Cost","floor":10},{"not_picked":["sneckomod:UnknownClassPURPLE","sneckomod:UnknownClassGREEN"],"picked":"sneckomod:SerpentMind","floor":11},{"not_picked":["sneckomod:UnknownBlock","sneckomod:UnknownStrike+1"],"picked":"sneckomod:SoulCleanse","floor":12},{"not_picked":["sneckomod:UnknownWeak","sneckomod:WideSting+1"],"picked":"sneckomod:MasterEye","floor":15}],"player_experience":4912164,"relics_obtained":[{"floor":6,"key":"Molten Egg 2"},{"floor":8,"key":"Vajra"},{"floor":9,"key":"Oddly Smooth Stone"},{"floor":11,"key":"Akabeko"}],"event_choices":[{"cards_removed":["sneckomod:Strike"],"damage_healed":0,"gold_gain":0,"player_choice":"Card Removal","damage_taken":0,"max_hp_gain":0,"max_hp_loss":0,"event_name":"The Cleric","floor":4,"gold_loss":0},{"cards_removed":["sneckomod:TailWhip"],"damage_healed":0,"gold_gain":0,"player_choice":"Purged","damage_taken":0,"max_hp_gain":0,"max_hp_loss":0,"event_name":"Purifier","floor":14,"gold_loss":0}],"is_beta":false,"boss_relics":[],"items_purged_floors":[],"is_endless":false,"potions_floor_spawned":[8,9,10,11,15],"killed_by":"downfall:Silent","ascension_level":20}}