{"host":"a1eatafr7pisesky","time":1609238997,"event":{"mods":["BaseMod","Colored Map","DeckTracker","Highlight Path","Keyboard Shortcuts","Minty Spire (QoL Compilation)","Permanent Neow","Random Character Button","StSLib","SuperFastMode","everything is the same but u backflip on backflip"],"gold_per_floor":[99,99,99,119,119,119,150,173,173,200,200,220,320,320,320,417,417,436,450,461,192,192,192,224,224,224,224,244,274,274,289,289,387,387,405,455,470,100,100,100,100,128,207,233,233,264,318,318,318,318,318,318,121,146,146],"floor_reached":56,"playtime":1510,"items_purged":["FlurryOfBlows+1"],"score":2163,"play_id":"edf29f66-7bbc-4aee-b458-6bd4d554571f","local_time":"20201229194957","is_ascension_mode":true,"campfire_choices":[{"data":"EmptyMind+1","floor":6.0,"key":"PURGE"},{"data":"FlurryOfBlows+1","floor":11.0,"key":"PURGE"},{"data":"Halt+1","floor":15.0,"key":"PURGE"},{"data":"Vigilance","floor":23.0,"key":"PURGE"},{"data":"FearNoEvil","floor":25.0,"key":"SMITH"},{"data":"Tantrum","floor":27.0,"key":"SMITH"},{"floor":32.0,"key":"RECALL"},{"floor":40,"key":"REST"},{"data":"Scrawl","floor":45,"key":"SMITH"},{"data":"InnerPeace","floor":49,"key":"SMITH"},{"floor":52,"key":"REST"}],"circlet_count":0,"master_deck":["Eruption+1","Tantrum+1","Adaptation+1","Adaptation+1","TalkToTheHand+1","FearNoEvil+1","InnerPeace+1","Scrawl+1"],"relics":["PureWater","NeowsBlessing","Blue Candle","Oddly Smooth Stone","Frozen Egg 2","Centennial Puzzle","Astrolabe","Peace Pipe","Sundial","Shuriken","Busted Crown","Turnip","Meat on the Bone","TungstenRod","Membership Card","Bag of Preparation","Bottled Flame","Juzu Bracelet","Nunchaku","Strawberry","HornCleat","SlaversCollar","OrangePellets","Lantern","MealTicket","Blood Vial","Singing Bowl","Yang","Nloth\u0027s Gift","VioletLotus","Dead Branch","Incense Burner","Torii","HandDrill","Whetstone","Question Card","Smiling Mask","Frozen Egg 2","TungstenRod","Frozen Eye","TeardropLocket","Vajra"],"acts_visited":["Exordium","TheCity","TheBeyond","TheEnding"],"potions_floor_usage":[55,55],"damage_taken":[{"damage":0.0,"enemies":"Cultist","floor":1.0,"turns":1.0},{"damage":0.0,"enemies":"Small Slimes","floor":4.0,"turns":1.0},{"damage":0.0,"enemies":"Gremlin Nob","floor":7.0,"turns":1.0},{"damage":0.0,"enemies":"Lagavulin","floor":10.0,"turns":1.0},{"damage":0.0,"enemies":"2 Louse","floor":12.0,"turns":1.0},{"damage":0.0,"enemies":"The Guardian","floor":16.0,"turns":1.0},{"damage":0.0,"enemies":"Chosen","floor":18.0,"turns":1.0},{"damage":0.0,"enemies":"Spheric Guardian","floor":19.0,"turns":1.0},{"damage":0.0,"enemies":"Cultist and Chosen","floor":20.0,"turns":1.0},{"damage":0.0,"enemies":"Gremlin Leader","floor":24.0,"turns":2.0},{"damage":0.0,"enemies":"Chosen and Byrds","floor":28.0,"turns":1.0},{"damage":0.0,"enemies":"Slavers","floor":29.0,"turns":1.0},{"damage":0.0,"enemies":"Snecko","floor":31.0,"turns":1.0},{"damage":0.0,"enemies":"Collector","floor":33.0,"turns":1.0},{"damage":0.0,"enemies":"3 Darklings","floor":35.0,"turns":1.0},{"damage":0.0,"enemies":"Mind Bloom Boss Battle","floor":36.0,"turns":1.0},{"damage":0.0,"enemies":"3 Shapes","floor":37.0,"turns":1.0},{"damage":0,"enemies":"Nemesis","floor":42,"turns":1},{"damage":0,"enemies":"Reptomancer","floor":44,"turns":1},{"damage":0,"enemies":"Nemesis","floor":46,"turns":1},{"damage":0,"enemies":"2 Orb Walkers","floor":47,"turns":1},{"damage":0,"enemies":"Awakened One","floor":50,"turns":2},{"damage":0,"enemies":"Shield and Spear","floor":54,"turns":1},{"damage":34,"enemies":"The Heart","floor":55,"turns":3}],"seed_played":"1724246903673783573","potions_obtained":[{"floor":10.0,"key":"ColorlessPotion"},{"floor":16.0,"key":"SteroidPotion"},{"floor":24.0,"key":"LiquidMemories"}],"is_trial":false,"path_per_floor":["M","?","?","M","?","R","E","T","T","E","R","M","?","?","R","B",null,"M","M","M","$","?","R","E","R","T","R","M","E","?","M","R","B",null,"M","?","M","$","?","R","$","E","T","E","R","E","?","?","R","B",null,"R","$","E","B",null],"character_chosen":"WATCHER","items_purchased":["OrangePellets","Lantern","MealTicket","Incense Burner","Torii","HandDrill","Frozen Eye","TeardropLocket"],"campfire_rested":2,"item_purchase_floors":[21,21,21,38,38,38,53,53],"current_hp_per_floor":[68,62,57,57,62,62,62,69,69,69,69,69,69,69,69,69,77,77,77,77,77,77,77,77,77,77,77,79,82,82,84,84,84,84,86,86,88,88,88,88,88,88,88,90,90,92,94,89,89,89,89,89,89,91,57],"gold":146,"neow_bonus":"REMOVE_CARD","is_daily":false,"chose_seed":false,"campfire_upgraded":4,"win_rate":0.0,"timestamp":1609238997,"path_taken":["M","?","?","M","?","R","E","?","T","E","R","M","?","?","R","BOSS","M","M","M","$","?","R","E","R","T","R","M","E","?","M","R","BOSS","M","?","M","$","?","R","$","E","T","E","R","E","?","?","R","BOSS","R","$","E","BOSS"],"items_purchased_type":["Relic","Relic","Relic","Relic","Relic","Relic","Relic","Relic"],"build_version":"2020-12-22","purchased_purges":1,"victory":true,"max_hp_per_floor":[68,68,68,68,73,73,73,80,80,80,80,80,80,80,80,80,80,80,80,80,80,80,80,80,80,80,80,80,82,82,84,84,84,84,86,86,88,88,88,88,88,88,88,90,90,92,94,89,89,89,89,89,89,91,91],"card_choices":[{"not_picked":["JustLucky"],"picked":"SKIP","floor":1.0},{"not_picked":["SandsOfTime"],"picked":"SKIP","floor":4.0},{"not_picked":["EmptyMind"],"picked":"SKIP","floor":7.0},{"not_picked":["FlurryOfBlows"],"picked":"SKIP","floor":10.0},{"not_picked":["Protect"],"picked":"SKIP","floor":12.0},{"not_picked":["EmptyBody+1"],"picked":"SKIP","floor":18.0},{"not_picked":["EmptyFist+1"],"picked":"SKIP","floor":19.0},{"not_picked":["Halt"],"picked":"SKIP","floor":20.0},{"not_picked":["CrushJoints+1"],"picked":"SKIP","floor":24.0},{"not_picked":[],"picked":"InnerPeace","floor":28.0},{"not_picked":["Wish"],"picked":"Singing Bowl","floor":29.0},{"not_picked":["JustLucky+1"],"picked":"Singing Bowl","floor":31.0},{"not_picked":["EmptyBody"],"picked":"Singing Bowl","floor":35.0},{"not_picked":["PathToVictory"],"picked":"Singing Bowl","floor":37.0},{"not_picked":[],"picked":"Scrawl","floor":42},{"not_picked":["Establishment+1","Crescendo+1"],"picked":"Singing Bowl","floor":44},{"not_picked":["FollowUp+1","SpiritShield"],"picked":"Singing Bowl","floor":46},{"not_picked":["Evaluate","WindmillStrike"],"picked":"Singing Bowl","floor":47},{"not_picked":["LessonLearned","EmptyFist+1"],"picked":"Singing Bowl","floor":54}],"player_experience":269309,"relics_obtained":[{"floor":7.0,"key":"Nunchaku"},{"floor":8.0,"key":"Strawberry"},{"floor":10.0,"key":"HornCleat"},{"floor":24.0,"key":"Blood Vial"},{"floor":26.0,"key":"Singing Bowl"},{"floor":29.0,"key":"Yang"},{"floor":36.0,"key":"Dead Branch"},{"floor":42,"key":"Whetstone"},{"floor":43,"key":"Question Card"},{"floor":44,"key":"Smiling Mask"},{"floor":46,"key":"Frozen Egg 2"},{"floor":47,"key":"TungstenRod"},{"floor":54,"key":"Vajra"}],"event_choices":[{"cards_removed":["Study"],"damage_healed":0.0,"max_hp_gain":0.0,"max_hp_loss":0.0,"gold_gain":0.0,"event_name":"Golden Wing","player_choice":"Card Removal","floor":2.0,"gold_loss":0.0,"damage_taken":7.0},{"damage_healed":0.0,"max_hp_gain":0.0,"max_hp_loss":0.0,"gold_gain":0.0,"event_name":"Scrap Ooze","player_choice":"Success","floor":3.0,"gold_loss":0.0,"damage_taken":7.0,"relics_obtained":["Juzu Bracelet"]},{"damage_healed":0.0,"max_hp_gain":5.0,"max_hp_loss":0.0,"gold_gain":0.0,"event_name":"Big Fish","player_choice":"Donut","floor":5.0,"gold_loss":0.0,"damage_taken":0.0},{"damage_healed":0.0,"max_hp_gain":0.0,"max_hp_loss":0.0,"gold_gain":100.0,"event_name":"Wheel of Change","player_choice":"Gold","floor":13.0,"gold_loss":0.0,"damage_taken":0.0},{"cards_removed":["FlurryOfBlows"],"damage_healed":0.0,"max_hp_gain":0.0,"max_hp_loss":0.0,"gold_gain":0.0,"event_name":"Living Wall","player_choice":"Forget","floor":14.0,"gold_loss":0.0,"damage_taken":0.0},{"damage_healed":0.0,"max_hp_gain":0.0,"max_hp_loss":0.0,"gold_gain":0.0,"event_name":"The Library","player_choice":"Read","floor":22.0,"gold_loss":0.0,"damage_taken":0.0,"cards_obtained":["FearNoEvil"]},{"damage_healed":0.0,"max_hp_gain":0.0,"max_hp_loss":0.0,"gold_gain":0.0,"event_name":"N\u0027loth","player_choice":"Traded Relic","floor":30.0,"relics_lost":["Pocketwatch"],"gold_loss":0.0,"damage_taken":0.0,"relics_obtained":["Nloth\u0027s Gift"]},{"damage_healed":0.0,"max_hp_gain":0.0,"max_hp_loss":0.0,"gold_gain":0.0,"event_name":"MindBloom","player_choice":"Fight","floor":36.0,"gold_loss":0.0,"damage_taken":0.0},{"damage_healed":0,"gold_gain":0,"player_choice":"Ignored","damage_taken":0,"max_hp_gain":0,"max_hp_loss":0,"event_name":"Tomb of Lord Red Mask","floor":39,"gold_loss":0},{"damage_healed":0,"gold_gain":0,"player_choice":"Fight","damage_taken":0,"max_hp_gain":0,"max_hp_loss":0,"event_name":"Mysterious Sphere","floor":47,"gold_loss":0},{"damage_healed":0,"gold_gain":0,"player_choice":"Max HP","damage_taken":0,"max_hp_gain":0,"max_hp_loss":5,"event_name":"Winding Halls","floor":48,"gold_loss":0}],"is_beta":false,"boss_relics":[{"not_picked":["Calling Bell","Velvet Choker"],"picked":"SlaversCollar"},{"not_picked":["Astrolabe","Snecko Eye"],"picked":"VioletLotus"}],"items_purged_floors":[21],"is_endless":false,"potions_floor_spawned":[10,16,24,28,31,35,36,46],"ascension_level":6}}