{"host":"w3q5ijqu8eoknil3","time":1609265420,"event":{"mods":["AchievementEnabler","BaseMod","Block Reminder","Colored Powertips","Minty Spire (QoL Compilation)","Quick Restart","Relic Stats","ojb\u0027s Better Paths Mod","ojb\u0027s Info Mod","slay the spire mod where everything is the same but ironclad has a cowboy hat"],"gold_per_floor":[114,114,114,114,129,163,163,197,223,237,251,251,251,275,275,371,371,390,425,38,31,51,90,90,90,90],"floor_reached":25,"playtime":921,"items_purged":[],"score":536,"play_id":"4590eea0-ac8e-46fd-8a66-5e31210a04da","local_time":"20201229181020","is_ascension_mode":true,"campfire_choices":[{"data":"Footwork","floor":7,"key":"SMITH"},{"data":"Catalyst","floor":12,"key":"SMITH"},{"data":"Terror","floor":15,"key":"SMITH"},{"floor":24,"key":"REST"}],"circlet_count":0,"master_deck":["AscendersBane","Strike_G","Strike_G","Strike_G","Strike_G","Strike_G","Defend_G","Defend_G","Defend_G+1","Defend_G+1","Survivor","Neutralize","Catalyst+1","Footwork+1","Dagger Throw","Bouncing Flask","Deflect","Terror+1","Deflect","Venomology","Dodge and Roll","Finisher","Caltrops","Flying Knee","Expertise"],"relics":["Ring of the Snake","NeowsBlessing","Golden Idol","Akabeko","Bronze Scales","Strawberry","Cursed Key","Red Mask","Lantern","Strange Spoon","Matryoshka"],"acts_visited":["Exordium","TheCity"],"potions_floor_usage":[8,16,19,19,19,21,22,22,23,25,25],"damage_taken":[{"damage":0,"enemies":"Cultist","floor":1,"turns":1},{"damage":0,"enemies":"2 Louse","floor":5,"turns":1},{"damage":0,"enemies":"Gremlin Nob","floor":6,"turns":1},{"damage":13,"enemies":"3 Sentries","floor":8,"turns":13},{"damage":0,"enemies":"Small Slimes","floor":10,"turns":3},{"damage":3,"enemies":"Blue Slaver","floor":11,"turns":3},{"damage":1,"enemies":"3 Louse","floor":14,"turns":4},{"damage":0,"enemies":"The Guardian","floor":16,"turns":5},{"damage":0,"enemies":"Shell Parasite","floor":18,"turns":3},{"damage":30,"enemies":"Masked Bandits","floor":19,"turns":5},{"damage":0,"enemies":"2 Thieves","floor":21,"turns":4},{"damage":5,"enemies":"Snecko","floor":22,"turns":5},{"damage":20,"enemies":"Slavers","floor":23,"turns":6},{"damage":28,"enemies":"Cultist and Chosen","floor":25,"turns":5}],"seed_played":"6956305783997457332","potions_obtained":[{"floor":1,"key":"SkillPotion"},{"floor":6,"key":"DuplicationPotion"},{"floor":11,"key":"PowerPotion"},{"floor":19,"key":"SkillPotion"},{"floor":23,"key":"Poison Potion"}],"is_trial":false,"path_per_floor":["M","$","?","?","M","E","R","E","T","M","M","R","?","M","R","B",null,"M","?","$","M","M","E","R","M"],"character_chosen":"THE_SILENT","items_purchased":["Lantern","Caltrops","Strange Spoon"],"campfire_rested":1,"item_purchase_floors":[20,20,20],"current_hp_per_floor":[59,59,59,41,41,41,41,28,35,35,32,32,25,24,24,24,56,56,26,26,26,21,1,21,0,0],"gold":90,"neow_bonus":"THREE_ENEMY_KILL","is_daily":false,"chose_seed":false,"campfire_upgraded":3,"win_rate":0.0,"timestamp":1609265420,"path_taken":["M","?","?","?","M","E","R","E","T","M","M","R","?","M","R","BOSS","M","?","$","M","M","E","R","M"],"items_purchased_type":["Relic","Card","Relic"],"build_version":"2020-12-22","purchased_purges":0,"victory":false,"max_hp_per_floor":[66,66,60,60,60,60,60,60,67,67,67,67,67,67,67,67,67,67,67,67,67,67,67,67,67,67],"relic_stats":{"Strange Spoon":[5],"counters":[14,59],"Golden Idol":75,"Bronze Scales":[123],"Cursed Key":0,"obtain_stats":[{"Strange Spoon":20,"Lantern":20,"Matryoshka":23,"NeowsBlessing":0,"Golden Idol":3,"Bronze Scales":8,"Strawberry":9,"Red Mask":19,"Cursed Key":17,"Akabeko":6,"Ring of the Snake":0},{"Strange Spoon":10,"Lantern":10,"Matryoshka":13,"NeowsBlessing":0,"Golden Idol":1,"Bronze Scales":4,"Strawberry":4,"Red Mask":10,"Cursed Key":8,"Akabeko":3,"Ring of the Snake":0},{"Strange Spoon":39,"Lantern":39,"Matryoshka":54,"NeowsBlessing":0,"Golden Idol":1,"Bronze Scales":16,"Strawberry":16,"Red Mask":39,"Cursed Key":31,"Akabeko":3,"Ring of the Snake":0}],"Ring of the Snake":[28]},"card_choices":[{"not_picked":["Escape Plan","Blade Dance"],"picked":"Catalyst","floor":1},{"not_picked":["Prepared","Underhanded Strike"],"picked":"Footwork","floor":5},{"not_picked":["Bane","Escape Plan"],"picked":"Dagger Throw","floor":6},{"not_picked":["Poisoned Stab","Predator"],"picked":"Bouncing Flask","floor":8},{"not_picked":["Blade Dance","Bane"],"picked":"Deflect","floor":10},{"not_picked":["Choke","Underhanded Strike"],"picked":"Terror","floor":11},{"not_picked":["Underhanded Strike","Prepared"],"picked":"Deflect","floor":14},{"not_picked":["Phantasmal Killer","Die Die Die"],"picked":"Venomology","floor":16},{"not_picked":["Deflect","Predator"],"picked":"Dodge and Roll","floor":18},{"not_picked":["Sucker Punch","Deadly Poison"],"picked":"Finisher","floor":19},{"not_picked":["Blade Dance","Masterful Stab"],"picked":"Flying Knee","floor":21},{"not_picked":["Terror","Reflex","Dodge and Roll"],"picked":"SKIP","floor":22},{"not_picked":["Slice","Dodge and Roll"],"picked":"Expertise","floor":23}],"player_experience":956374,"relics_obtained":[{"floor":6,"key":"Akabeko"},{"floor":8,"key":"Bronze Scales"},{"floor":9,"key":"Strawberry"},{"floor":19,"key":"Red Mask"},{"floor":23,"key":"Matryoshka"}],"event_choices":[{"damage_healed":0,"gold_gain":0,"player_choice":"Lose Max HP","damage_taken":0,"relics_obtained":["Golden Idol"],"max_hp_gain":0,"max_hp_loss":6,"event_name":"Golden Idol","floor":3,"gold_loss":0},{"damage_healed":0,"gold_gain":0,"player_choice":"Entered Light","damage_taken":18,"max_hp_gain":0,"max_hp_loss":0,"event_name":"Shining Light","floor":4,"gold_loss":0,"cards_upgraded":["Defend_G","Defend_G"]},{"cards_removed":["Defend_G"],"damage_healed":0,"gold_gain":0,"player_choice":"Card Removal","damage_taken":7,"max_hp_gain":0,"max_hp_loss":0,"event_name":"Golden Wing","floor":13,"gold_loss":0},{"damage_healed":0,"gold_gain":0,"player_choice":"Fought Bandits","damage_taken":0,"max_hp_gain":0,"max_hp_loss":0,"event_name":"Masked Bandits","floor":19,"gold_loss":0}],"is_beta":false,"boss_relics":[{"not_picked":["SlaversCollar","Snecko Eye"],"picked":"Cursed Key"}],"items_purged_floors":[],"is_endless":false,"potions_floor_spawned":[1,6,11,14,19,23],"killed_by":"Cultist and Chosen","ascension_level":15}}