{"host":"6fpwia82zd5086hr","time":1609204618,"event":{"mods":["BaseMod","Better Skull","Better Third Choice","Downfall","Minty Spire (QoL Compilation)","Spicy Shops","StSLib"],"gold_per_floor":[13,13,13,13,31,65,65,95,141,157,171,187,202,222,222,324,324,335,355,24,41,51,51,76,76,124,140,140,152,177,190,190,292,292,305,319,12,23,23,23,23,39,64,84,84,97,97,110,110,110],"floor_reached":51,"playtime":4516,"items_purged":["Strike_B"],"score":871,"play_id":"5e16924c-2e11-450f-a406-960b0bcc55ef","local_time":"20201228181658","is_ascension_mode":true,"campfire_choices":[{"data":"Capacitor","floor":7.0,"key":"SMITH"},{"floor":15.0,"key":"REST"},{"data":"Defragment","floor":23.0,"key":"SMITH"},{"data":"Defragment","floor":25.0,"key":"SMITH"},{"data":"Seek","floor":32.0,"key":"SMITH"},{"data":"Machine Learning","floor":40.0,"key":"SMITH"},{"data":"White Noise","floor":47.0,"key":"SMITH"},{"floor":49,"key":"REST"}],"circlet_count":0,"master_deck":["Strike_B","Strike_B","Defend_B+1","Defend_B+1","Zap","Dualcast+1","Sunder+1","Apotheosis+1","Cold Snap","Capacitor+1","Defragment+1","White Noise+1","Steam","Leap","Melter","Seek+1","Go for the Eyes","Cold Snap","Defragment","Defragment+1","Glacier","Loop+1","Cold Snap","Machine Learning+1","Redo+1","Blizzard+1"],"relics":["FrozenCore","MealTicket","White Beast Statue","Boot","Happy Flower","Mummified Hand","Strawberry","Bottled Flame","Inserter","Calipers","War Paint"],"acts_visited":["Exordium","TheCity","TheBeyond"],"potions_floor_usage":[48,48,50],"damage_taken":[{"damage":1.0,"enemies":"2 Louse","floor":1.0,"turns":2.0},{"damage":0.0,"enemies":"Jaw Worm","floor":5.0,"turns":3.0},{"damage":15.0,"enemies":"Lagavulin","floor":6.0,"turns":5.0},{"damage":22.0,"enemies":"Gremlin Nob","floor":8.0,"turns":4.0},{"damage":0.0,"enemies":"Small Slimes","floor":10.0,"turns":1.0},{"damage":11.0,"enemies":"Exordium Thugs","floor":11.0,"turns":2.0},{"damage":6.0,"enemies":"Red Slaver","floor":12.0,"turns":2.0},{"damage":0.0,"enemies":"Lots of Slimes","floor":13.0,"turns":3.0},{"damage":0.0,"enemies":"3 Louse","floor":14.0,"turns":3.0},{"damage":0.0,"enemies":"Slime Boss","floor":16.0,"turns":6.0},{"damage":3.0,"enemies":"2 Thieves","floor":18.0,"turns":3.0},{"damage":0.0,"enemies":"Chosen","floor":19.0,"turns":6.0},{"damage":16.0,"enemies":"Snake Plant","floor":21.0,"turns":4.0},{"damage":3.0,"enemies":"Centurion and Healer","floor":22.0,"turns":5.0},{"damage":0.0,"enemies":"Book of Stabbing","floor":24.0,"turns":7.0},{"damage":1.0,"enemies":"Shelled Parasite and Fungi","floor":27.0,"turns":5.0},{"damage":0.0,"enemies":"Chosen and Byrds","floor":29.0,"turns":7.0},{"damage":0.0,"enemies":"Gremlin Leader","floor":30.0,"turns":6.0},{"damage":0.0,"enemies":"Centurion and Healer","floor":31.0,"turns":4.0},{"damage":4.0,"enemies":"Champ","floor":33.0,"turns":12.0},{"damage":0.0,"enemies":"3 Shapes","floor":35.0,"turns":5.0},{"damage":0.0,"enemies":"Orb Walker","floor":36.0,"turns":5.0},{"damage":6.0,"enemies":"Writhing Mass","floor":38.0,"turns":8.0},{"damage":3.0,"enemies":"4 Shapes","floor":42.0,"turns":7.0},{"damage":16.0,"enemies":"Sphere and 2 Shapes","floor":44.0,"turns":5.0},{"damage":6.0,"enemies":"Transient","floor":46.0,"turns":5.0},{"damage":4,"enemies":"Writhing Mass","floor":48,"turns":7},{"damage":45,"enemies":"Awakened One","floor":50,"turns":14}],"seed_played":"1647986086118852801","potions_obtained":[{"floor":1.0,"key":"Energy Potion"},{"floor":8.0,"key":"PowerPotion"},{"floor":10.0,"key":"PowerPotion"},{"floor":11.0,"key":"SneckoOil"},{"floor":12.0,"key":"Fire Potion"},{"floor":13.0,"key":"Dexterity Potion"},{"floor":14.0,"key":"SkillPotion"},{"floor":16.0,"key":"PowerPotion"},{"floor":18.0,"key":"SpeedPotion"},{"floor":19.0,"key":"LiquidMemories"},{"floor":21.0,"key":"DuplicationPotion"},{"floor":22.0,"key":"DistilledChaos"},{"floor":24.0,"key":"LiquidMemories"},{"floor":27.0,"key":"Weak Potion"},{"floor":29.0,"key":"Dexterity Potion"},{"floor":30.0,"key":"Swift Potion"},{"floor":31.0,"key":"SpeedPotion"},{"floor":33.0,"key":"Strength Potion"},{"floor":35.0,"key":"FairyPotion"},{"floor":36.0,"key":"hexamod:EctoCoolerPotion"},{"floor":42.0,"key":"DuplicationPotion"},{"floor":44.0,"key":"SpeedPotion"},{"floor":46.0,"key":"Swift Potion"},{"floor":48,"key":"Fruit Juice"}],"is_trial":false,"path_per_floor":["M","?","?","?","M","E","R","E","T","M","M","M","M","M","R","B",null,"M","M","$","M","M","R","E","R","T","M","?","M","E","M","R","B",null,"M","M","$","M","$","R","?","M","T","M","?","M","R","M","R","B",null],"character_chosen":"DEFECT","items_purchased":["Defragment","Happy Flower","Calipers"],"campfire_rested":2,"item_purchase_floors":[20,20,37],"current_hp_per_floor":[74,74,74,74,74,59,59,37,37,37,26,20,20,20,42,42,75,72,72,75,59,56,56,56,56,63,62,62,62,62,62,62,58,82,82,82,82,76,82,82,78,75,75,59,59,53,53,54,78,33],"gold":110,"neow_bonus":"REMOVE_TWO","is_daily":false,"chose_seed":false,"campfire_upgraded":6,"win_rate":0.0,"timestamp":1609204618,"path_taken":["M","?","?","?","M","E","R","E","T","M","M","M","M","?","R","BOSS","M","M","$","M","M","R","E","R","T","M","?","?","E","M","R","BOSS","M","M","$","M","?","R","?","M","T","M","?","M","R","?","R","BOSS"],"items_purchased_type":["Card","Relic","Relic"],"build_version":"2020-12-22","purchased_purges":1,"victory":true,"max_hp_per_floor":[75,75,75,75,75,75,75,75,75,75,75,75,75,75,75,75,75,75,75,75,75,75,75,75,75,82,82,82,82,82,82,82,82,82,82,82,82,82,82,82,78,78,78,78,78,78,78,83,83,83],"card_choices":[{"not_picked":["BootSequence","Streamline"],"picked":"Sunder","floor":1.0},{"not_picked":["Barrage","Chill"],"picked":"Cold Snap","floor":5.0},{"not_picked":["Amplify","Genetic Algorithm"],"picked":"Capacitor","floor":6.0},{"not_picked":["Redo","Streamline","White Noise"],"picked":"SKIP","floor":8.0},{"not_picked":["Go for the Eyes","Recycle"],"picked":"Defragment","floor":10.0},{"not_picked":["Beam Cell","Steam"],"picked":"White Noise","floor":11.0},{"not_picked":["Hello World","Streamline"],"picked":"Steam","floor":12.0},{"not_picked":["Darkness","Turbo"],"picked":"Leap","floor":13.0},{"not_picked":["Blizzard","Hologram"],"picked":"Melter","floor":14.0},{"not_picked":["Echo Form","Reboot"],"picked":"Seek","floor":16.0},{"not_picked":["Coolheaded","Gash"],"picked":"Go for the Eyes","floor":18.0},{"not_picked":["Fusion","Scrape"],"picked":"Cold Snap","floor":19.0},{"not_picked":["Sweeping Beam","Compile Driver"],"picked":"Defragment","floor":21.0},{"not_picked":["Gash","Leap","Streamline"],"picked":"SKIP","floor":22.0},{"not_picked":["Auto Shields","Stack"],"picked":"Glacier","floor":24.0},{"not_picked":["Sunder","Rebound"],"picked":"Loop+1","floor":27.0},{"not_picked":["Reboot","Go for the Eyes","Aggregate+1"],"picked":"SKIP","floor":29.0},{"not_picked":["Conserve Battery","Blizzard","Genetic Algorithm"],"picked":"SKIP","floor":30.0},{"not_picked":["Conserve Battery","Hello World","White Noise"],"picked":"SKIP","floor":31.0},{"not_picked":["Fission","Biased Cognition"],"picked":"Machine Learning","floor":33.0},{"not_picked":["Rebound+1","Go for the Eyes","Stack+1"],"picked":"SKIP","floor":35.0},{"not_picked":["Stack+1","Blizzard"],"picked":"Redo+1","floor":36.0},{"not_picked":["Conserve Battery","Ball Lightning+1","Rip and Tear"],"picked":"SKIP","floor":38.0},{"not_picked":["Conserve Battery","FTL"],"picked":"Blizzard+1","floor":42.0},{"not_picked":["Ball Lightning","Streamline+1","Coolheaded"],"picked":"SKIP","floor":44.0},{"not_picked":["Sunder+1","Leap+1","Recycle+1"],"picked":"SKIP","floor":46.0},{"not_picked":["Sunder","Gash+1","Leap"],"picked":"SKIP","floor":48}],"player_experience":769170,"relics_obtained":[{"floor":6.0,"key":"MealTicket"},{"floor":8.0,"key":"White Beast Statue"},{"floor":9.0,"key":"Boot"},{"floor":24.0,"key":"Mummified Hand"},{"floor":26.0,"key":"Strawberry"},{"floor":30.0,"key":"Bottled Flame"},{"floor":43.0,"key":"War Paint"}],"event_choices":[{"damage_healed":0.0,"max_hp_gain":0.0,"max_hp_loss":0.0,"gold_gain":0.0,"event_name":"Living Wall","player_choice":"Grow","floor":2.0,"gold_loss":0.0,"damage_taken":0.0,"cards_upgraded":["Sunder"]},{"damage_healed":74.0,"max_hp_gain":0.0,"max_hp_loss":75.0,"gold_gain":0.0,"event_name":"betterThird:BetterShining","player_choice":"Embrace","floor":3.0,"gold_loss":0.0,"damage_taken":0.0},{"damage_healed":0.0,"max_hp_gain":0.0,"max_hp_loss":0.0,"gold_gain":0.0,"event_name":"Accursed Blacksmith","player_choice":"Forge","floor":4.0,"gold_loss":0.0,"damage_taken":0.0,"cards_upgraded":["Dualcast"]},{"damage_healed":0.0,"max_hp_gain":0.0,"max_hp_loss":0.0,"gold_gain":0.0,"cards_transformed":["Defend_B"],"event_name":"Transmorgrifier","player_choice":"Transformed","floor":28.0,"gold_loss":0.0,"damage_taken":0.0,"cards_obtained":["Cold Snap"]},{"damage_healed":0.0,"max_hp_gain":0.0,"max_hp_loss":4.0,"gold_gain":0.0,"event_name":"Winding Halls","player_choice":"Max HP","floor":41.0,"gold_loss":0.0,"damage_taken":0.0},{"damage_healed":0.0,"max_hp_gain":0.0,"max_hp_loss":0.0,"gold_gain":0.0,"event_name":"Mysterious Sphere","player_choice":"Ignored","floor":45.0,"gold_loss":0.0,"damage_taken":0.0}],"is_beta":false,"boss_relics":[{"not_picked":["Pandora\u0027s Box","Runic Pyramid"],"picked":"FrozenCore"},{"not_picked":["Velvet Choker","Busted Crown"],"picked":"Inserter"}],"items_purged_floors":[20],"is_endless":false,"potions_floor_spawned":[1,8,10,11,12,13,14,16,18,19,21,22,24,27,29,30,31,33,35,36,38,42,44,46,48],"ascension_level":3}}