{"host":"0nzvmr5az7vks2y2","time":1609246661,"event":{"mods":["BaseMod","Colored Map","Minty Spire (QoL Compilation)","StSLib","The Marked"],"gold_per_floor":[109,124,134,134,209,252,104,104,104,148,48,71,71,85,85,210,273,286,13,31,31,31,62,106,106,106,106,106,106,140,62,62,183,183,201,201,534,534,551,551,200,200,200,229,229,255,28,78,78,78,78,78,78,109,109,109],"floor_reached":55,"playtime":2818,"items_purged":["Injury","theMarked:Strike","theMarked:Strike","theMarked:Defend","theMarked:Defend"],"score":833,"play_id":"69e1bbd7-420e-4f3d-97f3-29c046d100f8","local_time":"20201229135741","is_ascension_mode":false,"campfire_choices":[{"floor":8,"key":"REST"},{"floor":13,"key":"REST"},{"floor":15,"key":"REST"},{"floor":25,"key":"REST"},{"data":"theMarked:BindingBlade","floor":27,"key":"SMITH"},{"floor":29,"key":"REST"},{"floor":32,"key":"REST"},{"data":"theMarked:HeritageOfTheMarked","floor":40,"key":"SMITH"},{"floor":45,"key":"RECALL"},{"data":"theMarked:DeterminationOfTheMarked","floor":49,"key":"SMITH"},{"data":"theMarked:WardOff","floor":52,"key":"SMITH"}],"circlet_count":0,"master_deck":["theMarked:Defend","theMarked:Defend+1","theMarked:SoldierOfQuellstein","theMarked:BindingBlade+1","theMarked:EmpowerWeapon","theMarked:WardOff","theMarked:ParalyzingBlade","theMarked:DeterminationOfTheMarked+1","theMarked:WardOff","theMarked:SwordAndMagic","theMarked:MuscleMemory","theMarked:WardOff+1","theMarked:Generate","theMarked:Overcharge+1","theMarked:FavorableWinds+1","theMarked:HeritageOfTheMarked+1","theMarked:BindingBlade+1","theMarked:ParalyzingBlade+1","theMarked:BindingBlade+1","theMarked:WardOff+1","theMarked:WardOff+1"],"relics":["theMarked:ArtifactOfAir","WingedGreaves","Pantograph","Gambling Chip","Tiny House","Strange Spoon","Question Card","Omamori","Toxic Egg 2","Nunchaku","Bottled Flame","Philosopher\u0027s Stone","PreservedInsect","Blood Vial","Kunai","StoneCalendar","Oddly Smooth Stone"],"acts_visited":["Exordium","TheCity","TheBeyond","TheEnding"],"potions_floor_usage":[16,23,23,24,24,30,44,54],"damage_taken":[{"damage":0,"enemies":"Cultist","floor":1,"turns":4},{"damage":0,"enemies":"Jaw Worm","floor":2,"turns":3},{"damage":0,"enemies":"2 Louse","floor":3,"turns":2},{"damage":26,"enemies":"Lagavulin","floor":6,"turns":4},{"damage":27,"enemies":"Gremlin Nob","floor":10,"turns":5},{"damage":9,"enemies":"Exordium Wildlife","floor":12,"turns":6},{"damage":2,"enemies":"Blue Slaver","floor":14,"turns":3},{"damage":16,"enemies":"Hexaghost","floor":16,"turns":7},{"damage":8,"enemies":"Shell Parasite","floor":18,"turns":5},{"damage":2,"enemies":"Chosen","floor":20,"turns":4},{"damage":23,"enemies":"Book of Stabbing","floor":23,"turns":6},{"damage":33,"enemies":"Slavers","floor":24,"turns":8},{"damage":2,"enemies":"Gremlin Leader","floor":30,"turns":3},{"damage":39,"enemies":"Collector","floor":33,"turns":5},{"damage":4,"enemies":"Orb Walker","floor":35,"turns":3},{"damage":11,"enemies":"3 Darklings","floor":39,"turns":5},{"damage":14,"enemies":"Reptomancer","floor":44,"turns":3},{"damage":0,"enemies":"Giant Head","floor":46,"turns":4},{"damage":36,"enemies":"Mind Bloom Boss Battle","floor":48,"turns":3},{"damage":21,"enemies":"Time Eater","floor":50,"turns":3},{"damage":21,"enemies":"Shield and Spear","floor":54,"turns":4},{"damage":79,"enemies":"The Heart","floor":55,"turns":5}],"seed_played":"-4340031543197994165","potions_obtained":[{"floor":10,"key":"SteroidPotion"},{"floor":12,"key":"LiquidBronze"},{"floor":14,"key":"Explosive Potion"},{"floor":17,"key":"SteroidPotion"},{"floor":20,"key":"Strength Potion"},{"floor":23,"key":"EssenceOfSteel"},{"floor":24,"key":"PowerPotion"},{"floor":39,"key":"AttackPotion"},{"floor":48,"key":"Weak Potion"}],"is_trial":false,"path_per_floor":["M","M","M","?","?","E","$","R","T","E","$","M","R","M","R","B",null,"M","$","M","?","?","E","E","R","T","R","?","R","E","$","R","B",null,"M","?","?","?","M","R","$","?","T","E","R","E","$","?","R","B",null,"R","$","E","B"],"character_chosen":"THE_DEFAULT","items_purchased":["theMarked:DeterminationOfTheMarked","Strange Spoon","theMarked:HeritageOfTheMarked","PreservedInsect","theMarked:WardOff+1","theMarked:WardOff+1"],"campfire_rested":6,"item_purchase_floors":[7,19,31,41,41,47],"current_hp_per_floor":[70,70,70,53,42,16,16,37,37,10,10,1,22,20,41,50,75,67,67,65,65,65,42,9,31,31,31,31,53,51,51,73,36,75,71,71,71,71,60,60,60,60,60,46,46,48,48,39,39,45,75,75,75,54,0,0],"gold":109,"neow_bonus":"THREE_RARE_CARDS","is_daily":false,"chose_seed":false,"campfire_upgraded":4,"win_rate":0.0,"timestamp":1609246661,"path_taken":["M","M","?","?","?","E","?","R","T","E","?","M","R","?","R","BOSS","M","$","M","?","?","E","E","R","T","R","?","R","E","?","R","BOSS","M","?","?","?","?","R","?","?","T","E","R","E","$","?","R","BOSS","R","$","E","BOSS"],"items_purchased_type":["Card","Relic","Card","Relic","Card","Card"],"build_version":"2020-12-22","purchased_purges":5,"victory":false,"max_hp_per_floor":[70,70,70,70,70,70,70,70,70,70,70,70,70,70,70,70,75,75,75,75,75,75,75,75,75,75,75,75,75,75,75,75,75,75,75,75,75,75,75,75,75,75,75,75,75,75,75,75,75,75,75,75,75,75,75,75],"card_choices":[{"not_picked":["theMarked:Challenge","theMarked:ChannelForce"],"picked":"theMarked:BindingBlade","floor":0},{"not_picked":["theMarked:RepellingDischarge","theMarked:WastefulAttack"],"picked":"theMarked:EmpowerWeapon","floor":1},{"not_picked":["theMarked:HeightenedSenses","theMarked:Parkour","theMarked:WastefulAttack"],"picked":"SKIP","floor":2},{"not_picked":["theMarked:Parkour","theMarked:ElectricStrings"],"picked":"theMarked:WardOff","floor":3},{"not_picked":["theMarked:MuscleMemory","theMarked:Aftermath"],"picked":"theMarked:ParalyzingBlade","floor":6},{"not_picked":["theMarked:Panic","theMarked:Convert","theMarked:HeightenedSenses"],"picked":"SKIP","floor":10},{"not_picked":["theMarked:TunnelVision","theMarked:RepellingDischarge"],"picked":"theMarked:WardOff","floor":12},{"not_picked":["theMarked:ElectricStrings","theMarked:ResourceFulStrike"],"picked":"theMarked:SwordAndMagic","floor":14},{"not_picked":["theMarked:ThrowWeapon","theMarked:DispelDoubt"],"picked":"theMarked:MuscleMemory","floor":16},{"not_picked":["theMarked:Parkour","theMarked:ShockingTouch"],"picked":"theMarked:WardOff","floor":17},{"not_picked":["theMarked:Reabsorb+1","theMarked:DeterminationOfTheMarked","theMarked:HeightenedSenses+1"],"picked":"SKIP","floor":18},{"not_picked":["theMarked:Static","theMarked:SummonStrength","theMarked:Frustration"],"picked":"SKIP","floor":20},{"not_picked":["theMarked:ChainLightning","theMarked:SwordAndMagic","theMarked:WardOff"],"picked":"theMarked:Generate","floor":23},{"not_picked":["theMarked:Electrocute","theMarked:ResourceFulStrike","theMarked:ChainLightning","theMarked:Reabsorb+1"],"picked":"SKIP","floor":24},{"not_picked":["theMarked:BanishingStrike","theMarked:ContemptForTheProud+1","theMarked:Static+1"],"picked":"theMarked:FavorableWinds+1","floor":30},{"not_picked":["theMarked:Levitate+1","theMarked:UnarmedFury","theMarked:Defy"],"picked":"theMarked:BindingBlade+1","floor":33},{"not_picked":["theMarked:Improvise+1","theMarked:Static+1","theMarked:ResourceFulStrike"],"picked":"theMarked:ParalyzingBlade+1","floor":35},{"not_picked":["theMarked:Static+1","theMarked:BanishingWave+1","theMarked:SwordAndMagic+1","theMarked:TwofoldDefense+1"],"picked":"SKIP","floor":39},{"not_picked":["theMarked:Polarize+1","theMarked:SwordAndMagic","theMarked:MaelstromOfLightning+1","theMarked:KeepCalmAndFightOn"],"picked":"SKIP","floor":44},{"not_picked":["theMarked:Overcharge+1","theMarked:EmpowerWeapon+1","theMarked:Electrocute","theMarked:LightningStrikesTwice+1"],"picked":"SKIP","floor":46},{"not_picked":["theMarked:Aftermath+1","theMarked:Frustration+1","theMarked:RogueSparks","theMarked:Parkour+1"],"picked":"SKIP","floor":54}],"player_experience":546547,"relics_obtained":[{"floor":6,"key":"WingedGreaves"},{"floor":9,"key":"Pantograph"},{"floor":10,"key":"Gambling Chip"},{"floor":23,"key":"Omamori"},{"floor":24,"key":"Toxic Egg 2"},{"floor":26,"key":"Nunchaku"},{"floor":30,"key":"Bottled Flame"},{"floor":44,"key":"Blood Vial"},{"floor":46,"key":"Kunai"},{"floor":48,"key":"StoneCalendar"},{"floor":54,"key":"Oddly Smooth Stone"}],"event_choices":[{"damage_healed":0,"gold_gain":0,"player_choice":"Take Damage","damage_taken":17,"relics_obtained":["Golden Idol"],"max_hp_gain":0,"max_hp_loss":0,"event_name":"Golden Idol","floor":4,"gold_loss":0},{"damage_healed":0,"gold_gain":75,"player_choice":"Gather Gold","damage_taken":11,"max_hp_gain":0,"max_hp_loss":0,"event_name":"World of Goop","floor":5,"gold_loss":0},{"cards_removed":["theMarked:Strike"],"damage_healed":0,"gold_gain":0,"player_choice":"Elegance","damage_taken":0,"max_hp_gain":0,"max_hp_loss":0,"event_name":"Back to Basics","floor":21,"gold_loss":0},{"damage_healed":0,"gold_gain":0,"player_choice":"Opened","damage_taken":0,"relics_obtained":["Question Card"],"max_hp_gain":0,"max_hp_loss":0,"event_name":"The Mausoleum","floor":22,"gold_loss":0},{"damage_healed":0,"gold_gain":0,"cards_transformed":["theMarked:Strike","theMarked:Strike"],"player_choice":"Became Test Subject","damage_taken":0,"max_hp_gain":0,"max_hp_loss":0,"event_name":"Drug Dealer","floor":28,"gold_loss":0,"cards_obtained":["theMarked:WastefulAttack","theMarked:Overcharge"]},{"cards_removed":["theMarked:WastefulAttack"],"damage_healed":0,"gold_gain":0,"player_choice":"Removed Attack","damage_taken":0,"max_hp_gain":0,"max_hp_loss":0,"event_name":"Falling","floor":36,"gold_loss":0},{"damage_healed":0,"gold_gain":333,"player_choice":"Gave Idol","damage_taken":0,"max_hp_gain":0,"max_hp_loss":0,"event_name":"The Moai Head","floor":37,"relics_lost":["Golden Idol"],"gold_loss":0},{"damage_healed":0,"gold_gain":0,"player_choice":"Copied","damage_taken":0,"max_hp_gain":0,"max_hp_loss":0,"event_name":"Duplicator","floor":38,"gold_loss":0,"cards_obtained":["theMarked:BindingBlade"]},{"damage_healed":0,"gold_gain":0,"player_choice":"Ignored","damage_taken":0,"max_hp_gain":0,"max_hp_loss":0,"event_name":"Tomb of Lord Red Mask","floor":42,"gold_loss":0},{"damage_healed":0,"gold_gain":0,"player_choice":"Fight","damage_taken":0,"max_hp_gain":0,"max_hp_loss":0,"event_name":"MindBloom","floor":48,"gold_loss":0}],"is_beta":false,"boss_relics":[{"not_picked":["Snecko Eye","Runic Pyramid"],"picked":"Tiny House"},{"not_picked":["Pandora\u0027s Box","Fusion Hammer"],"picked":"Philosopher\u0027s Stone"}],"items_purged_floors":[7,11,19,41,47],"is_endless":false,"potions_floor_spawned":[10,12,14,20,23,24,39,48],"killed_by":"The Heart","ascension_level":0}}