{"host":"am0cr9xwekqmrere","time":1609227536,"event":{"mods":["AchievementEnabler","Act Like it!","BaseMod","Better Altar","Better Match","Better Note","Better Sensory Stone","Better Skull","Better Third Choice","BetterRewards","Conspire","Hubris","Infinite Spire","Minty Spire (QoL Compilation)","Rare Cards Sparkle","Spicy Shops","StSLib","The Marked","Unceasing Turn Reminder"],"gold_per_floor":[115,115,9,9,9,9,28,42,42,56,86,113,124,49,49,153,203,223,238,238,238,248,248,248,248,248,267,267,277,277,238,238,289,289,306,322,322,322],"floor_reached":37,"playtime":1541,"items_purged":[],"score":371,"play_id":"7c1e2f8c-7933-4671-b3ab-1eb997b78807","local_time":"20201229013856","is_ascension_mode":false,"campfire_choices":[{"data":"theMarked:ElectricStrings","floor":6.0,"key":"SMITH"},{"floor":15.0,"key":"REST"},{"data":"infinitespire:SevenWalls","floor":23.0,"key":"SMITH"},{"floor":25.0,"key":"REST"},{"data":"theMarked:GodGivenPower","floor":28.0,"key":"SMITH"},{"floor":32.0,"key":"REST"}],"circlet_count":0,"master_deck":["theMarked:Strike+1","theMarked:Strike+1","theMarked:Defend+1","theMarked:Defend+1","theMarked:Defend+1","theMarked:Defend+1","theMarked:SoldierOfQuellstein+1","Injury","theMarked:Frustration","theMarked:ElectricStrings+1","theMarked:Electrocute","theMarked:ChainLightning","theMarked:WardOff","theMarked:GodGivenPower+1","theMarked:PowerFlow+1","theMarked:ContemptForTheProud","theMarked:SelfDefenseTraining","theMarked:HeightenedSenses+1","theMarked:SummonStrength+1","theMarked:SummonStrength","theMarked:ShockingTouch","theMarked:WardOff+1","theMarked:HeightenedSenses+1","infinitespire:SevenWalls+1","theMarked:WastefulDefense","theMarked:EmpowerWeapon","theMarked:TwofoldDefense","theMarked:DispelDoubt","theMarked:RogueSparks+1","theMarked:MagicAdept+1","theMarked:KeepCalmAndFightOn+1","theMarked:Polarize","theMarked:MysticalArsenal"],"relics":["theMarked:ArtifactOfAir","Pocketwatch","MealTicket","Odd Mushroom","Bag of Marbles","Tiny House","Torii","hubris:BottledRain","hubris:Icosahedron","Astrolabe"],"acts_visited":["Exordium","TheCity","TheBeyond"],"potions_floor_usage":[37],"damage_taken":[{"damage":1.0,"enemies":"Jaw Worm","floor":1.0,"turns":4.0},{"damage":1.0,"enemies":"conspire:RoseBush","floor":7.0,"turns":2.0},{"damage":0.0,"enemies":"Cultist","floor":8.0,"turns":2.0},{"damage":7.0,"enemies":"Blue Slaver","floor":10.0,"turns":3.0},{"damage":10.0,"enemies":"The Mushroom Lair","floor":11.0,"turns":5.0},{"damage":15.0,"enemies":"3 Sentries","floor":12.0,"turns":4.0},{"damage":10.0,"enemies":"Looter","floor":13.0,"turns":2.0},{"damage":13.0,"enemies":"Slime Boss","floor":16.0,"turns":8.0},{"damage":0.0,"enemies":"3 Byrds","floor":18.0,"turns":5.0},{"damage":24.0,"enemies":"Spheric Guardian","floor":19.0,"turns":4.0},{"damage":1.0,"enemies":"Centurion and Healer","floor":22.0,"turns":5.0},{"damage":16.0,"enemies":"Snecko","floor":27.0,"turns":6.0},{"damage":17.0,"enemies":"Shelled Parasite and Fungi","floor":29.0,"turns":5.0},{"damage":19.0,"enemies":"Snake Plant","floor":31.0,"turns":4.0},{"damage":1.0,"enemies":"Champ","floor":33.0,"turns":9.0},{"damage":48.0,"enemies":"3 Darklings","floor":35.0,"turns":6.0},{"damage":9.0,"enemies":"Orb Walker","floor":36.0,"turns":4.0},{"damage":20,"enemies":"Maw","floor":37,"turns":4}],"seed_played":"-5256600192020587625","potions_obtained":[{"floor":1.0,"key":"FairyPotion"},{"floor":8.0,"key":"LiquidMemories"},{"floor":11.0,"key":"GamblersBrew"},{"floor":12.0,"key":"Regen Potion"},{"floor":16.0,"key":"CultistPotion"},{"floor":17.0,"key":"Fire Potion"},{"floor":22.0,"key":"FearPotion"},{"floor":27.0,"key":"Weak Potion"},{"floor":29.0,"key":"Explosive Potion"},{"floor":33.0,"key":"Strength Potion"},{"floor":36.0,"key":"BlessingOfTheForge"}],"is_trial":false,"path_per_floor":["M","?","$","?","$","R","M","M","T","M","?","E","M","?","R","B",null,"M","M","AVR","?","M","R","?","R","T","M","R","M","?","M","R","B",null,"M","M","M"],"character_chosen":"THE_DEFAULT","items_purchased":["theMarked:ElectricStrings","theMarked:Electrocute"],"campfire_rested":3,"item_purchase_floors":[3,3],"current_hp_per_floor":[69,69,69,69,70,70,69,69,69,62,52,37,27,27,48,50,75,75,51,51,51,50,50,50,72,72,56,56,39,39,20,42,41,75,27,18,0,0],"gold":322,"neow_bonus":"ONE_RARE_RELIC","is_daily":false,"chose_seed":false,"campfire_upgraded":3,"win_rate":0.0,"timestamp":1609227536,"path_taken":["M","?","$","?","$","R","M","M","T","?","?","E","M","?","R","BOSS","M","M","AVR","?","M","R","?","R","T","M","R","M","?","M","R","BOSS","M","M","M"],"items_purchased_type":["Card","Card"],"build_version":"2020-12-22","purchased_purges":0,"victory":false,"max_hp_per_floor":[70,70,70,70,70,70,70,70,70,70,70,70,70,70,70,70,75,75,75,75,75,75,75,75,75,75,75,75,75,75,75,75,75,75,75,75,75,75],"card_choices":[{"not_picked":["theMarked:Improvise","theMarked:DeterminationOfTheMarked"],"picked":"theMarked:Frustration","floor":1.0},{"not_picked":["theMarked:HeightenedSenses","theMarked:Overcharge"],"picked":"theMarked:ChainLightning","floor":7.0},{"not_picked":["theMarked:Improvise","theMarked:MaelstromOfLightning"],"picked":"theMarked:WardOff","floor":8.0},{"not_picked":["theMarked:Electrocute","theMarked:BanishingWave"],"picked":"theMarked:GodGivenPower","floor":10.0},{"not_picked":["theMarked:Parkour","theMarked:ChainLightning"],"picked":"theMarked:PowerFlow","floor":11.0},{"not_picked":["theMarked:GodGivenPower","theMarked:KeepCalmAndFightOn"],"picked":"theMarked:ContemptForTheProud","floor":12.0},{"not_picked":["theMarked:Aftermath","theMarked:HeightenedSenses"],"picked":"theMarked:SelfDefenseTraining","floor":13.0},{"not_picked":["theMarked:Static+1","theMarked:Aftermath+1"],"picked":"theMarked:HeightenedSenses+1","floor":14.0},{"not_picked":["theMarked:UnarmedFury+1","theMarked:Levitate+1"],"picked":"theMarked:SummonStrength+1","floor":14.0},{"not_picked":["theMarked:Snap","theMarked:ChannelForce"],"picked":"theMarked:SummonStrength","floor":16.0},{"not_picked":["theMarked:HeightenedSenses","theMarked:Frustration"],"picked":"theMarked:ShockingTouch","floor":17.0},{"not_picked":["theMarked:Electrify","theMarked:WastefulAttack"],"picked":"theMarked:WardOff+1","floor":18.0},{"not_picked":["theMarked:Parkour","theMarked:BanishingStrike"],"picked":"theMarked:HeightenedSenses+1","floor":19.0},{"not_picked":["theMarked:TakeCover","theMarked:ChainLightning","theMarked:ElectricStrings+1"],"picked":"SKIP","floor":22.0},{"not_picked":["theMarked:WardOff","theMarked:Overthink"],"picked":"theMarked:WastefulDefense","floor":27.0},{"not_picked":["theMarked:Frustration","theMarked:Electrify"],"picked":"theMarked:EmpowerWeapon","floor":29.0},{"not_picked":["theMarked:WastefulAttack","theMarked:EmpowerWeapon"],"picked":"theMarked:TwofoldDefense","floor":31.0},{"not_picked":["theMarked:ThrowWeapon","theMarked:ChannelForce"],"picked":"theMarked:DispelDoubt","floor":33.0},{"not_picked":["theMarked:ReduceFriction","theMarked:SwordAndMagic+1"],"picked":"theMarked:Polarize","floor":35.0},{"not_picked":["theMarked:CreepingChasm","theMarked:SelfDefenseTraining"],"picked":"theMarked:MysticalArsenal","floor":36.0}],"player_experience":2527973,"relics_obtained":[{"floor":11.0,"key":"Odd Mushroom"},{"floor":12.0,"key":"Bag of Marbles"},{"floor":26.0,"key":"hubris:BottledRain"}],"event_choices":[{"damage_healed":0.0,"max_hp_gain":0.0,"max_hp_loss":0.0,"gold_gain":0.0,"event_name":"Living Wall","player_choice":"Grow","floor":2.0,"gold_loss":0.0,"damage_taken":0.0,"cards_upgraded":["theMarked:SoldierOfQuellstein"]},{"damage_healed":0.0,"max_hp_gain":0.0,"max_hp_loss":0.0,"gold_gain":0.0,"event_name":"WeMeetAgain","player_choice":"Gave Potion","floor":4.0,"gold_loss":0.0,"damage_taken":0.0,"relics_obtained":["MealTicket"]},{"damage_healed":0.0,"max_hp_gain":0.0,"max_hp_loss":0.0,"gold_gain":0.0,"event_name":"Mushrooms","player_choice":"Fought Mushrooms","floor":11.0,"gold_loss":0.0,"damage_taken":0.0},{"damage_healed":0.0,"max_hp_gain":0.0,"max_hp_loss":0.0,"gold_gain":0.0,"event_name":"betterMatch:BetterMatch","player_choice":"2","floor":14.0,"gold_loss":0.0,"damage_taken":0.0,"cards_obtained":["betterMatch:CommonCard","betterMatch:RareCard"]},{"cards_removed":["infinitespire:SevenWalls"],"damage_healed":0.0,"max_hp_gain":0.0,"max_hp_loss":0.0,"gold_gain":0.0,"event_name":"betterNote:BetterNote","player_choice":"Give","floor":21.0,"gold_loss":0.0,"damage_taken":0.0,"cards_obtained":["Slice"]},{"damage_healed":0.0,"max_hp_gain":0.0,"max_hp_loss":9.0,"gold_gain":0.0,"event_name":"betterThird:BetterWriting","player_choice":"Simplicity","floor":24.0,"gold_loss":0.0,"damage_taken":0.0}],"is_beta":false,"boss_relics":[{"not_picked":["hubris:ScarierMask","conspire:RunicOctahedron"],"picked":"Tiny House"},{"not_picked":["conspire:RoyalGoblet","Velvet Choker"],"picked":"Astrolabe"}],"items_purged_floors":[],"is_endless":false,"potions_floor_spawned":[1,8,11,12,16,22,27,29,33,36],"killed_by":"Maw","ascension_level":0}}