{"host":"i9lxfrw7gw0fop00","time":1609271892,"event":{"mods":["2.2 Compatiblity","AchievementEnabler","BaseMod","Beaked The Cultist","Better Altar","Better Match","Better Note","Better Sensory Stone","Better Skull","Better Third Choice","Colored Map","Colored Powertips","Curses Come First","Downfall","Friendly Minions","Glutton Mod","Hermit","Minty Spire (QoL Compilation)","Permanent Neow","Quick Restart","Rare Cards Sparkle","Relic Sorter","Replay The Spire","Robot Space Explorer","Shade Mod","StSLib","The Construct","The Dragon Tamer","The Jungle","The Marked"],"gold_per_floor":[199,214,229,229,229,245,245,260,245,245,245,245],"floor_reached":10,"playtime":564,"items_purged":[],"score":58,"play_id":"588bf16c-1893-4f63-80ff-1b9c63381f1d","local_time":"20201229165812","is_ascension_mode":false,"campfire_choices":[],"circlet_count":0,"master_deck":["champ:Strike","champ:Strike","champ:Strike","champ:Defend","champ:Defend","champ:Defend","champ:Execute","champ:Taunt","champ:Riposte","champ:DeathBlow","champ:FalseCounter","champ:BringItOn","champ:CrookedStrike"],"relics":["champ:ChampionCrown","Boot"],"acts_visited":["Exordium"],"potions_floor_usage":[],"damage_taken":[{"damage":16,"enemies":"Jaw Worm","floor":2,"turns":5},{"damage":10,"enemies":"Small Slimes","floor":3,"turns":5},{"damage":8,"enemies":"Cultist","floor":6,"turns":5},{"damage":14,"enemies":"Exordium Wildlife","floor":8,"turns":5},{"damage":5,"enemies":"downfall:FleeingMerchant","floor":9,"turns":4},{"damage":80,"enemies":"Gremlin Nob","floor":10,"turns":5}],"seed_played":"-4831062291604610456","potions_obtained":[{"floor":1,"key":"AttackPotion"},{"floor":1,"key":"LifebloodPotion"},{"floor":3,"key":"Venom Potion"},{"floor":6,"key":"Strength Potion"}],"is_trial":false,"path_per_floor":["R_BF","M","M","?","?","M","T","M","$","E"],"character_chosen":"THE_CHAMP","items_purchased":[],"campfire_rested":0,"item_purchase_floors":[],"current_hp_per_floor":[90,79,79,79,79,71,71,62,62,0,0,0],"gold":245,"neow_bonus":"HUNDRED_GOLD","is_daily":false,"chose_seed":false,"campfire_upgraded":0,"win_rate":0.0,"timestamp":1609271892,"path_taken":["R_BF","M","M","?","?","M","T","M","$","E"],"items_purchased_type":[],"build_version":"2020-12-22","purchased_purges":0,"victory":false,"max_hp_per_floor":[90,90,90,90,90,90,90,90,90,90,90,90],"card_choices":[{"not_picked":["champ:Circumvent","champ:TornadoPunch"],"picked":"champ:Riposte","floor":2},{"not_picked":["champ:GladiatorsShout","champ:Circumvent"],"picked":"champ:DeathBlow","floor":3},{"not_picked":["champ:BladeFlurry","champ:AdrenalArmor"],"picked":"champ:BringItOn","floor":6},{"not_picked":["champ:FanOfKnives","champ:BerserkersShout","champ:RapidStrikes"],"picked":"SKIP","floor":8},{"not_picked":["champ:DefensiveShout","champ:AdrenalArmor"],"picked":"champ:CrookedStrike","floor":9}],"player_experience":234325,"relics_obtained":[{"floor":7,"key":"Boot"}],"event_choices":[{"damage_healed":0,"gold_gain":0,"cards_transformed":["champ:Strike"],"player_choice":"Transformed","damage_taken":0,"max_hp_gain":0,"max_hp_loss":0,"event_name":"Transmorgrifier","floor":5,"gold_loss":0,"cards_obtained":["champ:FalseCounter"]}],"is_beta":false,"boss_relics":[],"items_purged_floors":[],"is_endless":false,"potions_floor_spawned":[3,6,8],"killed_by":"Gremlin Nob","ascension_level":0}}