{"host":"id3qf6v2yl1bmj05","time":1609274330,"event":{"mods":["Act Like it!","Aspiration","BaseMod","BetterRewards","Downfall","Hermit","Jorbs\u0027s Wanderer Trilogy","Minty Spire (QoL Compilation)","Shop Mod","StSLib","The Bug Knight","The Cursed","The Disciple","The Dragon Tamer","The Judge","The Marked","The Necromancer","The Runesmith","The Servant 0.9.4","The Wild Card","TheArtist","TheBandit","TheFirefly","TheHero"],"gold_per_floor":[115,115,115,115,135,170,170,170,193,218,218,218,218],"floor_reached":11,"playtime":362,"items_purged":[],"score":96,"play_id":"48e006f8-34e2-4ebc-b305-38a35a0e73de","local_time":"20201229153850","is_ascension_mode":false,"metric_token":1555,"campfire_choices":[{"data":"DTMod:QuickFly","floor":8,"key":"SMITH"}],"dtmod_dragon_data":[32,50,-1,-1,0,0],"circlet_count":0,"master_deck":["DTMod:Strike","DTMod:Strike","DTMod:Strike","DTMod:DoubleHit","DTMod:TargetDefense","DTMod:TargetDefense+1","DTMod:TargetDefense","DTMod:TargetDefense","DTMod:SwitchingTactic","DTMod:HeatWave+1","Injury","DTMod:QuickFly+1","DTMod:ComboAttack","Parasite","DTMod:CleansingStrike"],"relics":["DTMod:PactStone","NeowsBlessing","Golden Idol","InkBottle","Boot"],"acts_visited":["Exordium"],"potions_floor_usage":[],"damage_taken":[{"damage":0,"enemies":"Small Slimes","floor":1,"turns":1},{"damage":0,"enemies":"2 Louse","floor":5,"turns":1},{"damage":0,"enemies":"Gremlin Nob","floor":6,"turns":1},{"damage":0,"enemies":"Cultist","floor":10,"turns":3},{"damage":0,"enemies":"3 Sentries","floor":11,"turns":3}],"seed_played":"-2354997842406253252","potions_obtained":[{"floor":10,"key":"FearPotion"}],"is_trial":false,"path_per_floor":["M","?","?","?","M","E","?","R","T","M","E"],"character_chosen":"THE_DT","items_purchased":[],"campfire_rested":0,"item_purchase_floors":[],"current_hp_per_floor":[45,36,36,36,36,36,45,45,45,45,45,45,45],"gold":218,"neow_bonus":"THREE_ENEMY_KILL","is_daily":false,"chose_seed":false,"campfire_upgraded":1,"win_rate":0.0,"timestamp":1609274330,"path_taken":["M","?","?","?","M","E","?","R","T","M","E"],"items_purchased_type":[],"build_version":"2020-12-22","purchased_purges":0,"victory":false,"max_hp_per_floor":[45,45,45,45,45,45,45,45,45,45,45,45,45],"card_choices":[{"not_picked":["DTMod:Cover","DTMod:DragonDance"],"picked":"DTMod:HeatWave","floor":1},{"not_picked":["DTMod:FlameSlash","DTMod:BizarreTactic"],"picked":"DTMod:QuickFly","floor":5},{"not_picked":["DTMod:Coolant","DTMod:BizarreTactic"],"picked":"DTMod:ComboAttack","floor":6},{"not_picked":["DTMod:ComboAttack","DTMod:Dissolve"],"picked":"DTMod:CleansingStrike","floor":10}],"player_experience":94863,"relics_obtained":[{"floor":6,"key":"InkBottle"},{"floor":9,"key":"Boot"}],"event_choices":[{"damage_healed":0,"gold_gain":0,"player_choice":"Entered Light","damage_taken":9,"max_hp_gain":0,"max_hp_loss":0,"event_name":"Shining Light","floor":2,"gold_loss":0,"cards_upgraded":["DTMod:HeatWave","DTMod:TargetDefense"]},{"cards_removed":["DTMod:Strike"],"damage_healed":0,"gold_gain":0,"player_choice":"Forget","damage_taken":0,"max_hp_gain":0,"max_hp_loss":0,"event_name":"Living Wall","floor":3,"gold_loss":0},{"damage_healed":0,"gold_gain":0,"player_choice":"Take Wound","damage_taken":0,"relics_obtained":["Golden Idol"],"max_hp_gain":0,"max_hp_loss":0,"event_name":"Golden Idol","floor":4,"gold_loss":0,"cards_obtained":["Injury"]},{"damage_healed":11,"gold_gain":0,"player_choice":"Healed and dodged fight","damage_taken":0,"max_hp_gain":0,"max_hp_loss":0,"event_name":"Mushrooms","floor":7,"gold_loss":0,"cards_obtained":["Parasite"]}],"is_beta":false,"boss_relics":[],"items_purged_floors":[],"is_endless":false,"potions_floor_spawned":[10],"killed_by":"3 Sentries","ascension_level":0}}