{"host":"7khtwbkyze7y134w","time":1609279051,"event":{"mods":["AchievementEnabler","BaseMod","Bestiary","Colored Map","Colored Powertips","Highlight Path","Minty Spire (QoL Compilation)","Quick Restart","Relic Stats","Slay-I","StSLib","SuperFastMode"],"gold_per_floor":[360,373,274,289,239,270,270,285,312,312,312],"floor_reached":10,"playtime":367,"items_purged":["Strike_P"],"score":68,"play_id":"edebd3c8-e8e0-42a8-9dcf-0192f3b4bca4","local_time":"20201229215731","is_ascension_mode":false,"campfire_choices":[{"data":"SandsOfTime","floor":7,"key":"SMITH"}],"circlet_count":0,"master_deck":["Strike_P","Strike_P","Strike_P","Defend_P","Defend_P","Defend_P","Defend_P","Eruption","Vigilance","SandsOfTime+1","FlyingSleeves","ThirdEye"],"relics":["PureWater","Tiny Chest","Akabeko"],"acts_visited":["Exordium"],"potions_floor_usage":[8],"damage_taken":[{"damage":9,"enemies":"2 Louse","floor":1,"turns":3},{"damage":7,"enemies":"Jaw Worm","floor":2,"turns":3},{"damage":16,"enemies":"Small Slimes","floor":4,"turns":3},{"damage":9,"enemies":"Gremlin Nob","floor":6,"turns":3},{"damage":2,"enemies":"Blue Slaver","floor":8,"turns":3},{"damage":31,"enemies":"Lagavulin","floor":10,"turns":4}],"seed_played":"2552201245025932832","potions_obtained":[{"floor":2,"key":"Explosive Potion"},{"floor":4,"key":"BlessingOfTheForge"}],"is_trial":false,"path_per_floor":["M","M","$","M","?","E","R","M","T","E"],"character_chosen":"WATCHER","items_purchased":["FlyingSleeves"],"campfire_rested":0,"item_purchase_floors":[3],"current_hp_per_floor":[63,56,56,40,40,31,31,29,29,0,0],"gold":312,"neow_bonus":"TWO_FIFTY_GOLD","is_daily":false,"chose_seed":false,"campfire_upgraded":1,"win_rate":0.0,"timestamp":1609279051,"path_taken":["M","M","$","M","?","E","R","M","T","E"],"items_purchased_type":["Card"],"build_version":"2020-12-22","purchased_purges":1,"victory":false,"max_hp_per_floor":[72,72,72,72,72,72,72,72,72,72,72],"relic_stats":{"counters":[6,19],"Tiny Chest":0,"obtain_stats":[{"Tiny Chest":6,"PureWater":0,"Akabeko":9},{"Tiny Chest":4,"PureWater":0,"Akabeko":5},{"Tiny Chest":12,"PureWater":0,"Akabeko":15}]},"card_choices":[{"not_picked":["Vengeance","WindmillStrike"],"picked":"SandsOfTime","floor":1},{"not_picked":["DeceiveReality","Prostrate","Swivel"],"picked":"SKIP","floor":2},{"not_picked":["Study","CrushJoints"],"picked":"ThirdEye","floor":4},{"not_picked":["Omniscience","MentalFortress","BowlingBash"],"picked":"SKIP","floor":6},{"not_picked":["FollowUp","SashWhip","FearNoEvil"],"picked":"SKIP","floor":8}],"player_experience":28918,"relics_obtained":[{"floor":6,"key":"Tiny Chest"},{"floor":9,"key":"Akabeko"}],"event_choices":[{"cards_removed":["Regret"],"damage_healed":0,"gold_gain":0,"player_choice":"Card Removal","damage_taken":0,"max_hp_gain":0,"max_hp_loss":0,"event_name":"The Cleric","floor":5,"gold_loss":50}],"is_beta":false,"boss_relics":[],"items_purged_floors":[3],"is_endless":false,"potions_floor_spawned":[2,4],"killed_by":"Lagavulin","ascension_level":0}}