{"host":"3rixevx6n8b56xaj","time":1609258600,"event":{"mods":["2.2 Compatiblity","AchievementEnabler","Arknights The Spire","BaseMod","Colored Map","DeckTracker","Friendly Minions","Minty Spire (QoL Compilation)","StSLib","SuperFastMode"],"gold_per_floor":[113,113,128,53,70,70,82,97,97,116,142,142,154,184,184,288,288,308,233,243,256,256,287,287,312,312,114,114,56,83,94,94,189,189,207,207,225,244,258,258,258,258,258,258,273,304,304,319,319,319,319,319,32,59,59,59],"floor_reached":55,"playtime":2040,"items_purged":["Defend_P","Strike_P","Strike_P"],"score":774,"play_id":"89c4ea1c-44c1-471d-b4fe-db26954e4ddf","local_time":"20201230011640","is_ascension_mode":false,"campfire_choices":[{"data":"Eruption","floor":6,"key":"SMITH"},{"data":"CrushJoints","floor":12,"key":"SMITH"},{"data":"TalkToTheHand","floor":15,"key":"SMITH"},{"data":"Adaptation","floor":24,"key":"SMITH"},{"data":"Tantrum","floor":28,"key":"SMITH"},{"floor":32,"key":"REST"},{"data":"Vigilance","floor":41,"key":"SMITH"},{"floor":44,"key":"RECALL"},{"data":"Defend_P","floor":49,"key":"SMITH"},{"data":"Strike_P","floor":52,"key":"SMITH"}],"circlet_count":0,"master_deck":["Strike_P+1","Defend_P+1","Defend_P+1","Eruption+1","Vigilance+1","EmptyBody+1","FlurryOfBlows+1","Adaptation+1","CrushJoints+1","TalkToTheHand+1","Tantrum+1","BowlingBash+1","EmptyFist+1","FearNoEvil+1","LessonLearned+1","Scrawl+1","Halt+1","WheelKick+1","Alpha","Evaluate"],"relics":["PureWater","Juzu Bracelet","The Courier","ats:Originium","Du-Vu Doll","Pear","VioletLotus","Potion Belt","Thread and Needle","Happy Flower","Blood Vial","SlaversCollar","Bottled Flame","Bottled Lightning","Oddly Smooth Stone","Whetstone"],"acts_visited":["Exordium","TheCity","TheBeyond","TheEnding"],"potions_floor_usage":[13,16,21,50,54,55,55,55,55,55],"damage_taken":[{"damage":0,"enemies":"Small Slimes","floor":1,"turns":2},{"damage":0,"enemies":"2 Louse","floor":3,"turns":2},{"damage":0,"enemies":"Jaw Worm","floor":5,"turns":4},{"damage":7,"enemies":"Large Slime","floor":7,"turns":6},{"damage":6,"enemies":"3 Louse","floor":8,"turns":4},{"damage":3,"enemies":"Red Slaver","floor":10,"turns":3},{"damage":16,"enemies":"3 Sentries","floor":11,"turns":9},{"damage":0,"enemies":"Gremlin Gang","floor":13,"turns":5},{"damage":12,"enemies":"Gremlin Nob","floor":14,"turns":4},{"damage":34,"enemies":"Hexaghost","floor":16,"turns":7},{"damage":15,"enemies":"2 Thieves","floor":18,"turns":3},{"damage":7,"enemies":"Shell Parasite","floor":20,"turns":3},{"damage":27,"enemies":"Snake Plant","floor":21,"turns":3},{"damage":0,"enemies":"Gremlin Leader","floor":23,"turns":3},{"damage":17,"enemies":"Book of Stabbing","floor":30,"turns":6},{"damage":10,"enemies":"Snecko","floor":31,"turns":4},{"damage":37,"enemies":"Collector","floor":33,"turns":9},{"damage":0,"enemies":"Orb Walker","floor":35,"turns":1},{"damage":0,"enemies":"3 Darklings","floor":37,"turns":3},{"damage":0,"enemies":"4 Shapes","floor":38,"turns":6},{"damage":4,"enemies":"Jaw Worm Horde","floor":39,"turns":2},{"damage":3,"enemies":"Spire Growth","floor":45,"turns":3},{"damage":3,"enemies":"Giant Head","floor":46,"turns":5},{"damage":0,"enemies":"Transient","floor":48,"turns":5},{"damage":37,"enemies":"Time Eater","floor":50,"turns":7},{"damage":0,"enemies":"Shield and Spear","floor":54,"turns":3},{"damage":88,"enemies":"The Heart","floor":55,"turns":6}],"seed_played":"-5896529003471049289","potions_obtained":[{"floor":3,"key":"StancePotion"},{"floor":5,"key":"LiquidMemories"},{"floor":10,"key":"Strength Potion"},{"floor":11,"key":"BottledMiracle"},{"floor":14,"key":"Energy Potion"},{"floor":18,"key":"StancePotion"},{"floor":30,"key":"DuplicationPotion"},{"floor":33,"key":"BottledMiracle"},{"floor":39,"key":"SteroidPotion"},{"floor":46,"key":"Dexterity Potion"},{"floor":54,"key":"AttackPotion"}],"is_trial":false,"path_per_floor":["M","?","M","$","M","R","M","M","T","M","E","R","M","E","R","B",null,"M","?","M","M","?","E","R","T","T","$","R","$","E","M","R","B",null,"M","?","M","M","M","?","R","?","T","R","M","E","?","M","R","B",null,"R","$","E","B"],"character_chosen":"WATCHER","items_purchased":["Happy Flower","FearNoEvil","Oddly Smooth Stone","Dexterity Potion","Evaluate"],"campfire_rested":1,"item_purchase_floors":[27,29,53,53,53],"current_hp_per_floor":[79,76,76,76,76,76,69,63,63,60,44,44,44,42,42,8,89,74,74,67,40,40,40,40,40,40,40,40,40,23,15,41,6,89,89,89,89,89,85,85,85,85,85,85,82,81,81,83,83,48,85,85,85,85,0,0],"gold":59,"neow_bonus":"TEN_PERCENT_HP_BONUS","is_daily":false,"chose_seed":false,"campfire_upgraded":8,"win_rate":0.0,"timestamp":1609258600,"path_taken":["M","?","M","$","M","R","M","M","T","M","E","R","M","E","R","BOSS","M","?","M","M","?","E","R","?","T","$","R","$","E","M","R","BOSS","M","?","M","M","M","?","R","?","T","R","M","E","?","M","R","BOSS","R","$","E","BOSS"],"items_purchased_type":["Relic","Card","Relic","Potion","Card"],"build_version":"2020-12-22","purchased_purges":3,"victory":false,"max_hp_per_floor":[79,79,79,79,79,79,79,79,79,79,79,79,79,89,89,89,89,89,89,89,89,89,89,89,89,89,89,89,89,89,89,89,89,89,89,89,89,89,89,89,89,85,85,85,85,85,85,85,85,85,85,85,85,85,85,85],"card_choices":[{"not_picked":["Protect","SashWhip"],"picked":"EmptyBody","floor":1},{"not_picked":["Halt","SashWhip","Swivel"],"picked":"SKIP","floor":3},{"not_picked":["EmptyBody","Vengeance"],"picked":"FlurryOfBlows","floor":5},{"not_picked":["EmptyBody","Halt","WaveOfTheHand"],"picked":"SKIP","floor":7},{"not_picked":["Prostrate","Halt"],"picked":"Adaptation","floor":8},{"not_picked":["ClearTheMind","EmptyBody"],"picked":"CrushJoints","floor":10},{"not_picked":["PathToVictory","WreathOfFlame"],"picked":"TalkToTheHand","floor":11},{"not_picked":["Conclude","Study","DeceiveReality"],"picked":"SKIP","floor":13},{"not_picked":["Study","JustLucky","Devotion"],"picked":"SKIP","floor":14},{"not_picked":["Alpha","DeusExMachina"],"picked":"Judgement","floor":16},{"not_picked":["FlyingSleeves","SignatureMove"],"picked":"Tantrum","floor":18},{"not_picked":["CrushJoints","FlurryOfBlows"],"picked":"BowlingBash","floor":20},{"not_picked":["PathToVictory+1","Sanctity"],"picked":"EmptyFist","floor":21},{"not_picked":["FollowUp","Crescendo","PathToVictory+1"],"picked":"SKIP","floor":23},{"not_picked":["FlyingSleeves+1","Weave","CutThroughFate"],"picked":"SKIP","floor":30},{"not_picked":["Consecrate","Wallop+1"],"picked":"LessonLearned","floor":31},{"not_picked":["SpiritShield","Ragnarok"],"picked":"Scrawl","floor":33},{"not_picked":["SandsOfTime","FollowUp","Prostrate"],"picked":"SKIP","floor":35},{"not_picked":["Collect","WindmillStrike+1"],"picked":"Halt+1","floor":37},{"not_picked":["Worship","ThirdEye+1","DeceiveReality+1"],"picked":"SKIP","floor":38},{"not_picked":["WindmillStrike+1","Perseverance","ThirdEye"],"picked":"SKIP","floor":39},{"not_picked":["Swivel+1","CutThroughFate"],"picked":"WheelKick+1","floor":45},{"not_picked":["Protect","CarveReality","Weave+1"],"picked":"SKIP","floor":46},{"not_picked":["ReachHeaven+1","BowlingBash","CutThroughFate"],"picked":"SKIP","floor":48},{"not_picked":["Consecrate","FollowUp+1","EmptyMind"],"picked":"SKIP","floor":54}],"player_experience":586717,"relics_obtained":[{"floor":9,"key":"The Courier"},{"floor":11,"key":"ats:Originium"},{"floor":11,"key":"Du-Vu Doll"},{"floor":14,"key":"ats:Originium"},{"floor":14,"key":"Pear"},{"floor":23,"key":"ats:Originium"},{"floor":23,"key":"Potion Belt"},{"floor":26,"key":"Thread and Needle"},{"floor":30,"key":"Blood Vial"},{"floor":43,"key":"Bottled Flame"},{"floor":46,"key":"Bottled Lightning"},{"floor":54,"key":"Whetstone"}],"event_choices":[{"damage_healed":0,"gold_gain":0,"player_choice":"Success","damage_taken":3,"relics_obtained":["Juzu Bracelet"],"max_hp_gain":0,"max_hp_loss":0,"event_name":"Scrap Ooze","floor":2,"gold_loss":0},{"cards_removed":["Strike_P"],"damage_healed":0,"gold_gain":0,"player_choice":"Gave Gold","damage_taken":0,"max_hp_gain":0,"max_hp_loss":0,"event_name":"Beggar","floor":19,"gold_loss":75},{"damage_healed":0,"gold_gain":0,"player_choice":"Ignored","damage_taken":0,"max_hp_gain":0,"max_hp_loss":0,"event_name":"Ghosts","floor":22,"gold_loss":0},{"damage_healed":0,"gold_gain":0,"player_choice":"Ignored","damage_taken":0,"max_hp_gain":0,"max_hp_loss":0,"event_name":"Tomb of Lord Red Mask","floor":36,"gold_loss":0},{"cards_removed":["Defend_P"],"damage_healed":0,"gold_gain":0,"player_choice":"Card Removal","damage_taken":0,"max_hp_gain":0,"max_hp_loss":0,"event_name":"Wheel of Change","floor":40,"gold_loss":0},{"damage_healed":0,"gold_gain":0,"player_choice":"Max HP","damage_taken":0,"max_hp_gain":0,"max_hp_loss":4,"event_name":"Winding Halls","floor":42,"gold_loss":0},{"damage_healed":0,"gold_gain":0,"cards_transformed":["Judgement"],"player_choice":"Transformed","damage_taken":0,"max_hp_gain":0,"max_hp_loss":0,"event_name":"Transmorgrifier","floor":47,"gold_loss":0,"cards_obtained":["Alpha"]}],"is_beta":false,"boss_relics":[{"not_picked":["Sozu","Runic Pyramid"],"picked":"VioletLotus"},{"not_picked":["Philosopher\u0027s Stone","Calling Bell"],"picked":"SlaversCollar"}],"items_purged_floors":[4,27,53],"is_endless":false,"potions_floor_spawned":[3,5,10,11,14,18,20,30,33,39,46,54],"killed_by":"The Heart","ascension_level":0}}