{"host":"evok2ztcuz289k61","time":1609242239,"event":{"mods":["BaseMod","Colored Map","Downfall","Minty Spire (QoL Compilation)","StSLib"],"gold_per_floor":[99,118,133,149,164,199,226,401,401,419,344,100,25,25,40,141,141,141,153,173,185,185,185,185,185,201,106,106,106,91,91,105,105,105],"floor_reached":33,"playtime":1976,"items_purged":["Regret"],"score":330,"play_id":"bfe5b7a0-e0ec-441c-91b5-ea84c6eeb3d7","local_time":"20201229064359","is_ascension_mode":true,"campfire_choices":[{"data":"sneckomod:Unknown","floor":1,"key":"SMITH"},{"floor":11,"key":"RECALL"},{"data":"sneckomod:Unknown2Cost","floor":13,"key":"SMITH"},{"data":"sneckomod:UnknownRareAttack","floor":18,"key":"SMITH"},{"floor":29,"key":"REST"}],"circlet_count":0,"master_deck":["sneckomod:Strike","sneckomod:Strike","sneckomod:Strike","sneckomod:Defend","sneckomod:Defend","sneckomod:Defend+1","sneckomod:TailWhip","sneckomod:SnekBite","sneckomod:Unknown+1","sneckomod:Unknown","sneckomod:UnlimitedRolls","sneckomod:QuickMove","sneckomod:UnknownUncommonAttack+1","sneckomod:UnknownStrength+1","sneckomod:RainOfDice","sneckomod:Restock","sneckomod:Unknown2Cost+1","sneckomod:DiceBlock","sneckomod:UnknownRareAttack+1","sneckomod:DefensiveFlair+1","sneckomod:UnknownClassGREEN","sneckomod:UnknownStrike+1","sneckomod:Unknown3Cost","sneckomod:UnknownStrength","Writhe","sneckomod:Unknown0Cost+1","Pain","sneckomod:Unknown0Cost"],"relics":["sneckomod:SneckoSoul","downfall:HeartBlessingBlue","Vajra","downfall:HeartBlessingRed","Philosopher\u0027s Stone","downfall:RedIOU","Sundial","Question Card","WarpedTongs"],"acts_visited":["Exordium","TheCity"],"potions_floor_usage":[6,12,25,33,33,33],"damage_taken":[{"damage":10,"enemies":"Small Slimes","floor":2,"turns":4},{"damage":7,"enemies":"2 Louse","floor":3,"turns":3},{"damage":9,"enemies":"Jaw Worm","floor":4,"turns":4},{"damage":11,"enemies":"3 Louse","floor":5,"turns":4},{"damage":29,"enemies":"3 Sentries","floor":6,"turns":4},{"damage":0,"enemies":"Large Slime","floor":10,"turns":3},{"damage":4,"enemies":"downfall:FleeingMerchant","floor":12,"turns":4},{"damage":16,"enemies":"Lots of Slimes","floor":15,"turns":3},{"damage":8,"enemies":"downfall:Watcher","floor":16,"turns":5},{"damage":12,"enemies":"Chosen","floor":19,"turns":3},{"damage":20,"enemies":"Centurion and Healer","floor":20,"turns":6},{"damage":16,"enemies":"Snake Plant","floor":21,"turns":5},{"damage":101,"enemies":"Gremlin Leader","floor":25,"turns":7},{"damage":0,"enemies":"Cultist and Chosen","floor":26,"turns":4},{"damage":0,"enemies":"downfall:FleeingMerchant","floor":27,"turns":5},{"damage":21,"enemies":"downfall:FleeingMerchant","floor":30,"turns":4},{"damage":15,"enemies":"Snecko","floor":32,"turns":4},{"damage":38,"enemies":"downfall:Ironclad","floor":33,"turns":4}],"seed_played":"-2693824199812505112","potions_obtained":[{"floor":2,"key":"Fruit Juice"},{"floor":4,"key":"Energy Potion"},{"floor":10,"key":"Fire Potion"},{"floor":19,"key":"SmokeBomb"},{"floor":26,"key":"DistilledChaos"},{"floor":32,"key":"Energy Potion"}],"is_trial":false,"path_per_floor":["R","M","M","M","M","E","T","?","?","M","R","$","R","?","M","B",null,"R","M","M","M","?","?","T","E","M","$","?","R","$","?","M","B"],"character_chosen":"THE_SNECKO","items_purchased":["Vajra","sneckomod:UnknownStrength"],"campfire_rested":1,"item_purchase_floors":[12,27],"current_hp_per_floor":[90,81,74,66,56,34,34,34,34,34,44,43,43,43,27,20,112,112,100,80,65,65,113,113,17,21,23,23,58,38,38,28,0,0],"gold":105,"neow_bonus":"ONE_RANDOM_RARE_CARD","is_daily":false,"chose_seed":false,"campfire_upgraded":3,"win_rate":0.0,"timestamp":1609242239,"path_taken":["R","M","M","M","M","E","T","?","?","?","R","$","R","?","M","BOSS","R","M","M","M","?","?","T","E","?","$","?","R","$","?","M","BOSS"],"items_purchased_type":["Relic","Card"],"build_version":"2020-12-22","purchased_purges":1,"victory":false,"max_hp_per_floor":[90,91,91,92,93,100,100,100,100,100,110,111,111,111,111,112,112,112,112,112,113,113,113,113,113,117,119,119,119,120,120,121,126,126],"card_choices":[{"not_picked":["sneckomod:SnekBeam","sneckomod:UnknownStrike"],"picked":"sneckomod:UnknownUncommonAttack","floor":2},{"not_picked":["sneckomod:DiceCrush","sneckomod:SoulRoll"],"picked":"sneckomod:QuickMove","floor":3},{"not_picked":["sneckomod:Nope","sneckomod:WideSting"],"picked":"sneckomod:UnknownUncommonAttack","floor":4},{"not_picked":["sneckomod:DiceBlock","sneckomod:QuickBite"],"picked":"sneckomod:UnknownStrength","floor":5},{"not_picked":["sneckomod:CheapStock","sneckomod:UnknownCommonAttack"],"picked":"sneckomod:RainOfDice","floor":6},{"not_picked":["sneckomod:RainOfDice","sneckomod:DiceBlock"],"picked":"sneckomod:Restock","floor":10},{"not_picked":["sneckomod:UnknownBlock","sneckomod:UnknownExhaust"],"picked":"sneckomod:Unknown2Cost","floor":12},{"not_picked":["sneckomod:UnknownX","sneckomod:CheapStock"],"picked":"sneckomod:DiceBlock","floor":15},{"not_picked":["sneckomod:Restock","sneckomod:MorePower"],"picked":"sneckomod:UnknownRareAttack","floor":16},{"not_picked":["sneckomod:UnknownExhaust","sneckomod:UnknownCommonAttack"],"picked":"sneckomod:DefensiveFlair+1","floor":19},{"not_picked":["sneckomod:WideSting","sneckomod:UnknownStrike","sneckomod:IronFang"],"picked":"SKIP","floor":20},{"not_picked":["sneckomod:ImprovisedGuard","sneckomod:UnknownBlock"],"picked":"sneckomod:UnknownClassGREEN","floor":21},{"not_picked":["sneckomod:UnknownCommonAttack+1","sneckomod:SoulRoll"],"picked":"sneckomod:UnknownStrike+1","floor":26},{"not_picked":["sneckomod:DiceCrush+1","sneckomod:UnknownBlock"],"picked":"sneckomod:Unknown3Cost","floor":27},{"not_picked":["sneckomod:SoulDraw","sneckomod:ImprovisedAttack","sneckomod:UnknownStrike"],"picked":"sneckomod:Unknown0Cost+1","floor":30},{"not_picked":["sneckomod:SoulRoll","sneckomod:MasterEye","sneckomod:Nope"],"picked":"sneckomod:Unknown0Cost","floor":32}],"player_experience":327927,"relics_obtained":[{"floor":6,"key":"Strawberry"},{"floor":24,"key":"Sundial"}],"event_choices":[{"cards_removed":["Doubt"],"damage_healed":0,"gold_gain":0,"player_choice":"Card Removal","damage_taken":0,"max_hp_gain":0,"max_hp_loss":0,"event_name":"The Cleric","floor":14,"gold_loss":0},{"cards_removed":["sneckomod:UnknownUncommonAttack"],"damage_healed":48,"gold_gain":0,"player_choice":"Offered Uncommon","damage_taken":0,"max_hp_gain":0,"max_hp_loss":0,"event_name":"Bonfire Elementals","floor":23,"gold_loss":0},{"damage_healed":0,"gold_gain":0,"player_choice":"Rummage","damage_taken":0,"relics_obtained":["WarpedTongs"],"max_hp_gain":0,"max_hp_loss":0,"event_name":"Accursed Blacksmith","floor":31,"gold_loss":0,"cards_obtained":["Pain"]}],"is_beta":false,"boss_relics":[{"not_picked":["Runic Dome","Velvet Choker"],"picked":"Philosopher\u0027s Stone"}],"items_purged_floors":[12],"is_endless":false,"potions_floor_spawned":[2,4,10,19,25,26,32],"killed_by":"downfall:Ironclad","ascension_level":1}}