{"host":"7mrmd33mpx7q5wx9","time":1609222919,"event":{"mods":["AchievementEnabler","BaseMod","BetterRewards","Colored Map","Defuse TimeMaze Blight","Minty Spire (QoL Compilation)","Permanent Neow","Quick Restart","StSLib"],"gold_per_floor":[114,133,9,28,28,28,55,70,70,85,114,114,146,146,146,248,248,267,11,11,23,37,69,69,69,93,139,203,231,258,281,293,406,418,441,465,477,515,527,539,138,138,164,14,47,47,65,65,65,65],"floor_reached":51,"playtime":3066,"items_purged":["Strike_P","Strike_P","Writhe","Writhe"],"score":860,"play_id":"5e8c5827-8fb9-4c3b-9598-a64067a29595","local_time":"20201229002159","is_ascension_mode":false,"campfire_choices":[{"data":"CarveReality","floor":6,"key":"SMITH"},{"data":"TalkToTheHand","floor":12,"key":"SMITH"},{"data":"BattleHymn","floor":15,"key":"SMITH"},{"data":"FlurryOfBlows","floor":24,"key":"SMITH"},{"floor":32,"key":"REST"},{"data":"Blasphemy","floor":40,"key":"SMITH"},{"data":"Alpha","floor":42,"key":"SMITH"},{"floor":46,"key":"REST"},{"data":"Wallop","floor":49,"key":"SMITH"}],"circlet_count":0,"master_deck":["Strike_P","Strike_P+1","Defend_P","Defend_P+1","Defend_P","Eruption+1","Vigilance+1","Consecrate","SashWhip","BowlingBash+1","CarveReality+1","Protect","EmptyMind+1","TalkToTheHand+1","CutThroughFate","BattleHymn+1","FlyingSleeves","LessonLearned","FlurryOfBlows+1","Clumsy","EmptyFist+1","Blasphemy+1","Alpha+1","Regret","Doubt","Regret","Wallop+1"],"relics":["PureWater","TungstenRod","Torii","Tiny Chest","Singing Bowl","Blue Candle","Regal Pillow","Cursed Key","Sling","Shuriken","Mango","MawBank","Damaru","Boot","SlaversCollar","War Paint","Turnip","FossilizedHelix","Orichalcum","Centennial Puzzle"],"acts_visited":["Exordium","TheCity","TheBeyond"],"potions_floor_usage":[7,11,13,16,27,27,33,36,48,50],"damage_taken":[{"damage":0,"enemies":"Cultist","floor":1,"turns":2},{"damage":0,"enemies":"Small Slimes","floor":2,"turns":2},{"damage":0,"enemies":"2 Louse","floor":4,"turns":2},{"damage":9,"enemies":"Lagavulin","floor":7,"turns":6},{"damage":5,"enemies":"Lots of Slimes","floor":8,"turns":3},{"damage":0,"enemies":"Exordium Thugs","floor":10,"turns":3},{"damage":0,"enemies":"Gremlin Nob","floor":11,"turns":2},{"damage":0,"enemies":"Lagavulin","floor":13,"turns":3},{"damage":0,"enemies":"The Guardian","floor":16,"turns":11},{"damage":0,"enemies":"Chosen","floor":18,"turns":3},{"damage":0,"enemies":"3 Byrds","floor":21,"turns":5},{"damage":5,"enemies":"Cultist and Chosen","floor":22,"turns":6},{"damage":15,"enemies":"Book of Stabbing","floor":23,"turns":4},{"damage":25,"enemies":"Slavers","floor":27,"turns":3},{"damage":18,"enemies":"Centurion and Healer","floor":29,"turns":3},{"damage":0,"enemies":"Chosen and Byrds","floor":30,"turns":7},{"damage":14,"enemies":"Shelled Parasite and Fungi","floor":31,"turns":4},{"damage":65,"enemies":"Automaton","floor":33,"turns":7},{"damage":0,"enemies":"Orb Walker","floor":35,"turns":3},{"damage":20,"enemies":"3 Darklings","floor":36,"turns":5},{"damage":26,"enemies":"Reptomancer","floor":45,"turns":4},{"damage":0,"enemies":"Maw","floor":47,"turns":5},{"damage":8,"enemies":"4 Shapes","floor":48,"turns":2},{"damage":95,"enemies":"Time Eater","floor":50,"turns":9}],"seed_played":"2909131956724447309","potions_obtained":[{"floor":2,"key":"LiquidMemories"},{"floor":7,"key":"Fire Potion"},{"floor":10,"key":"BlessingOfTheForge"},{"floor":11,"key":"BlessingOfTheForge"},{"floor":13,"key":"Regen Potion"},{"floor":22,"key":"Strength Potion"},{"floor":27,"key":"SteroidPotion"},{"floor":31,"key":"Energy Potion"},{"floor":33,"key":"Fruit Juice"},{"floor":45,"key":"SmokeBomb"}],"is_trial":false,"path_per_floor":["M","M","$","M","?","R","E","M","T","M","E","R","E","?","R","B",null,"M","$","T","M","M","E","R","$","T","E","T","M","M","M","R","B",null,"M","M","?","T","T","R","$","R","T","$","E","R","M","M","R","B",null],"character_chosen":"WATCHER","items_purchased":["TungstenRod","Consecrate","CarveReality","Protect","Sling","FossilizedHelix"],"campfire_rested":2,"item_purchase_floors":[0,0,3,3,19,41],"current_hp_per_floor":[58,58,58,58,63,63,54,49,49,49,49,49,49,49,49,49,77,79,79,79,79,74,75,75,75,75,61,61,45,45,33,78,13,101,103,88,88,88,88,88,88,88,88,88,64,110,110,102,102,7],"gold":65,"neow_bonus":"","is_daily":false,"chose_seed":false,"campfire_upgraded":7,"win_rate":0.0,"timestamp":1609222919,"path_taken":["M","M","?","M","?","R","E","M","T","M","E","R","E","?","R","BOSS","M","$","?","M","M","E","R","?","T","E","?","M","M","?","R","BOSS","M","M","?","?","?","R","$","R","T","$","E","R","M","M","R","BOSS"],"items_purchased_type":["Relic","Card","Card","Card","Relic","Relic"],"build_version":"2020-12-22","purchased_purges":4,"victory":true,"max_hp_per_floor":[72,72,72,72,77,77,77,77,77,77,77,77,77,77,77,77,77,79,79,79,79,79,95,95,95,95,97,97,99,99,101,101,101,101,103,108,108,108,108,108,108,108,108,108,110,110,110,110,110,110],"card_choices":[{"not_picked":["Prostrate","Vengeance"],"picked":"SashWhip","floor":1},{"not_picked":["Weave","Crescendo"],"picked":"BowlingBash","floor":2},{"not_picked":["PathToVictory","BowlingBash"],"picked":"EmptyMind","floor":4},{"not_picked":["Study","CrushJoints"],"picked":"ThirdEye","floor":7},{"not_picked":["FearNoEvil","ReachHeaven"],"picked":"TalkToTheHand","floor":8},{"not_picked":["Protect","Evaluate"],"picked":"CutThroughFate","floor":10},{"not_picked":["EmptyBody","Protect"],"picked":"BattleHymn","floor":11},{"not_picked":["Prostrate","BattleHymn"],"picked":"FlyingSleeves","floor":13},{"not_picked":["Scrawl","Devotion"],"picked":"LessonLearned","floor":16},{"not_picked":["Halt","WreathOfFlame","SashWhip"],"picked":"Singing Bowl","floor":18},{"not_picked":["DeceiveReality","Indignation"],"picked":"FlurryOfBlows","floor":21},{"not_picked":["Sanctity","Weave","CutThroughFate"],"picked":"Singing Bowl","floor":23},{"not_picked":["Conclude","CrushJoints","WreathOfFlame"],"picked":"Singing Bowl","floor":27},{"not_picked":["Collect","ThirdEye","BowlingBash"],"picked":"Singing Bowl","floor":29},{"not_picked":["Crescendo","Protect+1"],"picked":"EmptyFist+1","floor":30},{"not_picked":["MasterReality","ForeignInfluence","WreathOfFlame"],"picked":"Singing Bowl","floor":31},{"not_picked":["Devotion","DevaForm"],"picked":"Blasphemy","floor":33},{"not_picked":["FollowUp","Halt","Crescendo"],"picked":"Singing Bowl","floor":35},{"not_picked":["Crescendo","EmptyBody"],"picked":"Alpha","floor":36},{"not_picked":["Protect+1","CarveReality","ClearTheMind+1"],"picked":"Singing Bowl","floor":45},{"not_picked":["EmptyMind+1","Perseverance"],"picked":"Wallop","floor":47}],"player_experience":362644,"relics_obtained":[{"floor":7,"key":"Tiny Chest"},{"floor":9,"key":"Singing Bowl"},{"floor":11,"key":"Blue Candle"},{"floor":13,"key":"Regal Pillow"},{"floor":20,"key":"Shuriken"},{"floor":23,"key":"Mango"},{"floor":26,"key":"MawBank"},{"floor":27,"key":"Damaru"},{"floor":28,"key":"Boot"},{"floor":38,"key":"War Paint"},{"floor":39,"key":"Turnip"},{"floor":43,"key":"Orichalcum"},{"floor":45,"key":"Centennial Puzzle"}],"event_choices":[{"damage_healed":0,"gold_gain":0,"player_choice":"Donut","damage_taken":0,"max_hp_gain":5,"max_hp_loss":0,"event_name":"Big Fish","floor":5,"gold_loss":0},{"cards_removed":["Defend_P"],"damage_healed":0,"gold_gain":0,"player_choice":"Offered Basic","damage_taken":0,"max_hp_gain":0,"max_hp_loss":0,"event_name":"Bonfire Elementals","floor":14,"gold_loss":0},{"cards_removed":["ThirdEye"],"damage_healed":0,"gold_gain":0,"player_choice":"Removed Skill","damage_taken":0,"max_hp_gain":0,"max_hp_loss":0,"event_name":"Falling","floor":37,"gold_loss":0}],"is_beta":false,"boss_relics":[{"not_picked":["Philosopher\u0027s Stone","Empty Cage"],"picked":"Cursed Key"},{"not_picked":["Astrolabe","Velvet Choker"],"picked":"SlaversCollar"}],"items_purged_floors":[0,19,41,44],"is_endless":false,"potions_floor_spawned":[2,7,10,11,13,22,27,31,33,45],"ascension_level":0}}