{"host":"hg4d4z00zcdsq8kr","time":1609228645,"event":{"mods":["BaseMod","Downfall","Hubris","Infinite Spire","Minty Spire (QoL Compilation)","Replay The Spire","StSLib"],"gold_per_floor":[110,121,196,48,48,48,75,94,120,136,147,176,30,41,41,143,143,159,178,207,225,236,236,236],"floor_reached":23,"playtime":2223,"items_purged":[],"score":205,"play_id":"7b4be059-9bc9-41c0-98bb-19a74ca487a9","local_time":"20201229105725","is_ascension_mode":false,"campfire_choices":[{"floor":6,"key":"RECALL"},{"floor":15,"key":"REST"}],"circlet_count":0,"master_deck":["Strike_R","Strike_R","Strike_R","Strike_R","Strike_R","Defend_R","Defend_R","Bash+1","ReplayTheSpireMod:Limb From Limb","Shrug It Off+1","ReplayTheSpireMod:LeadingStrike","Shrug It Off","Shrug It Off","Battle Trance","Hemogenesis","hubris:ReadiedAction","Hemogenesis","ReplayTheSpireMod:Splinters","Rage","Evolve+1"],"relics":["Burning Blood","Brimstone","Pen Nib","Blue Doll","infinitespire:Satchel","Empty Cage","Replay:Multitool"],"acts_visited":["Exordium","TheCity"],"potions_floor_usage":[7,12,12,18,23],"damage_taken":[{"damage":6,"enemies":"Jaw Worm","floor":1,"turns":3},{"damage":0,"enemies":"2 Louse","floor":2,"turns":2},{"damage":29,"enemies":"3 Sentries","floor":7,"turns":6},{"damage":0,"enemies":"Small Slimes","floor":8,"turns":3},{"damage":5,"enemies":"Looter","floor":10,"turns":3},{"damage":0,"enemies":"Large Slime","floor":11,"turns":3},{"damage":4,"enemies":"Gremlin Nob","floor":12,"turns":3},{"damage":13,"enemies":"Gremlin Gang","floor":14,"turns":4},{"damage":27,"enemies":"Fading Forest","floor":16,"turns":11},{"damage":2,"enemies":"Shell Parasite","floor":18,"turns":3},{"damage":73,"enemies":"3 Byrds","floor":19,"turns":5},{"damage":20,"enemies":"Centurion and Healer","floor":21,"turns":5},{"damage":16,"enemies":"Sentry and Sphere","floor":22,"turns":5},{"damage":34,"enemies":"Nightmare","floor":23,"turns":5}],"seed_played":"-1010676679291914048","potions_obtained":[{"floor":2,"key":"AttackPotion"},{"floor":10,"key":"Guardian:BlockOnCardUsePotion"},{"floor":11,"key":"Energy Potion"},{"floor":16,"key":"SteroidPotion"},{"floor":22,"key":"PowerPotion"}],"is_trial":false,"path_per_floor":["M","M","?","$","?","R","E","M","T","M","M","E","$","M","R","B",null,"M","M","?","M","M","NM"],"character_chosen":"IRONCLAD","items_purchased":["Brimstone","infinitespire:Satchel"],"campfire_rested":1,"item_purchase_floors":[4,13],"current_hp_per_floor":[80,80,69,69,69,69,46,52,52,53,59,61,61,61,80,74,80,80,22,22,20,19,0,0],"gold":236,"neow_bonus":"UPGRADE_CARD","is_daily":false,"chose_seed":false,"campfire_upgraded":0,"win_rate":0.0,"timestamp":1609228645,"path_taken":["M","M","?","$","?","R","E","M","T","M","M","E","$","M","R","BOSS","M","M","?","M","M","NM"],"items_purchased_type":["Relic","Relic"],"build_version":"2020-12-22","purchased_purges":0,"victory":false,"max_hp_per_floor":[80,80,80,80,80,80,80,80,80,80,80,80,80,80,80,80,80,80,80,80,80,80,80,80],"card_choices":[{"not_picked":["Sword Boomerang","hubris:ReadiedAction"],"picked":"ReplayTheSpireMod:Limb From Limb","floor":1},{"not_picked":["Wild Strike","Reckless Charge"],"picked":"Shrug It Off","floor":2},{"not_picked":["Clash","Headbutt"],"picked":"ReplayTheSpireMod:LeadingStrike","floor":7},{"not_picked":["Cleave","Headbutt"],"picked":"Shrug It Off","floor":8},{"not_picked":["Warcry","Sword Boomerang"],"picked":"Shrug It Off","floor":10},{"not_picked":["Combust","Flex"],"picked":"Battle Trance","floor":11},{"not_picked":["Body Slam","True Grit"],"picked":"Hemogenesis","floor":12},{"not_picked":["Run Through","hubris:CleavingFinish"],"picked":"hubris:ReadiedAction","floor":14},{"not_picked":["Barricade","Bludgeon"],"picked":"Hemogenesis","floor":16},{"not_picked":["Havoc+1","Clothesline+1","Wild Strike"],"picked":"SKIP","floor":18},{"not_picked":["ReplayTheSpireMod:Strike From Hell","Sever Soul","hubris:ReadiedAction"],"picked":"SKIP","floor":19},{"not_picked":["Clothesline","True Grit+1"],"picked":"Rage","floor":21},{"not_picked":["Uppercut","ReplayTheSpireMod:Strike From Hell+1"],"picked":"Evolve+1","floor":22}],"player_experience":613920,"relics_obtained":[{"floor":7,"key":"Pen Nib"},{"floor":12,"key":"Blue Doll"},{"floor":20,"key":"Replay:Multitool"}],"event_choices":[{"damage_healed":0,"gold_gain":75,"player_choice":"Gather Gold","damage_taken":11,"max_hp_gain":0,"max_hp_loss":0,"event_name":"World of Goop","floor":3,"gold_loss":0}],"is_beta":false,"boss_relics":[{"not_picked":["hubris:GrandSneckoEye","Replay:Ancient Bell"],"picked":"Empty Cage"}],"items_purged_floors":[],"is_endless":false,"potions_floor_spawned":[2,10,11,16,22],"killed_by":"Nightmare","ascension_level":0}}