{"host":"zpql4quw4g2j1hsh","time":1609225910,"event":{"mods":["Act Like it!","BaseMod","Better-Laid Plans","Challenge The Spire","Decade(王小明)","Lobotomy","LobotomyExtend","Minty Spire (QoL Compilation)","Permanent Neow","Quick Restart","Relic Stats","Spicy Shops","StSLib","SuperFastMode","【遗物卡牌】REMEMod","篝火指南"],"gold_per_floor":[117,117,117,137,147,72,101,101,101,101,101,120,120,145,145,247,247,259,270,270,270],"floor_reached":20,"playtime":1081,"items_purged":["WallGazer"],"score":232,"play_id":"37304b8f-cd7c-485c-b978-ea345fe2770a","local_time":"20201229151150","is_ascension_mode":false,"campfire_choices":[{"data":"DecadeViolentEmotion","floor":8,"key":"SMITH"},{"data":"Decade_SpecialSkill","floor":13,"key":"SMITH"},{"data":"KamenRide","floor":15,"key":"SMITH"}],"circlet_count":0,"master_deck":["Decade_Attack","Decade_Attack","Decade_Attack","Decade_Attack","KamenRide+1","Decade_SpecialSkill+1","Decade_Defend","Decade_Defend","Decade_Defend","Decade_Defend","DecadeViolentEmotion+1","GalaxyChild","SilentOrchestra","RideBooker_Skill_3","Decade_Illusion+1"],"relics":["Decadriver","TOEIDeficitBill","REME_ComplimentaryCards","CogitoBucket","LetterFromLob","Gambling Chip","Darkstone Periapt","White Beast Statue","REME_DuelDisc","AspirationHeart"],"acts_visited":["Exordium","TheCity"],"potions_floor_usage":[7],"damage_taken":[{"damage":0,"enemies":"2 Louse","floor":1,"turns":2},{"damage":0,"enemies":"Jaw Worm","floor":4,"turns":1},{"damage":6,"enemies":"Cultist","floor":5,"turns":1},{"damage":11,"enemies":"Lagavulin","floor":7,"turns":3},{"damage":0,"enemies":"Blue Slaver","floor":12,"turns":1},{"damage":0,"enemies":"Gremlin Nob","floor":14,"turns":2},{"damage":26,"enemies":"Hexaghost","floor":16,"turns":5},{"damage":0,"enemies":"2 Thieves","floor":18,"turns":1},{"damage":2,"enemies":"Shell Parasite","floor":19,"turns":2},{"damage":103,"enemies":"Sentry and Sphere","floor":20,"turns":3}],"seed_played":"4597877630872809744","potions_obtained":[{"floor":4,"key":"ColorlessPotion"},{"floor":12,"key":"SpeedPotion"},{"floor":16,"key":"REME_GoldPotion"},{"floor":19,"key":"FearPotion"}],"is_trial":false,"path_per_floor":["M","?","?","M","M","R","E","R","T","?","?","M","R","E","R","B",null,"M","M","M"],"character_chosen":"Decade","items_purchased":[],"campfire_rested":0,"item_purchase_floors":[],"current_hp_per_floor":[70,75,75,75,69,69,61,61,61,61,61,61,61,64,64,41,75,85,83,0,0],"gold":270,"neow_bonus":"","is_daily":false,"chose_seed":false,"campfire_upgraded":3,"win_rate":0.0,"timestamp":1609225910,"path_taken":["M","?","?","?","M","R","E","R","T","?","?","?","R","E","R","BOSS","M","M","M"],"items_purchased_type":[],"build_version":"2020-12-22","purchased_purges":1,"victory":false,"max_hp_per_floor":[70,75,75,75,75,75,75,75,75,75,75,75,75,75,75,75,75,85,85,85,85],"relic_stats":{"Darkstone Periapt":0,"counters":[11,22],"Gambling Chip":[15],"obtain_stats":[{"Darkstone Periapt":9,"CogitoBucket":0,"Gambling Chip":7,"AspirationHeart":18,"Decadriver":0,"REME_DuelDisc":17,"LetterFromLob":1,"TOEIDeficitBill":0,"White Beast Statue":14,"REME_ComplimentaryCards":0},{"Darkstone Periapt":4,"CogitoBucket":0,"Gambling Chip":4,"AspirationHeart":9,"Decadriver":0,"REME_DuelDisc":7,"LetterFromLob":1,"TOEIDeficitBill":0,"White Beast Statue":6,"REME_ComplimentaryCards":0},{"Darkstone Periapt":7,"CogitoBucket":0,"Gambling Chip":7,"AspirationHeart":17,"Decadriver":0,"REME_DuelDisc":15,"LetterFromLob":2,"TOEIDeficitBill":0,"White Beast Statue":10,"REME_ComplimentaryCards":0}]},"card_choices":[{"not_picked":["SpiderBud","HappyTeddy","UniverseFragment"],"picked":"Singing Bowl","floor":1},{"not_picked":["LittleHelper","CherryBlossoms"],"picked":"WallGazer","floor":1},{"not_picked":["GalaxyChild","Wellcheers"],"picked":"SingingMachine","floor":4},{"not_picked":["UnarmedAttack6","UnarmedAttack3","KamenRideDenO"],"picked":"SKIP","floor":5},{"not_picked":["SnowQueen","WallGazer"],"picked":"BlueStar","floor":7},{"not_picked":["KamenRideDecade","FormRideDogga"],"picked":"DecadeViolentEmotion","floor":7},{"not_picked":["WallGazer","MHz"],"picked":"GalaxyChild","floor":14},{"not_picked":["CrumblingArmor","OSAHOGD"],"picked":"SilentOrchestra","floor":16},{"not_picked":["Decade_Defend2+1","KamenRideDecade"],"picked":"RideBooker_Skill_3","floor":18},{"not_picked":["DragShield","UnarmedAttack7"],"picked":"Decade_Illusion+1","floor":19}],"player_experience":26245,"relics_obtained":[{"floor":1,"key":"LetterFromLob"},{"floor":7,"key":"Gambling Chip"},{"floor":9,"key":"Darkstone Periapt"},{"floor":14,"key":"White Beast Statue"}],"event_choices":[{"damage_healed":0,"gold_gain":0,"player_choice":"Donut","damage_taken":0,"max_hp_gain":5,"max_hp_loss":0,"event_name":"Big Fish","floor":2,"gold_loss":0},{"damage_healed":0,"gold_gain":0,"player_choice":"Bought 0 Potions","damage_taken":0,"max_hp_gain":0,"max_hp_loss":0,"event_name":"The Woman in Blue","floor":3,"gold_loss":0},{"damage_healed":0,"gold_gain":0,"player_choice":"Ignored","damage_taken":0,"max_hp_gain":0,"max_hp_loss":0,"event_name":"Liars Game","floor":10,"gold_loss":0},{"cards_removed":["SingingMachine"],"damage_healed":0,"gold_gain":0,"player_choice":"Purged","damage_taken":0,"max_hp_gain":0,"max_hp_loss":0,"event_name":"Purifier","floor":11,"gold_loss":0}],"is_beta":false,"boss_relics":[{"not_picked":["Busted Crown","SacredBark"],"picked":"REME_DuelDisc"}],"items_purged_floors":[6],"is_endless":false,"potions_floor_spawned":[4,12,16,19],"killed_by":"Sentry and Sphere","ascension_level":0}}