{"host":"2461dio7vetlq1z3","time":1609276127,"event":{"mods":["2.2 Compatiblity","AchievementEnabler","Aspiration","BaseMod","Better Third Choice","Friendly Minions","Hermit","Minty Spire (QoL Compilation)","Relic Stats","Spicy Shops","StSLib","Waifu the Spire"],"gold_per_floor":[115,115,133,147,147,176,176,101,124,124,157,157,188,202,202,202,202],"floor_reached":16,"playtime":581,"items_purged":[],"score":236,"play_id":"afb2e6fd-4a24-4535-85ac-618c0f981830","local_time":"20201229220847","is_ascension_mode":true,"campfire_choices":[{"floor":7,"key":"REST"},{"data":"Neutralize","floor":10,"key":"SMITH"},{"floor":15,"key":"DIG"}],"circlet_count":0,"master_deck":["AscendersBane","Strike_G","Strike_G","Strike_G","Strike_G","Defend_G","Defend_G","Defend_G","Defend_G","Defend_G","Survivor","Neutralize+1","Predator+1","Footwork","Dash","Well Laid Plans","Leg Sweep","Deadly Poison"],"relics":["Ring of the Snake","Bird Faced Urn","Oddly Smooth Stone","Shovel","Golden Idol","Meat on the Bone","aspiration:Lifesprig"],"acts_visited":["Exordium"],"potions_floor_usage":[6,16],"damage_taken":[{"damage":3,"enemies":"2 Louse","floor":1,"turns":5},{"damage":4,"enemies":"Small Slimes","floor":3,"turns":3},{"damage":1,"enemies":"Cultist","floor":4,"turns":4},{"damage":44,"enemies":"Lagavulin","floor":6,"turns":9},{"damage":29,"enemies":"Gremlin Nob","floor":11,"turns":5},{"damage":14,"enemies":"3 Sentries","floor":13,"turns":9},{"damage":1,"enemies":"Blue Slaver","floor":14,"turns":4},{"damage":34,"enemies":"Hexaghost","floor":16,"turns":14}],"seed_played":"4903665130684050410","potions_obtained":[{"floor":4,"key":"Regen Potion"},{"floor":13,"key":"PowerPotion"}],"is_trial":false,"path_per_floor":["M","?","M","M","?","E","R","?","T","R","E","?","E","M","R","B"],"character_chosen":"THE_SILENT","items_purchased":[],"campfire_rested":1,"item_purchase_floors":[],"current_hp_per_floor":[62,62,58,57,57,28,49,49,49,49,22,22,12,27,27,0,0],"gold":202,"neow_bonus":"TEN_PERCENT_HP_BONUS","is_daily":false,"chose_seed":false,"campfire_upgraded":1,"win_rate":0.0,"timestamp":1609276127,"path_taken":["M","?","M","M","?","E","R","?","T","R","E","?","E","M","R","BOSS"],"items_purchased_type":[],"build_version":"2020-12-22","purchased_purges":0,"victory":false,"max_hp_per_floor":[72,72,72,72,72,72,72,72,72,72,72,65,65,65,65,65,65],"relic_stats":{"Shovel":1,"counters":[8,53],"Golden Idol":9,"Bird Faced Urn":[16],"obtain_stats":[{"aspiration:Lifesprig":15,"Shovel":11,"Golden Idol":12,"Bird Faced Urn":6,"Oddly Smooth Stone":9,"Ring of the Snake":0,"Meat on the Bone":13},{"aspiration:Lifesprig":7,"Shovel":5,"Golden Idol":5,"Bird Faced Urn":4,"Oddly Smooth Stone":4,"Ring of the Snake":0,"Meat on the Bone":6},{"aspiration:Lifesprig":39,"Shovel":26,"Golden Idol":26,"Bird Faced Urn":21,"Oddly Smooth Stone":21,"Ring of the Snake":0,"Meat on the Bone":35}],"Ring of the Snake":[16],"Meat on the Bone":12},"card_choices":[{"not_picked":["Dagger Throw","Terror"],"picked":"Predator","floor":1},{"not_picked":["Outmaneuver","Terror"],"picked":"Footwork","floor":3},{"not_picked":["Cloak And Dagger","Prepared"],"picked":"Dash","floor":4},{"not_picked":["Underhanded Strike","Tactician","Flying Knee"],"picked":"SKIP","floor":6},{"not_picked":["PiercingWail","Storm of Steel"],"picked":"Well Laid Plans","floor":11},{"not_picked":["Outmaneuver","Concentrate"],"picked":"Leg Sweep","floor":13},{"not_picked":["Blade Dance","Flying Knee"],"picked":"Deadly Poison","floor":14}],"player_experience":988402,"relics_obtained":[{"floor":6,"key":"Bird Faced Urn"},{"floor":9,"key":"Oddly Smooth Stone"},{"floor":11,"key":"Shovel"},{"floor":13,"key":"Meat on the Bone"},{"floor":15,"key":"aspiration:Lifesprig"}],"event_choices":[{"damage_healed":0,"gold_gain":0,"player_choice":"Ignored","damage_taken":115,"max_hp_gain":0,"max_hp_loss":0,"event_name":"betterThird:BetterSerpent","floor":2,"gold_loss":0},{"damage_healed":0,"gold_gain":0,"player_choice":"Grow","damage_taken":0,"max_hp_gain":0,"max_hp_loss":0,"event_name":"Living Wall","floor":5,"gold_loss":0,"cards_upgraded":["Predator"]},{"cards_removed":["Strike_G"],"damage_healed":0,"gold_gain":0,"player_choice":"Card Removal","damage_taken":0,"max_hp_gain":0,"max_hp_loss":0,"event_name":"The Cleric","floor":8,"gold_loss":75},{"damage_healed":0,"gold_gain":0,"player_choice":"Lose Max HP","damage_taken":0,"relics_obtained":["Golden Idol"],"max_hp_gain":0,"max_hp_loss":7,"event_name":"Golden Idol","floor":12,"gold_loss":0}],"is_beta":false,"boss_relics":[],"items_purged_floors":[],"is_endless":false,"potions_floor_spawned":[4,13],"killed_by":"Hexaghost","ascension_level":20}}