{"host":"tgr1xoidyjfo4u0n","time":1609261789,"event":{"mods":["Act Like it!","BaseMod","Better Vampires","CapriCore","Colored Powertips","GifTheSpireLib","Highlight Path","Minty Spire (QoL Compilation)","StSLib"],"gold_per_floor":[17,17,92,17,28,28,43,43,121,139,139,39,55,72,72,171,171,184,184,201,215,231,261,278,278,278,278,278,278,24,43,43,139,139,157,167,179,191,201,201,220,240,240,240,240,240,240,254,254,254,254,254,19,47,47],"floor_reached":56,"playtime":4933,"items_purged":["Strike_G","Strike_G","Strike_G","Setup+1"],"score":1140,"play_id":"176724c4-0492-4276-98be-8bac67244694","local_time":"20201230010949","is_ascension_mode":false,"campfire_choices":[{"data":"Phantasmal Killer","floor":6.0,"key":"SMITH"},{"data":"Footwork","floor":8.0,"key":"SMITH"},{"data":"Acrobatics","floor":15.0,"key":"SMITH"},{"data":"Terror","floor":25.0,"key":"SMITH"},{"data":"Neutralize","floor":29.0,"key":"SMITH"},{"data":"Venomology","floor":32.0,"key":"SMITH"},{"floor":40.0,"key":"RECALL"},{"data":"Tactician","floor":44.0,"key":"SMITH"},{"data":"Accuracy","floor":49.0,"key":"SMITH"},{"data":"Well Laid Plans","floor":52.0,"key":"SMITH"}],"circlet_count":0,"master_deck":["Defend_G","Defend_G","Defend_G","Defend_G","Defend_G","Survivor","Neutralize+1","Phantasmal Killer+1","Tactician+1","Footwork+1","Glass Knife+1","Acrobatics+1","Venomology+1","Blade Dance+1","Terror+1","Ghostly","Ghostly","Ghostly","Ghostly","Ghostly","Accuracy+1","Blade Dance","Doppelganger","Setup+1","Venomology+1","Backflip+1","Acrobatics","Deflect+1","Infinite Blades+1","Finisher+1","Acrobatics","Well Laid Plans+1","Accuracy","Dodge and Roll"],"relics":["Ring of the Snake","Coffee Dripper","Dream Catcher","Darkstone Periapt","Blue Candle","Astrolabe","Whetstone","Mummified Hand"],"acts_visited":["Exordium","TheCity","TheBeyond","TheEnding"],"potions_floor_usage":[55,55,55,55],"damage_taken":[{"damage":0.0,"enemies":"2 Louse","floor":1.0,"turns":3.0},{"damage":0.0,"enemies":"Small Slimes","floor":5.0,"turns":4.0},{"damage":0.0,"enemies":"Jaw Worm","floor":7.0,"turns":5.0},{"damage":0.0,"enemies":"3 Louse","floor":10.0,"turns":5.0},{"damage":6.0,"enemies":"Large Slime","floor":13.0,"turns":7.0},{"damage":0.0,"enemies":"Blue Slaver","floor":14.0,"turns":3.0},{"damage":19.0,"enemies":"Slime Boss","floor":16.0,"turns":6.0},{"damage":0.0,"enemies":"3 Byrds","floor":18.0,"turns":4.0},{"damage":2.0,"enemies":"Shell Parasite","floor":20.0,"turns":4.0},{"damage":5.0,"enemies":"Chosen and Byrds","floor":21.0,"turns":4.0},{"damage":0.0,"enemies":"Snecko","floor":22.0,"turns":2.0},{"damage":21.0,"enemies":"Book of Stabbing","floor":23.0,"turns":5.0},{"damage":3.0,"enemies":"Cultist and Chosen","floor":24.0,"turns":4.0},{"damage":0.0,"enemies":"Shelled Parasite and Fungi","floor":31.0,"turns":5.0},{"damage":2.0,"enemies":"Champ","floor":33.0,"turns":8.0},{"damage":0.0,"enemies":"3 Shapes","floor":35.0,"turns":5.0},{"damage":0.0,"enemies":"Orb Walker","floor":36.0,"turns":4.0},{"damage":2.0,"enemies":"Jaw Worm Horde","floor":37.0,"turns":7.0},{"damage":3.0,"enemies":"3 Darklings","floor":38.0,"turns":6.0},{"damage":0.0,"enemies":"Spire Growth","floor":39.0,"turns":5.0},{"damage":0.0,"enemies":"Maw","floor":41.0,"turns":5.0},{"damage":2.0,"enemies":"3 Darklings","floor":42.0,"turns":5.0},{"damage":0.0,"enemies":"4 Shapes","floor":48.0,"turns":5.0},{"damage":3.0,"enemies":"Time Eater","floor":50.0,"turns":7.0},{"damage":2.0,"enemies":"Shield and Spear","floor":54.0,"turns":6.0},{"damage":28,"enemies":"The Heart","floor":55,"turns":8}],"seed_played":"-1394427752796984950","potions_obtained":[{"floor":1.0,"key":"CultistPotion"},{"floor":10.0,"key":"DistilledChaos"},{"floor":16.0,"key":"SteroidPotion"},{"floor":21.0,"key":"CultistPotion"},{"floor":31.0,"key":"Swift Potion"},{"floor":35.0,"key":"Energy Potion"},{"floor":37.0,"key":"DistilledChaos"},{"floor":48.0,"key":"SkillPotion"},{"floor":54.0,"key":"Weak Potion"}],"is_trial":false,"path_per_floor":["M","?","?","$","M","R","M","R","T","M","?","$","M","M","R","B",null,"M","?","M","M","M","E","M","R","T","?","T","R","$","M","R","B",null,"M","M","M","M","M","R","M","M","T","R","?","?","?","M","R","B",null,"R","$","E","B",null],"character_chosen":"THE_SILENT","items_purchased":["Accuracy","Blade Dance","Accuracy","Dodge and Roll"],"campfire_rested":0,"item_purchase_floors":[30,30,53,53],"current_hp_per_floor":[70,70,59,59,59,59,59,59,59,59,59,59,53,53,53,34,70,70,70,68,63,63,42,39,39,39,35,35,35,35,35,35,33,35,35,35,33,30,30,30,30,28,28,28,28,28,28,28,28,25,35,35,35,33,5],"gold":47,"neow_bonus":"THREE_RARE_CARDS","is_daily":false,"chose_seed":false,"campfire_upgraded":9,"win_rate":0.0,"timestamp":1609261789,"path_taken":["M","?","?","$","M","R","M","R","T","M","?","?","M","M","R","BOSS","M","?","M","M","M","E","M","R","T","?","?","R","$","M","R","BOSS","M","M","M","M","?","R","M","M","T","R","?","?","?","?","R","BOSS","R","$","E","BOSS"],"items_purchased_type":["Card","Card","Card","Card"],"build_version":"2020-12-22","purchased_purges":4,"victory":true,"max_hp_per_floor":[70,70,70,70,70,70,70,70,70,70,70,70,70,70,70,70,70,70,70,70,70,70,70,70,70,70,35,35,35,35,35,35,35,35,35,35,35,35,35,35,35,35,35,35,35,35,35,35,35,35,35,35,35,35,35],"card_choices":[{"not_picked":["Unload","After Image"],"picked":"Phantasmal Killer","floor":0.0},{"not_picked":["Backstab","Blur"],"picked":"Tactician","floor":1.0},{"not_picked":["Skewer","Deflect"],"picked":"Flying Knee","floor":5.0},{"not_picked":["Outmaneuver","Bane","Choke"],"picked":"SKIP","floor":7.0},{"not_picked":["Outmaneuver","Bane","Choke"],"picked":"SKIP","floor":7.0},{"not_picked":["Poisoned Stab","Deflect"],"picked":"Dagger Spray","floor":10.0},{"not_picked":["Dodge and Roll","Sucker Punch"],"picked":"Glass Knife","floor":13.0},{"not_picked":["Noxious Fumes","Blur"],"picked":"Acrobatics","floor":14.0},{"not_picked":["Unload","Glass Knife"],"picked":"Venomology","floor":16.0},{"not_picked":["Bane+1","PiercingWail+1"],"picked":"Blade Dance+1","floor":18.0},{"not_picked":["Concentrate","Leg Sweep"],"picked":"Terror","floor":20.0},{"not_picked":["Skewer","Cloak And Dagger+1"],"picked":"Underhanded Strike+1","floor":21.0},{"not_picked":["Poisoned Stab","Dagger Throw","Infinite Blades"],"picked":"SKIP","floor":22.0},{"not_picked":["Corpse Explosion","Slice","Sucker Punch+1"],"picked":"SKIP","floor":23.0},{"not_picked":["Dagger Spray+1","Flying Knee","Flechettes"],"picked":"SKIP","floor":24.0},{"not_picked":["Underhanded Strike+1","Flechettes+1","Deflect"],"picked":"SKIP","floor":31.0},{"not_picked":["After Image","Glass Knife"],"picked":"Doppelganger","floor":33.0},{"not_picked":["PiercingWail","Blade Dance+1"],"picked":"Backflip+1","floor":35.0},{"not_picked":["Dagger Spray+1","Heel Hook+1"],"picked":"Acrobatics","floor":36.0},{"not_picked":["Outmaneuver","Dagger Spray"],"picked":"Deflect+1","floor":37.0},{"not_picked":["Leg Sweep","Sucker Punch"],"picked":"Infinite Blades+1","floor":38.0},{"not_picked":["Prepared","Masterful Stab"],"picked":"Acrobatics","floor":39.0},{"not_picked":["Footwork","Wraith Form v2"],"picked":"Finisher","floor":41.0},{"not_picked":["Cloak And Dagger+1","Footwork+1"],"picked":"Acrobatics","floor":42.0},{"not_picked":["Sucker Punch+1","Dagger Throw"],"picked":"Well Laid Plans","floor":48.0},{"not_picked":["Sucker Punch+1","Underhanded Strike+1","Finisher"],"picked":"SKIP","floor":54.0}],"player_experience":311129,"relics_obtained":[{"floor":23.0,"key":"Dream Catcher"},{"floor":26.0,"key":"Darkstone Periapt"},{"floor":28.0,"key":"Blue Candle"},{"floor":43.0,"key":"Whetstone"},{"floor":54.0,"key":"Mummified Hand"}],"event_choices":[{"damage_healed":0.0,"max_hp_gain":0.0,"max_hp_loss":0.0,"gold_gain":0.0,"cards_transformed":["Strike_G"],"event_name":"Living Wall","player_choice":"Change","floor":2.0,"gold_loss":0.0,"damage_taken":0.0,"cards_obtained":["Footwork"]},{"damage_healed":0.0,"max_hp_gain":0.0,"max_hp_loss":0.0,"gold_gain":75.0,"event_name":"World of Goop","player_choice":"Gather Gold","floor":3.0,"gold_loss":0.0,"damage_taken":11.0},{"damage_healed":0.0,"max_hp_gain":0.0,"max_hp_loss":0.0,"gold_gain":0.0,"event_name":"Liars Game","player_choice":"Ignored","floor":11.0,"gold_loss":0.0,"damage_taken":0.0},{"cards_removed":["Strike_G"],"damage_healed":0.0,"max_hp_gain":0.0,"max_hp_loss":0.0,"gold_gain":0.0,"event_name":"Back to Basics","player_choice":"Elegance","floor":19.0,"gold_loss":0.0,"damage_taken":0.0},{"damage_healed":0.0,"max_hp_gain":0.0,"max_hp_loss":35.0,"gold_gain":0.0,"event_name":"Ghosts","player_choice":"Became a Ghost","floor":27.0,"gold_loss":0.0,"damage_taken":0.0,"cards_obtained":["Ghostly","Ghostly","Ghostly","Ghostly","Ghostly"]},{"damage_healed":0.0,"max_hp_gain":0.0,"max_hp_loss":0.0,"gold_gain":0.0,"event_name":"SensoryStone","player_choice":"Memory 1","floor":45.0,"gold_loss":0.0,"damage_taken":0.0},{"damage_healed":0.0,"max_hp_gain":0.0,"max_hp_loss":0.0,"gold_gain":0.0,"event_name":"Tomb of Lord Red Mask","player_choice":"Ignored","floor":46.0,"gold_loss":0.0,"damage_taken":0.0},{"cards_removed":["Acrobatics"],"damage_healed":0.0,"max_hp_gain":0.0,"max_hp_loss":0.0,"gold_gain":0.0,"event_name":"Falling","player_choice":"Removed Skill","floor":47.0,"gold_loss":0.0,"damage_taken":0.0}],"is_beta":false,"boss_relics":[{"not_picked":["Velvet Choker","HoveringKite"],"picked":"Coffee Dripper"},{"not_picked":["Calling Bell","Pandora\u0027s Box"],"picked":"Astrolabe"}],"items_purged_floors":[4,12,30,53],"is_endless":false,"potions_floor_spawned":[1,10,16,21,22,23,24,31,35,36,37,41,48,54],"ascension_level":0}}