{"host":"ql9d3hodw6ja2r3y","time":1609281065,"event":{"mods":["2.2 Compatiblity","A Magickal Journey","AchievementEnabler","Act Like it!","BaseMod","Beaked The Cultist","Better Altar","Better Match","Better Note","Better Sensory Stone","Better Skull","Better Third Choice","Better Vampires","BetterRewards","CCEM","Challenge The Spire","Colored Powertips","Curses Come First","Displayed Cursed Tome","Downfall","Friendly Minions","GifTheSpireLib","Infinite Spire","Marked Mod","Mimic Mod","Minty Spire (QoL Compilation)","Permanent Neow","Quick Restart","Random Character Button","Rare Cards Sparkle","Relic Sorter","Shade Mod","Somnambulant","Spicy Shops","StSLib","Synergy Search","The Blue Laboratory","The Bug Knight","The Construct","The Cursed","The Disciple","The Forsaken","The Hierophant","The Marked","The Runesmith","The Showman","The Spell Scribe"],"gold_per_floor":[109,0,11,27,47,47,65,94,125,136,154,165,165,15,15,15,15],"floor_reached":16,"playtime":1179,"items_purged":[],"score":106,"play_id":"1ceb6c66-1297-4adf-9b21-04a79b1a40bb","local_time":"20201229233105","is_ascension_mode":false,"campfire_choices":[{"data":"HollowMod:DesolateDive","floor":6,"key":"SMITH"},{"floor":15,"key":"REST"}],"circlet_count":0,"master_deck":["HollowMod:NailStrikeStart","HollowMod:NailStrikeStart","HollowMod:NailStrikeStart","HollowMod:NailStrikeStart","HollowMod:QuickDashStart","HollowMod:QuickDashStart","HollowMod:QuickDashStart","HollowMod:QuickDashStart","HollowMod:FocusHealStart","HollowMod:PogoStrike","HollowMod:SiblingsSouls","Enlightenment","HollowMod:DungDefenderAura","HollowMod:NewLittleFool","HollowMod:DesolateDive+1","HollowMod:FallenFury","HollowMod:VengefulVoid","HollowMod:GoodIntentions","HollowMod:CycloneSlash","HollowMod:SoulSplash","HollowMod:HowlingWraiths","HollowMod:NewGlowingWomb"],"relics":["HollowMod:VesselMask","infinitespire:Lucky Rock","HollowMod:StagPassRelic"],"acts_visited":["Exordium"],"potions_floor_usage":[7,8,8,16,16],"damage_taken":[{"damage":0,"enemies":"Cultist","floor":1,"turns":4},{"damage":0,"enemies":"2 Louse","floor":3,"turns":1},{"damage":9,"enemies":"infinitespire:Voidling","floor":4,"turns":4},{"damage":7,"enemies":"Blue Slaver","floor":5,"turns":4},{"damage":12,"enemies":"Exordium Wildlife","floor":7,"turns":6},{"damage":69,"enemies":"Lagavulin","floor":8,"turns":7},{"damage":0,"enemies":"Looter","floor":9,"turns":4},{"damage":0,"enemies":"Looter","floor":10,"turns":3},{"damage":2,"enemies":"Large Slime","floor":11,"turns":4},{"damage":0,"enemies":"2 Fungi Beasts","floor":12,"turns":2},{"damage":40,"enemies":"Slime Boss","floor":16,"turns":8}],"seed_played":"-8623315462387787012","potions_obtained":[{"floor":4,"key":"Weak Potion"},{"floor":5,"key":"blueLaboratory:HeartbeatPotion"},{"floor":7,"key":"blueLaboratory:Moonshine"},{"floor":11,"key":"blueLaboratory:HummingbirdPotion"},{"floor":12,"key":"Guardian:BlockOnCardUsePotion"}],"is_trial":false,"path_per_floor":["M","?","M","M","M","R","M","E","MIM","M","M","M","?","?","R","B"],"character_chosen":"THE_BUGKNIGHT","items_purchased":[],"campfire_rested":1,"item_purchase_floors":[],"current_hp_per_floor":[75,81,81,81,74,74,68,9,9,9,13,13,13,13,37,0,0],"gold":15,"neow_bonus":"THREE_CARDS","is_daily":false,"chose_seed":false,"campfire_upgraded":1,"win_rate":0.0,"timestamp":1609281065,"path_taken":["M","?","M","M","M","R","M","E","MIM","M","?","M","?","?","R","BOSS"],"items_purchased_type":[],"build_version":"2020-12-22","purchased_purges":0,"victory":false,"max_hp_per_floor":[75,81,81,81,81,81,81,81,81,81,81,81,81,81,81,81,81],"card_choices":[{"not_picked":["HollowMod:SoulSplash","HollowMod:VengefulVoid"],"picked":"HollowMod:SiblingsSouls","floor":0},{"not_picked":["HollowMod:DoubleDash","HollowMod:NewGlowingWomb"],"picked":"HollowMod:InfectedCysts","floor":1},{"not_picked":["HollowMod:SoulSplash","HollowMod:LifebloodCocoon"],"picked":"HollowMod:DungDefenderAura","floor":3},{"not_picked":["HollowMod:InfectedCysts","HollowMod:FastStrike"],"picked":"HollowMod:NewLittleFool","floor":4},{"not_picked":["HollowMod:ChannelNail","HollowMod:TaintedHusks"],"picked":"HollowMod:DesolateDive","floor":5},{"not_picked":["HollowMod:QuirrelsAssistance","HollowMod:BaldurShell"],"picked":"HollowMod:FallenFury","floor":7},{"not_picked":["HollowMod:NewLittleFool","HollowMod:ShadowDash"],"picked":"HollowMod:VengefulVoid","floor":8},{"not_picked":["HollowMod:CloakDash","HollowMod:PerfectDash"],"picked":"HollowMod:GoodIntentions","floor":9},{"not_picked":["HollowMod:SoulSplash","HollowMod:NewGlowingWomb"],"picked":"HollowMod:CycloneSlash","floor":10},{"not_picked":["HollowMod:CornifersMapStart","HollowMod:InfectedCysts"],"picked":"HollowMod:SoulSplash","floor":11},{"not_picked":["HollowMod:Hiveblood","HollowMod:ShadowDash"],"picked":"HollowMod:HowlingWraiths","floor":12}],"player_experience":9488,"relics_obtained":[{"floor":8,"key":"infinitespire:Lucky Rock"}],"event_choices":[{"damage_healed":0,"gold_gain":0,"player_choice":"RENOUNCE","damage_taken":109,"max_hp_gain":0,"max_hp_loss":0,"event_name":"betterThird:BetterSerpent","floor":2,"gold_loss":109,"cards_obtained":["Enlightenment"]},{"damage_healed":0,"gold_gain":0,"cards_transformed":["HollowMod:InfectedCysts"],"player_choice":"Change","damage_taken":0,"max_hp_gain":0,"max_hp_loss":0,"event_name":"Living Wall","floor":13,"gold_loss":0,"cards_obtained":["HollowMod:NewGlowingWomb"]}],"is_beta":false,"boss_relics":[],"items_purged_floors":[],"is_endless":false,"potions_floor_spawned":[4,5,7,11,12],"killed_by":"Slime Boss","ascension_level":0}}