{"host":"981nlwu0905dw1bz","time":1609264134,"event":{"mods":["BaseMod","DeckTracker","Minty Spire (QoL Compilation)","Rare Cards Sparkle","SuperFastMode"],"gold_per_floor":[118,129,149,149,168,168,200,200,226,226,69,69,69,94,106,213,525,556,568,580,159,159,159,188,188,242,242,242,242,261,281,281,383,383,399,411,411,411,431,431,441,441,441],"floor_reached":42,"playtime":1589,"items_purged":[],"score":679,"play_id":"a9b34905-e6d6-45d9-88df-864bafeed609","local_time":"20201230024854","is_ascension_mode":true,"campfire_choices":[{"data":"Flying Knee","floor":6.0,"key":"SMITH"},{"data":"Dash","floor":8.0,"key":"SMITH"},{"floor":12.0,"key":"REST"},{"data":"Crippling Poison","floor":15.0,"key":"SMITH"},{"floor":23.0,"key":"REST"},{"data":"Phantasmal Killer","floor":25.0,"key":"SMITH"},{"data":"Secret Technique","floor":29.0,"key":"SMITH"},{"floor":32.0,"key":"REST"},{"floor":40,"key":"REST"}],"circlet_count":0,"master_deck":["AscendersBane","Strike_G+1","Strike_G+1","Strike_G+1","Strike_G+1","Strike_G+1","Defend_G+1","Defend_G+1","Defend_G+1","Defend_G+1","Defend_G+1","Survivor+1","Neutralize","Flying Knee+1","Crippling Poison+1","Poisoned Stab","Cloak And Dagger","Dash+1","Deflect","Burst","Blade Dance","Secret Technique+1","Phantasmal Killer+1","Finisher","Catalyst+1","Corpse Explosion"],"relics":["Ring of the Snake","Omamori","Art of War","Centennial Puzzle","Regal Pillow","MawBank","Calling Bell","Boot","Mercury Hourglass","Old Coin","Necronomicon","Gremlin Horn","Smiling Mask","Happy Flower","Ninja Scroll","WristBlade"],"acts_visited":["Exordium","TheCity","TheBeyond"],"potions_floor_usage":[33,33],"damage_taken":[{"damage":0.0,"enemies":"Jaw Worm","floor":1.0,"turns":5.0},{"damage":0.0,"enemies":"Small Slimes","floor":2.0,"turns":3.0},{"damage":0.0,"enemies":"2 Louse","floor":3.0,"turns":3.0},{"damage":0.0,"enemies":"Looter","floor":5.0,"turns":4.0},{"damage":18.0,"enemies":"Gremlin Nob","floor":7.0,"turns":4.0},{"damage":7.0,"enemies":"Lagavulin","floor":14.0,"turns":6.0},{"damage":34.0,"enemies":"Hexaghost","floor":16.0,"turns":9.0},{"damage":2.0,"enemies":"Spheric Guardian","floor":18.0,"turns":4.0},{"damage":26.0,"enemies":"Slavers","floor":24.0,"turns":4.0},{"damage":0.0,"enemies":"2 Thieves","floor":30.0,"turns":4.0},{"damage":0.0,"enemies":"3 Cultists","floor":31.0,"turns":3.0},{"damage":83,"enemies":"Collector","floor":33,"turns":11},{"damage":10,"enemies":"3 Shapes","floor":35,"turns":3},{"damage":11,"enemies":"Orb Walker","floor":36,"turns":2},{"damage":27,"enemies":"Writhing Mass","floor":39,"turns":5},{"damage":39,"enemies":"Transient","floor":41,"turns":5},{"damage":0,"enemies":"4 Shapes","floor":42,"turns":1}],"seed_played":"900371721300695310","potions_obtained":[{"floor":1.0,"key":"LiquidBronze"},{"floor":5.0,"key":"ColorlessPotion"},{"floor":14.0,"key":"Regen Potion"},{"floor":16.0,"key":"GhostInAJar"},{"floor":31.0,"key":"ColorlessPotion"},{"floor":39,"key":"Dexterity Potion"},{"floor":41,"key":"SneckoOil"}],"is_trial":false,"path_per_floor":["M","M","M","?","M","R","E","R","T","?","$","R","$","E","R","B",null,"M","$","?","$","?","R","E","R","T","?","T","R","M","M","R","B",null,"M","M","?","?","M","R","M","M"],"character_chosen":"THE_SILENT","items_purchased":["Regal Pillow","Secret Technique","Gremlin Horn"],"campfire_rested":4,"item_purchase_floors":[11,21,21],"current_hp_per_floor":[63,63,63,68,68,68,50,50,50,38,38,75,75,68,68,34,65,63,63,47,47,47,75,49,49,49,49,49,49,49,49,75,7,58,48,37,37,37,10,47,8,8,8],"gold":441,"neow_bonus":"UPGRADE_CARD","is_daily":false,"chose_seed":false,"campfire_upgraded":5,"win_rate":0.0,"timestamp":1609264134,"path_taken":["M","M","M","?","M","R","E","R","T","?","$","R","?","E","R","BOSS","M","$","?","$","?","R","E","R","T","?","?","R","M","M","R","BOSS","M","M","?","?","M","R","M","M"],"items_purchased_type":["Relic","Card","Relic"],"build_version":"2020-12-22","purchased_purges":0,"victory":false,"max_hp_per_floor":[70,70,70,75,75,75,75,75,75,75,75,75,75,75,75,75,75,75,75,75,75,75,75,75,75,75,75,75,75,75,75,75,75,75,75,75,75,75,75,75,75,75,75],"card_choices":[{"not_picked":["Calculated Gamble","Sucker Punch"],"picked":"Flying Knee","floor":1.0},{"not_picked":["Prepared","Quick Slash"],"picked":"Crippling Poison","floor":2.0},{"not_picked":["Quick Slash","Backflip"],"picked":"Poisoned Stab","floor":3.0},{"not_picked":["Slice","Predator"],"picked":"Cloak And Dagger","floor":5.0},{"not_picked":["Flechettes","Poisoned Stab"],"picked":"Dash","floor":7.0},{"not_picked":["Doppelganger","Flechettes"],"picked":"Deflect","floor":14.0},{"not_picked":["Wraith Form v2","Storm of Steel"],"picked":"Burst","floor":16.0},{"not_picked":["Cloak And Dagger","Poisoned Stab"],"picked":"Blade Dance","floor":18.0},{"not_picked":["Blur","Poisoned Stab+1"],"picked":"Finisher","floor":24.0},{"not_picked":["Poisoned Stab","Riddle With Holes"],"picked":"Catalyst+1","floor":30.0},{"not_picked":["Cloak And Dagger+1","Quick Slash","Leg Sweep"],"picked":"SKIP","floor":31.0},{"not_picked":["Grand Finale","Storm of Steel"],"picked":"Corpse Explosion","floor":33},{"not_picked":["Blur","Acrobatics","Quick Slash+1"],"picked":"SKIP","floor":35},{"not_picked":["Blade Dance","Acrobatics+1"],"picked":"Finisher+1","floor":36},{"not_picked":["Endless Agony","Cloak And Dagger","Blade Dance"],"picked":"SKIP","floor":39},{"not_picked":["Underhanded Strike","Dodge and Roll","Dagger Spray+1"],"picked":"SKIP","floor":41}],"player_experience":510288,"relics_obtained":[{"floor":7.0,"key":"Omamori"},{"floor":9.0,"key":"Art of War"},{"floor":14.0,"key":"MawBank"},{"floor":17.0,"key":"Boot"},{"floor":17.0,"key":"Mercury Hourglass"},{"floor":17.0,"key":"Old Coin"},{"floor":20.0,"key":"Necronomicon"},{"floor":24.0,"key":"Smiling Mask"},{"floor":26.0,"key":"Happy Flower"},{"floor":28.0,"key":"Ninja Scroll"}],"event_choices":[{"damage_healed":0.0,"max_hp_gain":5.0,"max_hp_loss":0.0,"gold_gain":0.0,"event_name":"Big Fish","player_choice":"Donut","floor":4.0,"gold_loss":0.0,"damage_taken":0.0},{"damage_healed":0.0,"max_hp_gain":0.0,"max_hp_loss":0.0,"gold_gain":0.0,"event_name":"Scrap Ooze","player_choice":"Success","floor":10.0,"gold_loss":0.0,"damage_taken":12.0,"relics_obtained":["Centennial Puzzle"]},{"damage_healed":0.0,"max_hp_gain":0.0,"max_hp_loss":0.0,"gold_gain":0.0,"event_name":"Cursed Tome","player_choice":"Obtained Book","floor":20.0,"gold_loss":0.0,"damage_taken":16.0},{"damage_healed":0.0,"max_hp_gain":0.0,"max_hp_loss":0.0,"gold_gain":0.0,"event_name":"The Library","player_choice":"Read","floor":22.0,"gold_loss":0.0,"damage_taken":0.0,"cards_obtained":["Phantasmal Killer"]},{"damage_healed":0.0,"max_hp_gain":0.0,"max_hp_loss":0.0,"gold_gain":0.0,"event_name":"Back to Basics","player_choice":"Simplicity","floor":27.0,"gold_loss":0.0,"damage_taken":0.0,"cards_upgraded":["Strike_G","Strike_G","Strike_G","Strike_G","Strike_G","Defend_G","Defend_G","Defend_G","Defend_G","Defend_G"]},{"damage_healed":0,"gold_gain":0,"player_choice":"Ignored","damage_taken":0,"max_hp_gain":0,"max_hp_loss":0,"event_name":"Mysterious Sphere","floor":37,"gold_loss":0},{"cards_removed":["Finisher"],"damage_healed":0,"gold_gain":0,"player_choice":"Removed Attack","damage_taken":0,"max_hp_gain":0,"max_hp_loss":0,"event_name":"Falling","floor":38,"gold_loss":0}],"is_beta":false,"boss_relics":[{"not_picked":["Fusion Hammer","Velvet Choker"],"picked":"Calling Bell"},{"not_picked":["Black Star","Runic Pyramid"],"picked":"WristBlade"}],"items_purged_floors":[],"is_endless":false,"potions_floor_spawned":[1,5,14,16,31,39,41],"killed_by":"4 Shapes","ascension_level":11}}