{"host":"nmjik3bzoelmmajy","time":1609251367,"event":{"mods":["BaseMod","Better Third Choice","Colored Map","DeckTracker","Minty Spire (QoL Compilation)","Quick Restart","Say the Spire","StSLib","SuperFastMode"],"gold_per_floor":[116,127,40,40,40,65,65,95,95,110,145,175,192,206,206,283,283,297,307,307,54,68,95,95,95,95],"floor_reached":25,"playtime":1019,"items_purged":[],"score":569,"play_id":"338732b6-c070-4e9f-b1a0-a8c75ced9bad","local_time":"20201229231607","is_ascension_mode":true,"campfire_choices":[{"data":"Dagger Spray","floor":7,"key":"SMITH"},{"data":"Storm of Steel","floor":15,"key":"SMITH"},{"data":"Backflip","floor":24,"key":"SMITH"}],"circlet_count":0,"master_deck":["AscendersBane","Strike_G","Strike_G","Strike_G","Strike_G","Strike_G","Defend_G","Defend_G","Defend_G","Defend_G","Defend_G","Survivor","Neutralize","Leg Sweep","Dagger Spray+1","Blur","Footwork","Blade Dance","Storm of Steel+1","Noxious Fumes+1","Backflip+1","Finisher","Burst","Decay","Accuracy+1","Prepared","Tactician"],"relics":["Ring of the Snake","NeowsBlessing","Kunai","Nunchaku","Strawberry","Frozen Egg 2","Orichalcum","Odd Mushroom","Cursed Key","Strange Spoon","Toy Ornithopter"],"acts_visited":["Exordium","TheCity"],"potions_floor_usage":[8,8,11,18,22],"damage_taken":[{"damage":0,"enemies":"Cultist","floor":1,"turns":1},{"damage":0,"enemies":"Small Slimes","floor":2,"turns":1},{"damage":0,"enemies":"3 Sentries","floor":6,"turns":1},{"damage":15,"enemies":"Gremlin Nob","floor":8,"turns":6},{"damage":0,"enemies":"2 Louse","floor":10,"turns":2},{"damage":4,"enemies":"3 Sentries","floor":11,"turns":8},{"damage":6,"enemies":"The Mushroom Lair","floor":12,"turns":5},{"damage":1,"enemies":"Exordium Thugs","floor":13,"turns":4},{"damage":2,"enemies":"2 Fungi Beasts","floor":14,"turns":4},{"damage":0,"enemies":"Hexaghost","floor":16,"turns":15},{"damage":0,"enemies":"Shell Parasite","floor":18,"turns":5},{"damage":4,"enemies":"3 Byrds","floor":19,"turns":5},{"damage":12,"enemies":"Snecko","floor":22,"turns":6},{"damage":21,"enemies":"Slavers","floor":23,"turns":8},{"damage":30,"enemies":"Chosen and Byrds","floor":25,"turns":6}],"seed_played":"-2292334702345692983","potions_obtained":[{"floor":1,"key":"GhostInAJar"},{"floor":2,"key":"Fire Potion"},{"floor":8,"key":"CunningPotion"},{"floor":12,"key":"SneckoOil"},{"floor":13,"key":"DistilledChaos"},{"floor":19,"key":"SkillPotion"}],"is_trial":false,"path_per_floor":["M","M","$","?","?","E","R","E","T","M","E","?","M","M","R","B",null,"M","M","?","$","M","E","R","M"],"character_chosen":"THE_SILENT","items_purchased":["Blur","Accuracy+1","Strange Spoon"],"campfire_rested":0,"item_purchase_floors":[3,21,21],"current_hp_per_floor":[59,59,59,59,52,52,52,44,44,44,40,34,33,31,31,31,63,63,59,59,59,47,26,26,0,0],"gold":95,"neow_bonus":"THREE_ENEMY_KILL","is_daily":false,"chose_seed":false,"campfire_upgraded":3,"win_rate":0.0,"timestamp":1609251367,"path_taken":["M","M","$","?","?","E","R","E","T","M","E","?","M","M","R","BOSS","M","M","?","$","M","E","R","M"],"items_purchased_type":["Card","Card","Relic"],"build_version":"2020-12-22","purchased_purges":0,"victory":false,"max_hp_per_floor":[66,66,66,66,66,66,66,73,73,73,73,73,73,73,73,73,73,73,73,73,73,73,73,73,73,73],"card_choices":[{"not_picked":["Choke","Backflip"],"picked":"Leg Sweep","floor":1},{"not_picked":["PiercingWail","Noxious Fumes"],"picked":"Dagger Spray","floor":2},{"not_picked":["Dash","Flying Knee"],"picked":"Footwork","floor":6},{"not_picked":["Deflect","Sucker Punch","Skewer"],"picked":"SKIP","floor":8},{"not_picked":["Bane","Quick Slash"],"picked":"Blade Dance","floor":10},{"not_picked":["Poisoned Stab","Blade Dance"],"picked":"Storm of Steel","floor":11},{"not_picked":["Prepared","Eviscerate"],"picked":"Noxious Fumes+1","floor":12},{"not_picked":["Sucker Punch","Concentrate"],"picked":"Backflip","floor":13},{"not_picked":["Underhanded Strike","Setup"],"picked":"Finisher","floor":14},{"not_picked":["Unload","Glass Knife"],"picked":"Burst","floor":16},{"not_picked":["Outmaneuver","Eviscerate","Finisher"],"picked":"SKIP","floor":18},{"not_picked":["Concentrate","Heel Hook","Masterful Stab"],"picked":"SKIP","floor":19},{"not_picked":["Dodge and Roll","Blade Dance"],"picked":"Prepared","floor":22},{"not_picked":["Die Die Die","Blade Dance"],"picked":"Tactician","floor":23}],"player_experience":824726,"relics_obtained":[{"floor":6,"key":"Nunchaku"},{"floor":8,"key":"Strawberry"},{"floor":9,"key":"Frozen Egg 2"},{"floor":11,"key":"Orichalcum"},{"floor":12,"key":"Odd Mushroom"},{"floor":23,"key":"Toy Ornithopter"}],"event_choices":[{"damage_healed":0,"gold_gain":0,"player_choice":"Box","damage_taken":0,"relics_obtained":["Kunai"],"max_hp_gain":0,"max_hp_loss":0,"event_name":"Big Fish","floor":4,"gold_loss":0,"cards_obtained":["Regret"]},{"cards_removed":["Regret"],"damage_healed":0,"gold_gain":0,"player_choice":"Card Removal","damage_taken":7,"max_hp_gain":0,"max_hp_loss":0,"event_name":"Golden Wing","floor":5,"gold_loss":0},{"damage_healed":0,"gold_gain":0,"player_choice":"Fought Mushrooms","damage_taken":0,"max_hp_gain":0,"max_hp_loss":0,"event_name":"Mushrooms","floor":12,"gold_loss":0},{"damage_healed":0,"gold_gain":0,"player_choice":"Smashed Altar","damage_taken":0,"max_hp_gain":0,"max_hp_loss":0,"event_name":"Forgotten Altar","floor":20,"gold_loss":0,"cards_obtained":["Decay"]}],"is_beta":false,"boss_relics":[{"not_picked":["Philosopher\u0027s Stone","Sozu"],"picked":"Cursed Key"}],"items_purged_floors":[],"is_endless":false,"potions_floor_spawned":[1,2,8,12,13,19],"killed_by":"Chosen and Byrds","ascension_level":16}}