{"host":"msa0wxqjs3jv1k3j","time":1609249131,"event":{"mods":["BaseMod","BetterRewards","Colored Map","Highlight Path","KOR Keyword Fix","Keyboard Shortcuts","Minty Spire (QoL Compilation)","Quick Restart","SuperFastMode","everything is the same but u backflip on backflip"],"gold_per_floor":[111,111,121,121,121,121,145,145,145,169,169,185,98,98,98,98,98],"floor_reached":16,"playtime":574,"items_purged":["Defend_R","Strike_R"],"score":90,"play_id":"5ea6dc6f-dd98-43cd-b0eb-9c3057791b4f","local_time":"20201229223851","is_ascension_mode":false,"campfire_choices":[{"floor":6,"key":"REST"},{"data":"Infernal Blade","floor":15,"key":"SMITH"}],"circlet_count":0,"master_deck":["Strike_R","Strike_R+1","Strike_R","Defend_R","Defend_R+1","Defend_R","Bash","Infernal Blade+1","Shrug It Off","Rage","Pommel Strike+1","Hemokinesis+1","Battle Trance","Flex","Thunderclap+1"],"relics":["Burning Blood","Torii","Molten Egg 2","Membership Card","Golden Idol","MealTicket","Pantograph","Oddly Smooth Stone"],"acts_visited":["Exordium"],"potions_floor_usage":[16],"damage_taken":[{"damage":11,"enemies":"Jaw Worm","floor":1,"turns":4},{"damage":0,"enemies":"2 Louse","floor":3,"turns":2},{"damage":0,"enemies":"Cultist","floor":7,"turns":3},{"damage":6,"enemies":"Exordium Wildlife","floor":11,"turns":4},{"damage":10,"enemies":"3 Louse","floor":12,"turns":3},{"damage":81,"enemies":"Slime Boss","floor":16,"turns":14}],"seed_played":"-5377905892160807743","potions_obtained":[{"floor":7,"key":"Weak Potion"},{"floor":11,"key":"ColorlessPotion"}],"is_trial":false,"path_per_floor":["M","?","M","?","?","R","M","?","T","T","M","M","$","?","R","B"],"character_chosen":"IRONCLAD","items_purchased":["Molten Egg 2","Membership Card","Infernal Blade","Shrug It Off","Flex","Thunderclap+1"],"campfire_rested":1,"item_purchase_floors":[0,0,0,0,13,13],"current_hp_per_floor":[51,77,80,60,44,68,74,62,62,62,62,58,73,73,73,0,0],"gold":98,"neow_bonus":"","is_daily":false,"chose_seed":false,"campfire_upgraded":1,"win_rate":0.0,"timestamp":1609249131,"path_taken":["M","?","M","?","?","R","M","?","T","?","?","M","$","?","R","BOSS"],"items_purchased_type":["Relic","Relic","Card","Card","Card","Card"],"build_version":"2020-12-22","purchased_purges":2,"victory":false,"max_hp_per_floor":[80,80,80,80,80,80,80,80,80,80,80,80,80,80,80,80,80],"card_choices":[{"not_picked":["Carnage+1","Whirlwind+1"],"picked":"Rage","floor":1},{"not_picked":["Entrench","Headbutt+1"],"picked":"Pommel Strike+1","floor":3},{"not_picked":["Anger+1","Spot Weakness","Intimidate"],"picked":"SKIP","floor":7},{"not_picked":["Body Slam+1","Infernal Blade"],"picked":"Hemokinesis+1","floor":11},{"not_picked":["Shockwave","Clash+1"],"picked":"Battle Trance","floor":12}],"player_experience":12939,"relics_obtained":[{"floor":9,"key":"Pantograph"},{"floor":10,"key":"Oddly Smooth Stone"}],"event_choices":[{"damage_healed":26,"gold_gain":0,"player_choice":"Banana","damage_taken":0,"max_hp_gain":0,"max_hp_loss":0,"event_name":"Big Fish","floor":2,"gold_loss":0},{"damage_healed":0,"gold_gain":0,"player_choice":"Take Damage","damage_taken":20,"relics_obtained":["Golden Idol"],"max_hp_gain":0,"max_hp_loss":0,"event_name":"Golden Idol","floor":4,"gold_loss":0},{"damage_healed":0,"gold_gain":0,"player_choice":"Entered Light","damage_taken":16,"max_hp_gain":0,"max_hp_loss":0,"event_name":"Shining Light","floor":5,"gold_loss":0,"cards_upgraded":["Defend_R","Strike_R"]},{"damage_healed":0,"gold_gain":0,"player_choice":"Success","damage_taken":12,"relics_obtained":["MealTicket"],"max_hp_gain":0,"max_hp_loss":0,"event_name":"Scrap Ooze","floor":8,"gold_loss":0},{"cards_removed":["Strike_R"],"damage_healed":0,"gold_gain":0,"player_choice":"Forget","damage_taken":0,"max_hp_gain":0,"max_hp_loss":0,"event_name":"Living Wall","floor":14,"gold_loss":0}],"is_beta":false,"boss_relics":[],"items_purged_floors":[0,13],"is_endless":false,"potions_floor_spawned":[7,11],"killed_by":"Slime Boss","ascension_level":0}}