{"host":"a6jc8uoa78jpqx9a","time":1609233545,"event":{"mods":["BaseMod","Duelist Mod","GifTheSpireLib","Hermit","Hubris","Infinite Spire","Mimic Mod","Minty Spire (QoL Compilation)","Replay The Spire","StSLib","The Animator","The Bug Knight","The Construct","The Cursed","The Mystic","The Servant 0.9.4"],"gold_per_floor":[145,164,30,30,30,48,0,0,0,0,0,0,11,11,11,111,111,126,126,51,51,67,67,67,67,100,111,127,141,21,39,39,141,141,154,51,51,66,66,66],"floor_reached":41,"playtime":4877,"items_purged":["theDuelist:Sparks"],"score":779,"play_id":"60ae114f-098c-4bfc-aef6-041fe1cbb9b7","local_time":"20201229041905","is_ascension_mode":false,"campfire_choices":[{"data":"theDuelist:MythicalBeast","floor":8,"key":"SMITH"},{"data":"theDuelist:InjectionFairy","floor":10,"key":"SMITH"},{"data":"theDuelist:InjectionFairy","floor":12,"key":"SMITH"},{"floor":23,"key":"REST"}],"circlet_count":0,"master_deck":["theDuelist:Illusionist","theDuelist:DarkMagician","theDuelist:MysticalElf","theDuelist:MysticalElf","theDuelist:NeoMagic","theDuelist:NeoMagic","theDuelist:InjectionFairy+1","theDuelist:InjectionFairy+1","theDuelist:InjectionFairy+1","theDuelist:MythicalBeast+1","theDuelist:IrisEarthMother","theDuelist:AncientElf","theDuelist:IceQueen+1","theDuelist:RainbowMagician","theDuelist:RainbowKuriboh+1","Deep Breath+1","theDuelist:InjectionFairy","theDuelist:ThousandEyesRestrict","theDuelist:RainbowMagician","theDuelist:ThousandEyesIdol","theDuelist:ExodiaHead","theDuelist:ThousandEyesRestrict","theDuelist:ExodiaRL+1","theDuelist:ExodiaLL+1","theDuelist:SkilledDarkMagician","theDuelist:RainbowDarkDragon+1"],"relics":["theDuelist:CardPoolRelic","theDuelist:CardPoolBasicRelic","theDuelist:BoosterPackPoolRelic","theDuelist:CardPoolAddRelic","theDuelist:CardPoolMinusRelic","theDuelist:CardPoolSaveRelic","theDuelist:CardPoolOptionsRelic","HoveringKite","Pantograph","Fusion Hammer","Nloth\u0027s Gift","HornCleat","Snecko Scales"],"acts_visited":["Exordium","TheCity","TheBeyond"],"potions_floor_usage":[],"damage_taken":[{"damage":0,"enemies":"Cultist","floor":1,"turns":5},{"damage":4,"enemies":"Small Slimes","floor":2,"turns":4},{"damage":2,"enemies":"Jaw Worm","floor":6,"turns":5},{"damage":1,"enemies":"2 Fungi Beasts","floor":13,"turns":4},{"damage":23,"enemies":"Fading Forest","floor":16,"turns":11},{"damage":0,"enemies":"Chosen","floor":18,"turns":6},{"damage":0,"enemies":"Shell Parasite","floor":22,"turns":5},{"damage":0,"enemies":"Centurion and Healer","floor":26,"turns":10},{"damage":12,"enemies":"Centurion and Healer","floor":27,"turns":6},{"damage":13,"enemies":"Cultist and Chosen","floor":28,"turns":8},{"damage":11,"enemies":"Shelled Parasite and Fungi","floor":29,"turns":6},{"damage":22,"enemies":"Snake Plant","floor":31,"turns":5},{"damage":30,"enemies":"Pondfish","floor":33,"turns":14},{"damage":7,"enemies":"3 Darklings","floor":35,"turns":5},{"damage":0,"enemies":"Orb Walker","floor":38,"turns":5},{"damage":53,"enemies":"Donu and Deca","floor":40,"turns":10}],"seed_played":"7691417884773516956","potions_obtained":[{"floor":6,"key":"theDuelist:SummonerBottle"},{"floor":13,"key":"Energy Potion"},{"floor":22,"key":"theDuelist:OrbBottle"}],"is_trial":false,"path_per_floor":["M","M","$","?","?","M","?","R","T","R","?","R","M","?","R","B",null,"M","?","?","?","M","R","?","?","MIM","M","M","M","$","M","R","B",null,"M","$","?","M","?","B",null],"character_chosen":"THE_DUELIST","items_purchased":["theDuelist:InjectionFairy","theDuelist:MythicalBeast","theDuelist:ThousandEyesIdol","theDuelist:ExodiaLL+1","theDuelist:SkilledDarkMagician"],"campfire_rested":1,"item_purchase_floors":[3,3,30,36,36],"current_hp_per_floor":[80,80,80,80,80,80,80,80,80,80,80,80,80,80,80,62,80,80,20,20,20,40,64,64,64,80,68,80,79,79,67,67,80,80,80,80,80,80,80,67],"gold":66,"neow_bonus":"BOSS_RELIC","is_daily":false,"chose_seed":false,"campfire_upgraded":3,"win_rate":0.0,"timestamp":1609233545,"path_taken":["M","M","$","?","?","M","?","R","T","R","?","R","?","?","R","BOSS","M","?","?","?","?","R","?","?","MIM","M","M","M","?","M","R","BOSS","M","$","?","M","?","BOSS"],"items_purchased_type":["Card","Card","Card","Card","Card"],"build_version":"2020-12-22","purchased_purges":1,"victory":true,"max_hp_per_floor":[80,80,80,80,80,80,80,80,80,80,80,80,80,80,80,80,80,80,80,80,80,80,80,80,80,80,80,80,80,80,80,80,80,80,80,80,80,80,80,80],"card_choices":[{"not_picked":["theDuelist:SangaThunder","theDuelist:NeoMagic","theDuelist:DarkMagician","theDuelist:ExodiaRA"],"picked":"theDuelist:InjectionFairy","floor":1},{"not_picked":["theDuelist:SpellShatteringArrow","theDuelist:NeoMagic","theDuelist:DarkMagician","theDuelist:FogKing"],"picked":"theDuelist:InjectionFairy","floor":2},{"not_picked":["theDuelist:EarthEffigy","theDuelist:GemArmadillo","theDuelist:GemElephant","theDuelist:MudGolem","theDuelist:WeepingIdol"],"picked":"SKIP","floor":6},{"not_picked":["theDuelist:RainbowDarkDragon","theDuelist:RainbowMagician","theDuelist:RainbowKuriboh","theDuelist:RainbowOverdragon"],"picked":"theDuelist:IrisEarthMother","floor":13},{"not_picked":["theDuelist:Wildfire","theDuelist:IrisEarthMother","theDuelist:RainbowMagician","theDuelist:SangaWater"],"picked":"theDuelist:IceQueen","floor":16},{"not_picked":["theDuelist:Wildfire","theDuelist:FogKing"],"picked":"theDuelist:RainbowMagician","floor":18},{"not_picked":["theDuelist:RainbowDarkDragon+1","theDuelist:IrisEarthMother+1","theDuelist:RainbowMagician","theDuelist:RainbowOverdragon+1"],"picked":"theDuelist:RainbowKuriboh+1","floor":22},{"not_picked":["Chrysalis","Madness","Mind Blast"],"picked":"Deep Breath+1","floor":26},{"not_picked":["theDuelist:DarkMagicianGirl+1","theDuelist:DarkMagician","theDuelist:SangaThunder","theDuelist:WhiteHowling+1"],"picked":"theDuelist:InjectionFairy","floor":27},{"not_picked":["theDuelist:BlizzardPrincess+1","theDuelist:Relinquished","theDuelist:ExodiaNecross","theDuelist:SwordsBurning"],"picked":"theDuelist:ThousandEyesRestrict","floor":28},{"not_picked":["theDuelist:LegendaryExodia","theDuelist:BlackTyranno","theDuelist:GreyGreedOni+1","theDuelist:Illusionist"],"picked":"theDuelist:RainbowMagician","floor":29},{"not_picked":["theDuelist:NeoMagic+1","theDuelist:LordD","theDuelist:ExodiaRL","theDuelist:SpellShatteringArrow","theDuelist:AltarTribute"],"picked":"SKIP","floor":31},{"not_picked":["theDuelist:ExodiaHead","theDuelist:RainbowMagician","theDuelist:SwordsRevealing","theDuelist:DarkPaladin+1"],"picked":"theDuelist:ThousandEyesRestrict","floor":33},{"not_picked":["theDuelist:SpellShatteringArrow+1","theDuelist:Mudballman","theDuelist:GeminiElf","theDuelist:Relinquished"],"picked":"theDuelist:ExodiaRL+1","floor":35},{"not_picked":["theDuelist:ThousandEyesRestrict","theDuelist:GateGuardian+1"],"picked":"theDuelist:RainbowDarkDragon+1","floor":38}],"player_experience":44414,"relics_obtained":[{"floor":9,"key":"Pantograph"},{"floor":26,"key":"HornCleat"}],"event_choices":[{"damage_healed":0,"gold_gain":0,"player_choice":"Leave","duelist":true,"damage_taken":0,"max_hp_gain":0,"max_hp_loss":0,"event_name":"Tomb of the Nameless","floor":4,"gold_loss":0},{"damage_healed":0,"gold_gain":0,"player_choice":"Leave","duelist":true,"damage_taken":0,"max_hp_gain":0,"max_hp_loss":0,"event_name":"Aknamkanon\u0027s Tomb","floor":5,"gold_loss":0},{"power_reward":2,"total_magic_score":33,"gold_gain":0,"duelist":true,"damage_taken":0,"relics_obtained":["theDuelist:NamelessPowerRelicA"],"points":2,"max_hp_gain":0,"max_hp_loss":0,"spent_points":{"magic":0,"greed":0,"war":0,"power":2,"hunger":0},"event_name":"Nameless Tomb","floor":7,"gold_loss":52,"cards_obtained":[]},{"damage_healed":0,"gold_gain":0,"player_choice":"Ignored","damage_taken":0,"max_hp_gain":0,"max_hp_loss":0,"event_name":"Liars Game","floor":14,"gold_loss":0},{"cards_removed":["theDuelist:CastleWalls"],"damage_healed":0,"gold_gain":0,"player_choice":"Gave Gold","damage_taken":0,"max_hp_gain":0,"max_hp_loss":0,"event_name":"Beggar","floor":20,"gold_loss":75},{"damage_healed":0,"gold_gain":0,"player_choice":"Traded Relic","damage_taken":0,"relics_obtained":["Nloth\u0027s Gift"],"max_hp_gain":0,"max_hp_loss":0,"event_name":"N\u0027loth","floor":21,"relics_lost":["theDuelist:NamelessPowerRelicA"],"gold_loss":0},{"damage_healed":0,"gold_gain":0,"player_choice":"Ignored","damage_taken":0,"max_hp_gain":0,"max_hp_loss":0,"event_name":"Ghosts","floor":24,"gold_loss":0},{"damage_healed":0,"gold_gain":0,"player_choice":"Upgraded","damage_taken":0,"max_hp_gain":0,"max_hp_loss":0,"event_name":"Upgrade Shrine","floor":25,"gold_loss":0,"cards_upgraded":["theDuelist:IceQueen"]},{"damage_healed":0,"gold_gain":0,"player_choice":"Traded Sparks for Faceless Mage","duelist":true,"damage_taken":0,"max_hp_gain":0,"max_hp_loss":0,"event_name":"Card Trader","floor":37,"gold_loss":0},{"damage_healed":0,"gold_gain":0,"player_choice":"Took Portal","damage_taken":0,"max_hp_gain":0,"max_hp_loss":0,"event_name":"SecretPortal","floor":39,"gold_loss":0}],"is_beta":false,"boss_relics":[{"not_picked":["hubris:HollowSoul","Electric Blood"],"picked":"Fusion Hammer"},{"not_picked":["hubris:BlackHole","infinitespire:Burning Sword"],"picked":"Snecko Scales"}],"items_purged_floors":[30],"is_endless":false,"potions_floor_spawned":[6,13,22,27,38],"ascension_level":0}}