{"host":"3jjxuhjpio8e4zkv","time":1609285535,"event":{"mods":["BaseMod","Colored Map","Highlight Path","Minty Spire (QoL Compilation)","Permanent Neow","Relic Stats","StSLib"],"gold_per_floor":[112,125,137,152,168,168,198,198,198,33,51,126,160,180,180,256,256,274,302,302,318,47,47,59,90,158,208,208,228,228,10,10,87,87,101,101,114,114,128,128,153,7,7,33,255,287,303,330,330,330,330,330],"floor_reached":51,"playtime":2198,"items_purged":["Strike_G","Strike_G","Strike_G"],"score":1505,"play_id":"98619c42-df39-4321-87c1-d46a4bf85d63","local_time":"20201229184535","is_ascension_mode":true,"campfire_choices":[{"data":"Blade Dance","floor":6.0,"key":"SMITH"},{"data":"Backstab","floor":8.0,"key":"SMITH"},{"data":"Finisher","floor":15.0,"key":"SMITH"},{"floor":23.0,"key":"REST"},{"floor":28.0,"key":"REST"},{"data":"Apotheosis","floor":30.0,"key":"SMITH"},{"floor":32.0,"key":"REST"},{"data":"Wraith Form v2","floor":40.0,"key":"SMITH"},{"floor":49.0,"key":"RECALL"}],"circlet_count":0,"master_deck":["AscendersBane","Strike_G","Strike_G","Defend_G","Defend_G","Defend_G","Defend_G","Defend_G","Survivor","Neutralize","Blade Dance+1","Accuracy","Dagger Throw","Backstab+1","Noxious Fumes","Finisher+1","Caltrops","Deadly Poison","Wraith Form v2+1","Blade Dance","PiercingWail","Well Laid Plans","Apotheosis+1","Accuracy+1","Storm of Steel","PiercingWail","PanicButton","Underhanded Strike+1","Flying Knee+1","Crippling Poison","Deflect+1","Calculated Gamble","Malaise"],"relics":["Ring of the Snake","Tough Bandages","Strawberry","StrikeDummy","Nunchaku","Akabeko","WristBlade","Red Mask","Incense Burner","Pear","Membership Card","HoveringKite","The Specimen","Medical Kit","Bag of Marbles","Happy Flower","Juzu Bracelet"],"acts_visited":["Exordium","TheCity","TheBeyond"],"potions_floor_usage":[50,50],"damage_taken":[{"damage":0.0,"enemies":"Cultist","floor":1.0,"turns":5.0},{"damage":0.0,"enemies":"Jaw Worm","floor":2.0,"turns":4.0},{"damage":4.0,"enemies":"Small Slimes","floor":3.0,"turns":2.0},{"damage":1.0,"enemies":"Looter","floor":4.0,"turns":3.0},{"damage":0.0,"enemies":"Large Slime","floor":5.0,"turns":4.0},{"damage":12.0,"enemies":"Lagavulin","floor":7.0,"turns":8.0},{"damage":0.0,"enemies":"3 Louse","floor":11.0,"turns":2.0},{"damage":5.0,"enemies":"3 Sentries","floor":13.0,"turns":6.0},{"damage":0.0,"enemies":"2 Fungi Beasts","floor":14.0,"turns":1.0},{"damage":21.0,"enemies":"Hexaghost","floor":16.0,"turns":6.0},{"damage":3.0,"enemies":"2 Thieves","floor":18.0,"turns":4.0},{"damage":14.0,"enemies":"Masked Bandits","floor":19.0,"turns":3.0},{"damage":0.0,"enemies":"Shell Parasite","floor":21.0,"turns":1.0},{"damage":11.0,"enemies":"Centurion and Healer","floor":24.0,"turns":4.0},{"damage":22.0,"enemies":"Slavers","floor":25.0,"turns":7.0},{"damage":18.0,"enemies":"Snake Plant","floor":29.0,"turns":3.0},{"damage":15.0,"enemies":"Champ","floor":33.0,"turns":8.0},{"damage":1.0,"enemies":"Orb Walker","floor":35.0,"turns":2.0},{"damage":0.0,"enemies":"3 Shapes","floor":37.0,"turns":3.0},{"damage":0.0,"enemies":"Jaw Worm Horde","floor":39.0,"turns":6.0},{"damage":0.0,"enemies":"Mind Bloom Boss Battle","floor":41.0,"turns":3.0},{"damage":41.0,"enemies":"Reptomancer","floor":44.0,"turns":8.0},{"damage":0.0,"enemies":"Giant Head","floor":46.0,"turns":7.0},{"damage":4.0,"enemies":"Writhing Mass","floor":47.0,"turns":4.0},{"damage":19.0,"enemies":"Nemesis","floor":48.0,"turns":9.0},{"damage":16,"enemies":"Time Eater","floor":50,"turns":12},{"damage":3,"enemies":"Donu and Deca","floor":51,"turns":2}],"seed_played":"1970746580028016667","potions_obtained":[{"floor":3.0,"key":"Energy Potion"},{"floor":4.0,"key":"FairyPotion"},{"floor":5.0,"key":"Strength Potion"},{"floor":16.0,"key":"BlessingOfTheForge"},{"floor":19.0,"key":"Block Potion"},{"floor":24.0,"key":"CultistPotion"},{"floor":37.0,"key":"Regen Potion"},{"floor":39.0,"key":"Dexterity Potion"},{"floor":48.0,"key":"PowerPotion"}],"is_trial":false,"path_per_floor":["M","M","M","M","M","R","E","R","T","$","M","?","E","M","R","B",null,"M","?","?","M","$","R","M","E","T","?","R","M","R","$","R","B",null,"M","?","M","?","M","R","?","$","T","E","?","E","M","E","R","B","B"],"character_chosen":"THE_SILENT","items_purchased":["Nunchaku","Apotheosis","Membership Card","Medical Kit"],"campfire_rested":3,"item_purchase_floors":[10,22,31,42],"current_hp_per_floor":[59,59,55,54,54,54,49,49,49,49,49,38,33,33,33,12,53,50,36,18,18,18,39,28,6,16,16,40,22,22,22,46,31,69,68,58,58,58,58,58,58,58,58,17,17,17,13,19,19,3,0,0],"gold":330,"neow_bonus":"ONE_RARE_RELIC","is_daily":false,"chose_seed":false,"campfire_upgraded":5,"win_rate":0.0,"timestamp":1609285535,"path_taken":["M","M","M","M","M","R","E","R","T","$","?","?","E","M","R","BOSS","M","?","?","M","$","R","M","E","T","?","R","M","R","$","R","BOSS","M","?","M","?","M","R","?","$","T","E","?","E","M","E","R","BOSS","BOSS"],"items_purchased_type":["Relic","Card","Relic","Relic"],"build_version":"2020-12-22","purchased_purges":3,"victory":false,"max_hp_per_floor":[60,60,60,60,60,60,67,67,67,67,67,67,67,67,67,67,67,67,67,72,72,72,72,72,72,82,82,82,82,82,82,82,82,82,82,82,82,82,82,82,82,82,82,82,82,82,82,82,82,82,82,82],"relic_stats":{"Tough Bandages":[216],"Nunchaku":[28],"Happy Flower":[9],"counters":[27,127],"HoveringKite":[20],"Juzu Bracelet":0,"Medical Kit":[2],"obtain_stats":[{"Pear":26,"The Specimen":41,"Happy Flower":46,"HoveringKite":34,"Incense Burner":25,"Juzu Bracelet":48,"Medical Kit":42,"Akabeko":13,"Tough Bandages":0,"Nunchaku":10,"WristBlade":17,"Strawberry":7,"Red Mask":19,"Bag of Marbles":44,"Membership Card":31,"StrikeDummy":9,"Ring of the Snake":0},{"Pear":15,"The Specimen":21,"Happy Flower":23,"HoveringKite":17,"Incense Burner":15,"Juzu Bracelet":25,"Medical Kit":21,"Akabeko":8,"Tough Bandages":0,"Nunchaku":6,"WristBlade":10,"Strawberry":6,"Red Mask":12,"Bag of Marbles":22,"Membership Card":16,"StrikeDummy":6,"Ring of the Snake":0},{"Pear":60,"The Specimen":85,"Happy Flower":100,"HoveringKite":71,"Incense Burner":60,"Juzu Bracelet":113,"Medical Kit":85,"Akabeko":34,"Tough Bandages":0,"Nunchaku":26,"WristBlade":41,"Strawberry":26,"Red Mask":48,"Bag of Marbles":93,"Membership Card":63,"StrikeDummy":26,"Ring of the Snake":0}],"Ring of the Snake":[54]},"card_choices":[{"not_picked":["Dagger Spray","Choke"],"picked":"Blade Dance","floor":1.0},{"not_picked":["Riddle With Holes","Acrobatics"],"picked":"Accuracy","floor":2.0},{"not_picked":["Expertise","Prepared"],"picked":"Dagger Throw","floor":3.0},{"not_picked":["Eviscerate","Bullet Time"],"picked":"Backstab","floor":4.0},{"not_picked":["Predator","Sucker Punch"],"picked":"Noxious Fumes","floor":5.0},{"not_picked":["Cloak And Dagger","Endless Agony","Grand Finale"],"picked":"SKIP","floor":7.0},{"not_picked":["Sucker Punch","Blade Dance"],"picked":"Finisher","floor":11.0},{"not_picked":["Dagger Throw","Heel Hook"],"picked":"Caltrops","floor":13.0},{"not_picked":["Predator","Bane"],"picked":"Deadly Poison","floor":14.0},{"not_picked":["Venomology","Envenom"],"picked":"Wraith Form v2","floor":16.0},{"not_picked":["Caltrops+1","Tactician+1"],"picked":"Blade Dance","floor":18.0},{"not_picked":["Slice","Finisher"],"picked":"PiercingWail","floor":19.0},{"not_picked":["Dagger Throw","Cloak And Dagger"],"picked":"Well Laid Plans","floor":21.0},{"not_picked":["Sucker Punch","Noxious Fumes"],"picked":"Accuracy+1","floor":24.0},{"not_picked":["Cloak And Dagger","Infinite Blades"],"picked":"Backstab","floor":25.0},{"not_picked":["Poisoned Stab","Deflect","Bane"],"picked":"SKIP","floor":29.0},{"not_picked":["Doppelganger","Wraith Form v2"],"picked":"Storm of Steel","floor":33.0},{"not_picked":["Dodge and Roll","Predator"],"picked":"PiercingWail","floor":35.0},{"not_picked":["Dramatic Entrance","Swift Strike"],"picked":"PanicButton","floor":36.0},{"not_picked":["Blade Dance","Deadly Poison"],"picked":"Underhanded Strike+1","floor":37.0},{"not_picked":["Flechettes","Choke"],"picked":"Flying Knee+1","floor":39.0},{"not_picked":["Dagger Spray","Catalyst"],"picked":"Crippling Poison","floor":41.0},{"not_picked":["Eviscerate","Choke"],"picked":"Deflect+1","floor":44.0},{"not_picked":["Outmaneuver","Poisoned Stab"],"picked":"Calculated Gamble","floor":46.0},{"not_picked":["Outmaneuver","Dodge and Roll","Flying Knee+1"],"picked":"SKIP","floor":47.0},{"not_picked":["Bouncing Flask","Slice"],"picked":"Malaise","floor":48.0}],"player_experience":1138068,"relics_obtained":[{"floor":7.0,"key":"Strawberry"},{"floor":9.0,"key":"StrikeDummy"},{"floor":13.0,"key":"Akabeko"},{"floor":19.0,"key":"Red Mask"},{"floor":25.0,"key":"Incense Burner"},{"floor":26.0,"key":"Pear"},{"floor":41.0,"key":"The Specimen"},{"floor":44.0,"key":"Bag of Marbles"},{"floor":46.0,"key":"Happy Flower"},{"floor":48.0,"key":"Juzu Bracelet"}],"event_choices":[{"damage_healed":0.0,"max_hp_gain":0.0,"max_hp_loss":0.0,"gold_gain":75.0,"event_name":"World of Goop","player_choice":"Gather Gold","floor":12.0,"gold_loss":0.0,"damage_taken":11.0},{"damage_healed":0.0,"max_hp_gain":0.0,"max_hp_loss":0.0,"gold_gain":0.0,"event_name":"Masked Bandits","player_choice":"Fought Bandits","floor":19.0,"gold_loss":0.0,"damage_taken":0.0},{"damage_healed":0.0,"max_hp_gain":5.0,"max_hp_loss":0.0,"gold_gain":0.0,"event_name":"Forgotten Altar","player_choice":"Shed Blood","floor":20.0,"gold_loss":0.0,"damage_taken":23.0},{"damage_healed":0.0,"max_hp_gain":0.0,"max_hp_loss":0.0,"gold_gain":50.0,"event_name":"Nest","player_choice":"Stole From Cult","floor":27.0,"gold_loss":0.0,"damage_taken":0.0},{"damage_healed":0.0,"max_hp_gain":0.0,"max_hp_loss":0.0,"gold_gain":0.0,"event_name":"SensoryStone","player_choice":"Memory 3","floor":36.0,"gold_loss":0.0,"damage_taken":10.0},{"cards_removed":["Backstab"],"damage_healed":0.0,"max_hp_gain":0.0,"max_hp_loss":0.0,"gold_gain":0.0,"event_name":"Falling","player_choice":"Removed Attack","floor":38.0,"gold_loss":0.0,"damage_taken":0.0},{"damage_healed":0.0,"max_hp_gain":0.0,"max_hp_loss":0.0,"gold_gain":0.0,"event_name":"MindBloom","player_choice":"Fight","floor":41.0,"gold_loss":0.0,"damage_taken":0.0},{"damage_healed":0.0,"max_hp_gain":0.0,"max_hp_loss":0.0,"gold_gain":222.0,"event_name":"Tomb of Lord Red Mask","player_choice":"Wore Mask","floor":45.0,"gold_loss":0.0,"damage_taken":0.0}],"is_beta":false,"boss_relics":[{"not_picked":["Astrolabe","Empty Cage"],"picked":"WristBlade"},{"not_picked":["Cursed Key","SacredBark"],"picked":"HoveringKite"}],"items_purged_floors":[22,31,42],"is_endless":false,"potions_floor_spawned":[3,4,5,7,13,16,19,24,29,37,39,46,47,48],"killed_by":"Donu and Deca","ascension_level":20}}