{"host":"pe0zhl1vvtkxuc0p","time":1609226242,"event":{"mods":["A Magickal Journey","AchievementEnabler","Act Like it!","Aspiration","BaseMod","Card Forge","Challenge The Spire","Chen","Colored Powertips","Conspire","Curses Come First","GifTheSpireLib","Glutton Mod","Gremlin Mod","Hubris","Hunter 猎人","KinomotoSakuraMod(木之本樱)","Luminous","Minty Spire (QoL Compilation)","Pale of the Ancients","Quick Restart","Relic Filter","Replay The Spire","Shop Mod","StSLib","SuperFastMode","Td1madao Mod","The Clintock","The Cursed","The Druid","The Factory","The Florist","The Hayseed","The Hierophant","The Jungle","The Mystic","The Necromancer","The Sage","残留之物"],"gold_per_floor":[116,131,131,131,148,175,190,190,190,222,240,165,200,210,210,310,360,375,375,394,439,457,490,501,501,501,545,545,567,577,602,602,710,710,721,750,773,798,817,817,817,851,878,878,908,938,938,980,980,980,980,980,348,377,377],"floor_reached":56,"playtime":5357,"items_purged":["TheSimpletonMod:Defend_TheSimpleton"],"score":1301,"play_id":"3719a48b-ad1b-4670-a48b-391b8b5cc350","local_time":"20201229151722","is_ascension_mode":false,"campfire_choices":[{"floor":8.0,"key":"RECALL"},{"data":"TheSimpletonMod:BuzzBomb","floor":15.0,"key":"SMITH"},{"floor":25.0,"key":"REST"},{"floor":32.0,"key":"REST"},{"floor":40.0,"key":"REST"},{"data":"TheSimpletonMod:VolatileFumes","floor":49.0,"key":"SMITH"},{"data":"TheSimpletonMod:HitTheSack","floor":52.0,"key":"SMITH"}],"circlet_count":0,"master_deck":["TheSimpletonMod:Strike_TheSimpleton","TheSimpletonMod:Strike_TheSimpleton","TheSimpletonMod:Defend_TheSimpleton","TheSimpletonMod:Haymaker","TheSimpletonMod:ReapAndSow","TheSimpletonMod:ResistantStrain+1","TheSimpletonMod:Innovate","TheSimpletonMod:Sunseed","TheSimpletonMod:Squash+1","TheSimpletonMod:Squash+1","TheSimpletonMod:OnionBloom+1","TheSimpletonMod:TakeHeart+1","TheSimpletonMod:BuzzBomb+1","TheSimpletonMod:Swelter","TheSimpletonMod:ControlledBurn+1","TheSimpletonMod:Artichokes","TheSimpletonMod:VineRipen+1","TheSimpletonMod:VolatileFumes+1","TheSimpletonMod:Mulch","TheSimpletonMod:Rake+1","TheSimpletonMod:Ferment+1","TheSimpletonMod:CrackOfDawn+1","TheSimpletonMod:HitTheSack+1","TheSimpletonMod:Germinate","TheSimpletonMod:RootDown","TheSimpletonMod:Biorefinement+1","TheSimpletonMod:CropRotation+1","TheSimpletonMod:ToughenUp+1","TheSimpletonMod:Sunchoke","TheSimpletonMod:SpiceUp","TheSimpletonMod:TakeHeart+1","TheSimpletonMod:SoilSample","TheSimpletonMod:BirdFeeder+1"],"relics":["TheSimpletonMod:SpudOfTheInnocent","TheSimpletonMod:NightSoil","TheSimpletonMod:TheHarvester","Hammer of Thor","Seething Fire","Anvil of the Gods","Singing Bowl","Quantum Egg","Juzu Bracelet","Tiny House","hubris:TenFootPole","Pet Ghost","Pen Nib","CeramicFish","Painkiller Herb","ReplayTheSpireMod:Ring of Collecting","TheSimpletonMod:HotPotato","Vajra","War Paint","Akabeko","PreservedInsect","ReplayTheSpireMod:Shallot","hubris:SlimyHat"],"acts_visited":["Exordium","Exordium","TheBeyond","TheEnding"],"potions_floor_usage":[54,55,55,55],"damage_taken":[{"damage":14.0,"enemies":"Jaw Worm","floor":1.0,"turns":4.0},{"damage":0.0,"enemies":"Small Slimes","floor":2.0,"turns":3.0},{"damage":2.0,"enemies":"Cultist","floor":5.0,"turns":5.0},{"damage":0.0,"enemies":"Gremlin Nob","floor":6.0,"turns":3.0},{"damage":3.0,"enemies":"Red Slaver","floor":7.0,"turns":4.0},{"damage":1.0,"enemies":"Lagavulin","floor":10.0,"turns":9.0},{"damage":7.0,"enemies":"3 Louse","floor":11.0,"turns":4.0},{"damage":15.0,"enemies":"Gremlin Nob","floor":13.0,"turns":6.0},{"damage":6.0,"enemies":"Exordium Thugs","floor":14.0,"turns":5.0},{"damage":1.0,"enemies":"Hexaghost","floor":16.0,"turns":8.0},{"damage":0.0,"enemies":"theJungle:GiantWrat","floor":18.0,"turns":8.0},{"damage":4.0,"enemies":"theJungle:MUSHROOMGANG","floor":20.0,"turns":6.0},{"damage":31.0,"enemies":"theJungle:Lyon","floor":22.0,"turns":8.0},{"damage":14.0,"enemies":"theJungle:Cassacara","floor":23.0,"turns":9.0},{"damage":1.0,"enemies":"Snake Plant","floor":24.0,"turns":4.0},{"damage":5.0,"enemies":"theJungle:2_Phrogs","floor":27.0,"turns":7.0},{"damage":8.0,"enemies":"theJungle:SlimyTreeVines","floor":29.0,"turns":3.0},{"damage":21.0,"enemies":"theJungle:2_Snecko_Cultists","floor":30.0,"turns":5.0},{"damage":16.0,"enemies":"theJungle:Snecko_Cultist_And_Trap","floor":31.0,"turns":5.0},{"damage":68.0,"enemies":"theJungle:TotemBoss","floor":33.0,"turns":9.0},{"damage":10.0,"enemies":"Orb Walker","floor":35.0,"turns":4.0},{"damage":25.0,"enemies":"3 Shapes","floor":36.0,"turns":4.0},{"damage":20.0,"enemies":"Spire Growth","floor":37.0,"turns":6.0},{"damage":7.0,"enemies":"4 Shapes","floor":38.0,"turns":4.0},{"damage":9.0,"enemies":"Sphere and 2 Shapes","floor":39.0,"turns":4.0},{"damage":2.0,"enemies":"R_Hoarder","floor":42.0,"turns":5.0},{"damage":68.0,"enemies":"conspire:MimicChest","floor":45.0,"turns":8.0},{"damage":3.0,"enemies":"Nemesis","floor":46.0,"turns":7.0},{"damage":2.0,"enemies":"Giant Head","floor":48.0,"turns":7.0},{"damage":61.0,"enemies":"conspire:OrnateMirror","floor":50.0,"turns":12.0},{"damage":21,"enemies":"Shield and Spear","floor":54,"turns":3},{"damage":98,"enemies":"The Heart","floor":55,"turns":10}],"seed_played":"-6496697189972080742","potions_obtained":[{"floor":1.0,"key":"SteroidPotion"},{"floor":2.0,"key":"SkillPotion"},{"floor":11.0,"key":"SpeedPotion"},{"floor":17.0,"key":"Cursed Concoction"},{"floor":18.0,"key":"SpeedPotion"},{"floor":22.0,"key":"BlessingOfTheForge"},{"floor":27.0,"key":"Energy Potion"},{"floor":30.0,"key":"PowerPotion"},{"floor":39.0,"key":"SkillPotion"},{"floor":45.0,"key":"SkillPotion"},{"floor":46.0,"key":"FearPotion"},{"floor":54,"key":"Strength Potion"}],"is_trial":false,"path_per_floor":["M","M","?","?","M","E","M","R","T","E","M","$","E","M","R","B",null,"M","?","M","T","M","E","M","R","T","E","?","M","M","M","R","B",null,"?","?","?","?","?","T","?","E","T","?","?","E","?","E","T","B",null,"T","T","E","B",null],"character_chosen":"THE_SIMPLETON","items_purchased":["ReplayTheSpireMod:Shallot","Fruit Juice","Cursed Concoction","PowerPotion","TheSimpletonMod:BirdFeeder"],"campfire_rested":3,"item_purchase_floors":[53,53,53,53,53],"current_hp_per_floor":[65,69,47,47,54,63,64,64,64,67,71,71,63,66,66,69,86,88,78,83,83,61,53,56,82,82,81,81,77,67,60,87,32,90,87,66,55,52,47,74,74,72,72,72,25,48,84,82,82,35,84,84,89,72,8],"gold":377,"neow_bonus":"RANDOM_EVENT","is_daily":false,"chose_seed":false,"campfire_upgraded":3,"win_rate":0.0,"timestamp":1609226242,"path_taken":["M","M","?","?","M","E","M","R","T","E","?","?","E","M","R","BOSS","M","?","M","?","M","E","M","R","T","E","?","M","M","M","R","BOSS","?","?","?","?","?","T","?","E","T","?","?","E","?","E","T","BOSS","T","T","E","BOSS"],"items_purchased_type":["Relic","Potion","Potion","Potion","Card"],"build_version":"2020-12-22","purchased_purges":1,"victory":true,"max_hp_per_floor":[75,75,75,75,75,75,75,75,75,75,77,77,79,79,79,79,86,88,88,88,88,88,88,88,88,88,88,88,88,90,90,90,90,90,92,92,92,92,92,92,92,92,92,92,94,96,84,84,84,84,84,84,89,91,91],"card_choices":[{"not_picked":["TheSimpletonMod:SlashAndBurn","TheSimpletonMod:DoubleBarrel"],"picked":"TheSimpletonMod:Innovate","floor":1.0},{"not_picked":["TheSimpletonMod:SlashAndBurn","TheSimpletonMod:Aerate"],"picked":"TheSimpletonMod:Sunseed","floor":2.0},{"not_picked":["TheSimpletonMod:Rototilling","TheSimpletonMod:Pruning"],"picked":"TheSimpletonMod:BuzzBomb","floor":5.0},{"not_picked":["TheSimpletonMod:KeenEdge","TheSimpletonMod:Rototilling"],"picked":"TheSimpletonMod:Swelter","floor":6.0},{"not_picked":["TheSimpletonMod:DigIn","TheSimpletonMod:CropRotation"],"picked":"TheSimpletonMod:ControlledBurn","floor":7.0},{"not_picked":["TheSimpletonMod:OnionBloom","TheSimpletonMod:BumperCrop"],"picked":"TheSimpletonMod:Artichokes","floor":10.0},{"not_picked":["TheSimpletonMod:SaladShooter","TheSimpletonMod:Fertilaser","TheSimpletonMod:Swelter"],"picked":"Singing Bowl","floor":11.0},{"not_picked":["TheSimpletonMod:OnionBloom","TheSimpletonMod:ControlledBurn","TheSimpletonMod:ToughenUp"],"picked":"Singing Bowl","floor":13.0},{"not_picked":["TheSimpletonMod:SeedCoat","TheSimpletonMod:DoubleBarrel"],"picked":"TheSimpletonMod:VineRipen","floor":14.0},{"not_picked":["TheSimpletonMod:Surplus","TheSimpletonMod:ErosionControl"],"picked":"TheSimpletonMod:VolatileFumes","floor":16.0},{"not_picked":["TheSimpletonMod:CloseScrape","TheSimpletonMod:DoubleBarrel","TheSimpletonMod:SaladShooter"],"picked":"Singing Bowl","floor":17.0},{"not_picked":["TheSimpletonMod:Aerate","TheSimpletonMod:ToughenUp","TheSimpletonMod:SaladShooter"],"picked":"Singing Bowl","floor":18.0},{"not_picked":["TheSimpletonMod:SpiceUp+1","TheSimpletonMod:VineRipen"],"picked":"TheSimpletonMod:Mulch","floor":20.0},{"not_picked":["TheSimpletonMod:StockTheCellar+1","TheSimpletonMod:CullingStrike+1"],"picked":"TheSimpletonMod:Rake+1","floor":22.0},{"not_picked":["TheSimpletonMod:StockTheCellar+1","TheSimpletonMod:Rake+1"],"picked":"TheSimpletonMod:Ferment+1","floor":23.0},{"not_picked":["TheSimpletonMod:VineRipen","TheSimpletonMod:StockTheCellar"],"picked":"TheSimpletonMod:CrackOfDawn","floor":24.0},{"not_picked":["TheSimpletonMod:ControlledBurn","TheSimpletonMod:Pruning"],"picked":"TheSimpletonMod:HitTheSack","floor":27.0},{"not_picked":["TheSimpletonMod:VineRipen","TheSimpletonMod:GoToMarket"],"picked":"TheSimpletonMod:Germinate","floor":29.0},{"not_picked":["TheSimpletonMod:StockTheCellar","TheSimpletonMod:SaladShooter","TheSimpletonMod:OnionBloom"],"picked":"Singing Bowl","floor":30.0},{"not_picked":["TheSimpletonMod:Mulch","TheSimpletonMod:StockTheCellar"],"picked":"TheSimpletonMod:RootDown","floor":31.0},{"not_picked":["TheSimpletonMod:Surplus","TheSimpletonMod:SaltTheEarth"],"picked":"TheSimpletonMod:Biorefinement","floor":33.0},{"not_picked":["TheSimpletonMod:BumperCrop","TheSimpletonMod:KeenEdge+1","TheSimpletonMod:CloseScrape+1"],"picked":"Singing Bowl","floor":35.0},{"not_picked":["TheSimpletonMod:Rototilling+1","TheSimpletonMod:Thresh"],"picked":"TheSimpletonMod:CropRotation+1","floor":36.0},{"not_picked":["TheSimpletonMod:PestManagement","TheSimpletonMod:KeenEdge+1"],"picked":"TheSimpletonMod:ToughenUp+1","floor":37.0},{"not_picked":["TheSimpletonMod:ToughenUp+1","TheSimpletonMod:SlashAndBurn+1"],"picked":"TheSimpletonMod:Sunchoke","floor":38.0},{"not_picked":["TheSimpletonMod:KeenEdge","TheSimpletonMod:SlashAndBurn+1"],"picked":"TheSimpletonMod:SpiceUp","floor":39.0},{"not_picked":["TheSimpletonMod:DigIn","TheSimpletonMod:KeenEdge+1"],"picked":"TheSimpletonMod:TakeHeart","floor":42.0},{"not_picked":["TheSimpletonMod:CloseScrape+1","TheSimpletonMod:SoilSample","TheSimpletonMod:Ferment"],"picked":"Singing Bowl","floor":45.0},{"not_picked":["TheSimpletonMod:DigIn","TheSimpletonMod:VolatileFumes","TheSimpletonMod:CropRotation"],"picked":"Singing Bowl","floor":46.0},{"not_picked":["TheSimpletonMod:Sunchoke","TheSimpletonMod:CropRotation"],"picked":"TheSimpletonMod:SoilSample","floor":48.0},{"not_picked":["TheSimpletonMod:SaladShooter","TheSimpletonMod:CloseScrape+1","TheSimpletonMod:Pruning"],"picked":"Singing Bowl","floor":54}],"player_experience":518416,"relics_obtained":[{"floor":6.0,"key":"Singing Bowl"},{"floor":10.0,"key":"Quantum Egg"},{"floor":13.0,"key":"Juzu Bracelet"},{"floor":21.0,"key":"hubris:TenFootPole"},{"floor":23.0,"key":"Pet Ghost"},{"floor":26.0,"key":"Pen Nib"},{"floor":27.0,"key":"CeramicFish"},{"floor":41.0,"key":"ReplayTheSpireMod:Ring of Collecting"},{"floor":42.0,"key":"TheSimpletonMod:HotPotato"},{"floor":43.0,"key":"Vajra"},{"floor":45.0,"key":"War Paint"},{"floor":46.0,"key":"Akabeko"},{"floor":48.0,"key":"PreservedInsect"},{"floor":54,"key":"hubris:SlimyHat"}],"event_choices":[{"damage_healed":0.0,"max_hp_gain":0.0,"max_hp_loss":0.0,"gold_gain":0.0,"cards_transformed":["TheSimpletonMod:Defend_TheSimpleton"],"event_name":"Living Wall","player_choice":"Change","floor":0.0,"gold_loss":0.0,"damage_taken":0.0,"cards_obtained":["TheSimpletonMod:ResistantStrain"]},{"damage_healed":0.0,"max_hp_gain":0.0,"max_hp_loss":0.0,"gold_gain":0.0,"event_name":"Match and Keep!","player_choice":"2 cards matched","floor":4.0,"gold_loss":0.0,"damage_taken":0.0,"cards_obtained":["TheSimpletonMod:OnionBloom","TheSimpletonMod:TakeHeart"]},{"damage_healed":0.0,"max_hp_gain":0.0,"max_hp_loss":0.0,"gold_gain":0.0,"event_name":"Tomb of Lord Red Mask","player_choice":"Ignored","floor":44.0,"gold_loss":0.0,"damage_taken":0.0},{"damage_healed":84.0,"max_hp_gain":0.0,"max_hp_loss":12.0,"gold_gain":0.0,"event_name":"The Moai Head","player_choice":"Heal","floor":47.0,"gold_loss":0.0,"damage_taken":0.0}],"is_beta":false,"boss_relics":[{"not_picked":["aspiration:WatcherSkillbook","hubris:ScarierMask"],"picked":"Tiny House"},{"not_picked":["conspire:RunicOctahedron","Replay:Grab Bag"],"picked":"Painkiller Herb"}],"items_purged_floors":[12],"is_endless":false,"potions_floor_spawned":[1,2,11,18,22,27,30,39,45,46,54],"ascension_level":0}}