{"host":"mwqnlghgfp5mgeui","time":1609260316,"event":{"mods":["2.2 Compatiblity","BaseMod","DeckTracker","Highlight Path","Minty Spire (QoL Compilation)","SuperFastMode","everything is the same but u backflip on backflip"],"gold_per_floor":[111,129,39,14,83,83,100,110,134,152,167,0,0,26,26,26,26],"floor_reached":16,"playtime":499,"items_purged":[],"score":102,"play_id":"86c123c7-7743-40e3-8988-ea9c218c55f5","local_time":"20201230014516","is_ascension_mode":false,"campfire_choices":[{"data":"Biased Cognition","floor":6,"key":"SMITH"},{"floor":13,"key":"REST"},{"floor":15,"key":"REST"}],"circlet_count":0,"master_deck":["Strike_B","Strike_B","Strike_B","Strike_B","Defend_B","Defend_B","Defend_B","Defend_B","Zap","Dualcast","Biased Cognition+1","Conserve Battery","Stack","PanicButton","Electrodynamics","Leap","Gash","Scrape","Hyperbeam","Leap","Creative AI"],"relics":["Cracked Core","Ornamental Fan","Ancient Tea Set","Darkstone Periapt"],"acts_visited":["Exordium"],"potions_floor_usage":[16,16,16,16],"damage_taken":[{"damage":3,"enemies":"Small Slimes","floor":1,"turns":2},{"damage":0,"enemies":"Jaw Worm","floor":2,"turns":4},{"damage":0,"enemies":"Cultist","floor":7,"turns":2},{"damage":8,"enemies":"Exordium Thugs","floor":8,"turns":4},{"damage":10,"enemies":"Lots of Slimes","floor":10,"turns":3},{"damage":3,"enemies":"Looter","floor":11,"turns":4},{"damage":30,"enemies":"Gremlin Nob","floor":14,"turns":4},{"damage":112,"enemies":"The Guardian","floor":16,"turns":12}],"seed_played":"3174158303593503561","potions_obtained":[{"floor":2,"key":"FairyPotion"},{"floor":7,"key":"EntropicBrew"},{"floor":10,"key":"LiquidMemories"}],"is_trial":false,"path_per_floor":["M","M","$","?","T","R","M","M","T","M","M","$","R","E","R","B"],"character_chosen":"DEFECT","items_purchased":["PanicButton","Hyperbeam","Leap"],"campfire_rested":2,"item_purchase_floors":[3,12,12],"current_hp_per_floor":[72,72,72,72,72,72,72,64,64,54,51,51,73,43,65,0,0],"gold":26,"neow_bonus":"ONE_RANDOM_RARE_CARD","is_daily":false,"chose_seed":false,"campfire_upgraded":1,"win_rate":0.0,"timestamp":1609260316,"path_taken":["M","M","$","?","?","R","M","M","T","M","?","$","R","E","R","BOSS"],"items_purchased_type":["Card","Card","Card"],"build_version":"2020-12-22","purchased_purges":0,"victory":false,"max_hp_per_floor":[75,75,75,75,75,75,75,75,75,75,75,75,75,75,75,75,75],"card_choices":[{"not_picked":["Hologram","Defragment"],"picked":"Conserve Battery","floor":1},{"not_picked":["Cold Snap","Chill"],"picked":"Stack","floor":2},{"not_picked":["Loop","Go for the Eyes"],"picked":"Electrodynamics","floor":7},{"not_picked":["Beam Cell","Steam Power"],"picked":"Leap","floor":8},{"not_picked":["Stack","Coolheaded"],"picked":"Gash","floor":10},{"not_picked":["Steam Power","FTL"],"picked":"Scrape","floor":11},{"not_picked":["Stack","Undo"],"picked":"Creative AI","floor":14}],"player_experience":130720,"relics_obtained":[{"floor":5,"key":"Ornamental Fan"},{"floor":9,"key":"Ancient Tea Set"},{"floor":14,"key":"Darkstone Periapt"}],"event_choices":[{"damage_healed":0,"gold_gain":0,"player_choice":"Left Gold","damage_taken":0,"max_hp_gain":0,"max_hp_loss":0,"event_name":"World of Goop","floor":4,"gold_loss":25}],"is_beta":false,"boss_relics":[],"items_purged_floors":[],"is_endless":false,"potions_floor_spawned":[2,7,10,11],"killed_by":"The Guardian","ascension_level":0}}