{"host":"qbnk2vkaq38efxaz","time":1609266548,"event":{"mods":["BaseMod","Minty Spire (QoL Compilation)"],"gold_per_floor":[113,113,132,132,148,148,176,191,270,270,300,314,274,284,284,384,384,339,264,264,264,264,264,264,8,8,8,8,8,8,8,8,8,8,8,8,8,8,8,8,8,8,8,8,8,8,8,8,8,8,8,8,8,8,8],"floor_reached":56,"playtime":9622,"items_purged":["Strike_G"],"score":1437,"play_id":"4ab87462-2d20-43db-b286-6aa56beb7264","local_time":"20201229102908","is_ascension_mode":true,"campfire_choices":[{"data":"Neutralize","floor":6.0,"key":"SMITH"},{"floor":10.0,"key":"REST"},{"data":"Noxious Fumes","floor":15.0,"key":"SMITH"},{"data":"Catalyst","floor":24.0,"key":"SMITH"},{"floor":28.0,"key":"REST"},{"data":"Noxious Fumes","floor":32.0,"key":"SMITH"},{"floor":41.0,"key":"REST"},{"floor":49.0,"key":"RECALL"},{"data":"Catalyst","floor":52.0,"key":"SMITH"}],"circlet_count":0,"master_deck":["Strike_G","Strike_G","Defend_G","Defend_G","Defend_G","Defend_G","Survivor","Neutralize+1","Noxious Fumes+1","Flying Knee","Backflip","PiercingWail","Bane","Die Die Die","Cloak And Dagger","Venomology","Outmaneuver","Backstab","Catalyst+1","Leg Sweep","Acrobatics+1","Bouncing Flask","Noxious Fumes+1","Prepared","Dodge and Roll+1","Adrenaline","Finisher+1","Malaise","Deflect+1","Backflip","Backflip+1","Madness","Madness","Catalyst+1","Calculated Gamble+1","Deflect+1","Dark Shackles","Blur+1","Prepared+1","Crippling Poison+1"],"relics":["Ring of the Snake","Gambling Chip","Anchor","Pantograph","Regal Pillow","Ectoplasm","Ninja Scroll","Bag of Preparation","Blood Vial","Prayer Wheel","SacredBark","Torii","Calipers","Bronze Scales","Orichalcum","Centennial Puzzle","PreservedInsect","Ornamental Fan"],"acts_visited":["Exordium","TheCity","TheBeyond","TheEnding"],"potions_floor_usage":[54,55,55,55],"damage_taken":[{"damage":8.0,"enemies":"Jaw Worm","floor":1.0,"turns":6.0},{"damage":0.0,"enemies":"Small Slimes","floor":3.0,"turns":4.0},{"damage":2.0,"enemies":"Cultist","floor":5.0,"turns":4.0},{"damage":7.0,"enemies":"3 Sentries","floor":7.0,"turns":8.0},{"damage":0.0,"enemies":"Lots of Slimes","floor":8.0,"turns":4.0},{"damage":15.0,"enemies":"Lagavulin","floor":11.0,"turns":7.0},{"damage":0.0,"enemies":"3 Louse","floor":12.0,"turns":1.0},{"damage":0.0,"enemies":"Large Slime","floor":14.0,"turns":5.0},{"damage":59.0,"enemies":"Slime Boss","floor":16.0,"turns":11.0},{"damage":3.0,"enemies":"2 Thieves","floor":18.0,"turns":3.0},{"damage":1.0,"enemies":"Chosen","floor":21.0,"turns":4.0},{"damage":22.0,"enemies":"Snecko","floor":22.0,"turns":6.0},{"damage":13.0,"enemies":"Gremlin Leader","floor":23.0,"turns":8.0},{"damage":10.0,"enemies":"Snake Plant","floor":27.0,"turns":6.0},{"damage":0.0,"enemies":"Centurion and Healer","floor":29.0,"turns":4.0},{"damage":8.0,"enemies":"Slavers","floor":30.0,"turns":4.0},{"damage":0.0,"enemies":"Chosen and Byrds","floor":31.0,"turns":4.0},{"damage":34.0,"enemies":"Champ","floor":33.0,"turns":10.0},{"damage":3.0,"enemies":"3 Darklings","floor":35.0,"turns":5.0},{"damage":3.0,"enemies":"Mind Bloom Boss Battle","floor":37.0,"turns":5.0},{"damage":55.0,"enemies":"2 Orb Walkers","floor":39.0,"turns":8.0},{"damage":26.0,"enemies":"Reptomancer","floor":40.0,"turns":8.0},{"damage":0.0,"enemies":"3 Shapes","floor":42.0,"turns":6.0},{"damage":34.0,"enemies":"Nemesis","floor":44.0,"turns":7.0},{"damage":2.0,"enemies":"Transient","floor":46.0,"turns":5.0},{"damage":0.0,"enemies":"Reptomancer","floor":48.0,"turns":6.0},{"damage":16.0,"enemies":"Donu and Deca","floor":50.0,"turns":8.0},{"damage":31,"enemies":"Shield and Spear","floor":54,"turns":5},{"damage":8,"enemies":"The Heart","floor":55,"turns":8}],"seed_played":"7046561422677558721","potions_obtained":[{"floor":1.0,"key":"Explosive Potion"},{"floor":3.0,"key":"Fire Potion"},{"floor":5.0,"key":"GamblersBrew"},{"floor":13.0,"key":"CultistPotion"},{"floor":13.0,"key":"Swift Potion"},{"floor":13.0,"key":"FairyPotion"},{"floor":14.0,"key":"LiquidBronze"},{"floor":16.0,"key":"DistilledChaos"},{"floor":23.0,"key":"PowerPotion"},{"floor":39.0,"key":"Fire Potion"},{"floor":42.0,"key":"AttackPotion"},{"floor":48.0,"key":"PowerPotion"}],"is_trial":false,"path_per_floor":["M","?","M","?","M","R","E","M","T","R","E","M","?","M","R","B",null,"M","$","?","M","M","E","R","$","T","M","R","M","E","M","R","B",null,"M","?","?","?","?","E","R","M","T","E","?","M","T","E","R","B",null,"R","$","E","B",null],"character_chosen":"THE_SILENT","items_purchased":["Bag of Preparation","Bouncing Flask","Noxious Fumes"],"campfire_rested":3,"item_purchase_floors":[25,25,25],"current_hp_per_floor":[62,62,62,44,42,42,35,35,35,56,41,41,41,41,41,7,70,67,67,67,66,44,31,31,31,31,23,59,61,55,57,57,36,70,67,67,67,58,39,15,51,53,53,21,21,21,21,23,23,34,70,70,70,39,58],"gold":8,"neow_bonus":"THREE_CARDS","is_daily":false,"chose_seed":false,"campfire_upgraded":5,"win_rate":0.0,"timestamp":1609266548,"path_taken":["M","?","M","?","M","R","E","M","T","R","E","M","?","M","R","BOSS","M","$","?","?","M","E","R","?","T","M","R","M","E","M","R","BOSS","M","?","?","?","?","E","R","M","T","E","?","M","?","E","R","BOSS","R","$","E","BOSS"],"items_purchased_type":["Relic","Card","Card"],"build_version":"2020-12-22","purchased_purges":1,"victory":true,"max_hp_per_floor":[70,70,70,70,70,70,70,70,70,70,70,70,70,70,70,70,70,70,70,70,70,70,70,70,70,70,70,70,70,70,70,70,70,70,70,70,70,70,70,70,70,70,70,70,70,70,70,70,70,70,70,70,70,70,70],"card_choices":[{"not_picked":["Slice","Deflect"],"picked":"Noxious Fumes","floor":0.0},{"not_picked":["Flechettes","Acrobatics"],"picked":"Flying Knee","floor":1.0},{"not_picked":["Deflect","Sucker Punch"],"picked":"Backflip","floor":3.0},{"not_picked":["A Thousand Cuts","Sucker Punch"],"picked":"PiercingWail","floor":5.0},{"not_picked":["Storm of Steel","Blade Dance"],"picked":"Bane","floor":7.0},{"not_picked":["Cloak And Dagger","Predator","Prepared"],"picked":"SKIP","floor":8.0},{"not_picked":["Sucker Punch","Bane"],"picked":"Die Die Die","floor":11.0},{"not_picked":["Poisoned Stab","Predator","Dodge and Roll"],"picked":"SKIP","floor":12.0},{"not_picked":["Flying Knee","Dodge and Roll"],"picked":"Cloak And Dagger","floor":14.0},{"not_picked":["Night Terror","Unload"],"picked":"Venomology","floor":16.0},{"not_picked":["Quick Slash","Finisher"],"picked":"Outmaneuver","floor":18.0},{"not_picked":["Slice","Accuracy"],"picked":"Catalyst","floor":21.0},{"not_picked":["Prepared+1","Dagger Throw"],"picked":"Leg Sweep","floor":22.0},{"not_picked":["Skewer","Dash"],"picked":"Acrobatics+1","floor":23.0},{"not_picked":["Accuracy+1","Dagger Throw"],"picked":"Prepared","floor":27.0},{"not_picked":["Skewer+1","Flechettes"],"picked":"Dodge and Roll+1","floor":29.0},{"not_picked":["Heel Hook","Well Laid Plans"],"picked":"Adrenaline","floor":30.0},{"not_picked":["Flying Knee","Terror"],"picked":"Finisher+1","floor":31.0},{"not_picked":["Cloak And Dagger","Flechettes","Terror"],"picked":"SKIP","floor":31.0},{"not_picked":["Glass Knife","Storm of Steel"],"picked":"Malaise","floor":33.0},{"not_picked":["Deadly Poison","Bane"],"picked":"Deflect+1","floor":35.0},{"not_picked":["Slice","Dodge and Roll+1"],"picked":"Backflip","floor":35.0},{"not_picked":["Calculated Gamble","Storm of Steel"],"picked":"Backflip+1","floor":37.0},{"not_picked":["Cloak And Dagger","Choke+1"],"picked":"Catalyst","floor":40.0},{"not_picked":["Choke+1","Underhanded Strike+1"],"picked":"Calculated Gamble+1","floor":42.0},{"not_picked":["Expertise","Underhanded Strike+1"],"picked":"Deflect+1","floor":42.0},{"not_picked":["Sucker Punch","Calculated Gamble+1","Flying Knee"],"picked":"SKIP","floor":44.0},{"not_picked":["Panacea","Impatience"],"picked":"Dark Shackles","floor":45.0},{"not_picked":["Distraction+1","Venomology"],"picked":"Blur+1","floor":46.0},{"not_picked":["Eviscerate","Calculated Gamble+1","Deadly Poison"],"picked":"SKIP","floor":46.0},{"not_picked":["Bouncing Flask+1","Dagger Spray+1"],"picked":"Prepared+1","floor":48.0},{"not_picked":["Slice+1","Heel Hook"],"picked":"Crippling Poison+1","floor":54}],"player_experience":87063,"relics_obtained":[{"floor":7.0,"key":"Anchor"},{"floor":9.0,"key":"Pantograph"},{"floor":11.0,"key":"Regal Pillow"},{"floor":23.0,"key":"Ninja Scroll"},{"floor":26.0,"key":"Blood Vial"},{"floor":30.0,"key":"Prayer Wheel"},{"floor":37.0,"key":"Torii"},{"floor":39.0,"key":"Calipers"},{"floor":40.0,"key":"Bronze Scales"},{"floor":44.0,"key":"Orichalcum"},{"floor":47.0,"key":"Centennial Puzzle"},{"floor":48.0,"key":"PreservedInsect"},{"floor":54,"key":"Ornamental Fan"}],"event_choices":[{"cards_removed":["Strike_G"],"damage_healed":0.0,"max_hp_gain":0.0,"max_hp_loss":0.0,"gold_gain":0.0,"event_name":"Living Wall","player_choice":"Forget","floor":2.0,"gold_loss":0.0,"damage_taken":0.0},{"damage_healed":0.0,"max_hp_gain":0.0,"max_hp_loss":0.0,"gold_gain":0.0,"event_name":"Scrap Ooze","player_choice":"Success","floor":4.0,"gold_loss":0.0,"damage_taken":18.0,"relics_obtained":["Gambling Chip"]},{"damage_healed":0.0,"max_hp_gain":0.0,"max_hp_loss":0.0,"gold_gain":0.0,"event_name":"The Woman in Blue","player_choice":"Bought 3 Potions","floor":13.0,"gold_loss":0.0,"damage_taken":0.0},{"damage_healed":0.0,"max_hp_gain":0.0,"max_hp_loss":0.0,"gold_gain":0.0,"cards_transformed":["Strike_G"],"event_name":"Transmorgrifier","player_choice":"Transformed","floor":20.0,"gold_loss":0.0,"damage_taken":0.0,"cards_obtained":["Backstab"]},{"cards_removed":["Defend_G"],"damage_healed":0.0,"max_hp_gain":0.0,"max_hp_loss":0.0,"gold_gain":0.0,"event_name":"Falling","player_choice":"Removed Skill","floor":36.0,"gold_loss":0.0,"damage_taken":0.0},{"damage_healed":0.0,"max_hp_gain":0.0,"max_hp_loss":0.0,"gold_gain":0.0,"event_name":"MindBloom","player_choice":"Fight","floor":37.0,"gold_loss":0.0,"damage_taken":0.0},{"damage_healed":0.0,"max_hp_gain":0.0,"max_hp_loss":0.0,"gold_gain":0.0,"event_name":"Winding Halls","player_choice":"Embrace Madness","floor":38.0,"gold_loss":0.0,"damage_taken":9.0,"cards_obtained":["Madness","Madness"]},{"damage_healed":0.0,"max_hp_gain":0.0,"max_hp_loss":0.0,"gold_gain":0.0,"event_name":"Mysterious Sphere","player_choice":"Fight","floor":39.0,"gold_loss":0.0,"damage_taken":0.0},{"damage_healed":0.0,"max_hp_gain":0.0,"max_hp_loss":0.0,"gold_gain":0.0,"event_name":"SensoryStone","player_choice":"Memory 1","floor":45.0,"gold_loss":0.0,"damage_taken":0.0}],"is_beta":false,"boss_relics":[{"not_picked":["Black Star","Busted Crown"],"picked":"Ectoplasm"},{"not_picked":["Ring of the Serpent","Pandora\u0027s Box"],"picked":"SacredBark"}],"items_purged_floors":[19],"is_endless":false,"potions_floor_spawned":[1,3,5,14,16,22,23,27,29,35,39,42,46,48],"ascension_level":3}}