{"host":"k4et7hlhlqy8fuoz","time":1609243713,"event":{"mods":["2.2 Compatiblity","AchievementEnabler","BaseMod","Colored Map","DeckTracker","Highlight Path","Minty Spire (QoL Compilation)","Random Character Button","Rare Cards Sparkle"],"gold_per_floor":[115,128,128,128,144,144,160,29,52,63,63,9,22,32,32,32,32],"floor_reached":16,"playtime":913,"items_purged":[],"score":94,"play_id":"cad082d4-f310-4687-8220-1000b995bd3b","local_time":"20201229130833","is_ascension_mode":false,"campfire_choices":[{"data":"Stack","floor":6,"key":"SMITH"},{"floor":15,"key":"REST"}],"circlet_count":0,"master_deck":["Strike_B+1","Strike_B","Strike_B","Strike_B+1","Defend_B","Defend_B","Defend_B","Defend_B","Zap+1","Dualcast","Amplify","Fusion","Aggregate","Stack+1","Beam Cell","PanicButton","Defragment","Streamline","Cold Snap","Turbo","Conserve Battery"],"relics":["Cracked Core","Lantern"],"acts_visited":["Exordium"],"potions_floor_usage":[16,16,16],"damage_taken":[{"damage":8,"enemies":"Jaw Worm","floor":1,"turns":4},{"damage":8,"enemies":"Small Slimes","floor":2,"turns":4},{"damage":0,"enemies":"Cultist","floor":5,"turns":4},{"damage":14,"enemies":"Exordium Thugs","floor":7,"turns":6},{"damage":17,"enemies":"2 Fungi Beasts","floor":10,"turns":4},{"damage":0,"enemies":"Looter","floor":13,"turns":2},{"damage":1,"enemies":"3 Louse","floor":14,"turns":3},{"damage":42,"enemies":"Hexaghost","floor":16,"turns":14}],"seed_played":"-4121297175174673308","potions_obtained":[{"floor":2,"key":"Strength Potion"},{"floor":10,"key":"ColorlessPotion"},{"floor":14,"key":"Dexterity Potion"}],"is_trial":false,"path_per_floor":["M","M","?","?","M","R","M","$","T","M","?","$","M","M","R","B"],"character_chosen":"DEFECT","items_purchased":["PanicButton","Defragment","Cold Snap"],"campfire_rested":1,"item_purchase_floors":[8,8,12],"current_hp_per_floor":[67,59,59,64,64,64,50,50,50,33,17,17,17,16,40,0,0],"gold":32,"neow_bonus":"ONE_RANDOM_RARE_CARD","is_daily":false,"chose_seed":false,"campfire_upgraded":1,"win_rate":0.0,"timestamp":1609243713,"path_taken":["M","M","?","?","M","R","M","$","T","M","?","$","M","M","R","BOSS"],"items_purchased_type":["Card","Card","Card"],"build_version":"2020-12-22","purchased_purges":0,"victory":false,"max_hp_per_floor":[75,75,75,80,80,80,80,80,80,80,80,80,80,80,80,80,80],"card_choices":[{"not_picked":["Redo","Sweeping Beam"],"picked":"Fusion","floor":1},{"not_picked":["Sweeping Beam","Fission"],"picked":"Aggregate","floor":2},{"not_picked":["Fusion","Ball Lightning"],"picked":"Stack","floor":5},{"not_picked":["Heatsinks","Rebound"],"picked":"Beam Cell","floor":7},{"not_picked":["Auto Shields","Cold Snap"],"picked":"Streamline","floor":10},{"not_picked":["White Noise","Stack"],"picked":"Turbo","floor":13},{"not_picked":["Echo Form","Turbo"],"picked":"Conserve Battery","floor":14}],"player_experience":25667,"relics_obtained":[{"floor":9,"key":"Lantern"}],"event_choices":[{"damage_healed":0,"gold_gain":0,"player_choice":"Grow","damage_taken":0,"max_hp_gain":0,"max_hp_loss":0,"event_name":"Living Wall","floor":3,"gold_loss":0,"cards_upgraded":["Zap"]},{"damage_healed":0,"gold_gain":0,"player_choice":"Donut","damage_taken":0,"max_hp_gain":5,"max_hp_loss":0,"event_name":"Big Fish","floor":4,"gold_loss":0},{"damage_healed":0,"gold_gain":0,"player_choice":"Entered Light","damage_taken":16,"max_hp_gain":0,"max_hp_loss":0,"event_name":"Shining Light","floor":11,"gold_loss":0,"cards_upgraded":["Strike_B","Strike_B"]}],"is_beta":false,"boss_relics":[],"items_purged_floors":[],"is_endless":false,"potions_floor_spawned":[2,10,14],"killed_by":"Hexaghost","ascension_level":0}}