{"host":"26mrfot5w7uj2ebc","time":1609255363,"event":{"mods":["AchievementEnabler","BaseMod","Colored Map","Minty Spire (QoL Compilation)"],"gold_per_floor":[111,122,122,142,142,142,156,185,237,312,9,20,20,37,37,134,134,157,369,400,422,460,472,484,496,508,537,580,605,632,655,667,784,796,828,750,773,785,797,809,871,353,353,353,393,421,445,484,484,484],"floor_reached":51,"playtime":1228,"items_purged":["Strike_R"],"score":1012,"play_id":"9095ce1a-1f99-43d2-bb42-08fa52fe72c3","local_time":"20201230002243","is_ascension_mode":true,"campfire_choices":[{"data":"Pommel Strike","floor":6.0,"key":"SMITH"},{"floor":15.0,"key":"REST"},{"floor":23.0,"key":"REST"},{"data":"Limit Break","floor":25.0,"key":"SMITH"},{"floor":32.0,"key":"REST"},{"floor":40.0,"key":"REST"},{"floor":44.0,"key":"RECALL"},{"data":"Armaments","floor":49.0,"key":"SMITH"}],"circlet_count":0,"master_deck":["Strike_R+1","Strike_R+1","Strike_R+1","Strike_R+1","Defend_R+1","Defend_R+1","Defend_R+1","Defend_R+1","Bash+1","Clash","Pommel Strike+1","Clash","Blood for Blood","Thunderclap","Sword Boomerang","Sword Boomerang","Infernal Blade","Demon Form","CurseOfTheBell","Cleave+1","Limit Break+1","Iron Wave","Sword Boomerang","Clothesline","Heavy Blade+1","Impervious","Corruption+1","Rage+1","Clash+1","Mayhem+1","Armaments+1","Shrug It Off","Inflame+1","Seeing Red+1","Pommel Strike+1","Pommel Strike+1"],"relics":["Burning Blood","NeowsBlessing","Shuriken","Blood Vial","Oddly Smooth Stone","Brimstone","Calling Bell","MawBank","Gremlin Horn","Mango","Red Mask","Frozen Egg 2","Question Card","Philosopher\u0027s Stone","TungstenRod","Magic Flower","PreservedInsect","Pantograph","CeramicFish","Ornamental Fan"],"acts_visited":["Exordium","TheCity","TheBeyond"],"potions_floor_usage":[],"damage_taken":[{"damage":0.0,"enemies":"Cultist","floor":1.0,"turns":1.0},{"damage":0.0,"enemies":"Small Slimes","floor":2.0,"turns":1.0},{"damage":0.0,"enemies":"2 Louse","floor":4.0,"turns":1.0},{"damage":8.0,"enemies":"Blue Slaver","floor":7.0,"turns":2.0},{"damage":15.0,"enemies":"Gremlin Nob","floor":8.0,"turns":4.0},{"damage":6.0,"enemies":"Looter","floor":12.0,"turns":2.0},{"damage":0.0,"enemies":"Gremlin Gang","floor":14.0,"turns":1.0},{"damage":0.0,"enemies":"Slime Boss","floor":16.0,"turns":3.0},{"damage":34.0,"enemies":"Shell Parasite","floor":18.0,"turns":3.0},{"damage":25.0,"enemies":"2 Thieves","floor":20.0,"turns":3.0},{"damage":15.0,"enemies":"Centurion and Healer","floor":21.0,"turns":3.0},{"damage":0.0,"enemies":"Masked Bandits","floor":22.0,"turns":2.0},{"damage":22.0,"enemies":"Shelled Parasite and Fungi","floor":27.0,"turns":3.0},{"damage":33.0,"enemies":"Gremlin Leader","floor":28.0,"turns":3.0},{"damage":24.0,"enemies":"Snake Plant","floor":29.0,"turns":3.0},{"damage":10.0,"enemies":"Chosen and Byrds","floor":30.0,"turns":3.0},{"damage":0.0,"enemies":"Sentry and Sphere","floor":31.0,"turns":3.0},{"damage":0.0,"enemies":"Collector","floor":33.0,"turns":5.0},{"damage":32.0,"enemies":"3 Shapes","floor":35.0,"turns":3.0},{"damage":0.0,"enemies":"Orb Walker","floor":37.0,"turns":2.0},{"damage":18.0,"enemies":"Mind Bloom Boss Battle","floor":41.0,"turns":4.0},{"damage":0.0,"enemies":"Reptomancer","floor":45.0,"turns":3.0},{"damage":14.0,"enemies":"Writhing Mass","floor":46.0,"turns":4.0},{"damage":25.0,"enemies":"4 Shapes","floor":47.0,"turns":2.0},{"damage":6.0,"enemies":"Giant Head","floor":48.0,"turns":5.0},{"damage":44.0,"enemies":"Awakened One","floor":50.0,"turns":6.0}],"seed_played":"8005024446325866654","potions_obtained":[{"floor":2.0,"key":"Dexterity Potion"},{"floor":4.0,"key":"DistilledChaos"},{"floor":14.0,"key":"SteroidPotion"},{"floor":21.0,"key":"SteroidPotion"},{"floor":22.0,"key":"Ancient Potion"},{"floor":27.0,"key":"Dexterity Potion"},{"floor":28.0,"key":"Explosive Potion"},{"floor":30.0,"key":"Fire Potion"},{"floor":41.0,"key":"Weak Potion"},{"floor":46.0,"key":"FairyPotion"},{"floor":48.0,"key":"DistilledChaos"}],"is_trial":false,"path_per_floor":["M","M","?","M","?","R","M","E","T","?","$","M","$","M","R","B",null,"M","?","M","M","?","R","?","R","T","M","E","M","M","M","R","B",null,"M","?","M","?","?","R","?","$","T","R","E","M","M","E","R","B",null],"character_chosen":"IRONCLAD","items_purchased":["Brimstone","Explosive Potion","Sword Boomerang","Magic Flower","PreservedInsect","Dexterity Potion","Shrug It Off"],"campfire_rested":4,"item_purchase_floors":[11,11,11,42,42,42,42],"current_hp_per_floor":[80,80,55,61,45,45,43,34,34,23,23,25,25,33,57,65,94,66,66,49,42,50,78,78,78,78,64,39,23,21,29,57,65,94,68,68,76,76,76,94,82,82,82,82,94,89,76,82,82,59],"gold":484,"neow_bonus":"THREE_ENEMY_KILL","is_daily":false,"chose_seed":false,"campfire_upgraded":3,"win_rate":0.0,"timestamp":1609255363,"path_taken":["M","?","?","M","?","R","M","E","T","?","$","M","?","M","R","BOSS","M","?","?","M","?","R","?","R","T","M","E","M","M","M","R","BOSS","M","?","?","?","?","R","?","$","T","R","E","M","M","E","R","BOSS"],"items_purchased_type":["Relic","Potion","Card","Relic","Relic","Potion","Card"],"build_version":"2020-12-22","purchased_purges":1,"victory":true,"max_hp_per_floor":[80,80,80,80,80,80,80,80,80,80,80,80,80,80,80,80,94,94,94,94,94,94,94,94,94,94,94,94,94,94,94,94,94,94,94,94,94,94,94,94,94,94,94,94,94,94,94,94,94,94],"card_choices":[{"not_picked":["Uppercut","Entrench"],"picked":"Clash","floor":1.0},{"not_picked":["Twin Strike","Iron Wave"],"picked":"Pommel Strike","floor":2.0},{"not_picked":["Wild Strike","Headbutt"],"picked":"Clash","floor":4.0},{"not_picked":["Flex","Sentinel"],"picked":"Blood for Blood","floor":7.0},{"not_picked":["Shrug It Off","True Grit"],"picked":"Thunderclap","floor":8.0},{"not_picked":["Clash","Wild Strike"],"picked":"Sword Boomerang","floor":12.0},{"not_picked":["Dual Wield","Second Wind"],"picked":"Infernal Blade","floor":14.0},{"not_picked":["Brutality","Juggernaut"],"picked":"Demon Form","floor":16.0},{"not_picked":["Headbutt","Wild Strike"],"picked":"Havoc","floor":18.0},{"not_picked":["Headbutt","Ghostly Armor"],"picked":"Cleave+1","floor":20.0},{"not_picked":["Thunderclap","Havoc+1"],"picked":"Pommel Strike+1","floor":21.0},{"not_picked":["Clash+1","Spot Weakness+1"],"picked":"Limit Break","floor":22.0},{"not_picked":["Pommel Strike","Flex"],"picked":"Iron Wave","floor":27.0},{"not_picked":["Twin Strike","True Grit+1"],"picked":"Sword Boomerang","floor":28.0},{"not_picked":["Body Slam","Searing Blow","Clash"],"picked":"Clothesline","floor":29.0},{"not_picked":["Feel No Pain+1","Headbutt","Wild Strike"],"picked":"Heavy Blade","floor":30.0},{"not_picked":["Headbutt","Twin Strike","Feel No Pain+1"],"picked":"Impervious","floor":31.0},{"not_picked":["Double Tap","Bludgeon","Exhume"],"picked":"Corruption+1","floor":33.0},{"not_picked":["Havoc","Sentinel+1","Combust+1"],"picked":"Rage+1","floor":35.0},{"not_picked":["Wild Strike+1","Perfected Strike","True Grit+1"],"picked":"Clash+1","floor":37.0},{"not_picked":["Dramatic Entrance","The Bomb","Sadistic Nature+1"],"picked":"Mayhem+1","floor":38.0},{"not_picked":["Rage","Twin Strike","True Grit"],"picked":"Armaments","floor":41.0},{"not_picked":["Power Through","Disarm","Shockwave+1"],"picked":"Inflame+1","floor":45.0},{"not_picked":["Heavy Blade+1","Wild Strike+1","Armaments"],"picked":"Seeing Red+1","floor":46.0},{"not_picked":["Cleave+1","Clothesline","Rage"],"picked":"Pommel Strike+1","floor":47.0},{"not_picked":["Fire Breathing+1","Wild Strike","Shrug It Off"],"picked":"Pommel Strike+1","floor":48.0}],"player_experience":220572,"relics_obtained":[{"floor":8.0,"key":"Blood Vial"},{"floor":9.0,"key":"Oddly Smooth Stone"},{"floor":17.0,"key":"MawBank"},{"floor":17.0,"key":"Gremlin Horn"},{"floor":17.0,"key":"Mango"},{"floor":22.0,"key":"Red Mask"},{"floor":26.0,"key":"Frozen Egg 2"},{"floor":28.0,"key":"Question Card"},{"floor":41.0,"key":"TungstenRod"},{"floor":43.0,"key":"Pantograph"},{"floor":45.0,"key":"CeramicFish"},{"floor":48.0,"key":"Ornamental Fan"}],"event_choices":[{"damage_healed":0.0,"max_hp_gain":0.0,"max_hp_loss":0.0,"gold_gain":0.0,"event_name":"Scrap Ooze","player_choice":"Success","floor":3.0,"gold_loss":0.0,"damage_taken":25.0,"relics_obtained":["Shuriken"]},{"damage_healed":0.0,"max_hp_gain":0.0,"max_hp_loss":0.0,"gold_gain":0.0,"event_name":"Shining Light","player_choice":"Entered Light","floor":5.0,"gold_loss":0.0,"damage_taken":16.0,"cards_upgraded":["Strike_R","Bash"]},{"damage_healed":0.0,"max_hp_gain":0.0,"max_hp_loss":0.0,"gold_gain":75.0,"event_name":"World of Goop","player_choice":"Gather Gold","floor":10.0,"gold_loss":0.0,"damage_taken":11.0},{"damage_healed":0.0,"max_hp_gain":0.0,"max_hp_loss":0.0,"gold_gain":200.0,"event_name":"Wheel of Change","player_choice":"Gold","floor":19.0,"gold_loss":0.0,"damage_taken":0.0},{"damage_healed":0.0,"max_hp_gain":0.0,"max_hp_loss":0.0,"gold_gain":0.0,"event_name":"Masked Bandits","player_choice":"Fought Bandits","floor":22.0,"gold_loss":0.0,"damage_taken":0.0},{"damage_healed":0.0,"max_hp_gain":0.0,"max_hp_loss":0.0,"gold_gain":0.0,"event_name":"Back to Basics","player_choice":"Simplicity","floor":24.0,"gold_loss":0.0,"damage_taken":0.0,"cards_upgraded":["Strike_R","Strike_R","Strike_R","Defend_R","Defend_R","Defend_R","Defend_R"]},{"cards_removed":["Havoc"],"damage_healed":0.0,"max_hp_gain":0.0,"max_hp_loss":0.0,"gold_gain":0.0,"event_name":"Designer","player_choice":"Upgrade and Remove","floor":36.0,"gold_loss":90.0,"damage_taken":0.0,"cards_upgraded":["Heavy Blade"]},{"damage_healed":0.0,"max_hp_gain":0.0,"max_hp_loss":0.0,"gold_gain":0.0,"event_name":"SensoryStone","player_choice":"Memory 1","floor":38.0,"gold_loss":0.0,"damage_taken":0.0},{"cards_removed":["Pommel Strike"],"damage_healed":0.0,"max_hp_gain":0.0,"max_hp_loss":0.0,"gold_gain":0.0,"event_name":"Falling","player_choice":"Removed Attack","floor":39.0,"gold_loss":0.0,"damage_taken":0.0},{"damage_healed":0.0,"max_hp_gain":0.0,"max_hp_loss":0.0,"gold_gain":0.0,"event_name":"MindBloom","player_choice":"Fight","floor":41.0,"gold_loss":0.0,"damage_taken":0.0}],"is_beta":false,"boss_relics":[{"not_picked":["Mark of Pain","Velvet Choker"],"picked":"Calling Bell"},{"not_picked":["Empty Cage","Sozu"],"picked":"Philosopher\u0027s Stone"}],"items_purged_floors":[11],"is_endless":false,"potions_floor_spawned":[2,4,14,21,22,27,28,30,41,46,47,48],"ascension_level":2}}