{"host":"g5ctwwsvxeihc2vr","time":1609271064,"event":{"mods":["Act Like it!","BaseMod","Bestiary","Better Third Choice","Block Reminder","CapriCore","Dio Mod","Downfall","Hallownest","Hermit","JesterMod","Jorbs\u0027s Wanderer Trilogy","Koishi","Luminous","Marisa????????","Minty Spire (QoL Compilation)","Reimu??????","Remilia??????","StSLib","The Alterego","The Animator","The Bug Knight","The Cursed","The Fake Hero","The Hierophant","The Immortal","The Jungle","The Marked","The Runesmith","The Servant 0.9.4","The Wild Card","Waifu the Spire"],"gold_per_floor":[113,128,32,47,62,96,106,106,106,135,135,135,147,159,171,259,271,279,281,293,265,273,294,7,11,11,11,29,29,29,46,46,46,46],"floor_reached":33,"playtime":2644,"items_purged":[],"score":276,"play_id":"2f9e349f-c820-40f5-a380-d7255e8b89af","local_time":"20201229144424","is_ascension_mode":false,"campfire_choices":[{"floor":8,"key":"REST"},{"floor":13,"key":"REST"},{"floor":15,"key":"REST"},{"floor":29,"key":"REST"},{"data":"1","floor":32,"key":"LIFT"}],"circlet_count":0,"master_deck":["Koishi:BasicStrike","Koishi:BasicStrike","Koishi:BasicStrike","Koishi:BasicStrike","Koishi:BasicDefend+1","Koishi:BasicDefend","Koishi:BasicDefend","Koishi:BasicDefend","Koishi:Provoke+1","Koishi:HauntingSlash+1","Koishi:HeartfeltFancy","Koishi:ParalyzingFear","Koishi:JumpScare+1","Koishi:RacingHeart","Koishi:ParalyzingFear+1","Koishi:UnseenTerror","Koishi:RacingHeart","Koishi:StingingMind","Koishi:HeartStoppingHorror+1","Koishi:Catatonia","Koishi:DreadfulBlow"],"relics":["Koishi:ImaginaryFriend","Runesmith:AutoHammer","War Paint","Happy Flower","MawBank","YidongShenshe:ReiMu","RedLine:ReiMu","Girya","Regal Pillow","Blood Vial","Pear","Spirit Poop"],"acts_visited":["Exordium","TheCity"],"potions_floor_usage":[10,10,23,23,23,23,23,23,25],"damage_taken":[{"damage":2,"enemies":"Cultist","floor":1,"turns":4},{"damage":12,"enemies":"Jaw Worm","floor":2,"turns":6},{"damage":0,"enemies":"2 Louse","floor":4,"turns":3},{"damage":16,"enemies":"Large Slime","floor":5,"turns":7},{"damage":22,"enemies":"Lagavulin","floor":6,"turns":8},{"damage":5,"enemies":"3 Louse","floor":7,"turns":3},{"damage":18,"enemies":"3 Sentries","floor":10,"turns":5},{"damage":38,"enemies":"Hexaghost","floor":16,"turns":14},{"damage":19,"enemies":"2 Thieves","floor":18,"turns":5},{"damage":5,"enemies":"Spheric Guardian","floor":19,"turns":4},{"damage":23,"enemies":"Snake Plant","floor":22,"turns":3},{"damage":48,"enemies":"Slavers","floor":23,"turns":6},{"damage":6,"enemies":"Cultist and Chosen","floor":25,"turns":5},{"damage":14,"enemies":"Snecko","floor":28,"turns":4},{"damage":4,"enemies":"Centurion and Healer","floor":31,"turns":6},{"damage":85,"enemies":"StardustCrusaders","floor":33,"turns":8}],"seed_played":"-7702075936270155537","potions_obtained":[{"floor":2,"key":"champ:CounterPotion"},{"floor":4,"key":"SpeedPotion"},{"floor":7,"key":"champ:CounterPotion"},{"floor":18,"key":"Block Potion"},{"floor":22,"key":"EntropicBrew"},{"floor":23,"key":"ColorlessPotion"}],"is_trial":false,"path_per_floor":["M","M","$","M","M","E","M","R","T","E","?","?","R","?","R","B",null,"M","M","?","?","M","E","$","M","T","$","M","R","?","M","R","B"],"character_chosen":"KOISHI","items_purchased":["Koishi:JumpScare","Koishi:RacingHeart","Regal Pillow","Blood Vial"],"campfire_rested":4,"item_purchase_floors":[3,3,24,24],"current_hp_per_floor":[60,54,54,60,48,42,39,57,57,43,31,6,24,24,42,38,60,59,58,58,58,49,22,22,34,44,44,47,70,70,70,70,0,0],"gold":46,"neow_bonus":"UPGRADE_CARD","is_daily":false,"chose_seed":false,"campfire_upgraded":0,"win_rate":0.0,"timestamp":1609271064,"path_taken":["M","M","$","?","M","E","M","R","T","E","?","?","R","?","R","BOSS","M","M","?","?","?","E","$","?","T","?","M","R","?","M","R","BOSS"],"items_purchased_type":["Card","Card","Relic","Relic"],"build_version":"2020-12-22","purchased_purges":0,"victory":false,"max_hp_per_floor":[60,60,60,60,60,60,60,60,60,60,60,60,60,60,60,60,60,60,60,60,60,60,60,60,60,70,70,70,70,70,70,70,70,70],"card_choices":[{"not_picked":["Koishi:Bloodlust","Koishi:EmbersOfLove"],"picked":"Koishi:HeartfeltFancy","floor":1},{"not_picked":["Koishi:HeartfeltFancy","Koishi:Whimsy"],"picked":"Koishi:ParalyzingFear","floor":2},{"not_picked":["Koishi:RacingHeart","Koishi:Prune"],"picked":"Koishi:ParalyzingFear","floor":4},{"not_picked":["Koishi:TraumaticStroke","Koishi:GhostParty"],"picked":"Koishi:UnseenTerror","floor":5},{"not_picked":["Koishi:ReflexRadar","Koishi:Prune","Koishi:FreudianInstinct"],"picked":"SKIP","floor":6},{"not_picked":["Koishi:EmbersOfLove","Koishi:PhantomStrike"],"picked":"Koishi:RacingHeart","floor":7},{"not_picked":["Koishi:LastRemote","Koishi:Catatonia"],"picked":"Koishi:StingingMind","floor":10},{"not_picked":["Koishi:RuptureMind","Koishi:PerfectMindControl"],"picked":"Koishi:HeartStoppingHorror","floor":16},{"not_picked":["Koishi:FourthEye","Koishi:ApparitionsStalkTheNight+1"],"picked":"Koishi:Catatonia","floor":18},{"not_picked":["Koishi:CatchAndRose","Koishi:BloodcurdlingScream","Koishi:SubterraneanRose"],"picked":"SKIP","floor":19},{"not_picked":["Koishi:Jaunt","Koishi:RollingInRichesHeart","Koishi:Bloodlust+1"],"picked":"SKIP","floor":22},{"not_picked":["Koishi:BramblyRoseGarden","Koishi:CatchAndRose","Koishi:BloodcurdlingScream"],"picked":"SKIP","floor":23},{"not_picked":["Koishi:Prune+1","Koishi:StrangeCloudFist"],"picked":"Koishi:DreadfulBlow","floor":25},{"not_picked":["Koishi:ReflexRadar","Koishi:HeartfeltFancy","Koishi:PhilosophyOfTheDespised"],"picked":"SKIP","floor":28},{"not_picked":["Koishi:MassHysteria","Koishi:ConfinedInnocent","Koishi:FidgetySnatcher"],"picked":"SKIP","floor":31}],"player_experience":321293,"relics_obtained":[{"floor":6,"key":"Runesmith:AutoHammer"},{"floor":9,"key":"War Paint"},{"floor":10,"key":"Happy Flower"},{"floor":23,"key":"Girya"},{"floor":26,"key":"Pear"}],"event_choices":[{"damage_healed":43,"gold_gain":0,"player_choice":"Upgrade","damage_taken":12,"max_hp_gain":0,"max_hp_loss":60,"event_name":"betterThird:BetterShining","floor":11,"gold_loss":0,"cards_upgraded":["Koishi:Provoke","Koishi:ParalyzingFear"]},{"damage_healed":0,"gold_gain":1,"player_choice":"Relic ","damage_taken":25,"max_hp_gain":0,"max_hp_loss":0,"event_name":"betterThird:BetterScrap","floor":12,"gold_loss":0,"cards_obtained":["Rupture"]},{"damage_healed":0,"gold_gain":0,"player_choice":"Take Tiny Shrine away","damage_taken":0,"relics_obtained":["YidongShenshe:ReiMu"],"max_hp_gain":0,"max_hp_loss":0,"event_name":"yidonshenshe","floor":14,"gold_loss":0,"cards_obtained":["Poor:ReiMu"]},{"damage_healed":0,"gold_gain":0,"player_choice":"Upgrade","damage_taken":0,"max_hp_gain":0,"max_hp_loss":0,"event_name":"Designer","floor":21,"gold_loss":40,"cards_upgraded":["Koishi:HeartStoppingHorror"]},{"cards_removed":["Poor:ReiMu"],"damage_healed":0,"gold_gain":0,"player_choice":"Offered Curse","damage_taken":0,"relics_obtained":["Spirit Poop"],"max_hp_gain":0,"max_hp_loss":0,"event_name":"Bonfire Elementals","floor":30,"gold_loss":0}],"is_beta":false,"boss_relics":[{"not_picked":["Black Star","Fusion Hammer"],"picked":"RedLine:ReiMu"}],"items_purged_floors":[],"is_endless":false,"potions_floor_spawned":[2,4,7,18,22,23],"killed_by":"StardustCrusaders","ascension_level":0}}