{"host":"mwqnlghgfp5mgeui","time":1609265413,"event":{"mods":["2.2 Compatiblity","BaseMod","DeckTracker","Highlight Path","Minty Spire (QoL Compilation)","SuperFastMode","everything is the same but u backflip on backflip"],"gold_per_floor":[112,129,148,19,35,62,62,62,62,75,88,108,108,143,143,143,143],"floor_reached":16,"playtime":546,"items_purged":[],"score":112,"play_id":"81b2cc90-fa76-4f78-b5ee-4699e3dd01da","local_time":"20201230031013","is_ascension_mode":false,"campfire_choices":[{"floor":7,"key":"REST"},{"floor":13,"key":"REST"},{"floor":15,"key":"REST"}],"circlet_count":0,"master_deck":["Strike_B","Strike_B","Strike_B","Strike_B","Defend_B","Defend_B","Defend_B","Defend_B","Zap","Dualcast","Go for the Eyes","Undo","Barrage","Self Repair","Stack","Chaos","Hello World","Genetic Algorithm","Sweeping Beam","Heatsinks","Scrape"],"relics":["Cracked Core","Pen Nib","Centennial Puzzle","Lantern","Odd Mushroom","Darkstone Periapt"],"acts_visited":["Exordium"],"potions_floor_usage":[5],"damage_taken":[{"damage":1,"enemies":"Cultist","floor":1,"turns":3},{"damage":0,"enemies":"2 Louse","floor":2,"turns":1},{"damage":0,"enemies":"Small Slimes","floor":3,"turns":3},{"damage":32,"enemies":"Exordium Wildlife","floor":5,"turns":5},{"damage":34,"enemies":"Gremlin Nob","floor":6,"turns":5},{"damage":11,"enemies":"Large Slime","floor":10,"turns":5},{"damage":8,"enemies":"2 Fungi Beasts","floor":11,"turns":4},{"damage":22,"enemies":"The Mushroom Lair","floor":12,"turns":5},{"damage":35,"enemies":"3 Sentries","floor":14,"turns":6},{"damage":41,"enemies":"The Guardian","floor":16,"turns":9}],"seed_played":"6937721327438807052","potions_obtained":[{"floor":1,"key":"Swift Potion"},{"floor":5,"key":"BlessingOfTheForge"},{"floor":14,"key":"Weak Potion"}],"is_trial":false,"path_per_floor":["M","M","M","$","M","E","R","?","T","M","M","?","R","E","R","B"],"character_chosen":"DEFECT","items_purchased":["Self Repair","Stack"],"campfire_rested":3,"item_purchase_floors":[4,4],"current_hp_per_floor":[74,74,74,74,49,22,44,44,44,40,39,24,46,18,40,0,0],"gold":143,"neow_bonus":"RANDOM_COMMON_RELIC","is_daily":false,"chose_seed":false,"campfire_upgraded":0,"win_rate":0.0,"timestamp":1609265413,"path_taken":["M","?","M","$","M","E","R","?","T","M","M","?","R","E","R","BOSS"],"items_purchased_type":["Card","Card"],"build_version":"2020-12-22","purchased_purges":0,"victory":false,"max_hp_per_floor":[75,75,75,75,75,75,75,75,75,75,75,75,75,75,75,75,75],"card_choices":[{"not_picked":["Blizzard","Streamline"],"picked":"Go for the Eyes","floor":1},{"not_picked":["Rip and Tear","Darkness"],"picked":"Undo","floor":2},{"not_picked":["Compile Driver","Turbo"],"picked":"Barrage","floor":3},{"not_picked":["Beam Cell","Rebound"],"picked":"Chaos","floor":5},{"not_picked":["Chill","Defragment"],"picked":"Hello World","floor":6},{"not_picked":["Rip and Tear","Coolheaded"],"picked":"Genetic Algorithm","floor":10},{"not_picked":["Lockon","Storm"],"picked":"Sweeping Beam","floor":11},{"not_picked":["Blizzard","FTL"],"picked":"Heatsinks","floor":12},{"not_picked":["Ball Lightning","Double Energy"],"picked":"Scrape","floor":14}],"player_experience":135670,"relics_obtained":[{"floor":6,"key":"Centennial Puzzle"},{"floor":9,"key":"Lantern"},{"floor":12,"key":"Odd Mushroom"},{"floor":14,"key":"Darkstone Periapt"}],"event_choices":[{"damage_healed":0,"gold_gain":0,"player_choice":"Ignored","damage_taken":0,"max_hp_gain":0,"max_hp_loss":0,"event_name":"Liars Game","floor":8,"gold_loss":0},{"damage_healed":0,"gold_gain":0,"player_choice":"Fought Mushrooms","damage_taken":0,"max_hp_gain":0,"max_hp_loss":0,"event_name":"Mushrooms","floor":12,"gold_loss":0}],"is_beta":false,"boss_relics":[],"items_purged_floors":[],"is_endless":false,"potions_floor_spawned":[1,5,14],"killed_by":"The Guardian","ascension_level":0}}