{"host":"pvf7uj918he10jir","time":1609218712,"event":{"mods":["AchievementEnabler","BaseMod","Colored Map","Colored Powertips","Highlight Path","Minty Spire (QoL Compilation)","Relic Stats","Slay the Relics Exporter","everything is the same but u backflip on backflip"],"gold_per_floor":[114,40,115,41,41,41,71,71,121,146,165,183,207,225,225,320,320,335,335,26,46,66,97,114,142,142,173,183,183,214,231,231,336,336,350,360,40,59,78,78,78,106,131,131,150,150,183,37,37,37,37,37,37,63,63,63],"floor_reached":55,"playtime":2999,"items_purged":[],"score":991,"play_id":"57cad3eb-0e98-46ce-af6e-044b5a271e5d","local_time":"20201229001152","is_ascension_mode":true,"campfire_choices":[{"data":"Zap","floor":6,"key":"SMITH"},{"data":"Capacitor","floor":8,"key":"SMITH"},{"data":"Heatsinks","floor":15,"key":"SMITH"},{"floor":32,"key":"REST"},{"floor":40,"key":"REST"},{"floor":46,"key":"RECALL"},{"floor":49,"key":"REST"},{"floor":52,"key":"REST"}],"circlet_count":0,"master_deck":["Zap+1","Dualcast+1","BootSequence+1","Heatsinks+1","Capacitor+1","Glacier+1","Fission+1","Doom and Gloom+1","Storm+1","Machine Learning+1","Fusion+1","Darkness+1","Barrage+1","Defragment+1","Chill+1","Electrodynamics+1","Static Discharge+1","Electrodynamics+1","Steam Power+1","Thunder Strike+1","Leap+1","Loop+1","Storm+1","Chaos+1","Static Discharge+1","Defragment+1","Biased Cognition+1"],"relics":["Cracked Core","NeowsBlessing","Frozen Egg 2","Bag of Marbles","Toxic Egg 2","War Paint","Pandora\u0027s Box","Ice Cream","Bottled Lightning","Strawberry","Singing Bowl","Bag of Preparation","Darkstone Periapt","Astrolabe","InkBottle","Ornamental Fan","Whetstone","Akabeko","Runic Capacitor","Nunchaku"],"acts_visited":["Exordium","TheCity","TheBeyond","TheEnding"],"potions_floor_usage":[16,16,55,55,55],"damage_taken":[{"damage":0,"enemies":"Jaw Worm","floor":1,"turns":1},{"damage":0,"enemies":"Lagavulin","floor":7,"turns":1},{"damage":0,"enemies":"Gremlin Nob","floor":10,"turns":1},{"damage":0,"enemies":"2 Louse","floor":11,"turns":2},{"damage":0,"enemies":"Cultist","floor":12,"turns":3},{"damage":12,"enemies":"Exordium Thugs","floor":14,"turns":8},{"damage":20,"enemies":"The Guardian","floor":16,"turns":17},{"damage":0,"enemies":"Spheric Guardian","floor":18,"turns":3},{"damage":0,"enemies":"Chosen","floor":21,"turns":3},{"damage":20,"enemies":"Sentry and Sphere","floor":22,"turns":4},{"damage":9,"enemies":"Slavers","floor":23,"turns":5},{"damage":7,"enemies":"Snecko","floor":24,"turns":4},{"damage":0,"enemies":"Book of Stabbing","floor":25,"turns":3},{"damage":9,"enemies":"Slavers","floor":27,"turns":3},{"damage":2,"enemies":"Centurion and Healer","floor":28,"turns":2},{"damage":12,"enemies":"Gremlin Leader","floor":30,"turns":3},{"damage":0,"enemies":"Shelled Parasite and Fungi","floor":31,"turns":2},{"damage":12,"enemies":"Champ","floor":33,"turns":6},{"damage":0,"enemies":"3 Shapes","floor":35,"turns":2},{"damage":0,"enemies":"Orb Walker","floor":36,"turns":2},{"damage":18,"enemies":"Jaw Worm Horde","floor":38,"turns":2},{"damage":2,"enemies":"Maw","floor":39,"turns":4},{"damage":19,"enemies":"Nemesis","floor":42,"turns":3},{"damage":0,"enemies":"4 Shapes","floor":45,"turns":1},{"damage":6,"enemies":"Giant Head","floor":47,"turns":4},{"damage":56,"enemies":"Time Eater","floor":50,"turns":4},{"damage":34,"enemies":"Shield and Spear","floor":54,"turns":3},{"damage":87,"enemies":"The Heart","floor":55,"turns":3}],"seed_played":"-6324557838112155841","potions_obtained":[{"floor":1,"key":"Fire Potion"},{"floor":7,"key":"FocusPotion"},{"floor":12,"key":"SmokeBomb"},{"floor":22,"key":"FearPotion"},{"floor":25,"key":"AttackPotion"},{"floor":28,"key":"Block Potion"},{"floor":39,"key":"Swift Potion"},{"floor":42,"key":"DuplicationPotion"}],"is_trial":false,"path_per_floor":["M","$","?","$","?","R","E","R","T","E","M","M","T","M","R","B",null,"M","?","$","M","M","E","M","E","T","E","M","?","E","M","R","B",null,"M","M","$","M","M","R","T","E","T","?","M","R","E","$","R","B",null,"R","$","E","B"],"character_chosen":"DEFECT","items_purchased":["Heatsinks","Capacitor","Ice Cream","Storm+1","InkBottle","Runic Capacitor"],"campfire_rested":4,"item_purchase_floors":[2,4,20,37,37,48],"current_hp_per_floor":[75,75,64,64,64,64,64,64,64,64,64,64,64,52,52,32,75,75,61,61,61,41,32,25,32,32,25,25,25,15,17,45,33,95,97,97,97,79,77,97,97,80,80,80,80,80,76,76,96,40,96,96,96,62,0,0],"gold":63,"neow_bonus":"THREE_ENEMY_KILL","is_daily":false,"chose_seed":false,"campfire_upgraded":3,"win_rate":0.0,"timestamp":1609218712,"path_taken":["M","$","?","$","?","R","E","R","T","E","M","?","?","M","R","BOSS","M","?","$","M","M","E","M","E","T","E","M","?","E","M","R","BOSS","M","M","?","?","M","R","?","E","T","?","?","R","E","$","R","BOSS","R","$","E","BOSS"],"items_purchased_type":["Card","Card","Relic","Card","Relic","Relic"],"build_version":"2020-12-22","purchased_purges":0,"victory":false,"max_hp_per_floor":[75,75,75,75,75,75,75,75,75,75,75,75,75,75,75,75,75,75,80,80,80,80,80,80,87,87,89,91,91,93,95,95,95,95,97,97,97,97,97,97,97,99,99,94,94,94,96,96,96,96,96,96,96,96,96,96],"relic_stats":{"Darkstone Periapt":0,"Nunchaku":[0],"Singing Bowl":14,"counters":[28,99],"Ornamental Fan":[0],"Astrolabe":["Steam Power","Thunder Strike","Leap"],"Pandora\u0027s Box":["Doom and Gloom","Reprogram","Storm","Machine Learning","Scrape","Fusion","Darkness"],"Bag of Preparation":[28],"Whetstone":["Doom and Gloom"],"War Paint":["BootSequence","Dualcast"],"obtain_stats":[{"Ice Cream":20,"Darkstone Periapt":30,"NeowsBlessing":0,"Singing Bowl":26,"Astrolabe":34,"Bag of Preparation":27,"Runic Capacitor":48,"Whetstone":43,"Frozen Egg 2":7,"War Paint":13,"Akabeko":47,"Nunchaku":54,"Ornamental Fan":42,"Strawberry":25,"Pandora\u0027s Box":17,"Bag of Marbles":9,"Bottled Lightning":23,"Toxic Egg 2":10,"Cracked Core":0,"InkBottle":37},{"Ice Cream":8,"Darkstone Periapt":16,"NeowsBlessing":0,"Singing Bowl":13,"Astrolabe":18,"Bag of Preparation":14,"Runic Capacitor":25,"Whetstone":23,"Frozen Egg 2":2,"War Paint":5,"Akabeko":25,"Nunchaku":27,"Ornamental Fan":23,"Strawberry":13,"Pandora\u0027s Box":7,"Bag of Marbles":2,"Bottled Lightning":11,"Toxic Egg 2":3,"Cracked Core":0,"InkBottle":20},{"Ice Cream":36,"Darkstone Periapt":63,"NeowsBlessing":0,"Singing Bowl":55,"Astrolabe":71,"Bag of Preparation":58,"Runic Capacitor":89,"Whetstone":84,"Frozen Egg 2":2,"War Paint":8,"Akabeko":89,"Nunchaku":96,"Ornamental Fan":84,"Strawberry":55,"Pandora\u0027s Box":33,"Bag of Marbles":2,"Bottled Lightning":48,"Toxic Egg 2":3,"Cracked Core":0,"InkBottle":75}],"InkBottle":[8]},"card_choices":[{"not_picked":["Steam Power","Cold Snap"],"picked":"BootSequence","floor":1},{"not_picked":["Undo","Auto Shields","Leap"],"picked":"SKIP","floor":7},{"not_picked":["Steam Power+1","Leap+1"],"picked":"Glacier+1","floor":10},{"not_picked":["Melter","Rebound"],"picked":"Conserve Battery+1","floor":11},{"not_picked":["All For One","Go for the Eyes","Turbo+1"],"picked":"SKIP","floor":12},{"not_picked":["Cold Snap","Hologram+1","Gash"],"picked":"SKIP","floor":14},{"not_picked":["Multi-Cast+1","Rainbow+1"],"picked":"Fission+1","floor":16},{"not_picked":["Sweeping Beam","Turbo+1"],"picked":"Barrage+1","floor":18},{"not_picked":["Ball Lightning+1","Barrage"],"picked":"Defragment+1","floor":21},{"not_picked":["Cold Snap","Ball Lightning"],"picked":"Chill+1","floor":22},{"not_picked":["Melter+1","Reprogram+1"],"picked":"Electrodynamics+1","floor":23},{"not_picked":["Coolheaded+1","Stack+1"],"picked":"Static Discharge+1","floor":24},{"not_picked":["Reprogram+1","Redo+1","Ball Lightning+1"],"picked":"SKIP","floor":25},{"not_picked":["All For One","Hyperbeam","Scrape"],"picked":"Singing Bowl","floor":27},{"not_picked":["Hologram+1","Rebound","Redo+1"],"picked":"Singing Bowl","floor":28},{"not_picked":["Rebound","Auto Shields+1","Beam Cell+1"],"picked":"Singing Bowl","floor":30},{"not_picked":["Redo+1","Coolheaded+1","Sweeping Beam+1"],"picked":"Singing Bowl","floor":31},{"not_picked":["All For One","Fission+1"],"picked":"Electrodynamics+1","floor":33},{"not_picked":["Skim+1","Ball Lightning+1","Blizzard+1"],"picked":"Singing Bowl","floor":35},{"not_picked":["Glacier+1","Stack+1"],"picked":"Loop+1","floor":36},{"not_picked":["Sweeping Beam","Gash"],"picked":"Chaos+1","floor":38},{"not_picked":["Beam Cell+1","Stack+1","Static Discharge+1"],"picked":"SKIP","floor":39},{"not_picked":["Beam Cell+1","Stack+1"],"picked":"Static Discharge+1","floor":39},{"not_picked":["Blizzard+1","Barrage+1","Go for the Eyes+1"],"picked":"Singing Bowl","floor":42},{"not_picked":["Blizzard","Darkness+1"],"picked":"Defragment+1","floor":45},{"not_picked":["Stack+1","Barrage","Rebound"],"picked":"Singing Bowl","floor":47},{"not_picked":["Fusion+1","Steam+1"],"picked":"Biased Cognition+1","floor":54}],"player_experience":106087,"relics_obtained":[{"floor":7,"key":"Frozen Egg 2"},{"floor":9,"key":"Bag of Marbles"},{"floor":10,"key":"Toxic Egg 2"},{"floor":13,"key":"War Paint"},{"floor":23,"key":"Bottled Lightning"},{"floor":25,"key":"Strawberry"},{"floor":26,"key":"Singing Bowl"},{"floor":27,"key":"Bag of Preparation"},{"floor":30,"key":"Darkstone Periapt"},{"floor":42,"key":"Ornamental Fan"},{"floor":43,"key":"Whetstone"},{"floor":47,"key":"Akabeko"},{"floor":54,"key":"Nunchaku"}],"event_choices":[{"damage_healed":0,"gold_gain":75,"player_choice":"Gather Gold","damage_taken":11,"max_hp_gain":0,"max_hp_loss":0,"event_name":"World of Goop","floor":3,"gold_loss":0},{"cards_removed":["Strike_B"],"damage_healed":0,"gold_gain":0,"player_choice":"Offered Basic","damage_taken":0,"max_hp_gain":0,"max_hp_loss":0,"event_name":"Bonfire Elementals","floor":5,"gold_loss":0},{"damage_healed":0,"gold_gain":0,"player_choice":"Shed Blood","damage_taken":19,"max_hp_gain":5,"max_hp_loss":0,"event_name":"Forgotten Altar","floor":19,"gold_loss":0},{"damage_healed":0,"gold_gain":0,"player_choice":"0 cards matched","damage_taken":0,"max_hp_gain":0,"max_hp_loss":0,"event_name":"Match and Keep!","floor":29,"gold_loss":0,"cards_obtained":[]},{"damage_healed":0,"gold_gain":0,"player_choice":"Max HP","damage_taken":0,"max_hp_gain":0,"max_hp_loss":5,"event_name":"Winding Halls","floor":44,"gold_loss":0}],"is_beta":false,"boss_relics":[{"not_picked":["SacredBark","Velvet Choker"],"picked":"Pandora\u0027s Box"},{"not_picked":["Snecko Eye","Busted Crown"],"picked":"Astrolabe"}],"items_purged_floors":[],"is_endless":false,"potions_floor_spawned":[1,7,12,22,25,27,28,39,42,47],"killed_by":"The Heart","ascension_level":3}}