{"host":"evok2ztcuz289k61","time":1609214629,"event":{"mods":["BaseMod","Colored Map","Downfall","Minty Spire (QoL Compilation)","StSLib"],"gold_per_floor":[99,119,131,146,146,246,246,96,116,116,133,133,133,162,172,275,275,275,292,311,311,411,411,464,490,490,523,448,458,458,470,490,588,588,588,600,612,50,50,50,50,50,50,75,95,126,126,90,102,102,102,130,58,58,58],"floor_reached":56,"playtime":3597,"items_purged":["champ:Strike","champ:Strike"],"score":1555,"play_id":"c5f6d84b-e115-4c64-98b8-169272447259","local_time":"20201228230349","is_ascension_mode":true,"campfire_choices":[{"floor":1,"key":"RECALL"},{"floor":8,"key":"REST"},{"floor":13,"key":"REST"},{"floor":18,"key":"REST"},{"floor":23,"key":"REST"},{"floor":28,"key":"REST"},{"floor":30,"key":"REST"},{"floor":35,"key":"REST"},{"floor":40,"key":"REST"},{"floor":47,"key":"REST"},{"floor":54,"key":"REST"}],"circlet_count":0,"master_deck":["champ:Strike","champ:Defend","champ:Defend+1","champ:Defend","champ:Taunt","champ:Control","champ:ShieldSigil+1","champ:StanceDance","champ:Control","champ:FlashCut","champ:Devastate","champ:BringItOn","champ:CrownThrow","champ:FanOfKnives","champ:Haymaker+1","champ:ShieldSigil+1","champ:GutPunch+1","champ:BringItOn","champ:Improvising","champ:FaceSlap+1","Apotheosis","champ:IgnorePain","champ:StanceDance+1","champ:EnchantCrown"],"relics":["Fusion Hammer","champ:LiftRelic","WristBlade","downfall:HeartBlessingRed","downfall:HeartBlessingBlue","Oddly Smooth Stone","SacredBark","Nilry\u0027s Codex","champ:BlackKnightHelmet","Shuriken","War Paint","Bag of Preparation","Guardian:GemstoneGun","Omamori","downfall:HeartBlessingGreen","expansioncontent:StudyCardRelic","Ice Cream","Bottled Flame","champ:GladiatorsBookOfMartialProwess","Orichalcum","Incense Burner","Membership Card","Dead Branch","InkBottle","Sling"],"acts_visited":["Exordium","TheCity","TheBeyond","TheEnding"],"potions_floor_usage":[6,14,22,22,22,22,25,27,33,33,55,55,55],"damage_taken":[{"damage":8,"enemies":"Jaw Worm","floor":2,"turns":4},{"damage":6,"enemies":"Small Slimes","floor":3,"turns":3},{"damage":2,"enemies":"2 Louse","floor":4,"turns":2},{"damage":50,"enemies":"2 Louse","floor":6,"turns":5},{"damage":5,"enemies":"Exordium Thugs","floor":9,"turns":3},{"damage":7,"enemies":"Exordium Wildlife","floor":11,"turns":1},{"damage":23,"enemies":"Gremlin Nob","floor":14,"turns":3},{"damage":0,"enemies":"Blue Slaver","floor":15,"turns":2},{"damage":58,"enemies":"downfall:Defect","floor":16,"turns":7},{"damage":20,"enemies":"Chosen","floor":19,"turns":4},{"damage":47,"enemies":"Shell Parasite","floor":20,"turns":4},{"damage":67,"enemies":"Shell Parasite","floor":22,"turns":7},{"damage":42,"enemies":"Slavers","floor":25,"turns":3},{"damage":0,"enemies":"Book of Stabbing","floor":27,"turns":3},{"damage":3,"enemies":"Snake Plant","floor":29,"turns":2},{"damage":0,"enemies":"Cultist and Chosen","floor":31,"turns":3},{"damage":5,"enemies":"Snecko","floor":32,"turns":2},{"damage":38,"enemies":"downfall:Silent","floor":33,"turns":5},{"damage":25,"enemies":"3 Darklings","floor":36,"turns":3},{"damage":0,"enemies":"Orb Walker","floor":37,"turns":1},{"damage":5,"enemies":"downfall:FleeingMerchant","floor":38,"turns":4},{"damage":47,"enemies":"Reptomancer","floor":44,"turns":3},{"damage":3,"enemies":"Sphere and 2 Shapes","floor":45,"turns":3},{"damage":10,"enemies":"Giant Head","floor":46,"turns":4},{"damage":0,"enemies":"downfall:FleeingMerchant","floor":48,"turns":2},{"damage":37,"enemies":"Jaw Worm Horde","floor":49,"turns":2},{"damage":29,"enemies":"downfall:Watcher","floor":50,"turns":5},{"damage":65,"enemies":"downfall:CharBossMerchant","floor":52,"turns":4},{"damage":186,"enemies":"downfall:NeowBoss","floor":55,"turns":18}],"seed_played":"1978657293523618378","potions_obtained":[{"floor":2,"key":"Regen Potion"},{"floor":3,"key":"Block Potion"},{"floor":11,"key":"champ:CounterPotion"},{"floor":16,"key":"LiquidBronze"},{"floor":20,"key":"EntropicBrew"},{"floor":29,"key":"Energy Potion"},{"floor":31,"key":"LiquidBronze"},{"floor":33,"key":"CultistPotion"},{"floor":36,"key":"Strength Potion"},{"floor":49,"key":"Swift Potion"}],"is_trial":false,"path_per_floor":["R","M","M","M","?","?","T","R","M","?","M","?","R","E","M","B",null,"R","M","M","?","?","R","T","E","T","E","R","M","R","M","M","B",null,"R","M","M","$","?","R","T","?","T","E","M","E","R","$","M","B",null,"E","$","R","B",null],"character_chosen":"THE_CHAMP","items_purchased":["Apotheosis","Ice Cream","Membership Card","Dead Branch","Sling"],"campfire_rested":10,"item_purchase_floors":[38,38,48,48,53],"current_hp_per_floor":[90,87,86,84,84,51,51,91,91,91,91,91,100,91,91,61,100,100,88,62,46,13,43,43,6,6,6,36,36,66,66,66,66,100,100,95,95,95,95,100,100,100,100,88,88,88,100,100,63,71,100,59,59,89,50],"gold":58,"neow_bonus":"BOSS_RELIC","is_daily":false,"chose_seed":false,"campfire_upgraded":0,"win_rate":0.0,"timestamp":1609214629,"path_taken":["R","M","M","M","?","?","T","R","M","?","?","?","R","E","M","BOSS","R","M","M","?","?","R","T","E","?","E","R","?","R","M","M","BOSS","R","M","M","$","?","R","T","?","?","E","M","E","R","$","M","BOSS","E","$","R","BOSS"],"items_purchased_type":["Card","Relic","Relic","Relic","Relic"],"build_version":"2020-12-22","purchased_purges":2,"victory":true,"max_hp_per_floor":[90,90,90,90,90,90,90,100,100,100,100,100,100,100,100,100,100,100,100,100,100,100,100,100,100,100,100,100,100,100,100,100,100,100,100,100,100,100,100,100,100,100,100,100,100,100,100,100,100,100,100,100,100,100,100],"card_choices":[{"not_picked":["champ:DefensiveShout","champ:CrookedStrike"],"picked":"champ:Control","floor":2},{"not_picked":["champ:Backstep","champ:HeartStrike"],"picked":"champ:ShieldSigil","floor":3},{"not_picked":["champ:DefensiveShout","champ:CrookedStrike"],"picked":"champ:StanceDance","floor":4},{"not_picked":["champ:TornadoPunch","champ:Riposte"],"picked":"champ:Control","floor":6},{"not_picked":["champ:ShieldWall","champ:CheapShot","champ:Control"],"picked":"SKIP","floor":9},{"not_picked":["champ:CrookedStrike","champ:GladiatorStyle","champ:GladiatorsShout"],"picked":"SKIP","floor":11},{"not_picked":["champ:FalseCounter","champ:DefensiveShout"],"picked":"champ:Devastate","floor":14},{"not_picked":["champ:Balance","champ:AdrenalArmor"],"picked":"champ:BringItOn","floor":15},{"not_picked":["champ:CheapShot","champ:HoldFirm"],"picked":"champ:CrownThrow","floor":16},{"not_picked":["champ:FlashCut","champ:FocusedDefense"],"picked":"champ:FanOfKnives","floor":19},{"not_picked":["champ:Balance","champ:FalseCounter"],"picked":"champ:Haymaker+1","floor":20},{"not_picked":["champ:RageSigil","champ:Haymaker"],"picked":"champ:ShieldSigil+1","floor":22},{"not_picked":["champ:GladiatorsShout","champ:BladeFlurry"],"picked":"champ:GutPunch+1","floor":25},{"not_picked":["champ:Haymaker+1","champ:FightOn"],"picked":"champ:BringItOn","floor":27},{"not_picked":["champ:RisingSlash","champ:BringItOn","champ:SkillfulDodge"],"picked":"SKIP","floor":29},{"not_picked":["champ:BerserkersShout+1","champ:Circumvent","champ:CrookedStrike"],"picked":"SKIP","floor":31},{"not_picked":["champ:FanOfKnives","champ:FightOn","champ:RapidStrikes"],"picked":"SKIP","floor":32},{"not_picked":["champ:CrownThrow","champ:HoldFirm"],"picked":"champ:Improvising","floor":33},{"not_picked":["champ:FocusedBerserking+1","champ:FanOfKnives"],"picked":"champ:FaceSlap+1","floor":36},{"not_picked":["champ:RageSigil+1","champ:TornadoPunch","champ:GutPunch+1"],"picked":"SKIP","floor":37},{"not_picked":["champ:RisingSlash+1","champ:GladiatorsShout","champ:RageSigil"],"picked":"SKIP","floor":38},{"not_picked":["champ:Circumvent+1","champ:FocusedDefense","champ:SkillfulDodge"],"picked":"SKIP","floor":44},{"not_picked":["champ:BladeFlurry","champ:FightOn"],"picked":"champ:IgnorePain","floor":45},{"not_picked":["champ:FaceSlap","champ:DefensiveShout","champ:IgnorePain"],"picked":"SKIP","floor":46},{"not_picked":["champ:PerfectedStrike","champ:DefensiveShout+1"],"picked":"champ:StanceDance+1","floor":48},{"not_picked":["champ:RageSigil+1","champ:ShieldWall","champ:StanceDance+1"],"picked":"SKIP","floor":49},{"not_picked":["champ:ShieldSlam","champ:BerserkersShout"],"picked":"champ:EnchantCrown","floor":52}],"player_experience":323871,"relics_obtained":[{"floor":6,"key":"WristBlade"},{"floor":14,"key":"Oddly Smooth Stone"},{"floor":21,"key":"Nilry\u0027s Codex"},{"floor":22,"key":"champ:BlackKnightHelmet"},{"floor":22,"key":"Shuriken"},{"floor":24,"key":"War Paint"},{"floor":25,"key":"Bag of Preparation"},{"floor":26,"key":"Guardian:GemstoneGun"},{"floor":27,"key":"Omamori"},{"floor":41,"key":"Bottled Flame"},{"floor":43,"key":"champ:GladiatorsBookOfMartialProwess"},{"floor":44,"key":"Orichalcum"},{"floor":46,"key":"Incense Burner"},{"floor":52,"key":"InkBottle"}],"event_choices":[{"cards_removed":["champ:Defend"],"damage_healed":0,"gold_gain":0,"player_choice":"Offered Basic","damage_taken":0,"max_hp_gain":0,"max_hp_loss":0,"event_name":"Bonfire Elementals","floor":10,"gold_loss":0},{"damage_healed":0,"gold_gain":0,"cards_transformed":["champ:Strike"],"player_choice":"Change","damage_taken":0,"max_hp_gain":0,"max_hp_loss":0,"event_name":"Living Wall","floor":12,"gold_loss":0,"cards_obtained":["champ:FlashCut"]},{"cards_removed":["champ:Execute"],"damage_healed":0,"gold_gain":0,"player_choice":"Removed Attack","damage_taken":0,"max_hp_gain":0,"max_hp_loss":0,"event_name":"Falling","floor":39,"gold_loss":0}],"is_beta":false,"boss_relics":[{"not_picked":["Velvet Choker","Empty Cage"],"picked":"SacredBark"},{"not_picked":["Runic Dome","Philosopher\u0027s Stone"],"picked":"expansioncontent:StudyCardRelic"}],"items_purged_floors":[38,48],"is_endless":false,"potions_floor_spawned":[2,3,11,16,20,29,31,33,36,49],"ascension_level":2}}