{"host":"x4d6lk1isuf99bn5","time":1609246200,"event":{"mods":["Act Like it!","BaseMod","Gensokyo","Marisa£®ÏF”Í°°ƒß¿Ì…≥£©","Minty Spire (QoL Compilation)","Quick Restart","Reimu£®≤©¿ˆ¡È√Œ£©","Remilia£®¿Ÿ√◊¿Ú—«£©","Replay The Spire","Shop Mod","StSLib","The Poker Player","The Servant 0.9.4","Waifu the Spire","Yakumo Yukari mod","Youmu£®ªÍ∆«—˝√Œ£©"],"gold_per_floor":[117,117,133,153,229,243,243,243,243,258,258,258,8,28,28,125,175,192,192,46,46,46,46,46,78,78,97,124,223,223,223,277,375,375,391,322,137,147,72,72,99,99,99,0,0,11,11,26,26,26],"floor_reached":51,"playtime":1692,"items_purged":["Strike_G"],"score":799,"play_id":"8a33d634-afcd-4b7b-86c1-7fa87b4f8dc2","local_time":"20201229205000","daily_mods":["Vintage","Heirloom","Flight"],"is_ascension_mode":false,"campfire_choices":[{"data":"Strike_G","floor":8,"key":"PURGE"},{"data":"Defend_G","floor":11,"key":"PURGE"},{"data":"Noxious Fumes","floor":15,"key":"SMITH"},{"data":"ReplayTheSpireMod:From All Sides","floor":23,"key":"SMITH"},{"data":"ReplayTheSpireMod:From All Sides","floor":24,"key":"SMITH"},{"floor":30,"key":"REST"},{"data":"Outmaneuver","floor":40,"key":"SMITH"},{"data":"Replay:Bag of Tricks","floor":42,"key":"SMITH"},{"floor":45,"key":"REST"},{"data":"Strike_G","floor":47,"key":"PURGE"},{"data":"Adrenaline","floor":49,"key":"SMITH"}],"circlet_count":0,"master_deck":["Strike_G+1","Strike_G","Defend_G","Defend_G","Defend_G","Defend_G","Survivor","Neutralize","Noxious Fumes+1","Backstab","ReplayTheSpireMod:From All Sides+1","Outmaneuver+1","Adrenaline+1","Deadly Poison+1","Replay:Bag of Tricks+1","Leg Sweep","Fluid Movement","Pot Of Greed+1","Pot Of Greed+1"],"relics":["Ring of the Snake","Peace Pipe","FossilizedHelix","Chameleon Ring","CrazyTorch:ReiMu","Replay:WaspNest","Byrd Skull","MealTicket","Orichalcum","TentaclePot:ReiMu","ReplayTheSpireMod:Ninjato","Tiny House","Potion Belt","Chemical X","Darkstone Periapt","ReplayTheSpireMod:Lightbulb","Replay:Mystery Machine","Centennial Puzzle","Quantum Egg","Grinning Jar","Replay:Bottled Eggs","Letter Opener","Juzu Bracelet","Red Mask","Bag of Preparation","RuthlessExorcism:ReiMu"],"acts_visited":["Exordium","TheCity","TheBeyond"],"potions_floor_usage":[16,16,33,33,50,50,50],"damage_taken":[{"damage":2.0,"enemies":"Jaw Worm","floor":1.0,"turns":6.0},{"damage":1,"enemies":"Cultist","floor":3,"turns":4},{"damage":0,"enemies":"2 Louse","floor":4,"turns":3},{"damage":11,"enemies":"Lots of Slimes","floor":6,"turns":8},{"damage":0,"enemies":"Blue Slaver","floor":10,"turns":5},{"damage":0,"enemies":"Exordium Wildlife","floor":14,"turns":4},{"damage":30,"enemies":"Hexaghost","floor":16,"turns":6},{"damage":0,"enemies":"3 Byrds","floor":18,"turns":4},{"damage":33,"enemies":"Gremlin Leader","floor":25,"turns":6},{"damage":0,"enemies":"Spheric Guardian","floor":27,"turns":1},{"damage":21,"enemies":"Slavers","floor":28,"turns":4},{"damage":47,"enemies":"Champ","floor":33,"turns":8},{"damage":0,"enemies":"3 Shapes","floor":35,"turns":7},{"damage":0,"enemies":"Orb Walker","floor":38,"turns":2},{"damage":10,"enemies":"Giant Head","floor":41,"turns":7},{"damage":0,"enemies":"Spire Growth","floor":46,"turns":2},{"damage":0,"enemies":"Transient","floor":48,"turns":5},{"damage":50,"enemies":"Donu and Deca","floor":50,"turns":6}],"seed_played":"-8294523556674008158","potions_obtained":[{"floor":1,"key":"Strength Potion"},{"floor":2,"key":"LiquidMemories"},{"floor":2,"key":"ColorlessPotion"},{"floor":14,"key":"PowerPotion"},{"floor":16,"key":"ZuzhouPotion:ReiMu"},{"floor":17,"key":"Elixir"},{"floor":18,"key":"BlessingOfTheForge"},{"floor":27,"key":"SpeedPotion"},{"floor":28,"key":"SmokeBomb"},{"floor":38,"key":"Fire Potion"},{"floor":41,"key":"Weak Potion"},{"floor":48,"key":"PowerPotion"}],"is_trial":true,"path_per_floor":["M","?","M","M","T","M","T","R","T","M","R","?","$","M","R","B",null,"M","?","$","?","?","R","R","E","T","M","E","?","R","?","R","B",null,"M","$","$","M","$","R","E","R","T","?","R","M","R","M","R","B",null],"character_chosen":"THE_SILENT","items_purchased":["Noxious Fumes","TentaclePot:ReiMu","Backstab","Chemical X","Leg Sweep","Fluid Movement","Grinning Jar"],"campfire_rested":2,"item_purchase_floors":[13,13,13,20,36,37,37],"current_hp_per_floor":[68,68,67,67,67,56,56,56,56,56,56,56,70,70,70,40,75,75,75,75,75,75,75,75,42,42,42,21,21,43,85,85,38,85,85,85,85,85,85,85,75,75,75,75,85,85,85,85,85,35],"gold":26,"neow_bonus":"","is_daily":false,"chose_seed":false,"campfire_upgraded":6,"win_rate":0.0,"timestamp":1609246200,"path_taken":["M","?","M","?","?","?","?","R","T","M","R","?","$","?","R","BOSS","M","?","$","?","?","R","R","E","T","?","E","?","R","?","R","BOSS","M","$","$","?","$","R","E","R","T","?","R","M","R","M","R","BOSS"],"items_purchased_type":["Card","Relic","Card","Relic","Card","Card","Relic"],"build_version":"2020-12-22","purchased_purges":1,"victory":true,"max_hp_per_floor":[70,70,70,70,70,70,70,70,70,70,70,70,70,70,70,70,75,75,75,75,75,75,75,75,75,75,75,75,75,75,85,85,85,85,85,85,85,85,85,85,85,85,85,85,85,85,85,85,85,85],"card_choices":[{"not_picked":["Malaise","A Thousand Cuts"],"picked":"ReplayTheSpireMod:From All Sides","floor":16},{"not_picked":["Flechettes","Riddle With Holes"],"picked":"Outmaneuver","floor":17},{"not_picked":["Sneak Up","Outmaneuver"],"picked":"Adrenaline","floor":25},{"not_picked":["PiercingWail","Sucker Punch"],"picked":"Deadly Poison+1","floor":28},{"not_picked":["A Thousand Cuts","Corpse Explosion"],"picked":"Replay:Bag of Tricks","floor":33},{"not_picked":["PiercingWail","Backflip","Blade Dance+1"],"picked":"SKIP","floor":41}],"player_experience":77612,"relics_obtained":[{"floor":3,"key":"FossilizedHelix"},{"floor":4,"key":"Chameleon Ring"},{"floor":5,"key":"CrazyTorch:ReiMu"},{"floor":6,"key":"Replay:WaspNest"},{"floor":7,"key":"Byrd Skull"},{"floor":9,"key":"MealTicket"},{"floor":10,"key":"Orichalcum"},{"floor":14,"key":"ReplayTheSpireMod:Ninjato"},{"floor":18,"key":"Potion Belt"},{"floor":25,"key":"Darkstone Periapt"},{"floor":26,"key":"ReplayTheSpireMod:Lightbulb"},{"floor":27,"key":"Replay:Mystery Machine"},{"floor":28,"key":"Centennial Puzzle"},{"floor":35,"key":"Quantum Egg"},{"floor":38,"key":"Replay:Bottled Eggs"},{"floor":41,"key":"Letter Opener"},{"floor":43,"key":"Juzu Bracelet"},{"floor":46,"key":"Bag of Preparation"},{"floor":48,"key":"RuthlessExorcism:ReiMu"}],"event_choices":[{"damage_healed":0,"gold_gain":0,"player_choice":"Got Potions","damage_taken":0,"max_hp_gain":0,"max_hp_loss":0,"event_name":"Lab","floor":2,"gold_loss":0},{"damage_healed":0,"gold_gain":0,"player_choice":"Ignored","damage_taken":0,"max_hp_gain":0,"max_hp_loss":0,"event_name":"NoteForYourself","floor":12,"gold_loss":0},{"damage_healed":0,"gold_gain":0,"player_choice":"Ignored","damage_taken":0,"max_hp_gain":0,"max_hp_loss":0,"event_name":"Vampires","floor":19,"gold_loss":0},{"damage_healed":0,"gold_gain":0,"player_choice":"Ignored","damage_taken":0,"max_hp_gain":0,"max_hp_loss":0,"event_name":"Cursed Tome","floor":21,"gold_loss":0},{"damage_healed":0,"gold_gain":0,"player_choice":"Copied","damage_taken":0,"max_hp_gain":0,"max_hp_loss":0,"event_name":"Duplicator","floor":22,"gold_loss":0,"cards_obtained":["ReplayTheSpireMod:From All Sides"]},{"damage_healed":0,"gold_gain":99,"player_choice":"Stole From Cult","damage_taken":0,"max_hp_gain":0,"max_hp_loss":0,"event_name":"Nest","floor":29,"gold_loss":0},{"cards_removed":["ReplayTheSpireMod:From All Sides"],"damage_healed":32,"gold_gain":0,"player_choice":"Offered Rare","damage_taken":0,"max_hp_gain":10,"max_hp_loss":0,"event_name":"Bonfire Elementals","floor":31,"gold_loss":0},{"damage_healed":0,"gold_gain":0,"player_choice":"Paid","damage_taken":0,"relics_obtained":["Red Mask"],"max_hp_gain":0,"max_hp_loss":0,"event_name":"Tomb of Lord Red Mask","floor":44,"gold_loss":99}],"is_beta":false,"boss_relics":[{"not_picked":["Ring of the Serpent","RedLine:ReiMu"],"picked":"Tiny House"},{"not_picked":["Replay:Ancient Bell","Coffee Dripper","Runic Pyramid"]}],"items_purged_floors":[39],"is_endless":false,"potions_floor_spawned":[1,10,14,16,18,27,28,38,41,48],"ascension_level":0}}