{"host":"k9ktbd3ums043v5c","time":1609241941,"event":{"mods":["BaseMod","GifTheSpireLib","Googly Eyes","KinomotoSakuraMod(木之本樱)","Lobotomy","LobotomyExtend","Luminous","Marisa（F雨　魔理沙）","Minty Spire (QoL Compilation)","SIMod","StSLib","SuperFastMode","The Gatherer","Yuyuko","【功能Mod】聪明的最终Boss"],"gold_per_floor":[109,125,139,45,45,45,45,45],"floor_reached":7,"playtime":726,"items_purged":[],"score":41,"play_id":"57927195-775b-4d06-9acd-7c0c4afb4f05","local_time":"20201229193901","is_ascension_mode":false,"campfire_choices":[{"data":"GemstoneDetection","floor":6,"key":"SMITH"}],"circlet_count":0,"master_deck":["Strike_AJ","Strike_TS","Strike_RR","Strike_RD","Defend_TS","Defend_PP","Defend_FS","Defend_AJ","ConcertedEfforts","HarmonyShield","FollowTherRainbow","Generousity","DespairKnight","Mercenary","GemstoneDetection+1","DreamingCurrent","Lasso","DynamicVision","PartyTime"],"relics":["The_element_of_harmony","CogitoBucket","LetterFromLob"],"acts_visited":["Exordium"],"potions_floor_usage":[7],"damage_taken":[{"damage":1,"enemies":"Cultist","floor":1,"turns":4},{"damage":0,"enemies":"2 Louse","floor":2,"turns":2},{"damage":0,"enemies":"Small Slimes","floor":3,"turns":5},{"damage":87,"enemies":"3 Sentries","floor":7,"turns":5}],"seed_played":"-6359332788717910591","potions_obtained":[{"floor":3,"key":"Explosive Potion"}],"is_trial":false,"path_per_floor":["M","M","M","$","M","R","E"],"character_chosen":"TWI_CLASS","items_purchased":["DynamicVision","PartyTime"],"campfire_rested":0,"item_purchase_floors":[4,4],"current_hp_per_floor":[81,81,81,81,81,81,0,0],"gold":45,"neow_bonus":"","is_daily":false,"chose_seed":false,"campfire_upgraded":1,"win_rate":0.0,"timestamp":1609241941,"path_taken":["M","M","M","$","M","R","E"],"items_purchased_type":["Card","Card"],"build_version":"2020-12-22","purchased_purges":0,"victory":false,"max_hp_per_floor":[82,82,82,82,82,82,82,82],"card_choices":[{"not_picked":["PartyTime"],"picked":"FollowTherRainbow","floor":1},{"not_picked":["Yay"],"picked":"Generousity","floor":1},{"not_picked":["UniverseFragment","SpiderBud"],"picked":"DespairKnight","floor":1},{"not_picked":["MeatLantern","Wellcheers"],"picked":"Mercenary","floor":2},{"not_picked":["FarmExpert"],"picked":"GemstoneDetection","floor":2},{"not_picked":["PartyAlone","Tornado"],"picked":"SKIP","floor":2},{"not_picked":["OSAHOGD","SpiderBud"],"picked":"DreamingCurrent","floor":3},{"not_picked":["TenInstruments"],"picked":"Lasso","floor":3},{"not_picked":["Charge","TwentyPercentcooler"],"picked":"SKIP","floor":3}],"player_experience":23370,"relics_obtained":[{"floor":1,"key":"LetterFromLob"}],"event_choices":[],"is_beta":false,"boss_relics":[],"items_purged_floors":[],"is_endless":false,"potions_floor_spawned":[3],"killed_by":"3 Sentries","ascension_level":0}}