{"host":"yvxwvf4t2vu8n8lg","time":1609252400,"event":{"mods":["BaseMod","Marisa£®ÏF”Í°°ƒß¿Ì…≥£©","Minty Spire (QoL Compilation)","Reimu£®≤©¿ˆ¡È√Œ£©","Remilia£®¿Ÿ√◊¿Ú—«£©","StSLib","Yuyuko"],"gold_per_floor":[114,134,149,165,178,178,210,170,193,83,101,101,118,135,135,239,239,254,353,372,395,85,120,120,120,120,133,8,8,24,24,24],"floor_reached":31,"playtime":1399,"items_purged":["Strike_MRS","Defend_MRS","Strike_MRS"],"score":334,"play_id":"0b5e5a87-799d-43a4-8b36-6f6a8e29f1b1","local_time":"20201229223320","is_ascension_mode":false,"campfire_choices":[{"data":"Singularity","floor":6,"key":"SMITH"},{"floor":15,"key":"REST"},{"data":"MillisecondPulsars","floor":24,"key":"SMITH"},{"floor":29,"key":"REST"}],"circlet_count":0,"master_deck":["Strike_MRS","Strike_MRS","Defend_MRS","Defend_MRS","Defend_MRS","MasterSpark","UpSweep","DarkMatter","FairyDestructionRay","ChargeUpSpray","Singularity+1","DoubleSpark","MillisecondPulsars+1","AlicesGift","GrandCross","EnergyFlow","BlazingStar","NonDirectionalLaser+1","OrrerysSun+1","FinalSpark","MeteoricShower","MagicChant+1","Orbital","Acceleration"],"relics":["MiniHakkero","Pear","PaintedHorse:ReiMu","Bronze Scales","Philosopher\u0027s Stone","Happy Flower","Ancient Tea Set","PreservedInsect","Ice Cream"],"acts_visited":["Exordium","TheCity"],"potions_floor_usage":[7,16,16,16,16,16,23,23],"damage_taken":[{"damage":1,"enemies":"Cultist","floor":1,"turns":3},{"damage":1,"enemies":"2 Louse","floor":2,"turns":3},{"damage":6,"enemies":"Jaw Worm","floor":3,"turns":4},{"damage":10,"enemies":"Exordium Thugs","floor":4,"turns":3},{"damage":19,"enemies":"Blue Slaver","floor":5,"turns":4},{"damage":15,"enemies":"Lagavulin","floor":7,"turns":5},{"damage":8,"enemies":"2 Fungi Beasts","floor":11,"turns":2},{"damage":0,"enemies":"Lots of Slimes","floor":13,"turns":1},{"damage":23,"enemies":"Gremlin Gang","floor":14,"turns":3},{"damage":0,"enemies":"Slime Boss","floor":16,"turns":4},{"damage":6,"enemies":"Spheric Guardian","floor":18,"turns":2},{"damage":7,"enemies":"Chosen","floor":20,"turns":3},{"damage":30,"enemies":"Gremlin Leader","floor":23,"turns":4},{"damage":24,"enemies":"Snake Plant","floor":27,"turns":2},{"damage":17,"enemies":"Chosen and Byrds","floor":30,"turns":3},{"damage":38,"enemies":"Slavers","floor":31,"turns":2}],"seed_played":"8099517022357379773","potions_obtained":[{"floor":1,"key":"PowerPotion"},{"floor":5,"key":"Dexterity Potion"},{"floor":7,"key":"EntropicBrew"},{"floor":11,"key":"Strength Potion"},{"floor":16,"key":"Dexterity Potion"},{"floor":30,"key":"Ancient Potion"}],"is_trial":false,"path_per_floor":["M","M","M","M","M","R","E","?","T","$","M","?","M","M","R","B",null,"M","?","M","T","$","E","R","?","T","M","$","R","M","E"],"character_chosen":"MARISA","items_purchased":["AlicesGift","FinalSpark","MeteoricShower"],"campfire_rested":2,"item_purchase_floors":[10,22,22],"current_hp_per_floor":[81,80,74,64,45,45,40,40,40,40,32,32,32,9,36,36,92,86,86,79,79,79,49,49,49,49,25,25,52,35,0,0],"gold":24,"neow_bonus":"TEN_PERCENT_HP_BONUS","is_daily":false,"chose_seed":false,"campfire_upgraded":2,"win_rate":0.0,"timestamp":1609252400,"path_taken":["M","M","M","M","M","R","E","?","T","$","M","?","M","?","R","BOSS","M","?","M","?","$","E","R","?","T","M","$","R","M","E"],"items_purchased_type":["Card","Card","Card"],"build_version":"2020-12-22","purchased_purges":3,"victory":false,"max_hp_per_floor":[82,82,82,82,82,82,92,92,92,92,92,92,92,92,92,92,92,92,92,92,92,92,92,92,92,92,92,92,92,92,92,92],"card_choices":[{"not_picked":["MachineGunSpark","WitchLeyline"],"picked":"DarkMatter","floor":1},{"not_picked":["GalacticHalo","OpenUniverse"],"picked":"FairyDestructionRay","floor":2},{"not_picked":["SporeBomb","PowerUp"],"picked":"ChargeUpSpray","floor":3},{"not_picked":["WitchLeyline","OpenUniverse"],"picked":"Singularity","floor":4},{"not_picked":["6A","AsteroidBelt"],"picked":"DoubleSpark","floor":5},{"not_picked":["MilkyWay","MysteriousBeam"],"picked":"MillisecondPulsars","floor":7},{"not_picked":["RefractionSpark","NonDirectionalLaser","OpenUniverse"],"picked":"SKIP","floor":11},{"not_picked":["DoubleSpark","MysteriousBeam"],"picked":"GrandCross","floor":13},{"not_picked":["ManaConvection","DC"],"picked":"EnergyFlow","floor":14},{"not_picked":["SatelliteIllusion","ManaRampage"],"picked":"BlazingStar","floor":16},{"not_picked":["StarlightTyphoon+1","IllusionStar"],"picked":"NonDirectionalLaser+1","floor":18},{"not_picked":["DC","GasGiant+1"],"picked":"OrrerysSun+1","floor":20},{"not_picked":["EarthLightRay","UnstableBomb"],"picked":"MagicChant+1","floor":23},{"not_picked":["DeepEcoloBomb+1","MysteriousBeam"],"picked":"Orbital","floor":27},{"not_picked":["Occultation+1","RefractionSpark"],"picked":"Acceleration","floor":30}],"player_experience":2966,"relics_obtained":[{"floor":7,"key":"Pear"},{"floor":9,"key":"Bronze Scales"},{"floor":21,"key":"Happy Flower"},{"floor":23,"key":"Ancient Tea Set"},{"floor":26,"key":"Ice Cream"}],"event_choices":[{"damage_healed":0,"gold_gain":0,"player_choice":"»˚«Æ","damage_taken":0,"relics_obtained":["PaintedHorse:ReiMu"],"max_hp_gain":0,"max_hp_loss":0,"event_name":"yidonshenshe","floor":8,"gold_loss":40},{"damage_healed":0,"gold_gain":0,"player_choice":"Ignored","damage_taken":0,"max_hp_gain":0,"max_hp_loss":0,"event_name":"NoteForYourself","floor":12,"gold_loss":0},{"damage_healed":0,"gold_gain":99,"player_choice":"Stole From Cult","damage_taken":0,"max_hp_gain":0,"max_hp_loss":0,"event_name":"Nest","floor":19,"gold_loss":0},{"damage_healed":0,"gold_gain":0,"player_choice":"Opened","damage_taken":0,"relics_obtained":["PreservedInsect"],"max_hp_gain":0,"max_hp_loss":0,"event_name":"The Mausoleum","floor":25,"gold_loss":0}],"is_beta":false,"boss_relics":[{"not_picked":["Fusion Hammer","Runic Dome"],"picked":"Philosopher\u0027s Stone"}],"items_purged_floors":[10,22,28],"is_endless":false,"potions_floor_spawned":[1,5,7,11,16,30],"killed_by":"Slavers","ascension_level":0}}