{"host":"r0vmyty6lrh6xfm3","time":1609246898,"event":{"mods":["BaseMod","Colored Map","Minty Spire (QoL Compilation)","StSLib"],"gold_per_floor":[367,384,384,241,259,289,26,26,26,26,26,26,26,51,51,129,129,144,161,174,174,174],"floor_reached":21,"playtime":1426,"items_purged":["Strike_G"],"score":327,"play_id":"5b688c54-6330-4636-a228-846ca36a081c","local_time":"20201229070138","is_ascension_mode":true,"campfire_choices":[{"data":"Footwork","floor":8,"key":"SMITH"},{"data":"Footwork","floor":13,"key":"SMITH"},{"floor":15,"key":"REST"}],"circlet_count":0,"master_deck":["AscendersBane","Strike_G","Strike_G+1","Strike_G","Defend_G","Defend_G","Defend_G","Defend_G","Defend_G","Survivor","Neutralize+1","Deadly Poison","Flechettes+1","Footwork+1","Acrobatics","Outmaneuver","Deflect","Footwork+1","Poisoned Stab+1","Bullet Time","Bane+1","Riddle With Holes+1"],"relics":["Ring of the Snake","InkBottle","Molten Egg 2","Regal Pillow","Whetstone","Coffee Dripper"],"acts_visited":["Exordium","TheCity"],"potions_floor_usage":[6,6,16,21],"damage_taken":[{"damage":1,"enemies":"Small Slimes","floor":1,"turns":4},{"damage":0,"enemies":"Cultist","floor":2,"turns":4},{"damage":1,"enemies":"Jaw Worm","floor":5,"turns":4},{"damage":30,"enemies":"Gremlin Nob","floor":6,"turns":4},{"damage":6,"enemies":"Lagavulin","floor":14,"turns":11},{"damage":46,"enemies":"Slime Boss","floor":16,"turns":16},{"damage":1,"enemies":"Chosen","floor":18,"turns":5},{"damage":1,"enemies":"3 Byrds","floor":19,"turns":9},{"damage":41,"enemies":"Cultist and Chosen","floor":20,"turns":9},{"damage":5,"enemies":"Snecko","floor":21,"turns":2}],"seed_played":"-3873941886892726590","potions_obtained":[{"floor":2,"key":"SteroidPotion"},{"floor":5,"key":"Poison Potion"},{"floor":6,"key":"Block Potion"},{"floor":19,"key":"FearPotion"}],"is_trial":false,"path_per_floor":["M","M","?","$","M","E","$","R","T","$","?","?","R","E","R","B",null,"M","M","M","M"],"character_chosen":"THE_SILENT","items_purchased":["Footwork","Molten Egg 2","Deflect"],"campfire_rested":1,"item_purchase_floors":[4,7,7],"current_hp_per_floor":[58,58,58,58,57,27,27,27,27,27,27,27,27,21,54,8,47,46,45,4,0,0],"gold":174,"neow_bonus":"TWO_FIFTY_GOLD","is_daily":false,"chose_seed":false,"campfire_upgraded":2,"win_rate":0.0,"timestamp":1609246898,"path_taken":["M","M","?","$","M","E","$","R","T","?","?","?","R","E","R","BOSS","M","?","M","?"],"items_purchased_type":["Card","Relic","Card"],"build_version":"2020-12-22","purchased_purges":1,"victory":false,"max_hp_per_floor":[60,60,60,60,60,60,60,60,60,60,60,60,60,60,60,60,60,60,60,60,60,60],"card_choices":[{"not_picked":["Backflip","Dagger Throw"],"picked":"Deadly Poison","floor":1},{"not_picked":["Bouncing Flask","Crippling Poison"],"picked":"Flechettes","floor":2},{"not_picked":["Quick Slash","Flying Knee"],"picked":"Acrobatics","floor":5},{"not_picked":["Choke","Flechettes"],"picked":"Outmaneuver","floor":6},{"not_picked":["Expertise","Bane+1"],"picked":"Poisoned Stab+1","floor":14},{"not_picked":["Doppelganger","Night Terror"],"picked":"Bullet Time","floor":16},{"not_picked":["Outmaneuver","All Out Attack+1","Backflip"],"picked":"SKIP","floor":18},{"not_picked":["Slice+1","Escape Plan+1"],"picked":"Bane+1","floor":19},{"not_picked":["Quick Slash+1","Bane+1"],"picked":"Riddle With Holes+1","floor":20}],"player_experience":292905,"relics_obtained":[{"floor":6,"key":"InkBottle"},{"floor":9,"key":"Regal Pillow"},{"floor":14,"key":"Whetstone"}],"event_choices":[{"damage_healed":0,"gold_gain":0,"player_choice":"Upgraded","damage_taken":0,"max_hp_gain":0,"max_hp_loss":0,"event_name":"Upgrade Shrine","floor":3,"gold_loss":0,"cards_upgraded":["Flechettes"]},{"damage_healed":0,"gold_gain":0,"player_choice":"Ignored","damage_taken":0,"max_hp_gain":0,"max_hp_loss":0,"event_name":"Liars Game","floor":11,"gold_loss":0},{"damage_healed":0,"gold_gain":0,"cards_transformed":["Strike_G"],"player_choice":"Transformed","damage_taken":0,"max_hp_gain":0,"max_hp_loss":0,"event_name":"Transmorgrifier","floor":12,"gold_loss":0,"cards_obtained":["Footwork"]}],"is_beta":false,"boss_relics":[{"not_picked":["Astrolabe","HoveringKite"],"picked":"Coffee Dripper"}],"items_purged_floors":[4],"is_endless":false,"potions_floor_spawned":[2,5,6,19],"killed_by":"Snecko","ascension_level":15}}