{"host":"l017gercouzhorma","time":1609229850,"event":{"mods":["AchievementEnabler","Aspiration","BaseMod","Challenge The Spire","Conspire","Downfall","Halation","Hermit","Hubris","Infinite Spire","Jorbs\u0027s Wanderer Trilogy","Mad Scientist","Marisa????????","Mimic Mod","Minty Spire (QoL Compilation)","Random Character Button","Rare Cards Sparkle","Relic Stats","Replay The Spire","Shade Mod","StSLib","The Cursed","The Disciple","The Hierophant","The Jungle","The Runesmith","The Servant 0.9.4"],"gold_per_floor":[12,112,35,61,88,131,156,156,156,185,204,247,247,296,296,296,296],"floor_reached":16,"playtime":1817,"items_purged":[],"score":122,"play_id":"55dbe4cf-4414-47d3-8e11-8b2d540b5ea9","local_time":"20201229011730","is_ascension_mode":false,"campfire_choices":[{"floor":8,"key":"REST"},{"floor":13,"key":"REST"},{"floor":15,"key":"REST"}],"circlet_count":0,"master_deck":["Strike_MRS","Strike_MRS","Strike_MRS","Strike_MRS","Defend_MRS","Defend_MRS","Defend_MRS","Defend_MRS","MasterSpark","UpSweep","Acceleration","WitchLeyline","WitchOfGreed","EnergyRecoil","IllusionStar","CollectingQuirk","OortCloud","WitchLeyline","UltimateShortwave","SuperNova"],"relics":["MiniHakkero","Replay:Arrowhead","Bag of Preparation","infinitespire:EmpoweringShard","hubris:SlimyHat","Durian"],"acts_visited":["Exordium"],"potions_floor_usage":[6,6,11,12,14,14,14],"damage_taken":[{"damage":0,"enemies":"2 Louse","floor":1,"turns":2},{"damage":3,"enemies":"Cultist","floor":4,"turns":3},{"damage":0,"enemies":"Small Slimes","floor":5,"turns":3},{"damage":48,"enemies":"Lagavulin","floor":6,"turns":7},{"damage":15,"enemies":"Gremlin Gang","floor":7,"turns":5},{"damage":3,"enemies":"3 Louse","floor":10,"turns":3},{"damage":10,"enemies":"Blue Slaver","floor":11,"turns":3},{"damage":16,"enemies":"Gremlin Nob","floor":12,"turns":3},{"damage":5,"enemies":"Lagavulin","floor":14,"turns":3},{"damage":14,"enemies":"Fading Forest","floor":16,"turns":7}],"seed_played":"1649062284473321045","potions_obtained":[{"floor":4,"key":"Weak Potion"},{"floor":5,"key":"Swift Potion"},{"floor":6,"key":"Doom Potion"},{"floor":7,"key":"Explosive Potion"},{"floor":10,"key":"PowerPotion"},{"floor":12,"key":"Strength Potion"},{"floor":12,"key":"Explosive Potion"}],"is_trial":false,"path_per_floor":["M","?","$","M","M","E","M","R","T","M","M","E","R","E","R","B"],"character_chosen":"MARISA","items_purchased":["WitchLeyline","WitchOfGreed"],"campfire_rested":3,"item_purchase_floors":[3,3],"current_hp_per_floor":[75,75,75,72,72,24,9,31,31,28,18,2,24,24,48,34,34],"gold":296,"neow_bonus":"ONE_RARE_RELIC","is_daily":false,"chose_seed":false,"campfire_upgraded":0,"win_rate":0.0,"timestamp":1609229850,"path_taken":["M","?","?","?","M","E","M","R","T","M","M","E","R","E","R","BOSS"],"items_purchased_type":["Card","Card"],"build_version":"2020-12-22","purchased_purges":0,"victory":false,"max_hp_per_floor":[75,75,75,75,75,75,75,75,75,75,75,75,75,80,80,80,80],"relic_stats":{"counters":[10,39],"Bag of Preparation":[12],"obtain_stats":[{"Bag of Preparation":6,"infinitespire:EmpoweringShard":9,"hubris:SlimyHat":12,"Durian":14,"MiniHakkero":0,"Replay:Arrowhead":0},{"Bag of Preparation":4,"infinitespire:EmpoweringShard":5,"hubris:SlimyHat":8,"Durian":9,"MiniHakkero":0,"Replay:Arrowhead":0},{"Bag of Preparation":15,"infinitespire:EmpoweringShard":20,"hubris:SlimyHat":29,"Durian":32,"MiniHakkero":0,"Replay:Arrowhead":0}]},"card_choices":[{"not_picked":["ChargingUp","NonDirectionalLaser"],"picked":"Acceleration","floor":1},{"not_picked":["DeepEcoloBomb","MachineGunSpark","DC"],"picked":"SKIP","floor":4},{"not_picked":["PowerUp","6A"],"picked":"EnergyRecoil","floor":5},{"not_picked":["ShootTheMoon","PowerUp"],"picked":"IllusionStar","floor":6},{"not_picked":["DoubleSpark","BlazeAway"],"picked":"CollectingQuirk","floor":7},{"not_picked":["Acceleration","GrandCross"],"picked":"OortCloud","floor":10},{"not_picked":["AsteroidBelt","Robbery"],"picked":"WitchLeyline","floor":11},{"not_picked":["DarkMatter","GasGiant"],"picked":"UltimateShortwave","floor":12},{"not_picked":["BlazeAway","EarthLightRay"],"picked":"SuperNova","floor":14}],"player_experience":815335,"relics_obtained":[{"floor":6,"key":"Bag of Preparation"},{"floor":9,"key":"infinitespire:EmpoweringShard"},{"floor":12,"key":"hubris:SlimyHat"},{"floor":14,"key":"Durian"}],"event_choices":[{"damage_healed":0,"gold_gain":100,"player_choice":"Pray","damage_taken":0,"max_hp_gain":0,"max_hp_loss":0,"event_name":"Golden Shrine","floor":2,"gold_loss":0}],"is_beta":false,"boss_relics":[],"items_purged_floors":[],"is_endless":false,"potions_floor_spawned":[7,10,12],"killed_by":"Fading Forest","ascension_level":0}}