{"host":"g5ctwwsvxeihc2vr","time":1609213476,"event":{"mods":["Act Like it!","BaseMod","Bestiary","Better Third Choice","Block Reminder","CapriCore","Dio Mod","Downfall","Hallownest","Hermit","JesterMod","Jorbs\u0027s Wanderer Trilogy","Koishi","Luminous","Marisa????????","Minty Spire (QoL Compilation)","Reimu??????","Remilia??????","StSLib","The Alterego","The Animator","The Bug Knight","The Cursed","The Fake Hero","The Hierophant","The Immortal","The Jungle","The Marked","The Runesmith","The Servant 0.9.4","The Wild Card","Waifu the Spire"],"gold_per_floor":[119,137,151,169,169,169,180,196,196,10,43,43,54,69,69,166,166,183,64,64,78,92,92,92],"floor_reached":23,"playtime":1945,"items_purged":[],"score":197,"play_id":"bc746381-56a4-4a82-a778-51995f3c6b03","local_time":"20201228224436","is_ascension_mode":false,"campfire_choices":[{"floor":6,"key":"REST"},{"data":"FanOfKnives","floor":15,"key":"SMITH"}],"circlet_count":0,"master_deck":["Strike_S","Strike_S","Strike_S","Strike_S","Defend_S","Defend_S","Defend_S","Defend_S","KidneyShot","Exchange","Unruled","Starlight","FastForward","FanOfKnives+1","Ricochet","Barrier","GearUp","Sunlight","GearUp","SurpressingFire","Replace"],"relics":["Uniform","MealTicket","Kunai","Letter Opener","Vajra","Ginger","Sozu"],"acts_visited":["Exordium","TheCity"],"potions_floor_usage":[16,16,23],"damage_taken":[{"damage":1,"enemies":"Cultist","floor":1,"turns":4},{"damage":0,"enemies":"2 Louse","floor":2,"turns":3},{"damage":8,"enemies":"Jaw Worm","floor":3,"turns":2},{"damage":32,"enemies":"Exordium Thugs","floor":4,"turns":9},{"damage":0,"enemies":"2 Fungi Beasts","floor":7,"turns":3},{"damage":8,"enemies":"Red Slaver","floor":8,"turns":4},{"damage":3,"enemies":"Lagavulin","floor":11,"turns":9},{"damage":0,"enemies":"3 Louse","floor":13,"turns":1},{"damage":3,"enemies":"Exordium Wildlife","floor":14,"turns":4},{"damage":39,"enemies":"Hexaghost","floor":16,"turns":15},{"damage":1,"enemies":"Spheric Guardian","floor":18,"turns":3},{"damage":4,"enemies":"2 Thieves","floor":21,"turns":4},{"damage":6,"enemies":"3 Cultists","floor":22,"turns":3},{"damage":59,"enemies":"Book of Stabbing","floor":23,"turns":8}],"seed_played":"-9178284410622853903","potions_obtained":[{"floor":2,"key":"DuplicationPotion"},{"floor":4,"key":"ColorlessPotion"},{"floor":7,"key":"DistilledChaos"},{"floor":8,"key":"hexamod:EctoCoolerPotion"},{"floor":14,"key":"Energy Potion"}],"is_trial":false,"path_per_floor":["M","M","M","M","?","R","M","M","T","$","E","$","M","M","R","B",null,"M","$","?","M","M","E"],"character_chosen":"THE_SERVANT","items_purchased":["Vajra","Barrier","GearUp","SurpressingFire"],"campfire_rested":1,"item_purchase_floors":[10,10,19,19],"current_hp_per_floor":[64,64,56,24,24,43,43,35,35,50,47,62,62,59,59,20,65,64,65,65,61,55,0,0],"gold":92,"neow_bonus":"RANDOM_COMMON_RELIC","is_daily":false,"chose_seed":false,"campfire_upgraded":1,"win_rate":0.0,"timestamp":1609213476,"path_taken":["M","M","M","M","?","R","M","M","T","$","E","?","M","M","R","BOSS","M","$","?","M","M","E"],"items_purchased_type":["Relic","Card","Card","Card"],"build_version":"2020-12-22","purchased_purges":0,"victory":false,"max_hp_per_floor":[65,65,65,65,65,65,65,65,65,65,65,65,65,65,65,65,65,65,65,65,65,65,65,65],"card_choices":[{"not_picked":["Rewind","BestPractice"],"picked":"Unruled","floor":1},{"not_picked":["Spin","TimeWarp"],"picked":"Starlight","floor":2},{"not_picked":["Snipe","Foresight","Gouge"],"picked":"SKIP","floor":3},{"not_picked":["Collapse","Alleviate"],"picked":"FastForward","floor":4},{"not_picked":["Revamp","Advance"],"picked":"FanOfKnives","floor":7},{"not_picked":["StarChef","Starlight"],"picked":"Ricochet","floor":8},{"not_picked":["FanOfKnives","FastForward","Sabotage"],"picked":"SKIP","floor":11},{"not_picked":["Sunlight","Contraction"],"picked":"GearUp","floor":13},{"not_picked":["DoubleEdge","Alleviate","TimeWarp"],"picked":"SKIP","floor":14},{"not_picked":["KillingDoll","FlawlessForm"],"picked":"Sunlight","floor":16},{"not_picked":["Rewind+1","Desolation","Shuttle"],"picked":"SKIP","floor":18},{"not_picked":["DoubleEdge","Read+1","Shuttle"],"picked":"SKIP","floor":21},{"not_picked":["DoubleEdge","Potential+1","Shuttle"],"picked":"SKIP","floor":22}],"player_experience":316387,"relics_obtained":[{"floor":9,"key":"Letter Opener"},{"floor":11,"key":"Ginger"}],"event_choices":[{"damage_healed":0,"gold_gain":0,"player_choice":"Gave Potion","damage_taken":0,"relics_obtained":["Kunai"],"max_hp_gain":0,"max_hp_loss":0,"event_name":"WeMeetAgain","floor":5,"gold_loss":0},{"damage_healed":0,"gold_gain":0,"player_choice":"Read","damage_taken":0,"max_hp_gain":0,"max_hp_loss":0,"event_name":"The Library","floor":20,"gold_loss":0,"cards_obtained":["Replace"]}],"is_beta":false,"boss_relics":[{"not_picked":["Runesmith:UraniumAnvil","MysterySword"],"picked":"Sozu"}],"items_purged_floors":[],"is_endless":false,"potions_floor_spawned":[2,4,7,8,14,18,22],"killed_by":"Book of Stabbing","ascension_level":0}}