{"host":"0ydzwspkajt4brzd","time":1609274831,"event":{"mods":["AchievementEnabler","BaseMod","Colored Map","DeckTracker","Googly Eyes","Highlight Path","Minty Spire (QoL Compilation)","Quick Restart","Random Character Button","Rare Cards Sparkle"],"gold_per_floor":[118,118,193,206,222,222,248,146,228,260,260,260,271,47,47,146,146,165,90,90,90,90],"floor_reached":21,"playtime":891,"items_purged":["Strike_R","Strike_R"],"score":278,"play_id":"ea3dd691-a330-4550-bd45-21f1d269e6d9","local_time":"20201229124711","is_ascension_mode":true,"campfire_choices":[{"data":"Bash","floor":6,"key":"SMITH"},{"data":"Hemokinesis","floor":12,"key":"SMITH"},{"floor":15,"key":"REST"}],"circlet_count":0,"master_deck":["AscendersBane","Strike_R","Strike_R","Defend_R","Defend_R","Defend_R","Bash+1","Headbutt","Infernal Blade+1","Clothesline","Hemokinesis+1","Clothesline","Rupture","True Grit","Corruption","Barricade","Seeing Red"],"relics":["Burning Blood","NeowsBlessing","Oddly Smooth Stone","Kunai","Lantern","Philosopher\u0027s Stone","Gambling Chip"],"acts_visited":["Exordium","TheCity"],"potions_floor_usage":[7,13],"damage_taken":[{"damage":0,"enemies":"2 Louse","floor":1,"turns":1},{"damage":0,"enemies":"Small Slimes","floor":4,"turns":1},{"damage":0,"enemies":"Cultist","floor":5,"turns":1},{"damage":22,"enemies":"Lagavulin","floor":7,"turns":5},{"damage":29,"enemies":"Gremlin Nob","floor":10,"turns":4},{"damage":14,"enemies":"Exordium Thugs","floor":13,"turns":4},{"damage":46,"enemies":"The Guardian","floor":16,"turns":12},{"damage":23,"enemies":"2 Thieves","floor":18,"turns":5},{"damage":0,"enemies":"3 Byrds","floor":21,"turns":1}],"seed_played":"-5018971639204695683","potions_obtained":[{"floor":5,"key":"BlessingOfTheForge"},{"floor":7,"key":"EssenceOfSteel"},{"floor":10,"key":"Ancient Potion"}],"is_trial":false,"path_per_floor":["M","?","?","M","M","R","E","$","T","E","?","R","M","$","R","B",null,"M","?","?","M"],"character_chosen":"IRONCLAD","items_purchased":["Clothesline","True Grit","Corruption"],"campfire_rested":1,"item_purchase_floors":[8,14,14],"current_hp_per_floor":[78,71,60,66,72,72,56,56,56,33,33,33,25,25,49,9,62,45,45,45,45,45],"gold":90,"neow_bonus":"THREE_ENEMY_KILL","is_daily":false,"chose_seed":false,"campfire_upgraded":2,"win_rate":0.0,"timestamp":1609274831,"path_taken":["M","?","?","M","M","R","E","$","T","E","?","R","?","?","R","BOSS","M","?","?","?"],"items_purchased_type":["Card","Card","Card"],"build_version":"2020-12-22","purchased_purges":2,"victory":false,"max_hp_per_floor":[80,80,80,80,80,80,80,80,80,80,80,80,80,80,80,80,80,80,80,80,80,80],"card_choices":[{"not_picked":["Perfected Strike","Body Slam"],"picked":"Headbutt","floor":1},{"not_picked":["Bloodletting","Clash"],"picked":"Infernal Blade","floor":4},{"not_picked":["Perfected Strike","Sword Boomerang"],"picked":"Clothesline","floor":5},{"not_picked":["Rage","Perfected Strike"],"picked":"Hemokinesis","floor":7},{"not_picked":["Sever Soul","Twin Strike"],"picked":"Rupture","floor":10},{"not_picked":["Blood for Blood","Havoc","Body Slam"],"picked":"SKIP","floor":13},{"not_picked":["Exhume","Juggernaut"],"picked":"Barricade","floor":16},{"not_picked":["Clash","Thunderclap"],"picked":"Seeing Red","floor":18}],"player_experience":376033,"relics_obtained":[{"floor":7,"key":"Oddly Smooth Stone"},{"floor":9,"key":"Kunai"},{"floor":10,"key":"Lantern"}],"event_choices":[{"cards_removed":["Strike_R"],"damage_healed":0,"gold_gain":0,"player_choice":"Card Removal","damage_taken":7,"max_hp_gain":0,"max_hp_loss":0,"event_name":"Golden Wing","floor":2,"gold_loss":0},{"damage_healed":0,"gold_gain":75,"player_choice":"Gather Gold","damage_taken":11,"max_hp_gain":0,"max_hp_loss":0,"event_name":"World of Goop","floor":3,"gold_loss":0},{"damage_healed":0,"gold_gain":0,"player_choice":"Forge","damage_taken":0,"max_hp_gain":0,"max_hp_loss":0,"event_name":"Accursed Blacksmith","floor":11,"gold_loss":0,"cards_upgraded":["Infernal Blade"]},{"cards_removed":["Defend_R"],"damage_healed":0,"gold_gain":0,"player_choice":"Gave Gold","damage_taken":0,"max_hp_gain":0,"max_hp_loss":0,"event_name":"Beggar","floor":19,"gold_loss":75},{"damage_healed":0,"gold_gain":0,"player_choice":"Gave Potion","damage_taken":0,"relics_obtained":["Gambling Chip"],"max_hp_gain":0,"max_hp_loss":0,"event_name":"WeMeetAgain","floor":20,"gold_loss":0}],"is_beta":false,"boss_relics":[{"not_picked":["Calling Bell","Coffee Dripper"],"picked":"Philosopher\u0027s Stone"}],"items_purged_floors":[8,14],"is_endless":false,"potions_floor_spawned":[5,7,10],"killed_by":"3 Byrds","ascension_level":10}}