{"host":"l017gercouzhorma","time":1609225859,"event":{"mods":["AchievementEnabler","Aspiration","BaseMod","Challenge The Spire","Conspire","Downfall","Halation","Hermit","Hubris","Infinite Spire","Jorbs\u0027s Wanderer Trilogy","Mad Scientist","Marisa????????","Mimic Mod","Minty Spire (QoL Compilation)","Random Character Button","Rare Cards Sparkle","Relic Stats","Replay The Spire","Shade Mod","StSLib","The Cursed","The Disciple","The Hierophant","The Jungle","The Runesmith","The Servant 0.9.4"],"gold_per_floor":[212,88,107,122,297,297,297],"floor_reached":6,"playtime":283,"items_purged":[],"score":36,"play_id":"1527d4c1-239e-4dcc-8857-62dc71115776","local_time":"20201229001059","is_ascension_mode":false,"campfire_choices":[],"circlet_count":0,"master_deck":["Strike_MRS","Strike_MRS","Strike_MRS","Strike_MRS","Defend_MRS","Defend_MRS","Defend_MRS","Defend_MRS","MasterSpark","UpSweep","ShootingEcho","Sickly","LuminesStrike","DragonMeteor","Singularity","Orbital","Doubt"],"relics":["MiniHakkero","ReplayTheSpireMod:CursedCoin","hubris:SlimyHat"],"acts_visited":["Exordium"],"potions_floor_usage":[4],"damage_taken":[{"damage":6,"enemies":"2 Louse","floor":1,"turns":2},{"damage":11,"enemies":"Jaw Worm","floor":3,"turns":3},{"damage":12,"enemies":"Cultist","floor":4,"turns":1},{"damage":35,"enemies":"Lagavulin","floor":6,"turns":6}],"seed_played":"-1474941742381521388","potions_obtained":[{"floor":3,"key":"Death Potion"}],"is_trial":false,"path_per_floor":["M","$","M","M","?","E"],"character_chosen":"MARISA","items_purchased":["ReplayTheSpireMod:CursedCoin","LuminesStrike","DragonMeteor","hubris:SlimyHat"],"campfire_rested":0,"item_purchase_floors":[2,2,2,2],"current_hp_per_floor":[69,69,58,46,46,11,11],"gold":297,"neow_bonus":"HUNDRED_GOLD","is_daily":false,"chose_seed":false,"campfire_upgraded":0,"win_rate":0.0,"timestamp":1609225859,"path_taken":["M","$","M","M","?","E"],"items_purchased_type":["Relic","Card","Card","Relic"],"build_version":"2020-12-22","purchased_purges":0,"victory":false,"max_hp_per_floor":[75,75,75,75,75,75,75],"relic_stats":{"counters":[4,12],"obtain_stats":[{"ReplayTheSpireMod:CursedCoin":2,"hubris:SlimyHat":2,"MiniHakkero":0},{"ReplayTheSpireMod:CursedCoin":1,"hubris:SlimyHat":1,"MiniHakkero":0},{"ReplayTheSpireMod:CursedCoin":2,"hubris:SlimyHat":2,"MiniHakkero":0}]},"card_choices":[{"not_picked":["IllusionStar","DC"],"picked":"ShootingEcho","floor":1},{"not_picked":["PowerUp","NonDirectionalLaser"],"picked":"Singularity","floor":3},{"not_picked":["EnergyRecoil","DC"],"picked":"Orbital","floor":4}],"player_experience":812951,"relics_obtained":[],"event_choices":[{"damage_healed":0,"gold_gain":175,"player_choice":"AGREE","damage_taken":0,"max_hp_gain":0,"max_hp_loss":0,"event_name":"Liars Game","floor":5,"gold_loss":0,"cards_obtained":["Doubt"]}],"is_beta":false,"boss_relics":[],"items_purged_floors":[],"is_endless":false,"potions_floor_spawned":[3],"killed_by":"Lagavulin","ascension_level":0}}