{"host":"792mtbovsoa03nb3","time":1609271544,"event":{"mods":["BaseMod","Colored Map","Dota2Spire","Downfall","Hubris","Infinite Spire","Minty Spire (QoL Compilation)","Replay The Spire","Spicy Shops","StSLib","The Blue Laboratory","The Jungle"],"gold_per_floor":[109,109,4,4,19,19,19,29,53,84,104,137,137,155,155,260,260,278,294,314,30,49,49,77,2,2,2,16,16,33,53,53,157,157,180,203,318,58,76,112,136,176,176,176,221,221,221,221,221,221],"floor_reached":51,"playtime":2813,"items_purged":["Strike_G"],"score":1309,"play_id":"2e61c48b-01b4-48ca-a55f-23039ebd6e0f","local_time":"20201229115224","is_ascension_mode":true,"campfire_choices":[{"data":"Deflect","floor":6,"key":"SMITH"},{"data":"Deflect","floor":15,"key":"SMITH"},{"data":"Slice","floor":23,"key":"SMITH"},{"data":"ReplayTheSpireMod:Speed Training","floor":29,"key":"SMITH"},{"floor":32,"key":"REST"},{"data":"ReplayTheSpireMod:Private Reserves","floor":47,"key":"SMITH"},{"floor":49,"key":"REST"}],"circlet_count":0,"master_deck":["Strike_G","Strike_G","Strike_G","Defend_G","Defend_G","Defend_G","Survivor","Neutralize+1","Deflect+1","Finisher+1","Hidden Blade","Slice+1","Deflect+1","Leg Sweep","Storm of Steel","Dodge and Roll+1","Fluid Movement","Backflip","Heel Hook","ReplayTheSpireMod:Speed Training+1","Cloak And Dagger+1","Dodge and Roll","Malaise","Fluid Movement+1","ReplayTheSpireMod:Splinters","Blade Dance+1","Cloak And Dagger+1","Fluid Movement+1","Deflect+1","infinitespire:Punishment","Cloak And Dagger+1","ReplayTheSpireMod:Private Reserves+1"],"relics":["Ring of the Snake","ReplayFunnel","Incense Burner","infinitespire:Broken Mirror","Dota2Spire:MonkeyKingBar","Black Star","Orichalcum","Dota2Spire:DrumOfEndurance","hubris:64BitClover","Replay:Accelerometer","infinitespire:EvilPickle","Painkiller Herb","Kunai","Dota2Spire:CrimsonGuard","Toy Ornithopter","Juzu Bracelet","Ancient Tea Set","infinitespire:CheckeredPen","Iron Hammer","hubris:MobiusCoin","Replay:Drink Me","The Courier","Bottled Lightning","Mummified Hand"],"acts_visited":["Exordium","TheCity","TheBeyond"],"potions_floor_usage":[16,20,20,24,28,33,41,42,50,50],"damage_taken":[{"damage":0,"enemies":"Small Slimes","floor":1,"turns":3},{"damage":6,"enemies":"2 Louse","floor":5,"turns":3},{"damage":0,"enemies":"Cultist","floor":8,"turns":3},{"damage":14,"enemies":"Gremlin Nob","floor":10,"turns":4},{"damage":0,"enemies":"Red Slaver","floor":11,"turns":2},{"damage":8,"enemies":"3 Sentries","floor":12,"turns":11},{"damage":0,"enemies":"Blue Slaver","floor":14,"turns":2},{"damage":0,"enemies":"The Guardian","floor":16,"turns":16},{"damage":1,"enemies":"Shell Parasite","floor":18,"turns":2},{"damage":12,"enemies":"Chosen","floor":19,"turns":8},{"damage":4,"enemies":"Shelled Parasite and Fungi","floor":20,"turns":6},{"damage":0,"enemies":"Centurion and Healer","floor":22,"turns":9},{"damage":45,"enemies":"Slavers","floor":24,"turns":5},{"damage":0,"enemies":"Snake Plant","floor":28,"turns":1},{"damage":1,"enemies":"Chosen and Byrds","floor":30,"turns":7},{"damage":5,"enemies":"Centurion and Healer","floor":31,"turns":9},{"damage":3,"enemies":"Pondfish","floor":33,"turns":11},{"damage":0,"enemies":"3 Shapes","floor":35,"turns":9},{"damage":0,"enemies":"Orb Walker","floor":36,"turns":2},{"damage":7,"enemies":"Sphere and 2 Shapes","floor":39,"turns":6},{"damage":0,"enemies":"R_Hoarder","floor":40,"turns":19},{"damage":7,"enemies":"Jaw Worm Horde","floor":41,"turns":6},{"damage":12,"enemies":"Giant Head","floor":42,"turns":14},{"damage":40,"enemies":"Reptomancer","floor":45,"turns":4},{"damage":0,"enemies":"hubris:GrandSnecko","floor":50,"turns":17}],"seed_played":"-1114764640581997223","potions_obtained":[{"floor":10,"key":"blueLaboratory:PhilterOfMotion"},{"floor":14,"key":"blueLaboratory:PyrophylliteBrew"},{"floor":16,"key":"EssenceOfSteel"},{"floor":22,"key":"Swift Potion"},{"floor":24,"key":"blueLaboratory:FruitPunch"},{"floor":28,"key":"blueLaboratory:BottleOfRum"},{"floor":33,"key":"blueLaboratory:PyrophylliteBrew"},{"floor":35,"key":"blueLaboratory:CorrosionFlask"},{"floor":39,"key":"Toxic Potion"},{"floor":41,"key":"blueLaboratory:BottledHope"}],"is_trial":false,"path_per_floor":["M","?","$","?","M","R","$","M","T","E","M","E","?","M","R","B",null,"M","M","M","$","M","R","E","$","T","?","M","R","M","M","R","B",null,"?","?","?","T","?","E","?","E","T","AVR","E","?","T","?","T","B",null],"character_chosen":"THE_SILENT","items_purchased":["Finisher","Orichalcum","Backflip","Heel Hook","Kunai"],"campfire_rested":2,"item_purchase_floors":[3,21,21,21,38],"current_hp_per_floor":[70,70,70,67,61,61,61,61,61,47,47,39,39,39,39,39,70,69,57,53,53,53,53,8,8,8,8,10,10,9,4,25,22,72,72,72,72,72,65,65,63,56,56,54,14,14,14,14,30,40],"gold":221,"neow_bonus":"UPGRADE_CARD","is_daily":false,"chose_seed":false,"campfire_upgraded":5,"win_rate":0.0,"timestamp":1609271544,"path_taken":["M","?","$","?","M","R","$","M","T","E","M","E","?","M","R","BOSS","M","M","M","$","?","R","E","?","T","?","M","R","M","?","R","BOSS","?","?","?","T","?","E","?","E","T","AVR","E","?","T","?","T","BOSS"],"items_purchased_type":["Card","Relic","Card","Card","Relic"],"build_version":"2020-12-22","purchased_purges":1,"victory":true,"max_hp_per_floor":[70,70,70,70,70,70,70,70,70,70,70,70,70,70,70,70,70,70,70,70,70,70,70,70,70,70,70,72,72,72,72,72,72,72,72,72,72,72,72,72,72,72,72,54,54,54,54,54,54,54],"card_choices":[{"not_picked":["Expertise","Outmaneuver"],"picked":"Deflect","floor":1},{"not_picked":["Expertise","Deflect"],"picked":"Hidden Blade","floor":5},{"not_picked":["infinitespire:Neurotoxin","Flying Knee"],"picked":"Slice","floor":8},{"not_picked":["PiercingWail","Escape Plan"],"picked":"Deflect","floor":10},{"not_picked":["Deadly Poison","Caltrops","Terror"],"picked":"SKIP","floor":11},{"not_picked":["Sneak Up","Dagger Throw","Crippling Poison"],"picked":"SKIP","floor":12},{"not_picked":["Prepared","Dash"],"picked":"Leg Sweep","floor":14},{"not_picked":["Grand Finale","ReplayTheSpireMod:From All Sides"],"picked":"Storm of Steel","floor":16},{"not_picked":["PiercingWail","Underhanded Strike"],"picked":"Dodge and Roll+1","floor":18},{"not_picked":["Expertise+1","Dagger Throw","Deadly Poison+1"],"picked":"SKIP","floor":19},{"not_picked":["Bane+1","Caltrops"],"picked":"Fluid Movement","floor":20},{"not_picked":["Slice","Acrobatics"],"picked":"ReplayTheSpireMod:Speed Training","floor":22},{"not_picked":["ReplayTheSpireMod:Tripwire","Crippling Poison"],"picked":"Cloak And Dagger","floor":24},{"not_picked":["Poisoned Stab+1","Fluid Movement","Skewer"],"picked":"SKIP","floor":28},{"not_picked":["Prepared","Acrobatics+1"],"picked":"Dodge and Roll","floor":30},{"not_picked":["Slice+1","Prepared","Setup"],"picked":"SKIP","floor":31},{"not_picked":["Glass Knife","Poison Darts"],"picked":"Malaise","floor":33},{"not_picked":["ReplayTheSpireMod:Exploit Weakness+1","hubris:TrickCloak+1","Dagger Throw+1"],"picked":"SKIP","floor":35},{"not_picked":["Dodge and Roll","Dagger Spray"],"picked":"Fluid Movement+1","floor":36},{"not_picked":["Quick Slash","Crippling Poison"],"picked":"Blade Dance+1","floor":37},{"not_picked":["ReplayTheSpireMod:Exploit Weakness+1","Prepared+1"],"picked":"Cloak And Dagger+1","floor":39},{"not_picked":["Bouncing Flask","Dagger Throw"],"picked":"Fluid Movement+1","floor":40},{"not_picked":["hubris:SlightOfHand+1","Bouncing Flask"],"picked":"Deflect+1","floor":41},{"not_picked":["Crippling Poison+1","ReplayTheSpireMod:Exploit Weakness+1","All Out Attack"],"picked":"SKIP","floor":42},{"not_picked":["Backflip+1","Backstab+1"],"picked":"Cloak And Dagger+1","floor":45},{"not_picked":["expansioncontent:DecasProtection","Replay:BasicMightCard"],"picked":"ReplayTheSpireMod:Private Reserves","floor":46}],"player_experience":823585,"relics_obtained":[{"floor":2,"key":"ReplayFunnel"},{"floor":10,"key":"infinitespire:Broken Mirror"},{"floor":12,"key":"Dota2Spire:MonkeyKingBar"},{"floor":24,"key":"Dota2Spire:DrumOfEndurance"},{"floor":24,"key":"hubris:64BitClover"},{"floor":26,"key":"Replay:Accelerometer"},{"floor":39,"key":"Dota2Spire:CrimsonGuard"},{"floor":40,"key":"Toy Ornithopter"},{"floor":40,"key":"Juzu Bracelet"},{"floor":42,"key":"Ancient Tea Set"},{"floor":42,"key":"infinitespire:CheckeredPen"},{"floor":43,"key":"Iron Hammer"},{"floor":45,"key":"The Courier"},{"floor":45,"key":"Bottled Lightning"},{"floor":48,"key":"Mummified Hand"}],"event_choices":[{"damage_healed":0,"gold_gain":0,"player_choice":"Success","damage_taken":3,"relics_obtained":["Incense Burner"],"max_hp_gain":0,"max_hp_loss":0,"event_name":"Scrap Ooze","floor":4,"gold_loss":0},{"damage_healed":0,"gold_gain":0,"player_choice":"Upgraded","damage_taken":0,"max_hp_gain":0,"max_hp_loss":0,"event_name":"Upgrade Shrine","floor":13,"gold_loss":0,"cards_upgraded":["Finisher"]},{"damage_healed":0,"gold_gain":0,"player_choice":"Upgraded","damage_taken":0,"max_hp_gain":0,"max_hp_loss":0,"event_name":"Upgrade Shrine","floor":27,"gold_loss":0,"cards_upgraded":["Cloak And Dagger"]},{"damage_healed":0,"gold_gain":0,"player_choice":"Memory 1","damage_taken":0,"max_hp_gain":0,"max_hp_loss":0,"event_name":"SensoryStone","floor":46,"gold_loss":0},{"damage_healed":0,"gold_gain":0,"player_choice":"Relic","damage_taken":0,"max_hp_gain":0,"max_hp_loss":0,"event_name":"Wheel of Change","floor":48,"gold_loss":0}],"is_beta":false,"boss_relics":[{"not_picked":["hubris:TerracottaHorce","ReplayTheSpireMod:DimensionalGlitch"],"picked":"Black Star"},{"not_picked":["hubris:Stopwatch","Replay:Ancient Bell"],"picked":"Painkiller Herb"}],"items_purged_floors":[25],"is_endless":false,"potions_floor_spawned":[10,14,16,22,24,28,33,35,39,41],"ascension_level":2}}