{"host":"ki5kvxn974a96omm","time":1609204589,"event":{"mods":["BaseMod","Colored Map","Colored Powertips","Downfall","Key Reminder","Minty Spire (QoL Compilation)","Relic Sorter","StSLib"],"gold_per_floor":[99,113,125,225,225,238,292,292,309,309,344,97,22,22,38,38,38,38],"floor_reached":16,"playtime":1009,"items_purged":["champ:Strike"],"score":130,"play_id":"ea3b56f2-e1cc-4b46-95e7-1267a6df333d","local_time":"20201228201629","is_ascension_mode":true,"campfire_choices":[{"data":"champ:Taunt","floor":1,"key":"SMITH"},{"data":"champ:Control","floor":8,"key":"SMITH"},{"data":"champ:FocusedDefense","floor":13,"key":"SMITH"}],"circlet_count":0,"master_deck":["champ:Strike","champ:Strike","champ:Defend","champ:Defend","champ:Defend","champ:Defend","champ:Execute","champ:Taunt+1","champ:SkillfulDodge","champ:Control+1","champ:EnGarde","champ:BringItOn","champ:Circumvent","champ:ViciousMockery","champ:FocusedDefense+1","champ:TornadoPunch"],"relics":["champ:ChampionCrown","Orichalcum","sneckomod:BlankCard","downfall:BrokenWingStatue","Toy Ornithopter","keyreminder:keyreminder","ClockworkSouvenir","downfall:HeartBlessingGreen","Ancient Tea Set"],"acts_visited":["Exordium"],"potions_floor_usage":[11,16],"damage_taken":[{"damage":5,"enemies":"2 Louse","floor":2,"turns":2},{"damage":6,"enemies":"Small Slimes","floor":3,"turns":4},{"damage":4,"enemies":"Cultist","floor":6,"turns":4},{"damage":2,"enemies":"Blue Slaver","floor":9,"turns":3},{"damage":11,"enemies":"Lagavulin","floor":11,"turns":7},{"damage":14,"enemies":"downfall:FleeingMerchant","floor":12,"turns":4},{"damage":12,"enemies":"Large Slime","floor":15,"turns":3},{"damage":65,"enemies":"downfall:Defect","floor":16,"turns":11}],"seed_played":"-6021135133840751568","potions_obtained":[{"floor":2,"key":"ColorlessPotion"},{"floor":6,"key":"Dexterity Potion"},{"floor":11,"key":"BlessingOfTheForge"}],"is_trial":false,"path_per_floor":["R","M","M","?","?","M","T","R","M","?","E","$","R","?","M","B"],"character_chosen":"THE_CHAMP","items_purchased":["ClockworkSouvenir"],"campfire_rested":0,"item_purchase_floors":[12],"current_hp_per_floor":[81,81,80,80,80,80,80,80,80,80,74,74,74,67,60,0,0,0],"gold":38,"neow_bonus":"RANDOM_COMMON_RELIC","is_daily":false,"chose_seed":false,"campfire_upgraded":3,"win_rate":0.0,"timestamp":1609204589,"path_taken":["R","M","M","?","?","?","T","R","M","?","E","$","R","?","M","BOSS"],"items_purchased_type":["Relic"],"build_version":"2020-12-22","purchased_purges":1,"victory":false,"max_hp_per_floor":[90,90,90,90,90,90,90,90,90,90,90,90,90,90,90,90,90,90],"card_choices":[{"not_picked":["champ:ShieldSigil","champ:GutPunch"],"picked":"champ:SkillfulDodge","floor":2},{"not_picked":["champ:FocusedDefense","champ:ShieldSigil"],"picked":"champ:Control","floor":3},{"not_picked":["champ:Backstep","champ:CrookedStrike"],"picked":"champ:BringItOn","floor":6},{"not_picked":["champ:RisingSlash","champ:HeartStrike"],"picked":"champ:Circumvent","floor":9},{"not_picked":["champ:Haymaker","champ:RisingSlash"],"picked":"champ:ViciousMockery","floor":11},{"not_picked":["champ:EnragedBash","champ:Aggression"],"picked":"champ:FocusedDefense","floor":12},{"not_picked":["champ:HeavySlash","champ:Backstep"],"picked":"champ:TornadoPunch","floor":15}],"player_experience":1908545,"relics_obtained":[{"floor":7,"key":"sneckomod:BlankCard"},{"floor":11,"key":"Toy Ornithopter"}],"event_choices":[{"damage_healed":0,"gold_gain":0,"cards_transformed":["champ:Strike"],"player_choice":"Transformed","damage_taken":0,"max_hp_gain":0,"max_hp_loss":0,"event_name":"Transmorgrifier","floor":5,"gold_loss":0,"cards_obtained":["champ:EnGarde"]},{"damage_healed":0,"gold_gain":0,"player_choice":"Success","damage_taken":7,"relics_obtained":["Ancient Tea Set"],"max_hp_gain":0,"max_hp_loss":0,"event_name":"Scrap Ooze","floor":14,"gold_loss":0}],"is_beta":false,"boss_relics":[],"items_purged_floors":[12],"is_endless":false,"potions_floor_spawned":[2,6,11],"killed_by":"downfall:Defect","ascension_level":6}}