{"host":"iha1eel9u3wfm8eh","time":1609273479,"event":{"mods":["AchievementEnabler","Act Like it!","Aspiration","BaseMod","Better Altar","Better Match","Better Note","Better Sensory Stone","Better Skull","Better Third Choice","BetterRewards","CCEM","Clawfect","Colored Map","Conspire","Downfall","GifTheSpireLib","Googly Eyes","Halation","Hermit","Highlight Path","Hubris","Infinite Spire","Jedi Mod","Mimic Mod","Minty Spire (QoL Compilation)","Permanent Neow","Replay The Spire","Shade Mod","Shop Mod","Spicy Shops","StSLib","Stuff the Spire","The Jungle","The Mystic","The Problem Sleuth","The Witch","Unceasing Turn Reminder","[IsaacMod]????","everything is the same but u backflip on backflip"],"gold_per_floor":[116,999998814,999998764,999998140,999998140,999998140,999998174,999998193,999998193,999998193,999997475,999997509,999997509,999997541,999997541,999997620,999997620,999997643,999997743,999997067,999997067,999997092,999997092,999997092,999995967,999995967,999995967,999995967,999995967,999995967,999995989,999995789,999995789,999995839,999995851,999995877,999995895,999994747,999994747,999993370,999993395,999993459,999993459,999993459,999993486,999993542,999993552,999993625,999993713,999993713,999993720,999993755,999993780,999993780,999993802,999993826,999992828,999992828,999992828,999991202,999991212,999991224,999991230,999991230,999991230,999991635,999991635],"floor_reached":68,"playtime":2699,"items_purged":["Clawfect:ClawForTheEyes+1","Shame","Shame"],"score":3793,"play_id":"c3ca5289-5d08-4ff5-a195-08231c72a341","local_time":"20201229202439","daily_mods":["Hoarder","Vintage","Heirloom","Time Dilation","Flight","DeadlyEvents","downfall:ExchangeController"],"is_ascension_mode":true,"campfire_choices":[{"data":"Capacitor","floor":6,"key":"SMITH"},{"data":"Clawfect:ClawForTheEyes","floor":10,"key":"SMITH"},{"data":"Gash","floor":13,"key":"SMITH"},{"data":"Gash","floor":15,"key":"SMITH"},{"data":"Gash","floor":23,"key":"SMITH"},{"data":"Hello World","floor":27,"key":"SMITH"},{"data":"Hello World","floor":28,"key":"SMITH"},{"data":"Hello World","floor":29,"key":"SMITH"},{"data":"Mayhem","floor":40,"key":"SMITH"},{"data":"Gash","floor":45,"key":"SMITH"},{"data":"Gash","floor":60,"key":"SMITH"},{"data":"Echo Form","floor":66,"key":"SMITH"}],"circlet_count":0,"master_deck":["AscendersBane","Gash+1","Gash+1","Gash+1","Gash+1","Gash+1","Defend_B","Defend_B","Defend_B","Defend_B","Defend_B","DoctorFetus","DoctorFetus","DoctorFetus","Clawfect:ClawForTheEyes+1","Clawfect:ClawForTheEyes","Clawfect:ClawForTheEyes","Hello World+1","Hello World+1","Hello World+1","StuffTheSpire:Plugnplay","StuffTheSpire:Plugnplay","StuffTheSpire:Plugnplay","Chill","Chill","Chill","Clawfect:ClawSnap","Clawfect:ClawSnap","Clawfect:ClawSnap","Storm","Storm+1","Storm","Redo","Redo","Redo","Capacitor+1","Capacitor","Capacitor","Clawfect:ClawLightning","Clawfect:ClawLightning","Clawfect:ClawLightning","Gash+1","Gash+1","Gash+1","conspire:Rain","conspire:Rain","conspire:Rain","Creative AI","Creative AI","Creative AI","Loop","Loop","Loop","StuffTheSpire:Plugnplay","StuffTheSpire:Plugnplay","StuffTheSpire:Plugnplay","Gash+1","Gash+1","Gash+1","Shame","Self Repair","Self Repair","Self Repair","Darkness","Darkness","Darkness","infinitespire:Collect","infinitespire:Collect","infinitespire:Collect","conspire:SpireCoStock","conspire:SpireCoStock","conspire:SpireCoStock","conspire:SpireCoStock","conspire:SpireCoStock","conspire:SpireCoStock","conspire:SpireCoStock","conspire:SpireCoStock","conspire:SpireCoStock","conspire:SpireCoStock","conspire:SpireCoStock","conspire:SpireCoStock","hubris:DoWhile","hubris:DoWhile","hubris:DoWhile","Gash+1","Gash+1","Gash+1","Crystallizer","Crystallizer+1","Crystallizer","EpicFetus","EpicFetus","EpicFetus","ReplayTheSpireMod:Necrogeddon+1","ReplayTheSpireMod:Necrogeddon+1","ReplayTheSpireMod:Necrogeddon+1","Mayhem+1","Mayhem","Mayhem","Self Repair","Self Repair","Self Repair","Clawfect:ClawLightning+1","Clawfect:ClawLightning+1","Clawfect:ClawLightning+1","Clawfect:ScrapingClaw+1","Clawfect:ScrapingClaw+1","Clawfect:ScrapingClaw+1","Echo Form","Echo Form","Echo Form","Clawfect:ClawForTheEyes+1","Clawfect:ClawForTheEyes+1","Clawfect:ClawForTheEyes+1","Echo Form","Echo Form","Echo Form","Core Surge+1","Core Surge+1","Core Surge+1","Reboot","Reboot","Reboot","Clawfect:ClawForTheEyes+1","Clawfect:ClawForTheEyes+1","Clawfect:ClawForTheEyes+1","StuffTheSpire:Plugnplay","StuffTheSpire:Plugnplay","StuffTheSpire:Plugnplay","Clawfect:Clawline+1","Clawfect:Clawline+1","Clawfect:Clawline+1","infinitespire:FutureSight","infinitespire:FutureSight","infinitespire:FutureSight","Clawfect:ScrapingClaw+1","Clawfect:ScrapingClaw+1","Clawfect:ScrapingClaw+1","Pot Of Greed","Pot Of Greed","Pot Of Greed","Pot Of Greed","Pot Of Greed","Pot Of Greed","Pot Of Greed","Pot Of Greed","Pot Of Greed","Pot Of Greed","Pot Of Greed","Pot Of Greed","Pot Of Greed","Pot Of Greed","Pot Of Greed","Pot Of Greed","Pot Of Greed","Pot Of Greed","Pot Of Greed","Pot Of Greed","Pot Of Greed","Pot Of Greed","Pot Of Greed","Pot Of Greed","Pot Of Greed","Pot Of Greed","Pot Of Greed","Pot Of Greed","Pot Of Greed","Pot Of Greed","Pot Of Greed","Pot Of Greed","Pot Of Greed","Pot Of Greed","Pot Of Greed","Pot Of Greed","Echo Form+1","Echo Form","Echo Form","Parasite","Parasite","Parasite"],"relics":["Clawfect:DRClaw","downfall:NeowBlessing_Player","replay:Trail_Library","HushsDoor","KeepersGift","MoneyPower","Potion Belt","halation:IllGainedPizza","Replay:Ringing Soul","TheAbacus","StuffTheSpire:Experiment12","TheBattery","MerchantsRug","Replay:Wax Seal","halation:SelfBoilingWater","infinitespire:Satchel","Orrery","ReplayTheSpireMod:Lightbulb","SalivaCoin","hexamod:BolsterEngine","Akabeko","Molten Egg 2","Mummified Hand","Peace Pipe","StuffTheSpire:Tea","Inserter","GuppysCollar","ReplayFunnel","infinitespire:Midas Blood","Lee\u0027s Waffle","StuffTheSpire:GrapeVine","theJungle:SneckoAutograph","jedi:laserpointer","infinitespire:Lucky Rock","BookOfRevelations","Replay:Rubber Ducky","BargainBundle","jedi:arcanewood","hubris:Teleporter","Calipers","FossilizedHelix","Tiny House","Centennial Puzzle","D6","Oddly Smooth Stone","hubris:SoftwareUpdate","hubris:HerbalPaste","CCEMRelics:JestersCrown","StoneCalendar","ReplayTheSpireMod:ShopPack","TheBean","EdensBlessing","Chemical X","hubris:CuriousFeather","StuffTheSpire:ColdMirror","infinitespire:PuzzleCube","theSleuth:ElfEgg","Snack Pack","halation:BottledLove","hubris:BottledRain","Nuclear Battery","downfall:NeowBlessing_Player","replay:Trail_Library","Letter Opener","Odd Mushroom","sneckomod:BlankCard","halation:MonkeysPaw","jedi:kaleidoscope","AnarchistCookbook","aspiration:Lifesprig","Pet Ghost","jedi:cryingmask","Cauldron","halation:LettersToHer","Ice Cream","Bottled Lightning","champ:DeflectingBracers","StuffTheSpire:NeowsTribute","CCEMRelics:HistoryBook","Grinning Jar","Vajra","DollysMirror","Orichalcum","conspire:BottledYoYo","CCEMRelics:OverlyComfyChair"],"acts_visited":["Exordium","Exordium","TheBeyond","Exordium"],"potions_floor_usage":[],"damage_taken":[{"damage":60,"enemies":"Cultist","floor":1,"turns":7},{"damage":0,"enemies":"Lagavulin","floor":7,"turns":1},{"damage":10,"enemies":"Small Slimes","floor":8,"turns":2},{"damage":0,"enemies":"Gremlin Nob","floor":12,"turns":1},{"damage":0,"enemies":"Lagavulin","floor":14,"turns":1},{"damage":0,"enemies":"Fading Forest","floor":16,"turns":1},{"damage":6,"enemies":"theJungle:Flameango_and_Byrd","floor":18,"turns":2},{"damage":3,"enemies":"theJungle:5_Spyders","floor":22,"turns":3},{"damage":2,"enemies":"theJungle:Snecko_Cultist_And_Trap","floor":31,"turns":2},{"damage":0,"enemies":"theJungle:QueenSpyder","floor":33,"turns":2},{"damage":0,"enemies":"Orb Walker","floor":35,"turns":2},{"damage":13,"enemies":"3 Darklings","floor":36,"turns":2},{"damage":0,"enemies":"Maw","floor":37,"turns":2},{"damage":16,"enemies":"2 Orb Walkers","floor":44,"turns":2},{"damage":0,"enemies":"Nightmare","floor":47,"turns":2},{"damage":33,"enemies":"Nemesis","floor":48,"turns":3},{"damage":0,"enemies":"conspire:OrnateMirror","floor":50,"turns":2},{"damage":3,"enemies":"infinitespire:MassOfShapes","floor":51,"turns":2},{"damage":0,"enemies":"Small Slimes","floor":53,"turns":2},{"damage":21,"enemies":"The Mushroom Lair","floor":54,"turns":3},{"damage":0,"enemies":"Lagavulin","floor":55,"turns":2},{"damage":0,"enemies":"3 Sentries","floor":57,"turns":3},{"damage":0,"enemies":"Nightmare","floor":58,"turns":1},{"damage":0,"enemies":"Jaw Worm","floor":63,"turns":3},{"damage":0,"enemies":"Cultist","floor":64,"turns":1},{"damage":0,"enemies":"Looter","floor":65,"turns":1},{"damage":711,"enemies":"Delirium","floor":68,"turns":19}],"seed_played":"8831917006529747286","potions_obtained":[{"floor":7,"key":"Languid Potion"},{"floor":14,"key":"Energy Potion"},{"floor":16,"key":"jedi:holywater"},{"floor":31,"key":"FearPotion"},{"floor":34,"key":"HauntedGourdPotion"},{"floor":44,"key":"Reflective Coating"},{"floor":47,"key":"Dexterity Potion"},{"floor":48,"key":"Adrenaline Potion"},{"floor":50,"key":"Explosive Potion"},{"floor":51,"key":"Ancient Potion"},{"floor":53,"key":"LifebloodPotion"},{"floor":54,"key":"FocusPotion"},{"floor":57,"key":"SpeedPotion"},{"floor":59,"key":"Reflective Coating"},{"floor":59,"key":"SmokeBomb"},{"floor":59,"key":"Milkshake"},{"floor":59,"key":"PowerPotion"},{"floor":59,"key":"Languid Potion"},{"floor":63,"key":"FocusPotion"}],"is_trial":true,"path_per_floor":["M","$","?","$","?","R","E","M","T","R","$","E","R","E","R","B",null,"M","?","$","?","M","R","T","$","T","R","R","R","AVR","M","R_BF","B",null,"M","M","M","$","R","$","T","?","R","AVR","NM","E","R_BF","B","B",null,"M","?","E","AVR","E","NM","$","R","T","$","M","M","M","R","R_BF","B"],"character_chosen":"DEFECT","items_purchased":["Clawfect:ClawForTheEyes","Energy Potion","halation:IllGainedPizza","Replay:Ringing Soul","TheAbacus","StuffTheSpire:Experiment12","TheBattery","Hello World","MerchantsRug","halation:SelfBoilingWater","infinitespire:Satchel","Orrery","Capacitor","Akabeko","Molten Egg 2","Mummified Hand","GuppysCollar","Loop","infinitespire:Midas Blood","Lee\u0027s Waffle","StuffTheSpire:GrapeVine","Gash+1","BookOfRevelations","Replay:Rubber Ducky","BargainBundle","jedi:arcanewood","hubris:Teleporter","Self Repair","hubris:SoftwareUpdate","hubris:HerbalPaste","CCEMRelics:JestersCrown","StoneCalendar","ReplayTheSpireMod:ShopPack","Crystallizer","TheBean","EdensBlessing","Chemical X","hubris:CuriousFeather","StuffTheSpire:ColdMirror","Self Repair","Pet Ghost","jedi:cryingmask","Cauldron","halation:LettersToHer","Ice Cream","champ:DeflectingBracers","StuffTheSpire:NeowsTribute","CCEMRelics:HistoryBook","Grinning Jar","Vajra","DollysMirror","PowerPotion","GamblersBrew","Toxic Potion","LifebloodPotion"],"campfire_rested":0,"item_purchase_floors":[2,2,2,2,2,2,2,2,2,4,4,4,4,11,11,11,17,17,20,20,20,20,25,25,25,25,25,25,39,39,39,39,39,39,42,42,42,42,42,42,59,59,59,59,59,62,62,62,62,62,62,62,62,62,62],"current_hp_per_floor":[104,107,107,110,110,110,110,100,100,103,103,106,106,109,109,112,262,256,259,290,293,290,290,290,293,293,296,296,296,299,297,300,303,415,415,402,402,405,405,408,408,398,401,401,407,391,288,294,297,609,612,601,607,607,615,618,618,621,621,624,629,629,629,632,670,0,0],"gold":999991635,"neow_bonus":"","is_daily":false,"chose_seed":false,"campfire_upgraded":12,"win_rate":0.0,"timestamp":1609273479,"path_taken":["M","$","?","$","?","R","?","?","T","R","$","E","R","E","R","BOSS","M","?","$","?","?","R","?","$","T","R","R","R","AVR","M","R_BF","BOSS","M","?","M","$","R","$","T","?","R","AVR","NM","?","R_BF","BOSS","BOSS","M","?","?","AVR","?","NM","$","R","T","$","M","?","?","?","R_BF","BOSS"],"items_purchased_type":["Card","Potion","Relic","Relic","Relic","Relic","Relic","Card","Relic","Relic","Relic","Relic","Card","Relic","Relic","Relic","Relic","Card","Relic","Relic","Relic","Card","Relic","Relic","Relic","Relic","Relic","Card","Relic","Relic","Relic","Relic","Relic","Card","Relic","Relic","Relic","Relic","Relic","Card","Relic","Relic","Relic","Relic","Relic","Relic","Relic","Relic","Relic","Relic","Relic","Potion","Potion","Potion","Potion"],"build_version":"2020-12-22","purchased_purges":3,"victory":false,"max_hp_per_floor":[171,174,174,177,177,177,177,177,177,180,180,183,183,186,186,189,277,277,280,290,293,293,293,293,296,296,299,299,299,302,302,305,308,416,416,416,416,419,419,422,422,425,428,428,431,434,440,443,446,646,646,649,652,652,655,658,658,661,661,664,664,664,664,667,670,673,673],"card_choices":[{"not_picked":[],"picked":"DoctorFetus","floor":0},{"not_picked":["Panic Button","Seek"],"picked":"StuffTheSpire:Plugnplay","floor":4},{"not_picked":["Distribution","Clawfect:Clawrage"],"picked":"Chill","floor":4},{"not_picked":["StuffTheSpire:Coldhearted","Pulse"],"picked":"Clawfect:ClawSnap","floor":4},{"not_picked":["White Noise","jedi:blockon"],"picked":"Storm","floor":4},{"not_picked":["Steam","jedi:BurstFrost"],"picked":"Redo","floor":4},{"not_picked":["FTL","Bomb","jedi:BurstFrost"],"picked":"SKIP","floor":7},{"not_picked":["Force Field","hubris:Ukulele+1"],"picked":"Gash+1","floor":12},{"not_picked":["ReplayTheSpireMod:System Scan","Hologram"],"picked":"conspire:Rain","floor":14},{"not_picked":["jedi:BurstDark+1","Rainbow"],"picked":"Creative AI","floor":16},{"not_picked":["FTL+1","Consume"],"picked":"StuffTheSpire:Plugnplay","floor":19},{"not_picked":["Buffer","Multi-Cast"],"picked":"hubris:DoWhile","floor":33},{"not_picked":["Clawfect:Clawrage+1","Redo"],"picked":"Gash+1","floor":34},{"not_picked":["ReplayTheSpireMod:Brewmster","Sadistic Nature"],"picked":"EpicFetus","floor":39},{"not_picked":["expansioncontent:Flail","StuffTheSpire:PlasmaPunch"],"picked":"ReplayTheSpireMod:Necrogeddon","floor":39},{"not_picked":["Bandage Up","Jack Of All Trades"],"picked":"Mayhem","floor":39},{"not_picked":["ReplayGash+1","Core Surge+1"],"picked":"Clawfect:ScrapingClaw+1","floor":44},{"not_picked":["Clawfect:ClawCell+1","Rebound+1"],"picked":"Echo Form","floor":47},{"not_picked":["Leap+1","Time Bomb"],"picked":"Clawfect:ClawForTheEyes+1","floor":48},{"not_picked":["hubris:Prefetch","Biased Cognition"],"picked":"Core Surge+1","floor":50},{"not_picked":["StuffTheSpire:Purify","Hyperbeam+1"],"picked":"Reboot","floor":51},{"not_picked":["StuffTheSpire:LoadUp","Clawfect:Clawter+1"],"picked":"Clawfect:ClawForTheEyes+1","floor":54},{"not_picked":["Consume","StuffTheSpire:Rend"],"picked":"StuffTheSpire:Plugnplay","floor":55},{"not_picked":["Heatsinks","Clawfect:ClawingBeam+1"],"picked":"Clawfect:Clawline+1","floor":57},{"not_picked":["ReplayTheSpireMod:??????????????????????","ReplayTheSpireMod:Echoes of Time"],"picked":"infinitespire:FutureSight","floor":58},{"not_picked":["Fan","Genetic Algorithm"],"picked":"Clawfect:ScrapingClaw+1","floor":58}],"player_experience":46529,"relics_obtained":[{"floor":1,"key":"Potion Belt"},{"floor":7,"key":"ReplayTheSpireMod:Lightbulb"},{"floor":8,"key":"SalivaCoin"},{"floor":9,"key":"hexamod:BolsterEngine"},{"floor":12,"key":"Peace Pipe"},{"floor":14,"key":"StuffTheSpire:Tea"},{"floor":18,"key":"ReplayFunnel"},{"floor":22,"key":"jedi:laserpointer"},{"floor":24,"key":"infinitespire:Lucky Rock"},{"floor":26,"key":"Calipers"},{"floor":31,"key":"FossilizedHelix"},{"floor":35,"key":"Centennial Puzzle"},{"floor":36,"key":"D6"},{"floor":37,"key":"Oddly Smooth Stone"},{"floor":43,"key":"infinitespire:PuzzleCube"},{"floor":44,"key":"theSleuth:ElfEgg"},{"floor":47,"key":"halation:BottledLove"},{"floor":48,"key":"hubris:BottledRain"},{"floor":53,"key":"Letter Opener"},{"floor":54,"key":"Odd Mushroom"},{"floor":55,"key":"sneckomod:BlankCard"},{"floor":57,"key":"AnarchistCookbook"},{"floor":58,"key":"aspiration:Lifesprig"},{"floor":61,"key":"Bottled Lightning"},{"floor":61,"key":"halation:LettersToHer"},{"floor":63,"key":"Orichalcum"},{"floor":64,"key":"conspire:BottledYoYo"},{"floor":65,"key":"CCEMRelics:OverlyComfyChair"}],"event_choices":[{"damage_healed":0,"gold_gain":0,"player_choice":"Paid Gold","damage_taken":0,"relics_obtained":["Replay:Wax Seal"],"max_hp_gain":0,"max_hp_loss":0,"event_name":"WeMeetAgain","floor":3,"gold_loss":50},{"damage_healed":0,"gold_gain":0,"player_choice":"Ignored","damage_taken":999998140,"max_hp_gain":0,"max_hp_loss":0,"event_name":"betterThird:BetterSerpent","floor":5,"gold_loss":0},{"damage_healed":0,"gold_gain":0,"player_choice":"Invest 4","damage_taken":0,"max_hp_gain":0,"max_hp_loss":0,"event_name":"conspire:Investor","floor":32,"gold_loss":0},{"damage_healed":0,"gold_gain":0,"player_choice":"Fight","damage_taken":0,"max_hp_gain":0,"max_hp_loss":0,"event_name":"Mysterious Sphere","floor":44,"gold_loss":0},{"damage_healed":0,"gold_gain":3,"player_choice":"2","damage_taken":0,"max_hp_gain":0,"max_hp_loss":109,"event_name":"betterStone:BetterStone","floor":49,"gold_loss":0},{"damage_healed":0,"gold_gain":0,"player_choice":"Fought Mushrooms","damage_taken":0,"max_hp_gain":0,"max_hp_loss":0,"event_name":"Mushrooms","floor":54,"gold_loss":0}],"is_beta":false,"boss_relics":[{"not_picked":["Abe\u0027s Treasure","conspire:RoyalGoblet"],"picked":"Inserter"},{"not_picked":[]},{"not_picked":["conspire:SpecialSausage","hubris:VirtuousBlindfold"],"picked":"Tiny House"},{"not_picked":[]},{"not_picked":["Replay:Ancient Bell","aspiration:SecretTechniqueScroll"],"picked":"Nuclear Battery"},{"not_picked":[]}],"items_purged_floors":[25,46,56],"is_endless":true,"potions_floor_spawned":[7,14,16,31,44,47,48,50,51,53,54,57,63],"killed_by":"Delirium","ascension_level":20}}