{"host":"utqe55yv0jihe4d6","time":1609254954,"event":{"mods":["2.2 Compatiblity","AchievementEnabler","BaseMod","Block Reminder","Colored Map","Colored Powertips","Minty Spire (QoL Compilation)","Quick Restart","Rare Cards Sparkle","Relic Stats","SuperFastMode"],"gold_per_floor":[119,134,145,145,295,322,85,85,137,137,137,137],"floor_reached":11,"playtime":265,"items_purged":["Doubt"],"score":142,"play_id":"51eff346-4811-4c16-9b75-55e50907d44c","local_time":"20201229101554","is_ascension_mode":true,"campfire_choices":[{"floor":10,"key":"REST"}],"circlet_count":0,"master_deck":["AscendersBane","Strike_G","Strike_G","Strike_G","Strike_G","Defend_G","Defend_G","Defend_G","Defend_G","Defend_G","Survivor","Neutralize","Blade Dance","Leg Sweep","Sucker Punch","Dash","Footwork","Dodge and Roll"],"relics":["Ring of the Snake","Tiny Chest","Smiling Mask"],"acts_visited":["Exordium"],"potions_floor_usage":[6,11],"damage_taken":[{"damage":10,"enemies":"Small Slimes","floor":1,"turns":3},{"damage":4,"enemies":"2 Louse","floor":2,"turns":4},{"damage":1,"enemies":"Jaw Worm","floor":3,"turns":6},{"damage":30,"enemies":"3 Sentries","floor":6,"turns":12},{"damage":44,"enemies":"Gremlin Nob","floor":11,"turns":4}],"seed_played":"-3682948269105451045","potions_obtained":[{"floor":2,"key":"Energy Potion"}],"is_trial":false,"path_per_floor":["M","M","M","?","?","E","$","?","T","R","E"],"character_chosen":"THE_SILENT","items_purchased":["Footwork","SteroidPotion","Dodge and Roll"],"campfire_rested":1,"item_purchase_floors":[7,7,7],"current_hp_per_floor":[55,51,50,43,43,13,13,13,13,34,0,0],"gold":137,"neow_bonus":"TEN_PERCENT_HP_BONUS","is_daily":false,"chose_seed":false,"campfire_upgraded":0,"win_rate":0.0,"timestamp":1609254954,"path_taken":["M","M","M","?","?","E","$","?","T","R","E"],"items_purchased_type":["Card","Potion","Card"],"build_version":"2020-12-22","purchased_purges":1,"victory":false,"max_hp_per_floor":[72,72,72,72,72,72,72,72,72,72,72,72],"relic_stats":{"counters":[5,29],"Tiny Chest":0,"Smiling Mask":0,"obtain_stats":[{"Tiny Chest":6,"Smiling Mask":9,"Ring of the Snake":0},{"Tiny Chest":4,"Smiling Mask":4,"Ring of the Snake":0},{"Tiny Chest":25,"Smiling Mask":25,"Ring of the Snake":0}],"Ring of the Snake":[10]},"card_choices":[{"not_picked":["Deflect","Catalyst"],"picked":"Blade Dance","floor":1},{"not_picked":["Cloak And Dagger","Deflect"],"picked":"Leg Sweep","floor":2},{"not_picked":["Bane","Deflect"],"picked":"Sucker Punch","floor":3},{"not_picked":["Dodge and Roll","Poisoned Stab"],"picked":"Dash","floor":6}],"player_experience":2895469,"relics_obtained":[{"floor":6,"key":"Tiny Chest"},{"floor":9,"key":"Smiling Mask"}],"event_choices":[{"cards_removed":["Strike_G"],"damage_healed":0,"gold_gain":0,"player_choice":"Card Removal","damage_taken":7,"max_hp_gain":0,"max_hp_loss":0,"event_name":"Golden Wing","floor":4,"gold_loss":0},{"damage_healed":0,"gold_gain":150,"player_choice":"AGREE","damage_taken":0,"max_hp_gain":0,"max_hp_loss":0,"event_name":"Liars Game","floor":5,"gold_loss":0,"cards_obtained":["Doubt"]},{"damage_healed":0,"gold_gain":0,"player_choice":"Searched \u00271\u0027 times","damage_taken":0,"max_hp_gain":0,"max_hp_loss":0,"event_name":"Dead Adventurer","floor":8,"gold_loss":0}],"is_beta":false,"boss_relics":[],"items_purged_floors":[7],"is_endless":false,"potions_floor_spawned":[2],"killed_by":"Gremlin Nob","ascension_level":20}}