{"host":"0cgp910o8339lr91","time":1609203250,"event":{"mods":["BaseMod","Colored Map","Filter the Spire","Minty Spire (QoL Compilation)","Relic Stats","Slay-I","ojb\u0027s Better Paths Mod","ojb\u0027s Info Mod"],"gold_per_floor":[118,137,149,163,183,218,258,258,258],"floor_reached":8,"playtime":745,"items_purged":[],"score":96,"play_id":"dd8fa287-36cc-4bf3-a208-b2bb949cdb58","local_time":"20201229015410","is_ascension_mode":true,"campfire_choices":[],"circlet_count":0,"master_deck":["AscendersBane","Eruption","Vigilance","BowlingBash","PathToVictory","Evaluate","MasterReality","Alpha","Ragnarok","Omniscience","Crescendo","PathToVictory","Protect","Wish","InnerPeace","PathToVictory"],"relics":["Pandora\u0027s Box","Singing Bowl"],"acts_visited":["Exordium"],"potions_floor_usage":[8],"damage_taken":[{"damage":0.0,"enemies":"Cultist","floor":1.0,"turns":3.0},{"damage":8.0,"enemies":"Small Slimes","floor":2.0,"turns":3.0},{"damage":9.0,"enemies":"2 Louse","floor":3.0,"turns":4.0},{"damage":11.0,"enemies":"Looter","floor":4.0,"turns":3.0},{"damage":0.0,"enemies":"Blue Slaver","floor":5.0,"turns":3.0},{"damage":27.0,"enemies":"Gremlin Nob","floor":6.0,"turns":5.0},{"damage":1.0,"enemies":"3 Louse","floor":7.0,"turns":4.0},{"damage":4,"enemies":"3 Sentries","floor":8,"turns":2}],"seed_played":"-3754860437255674054","potions_obtained":[{"floor":4.0,"key":"SteroidPotion"},{"floor":5.0,"key":"StancePotion"},{"floor":6.0,"key":"LiquidMemories"}],"is_trial":false,"path_per_floor":["M","M","M","M","M","E","M","E"],"character_chosen":"WATCHER","items_purchased":[],"campfire_rested":0,"item_purchase_floors":[],"current_hp_per_floor":[65,57,48,37,37,10,9,5,5],"gold":258,"neow_bonus":"BOSS_RELIC","is_daily":false,"chose_seed":false,"campfire_upgraded":0,"win_rate":0.0,"timestamp":1609203250,"path_taken":["M","M","M","M","M","E","M","E"],"items_purchased_type":[],"build_version":"2020-12-22","purchased_purges":0,"victory":false,"max_hp_per_floor":[72,72,72,72,72,72,72,72,72],"relic_stats":{"Singing Bowl":0,"counters":[8,27],"Pandora\u0027s Box":["BowlingBash","PathToVictory","Evaluate","MasterReality","Alpha","Ragnarok","Omniscience","Crescendo"],"obtain_stats":[{"Singing Bowl":6,"Pandora\u0027s Box":0,"PureWater":0},{"Singing Bowl":6,"Pandora\u0027s Box":0,"PureWater":0},{"Singing Bowl":21,"Pandora\u0027s Box":0,"PureWater":0}]},"card_choices":[{"not_picked":["FollowUp","PathToVictory","ClearTheMind"],"picked":"SKIP","floor":1.0},{"not_picked":["SashWhip","WindmillStrike","Vengeance"],"picked":"SKIP","floor":2.0},{"not_picked":["Worship","Evaluate"],"picked":"PathToVictory","floor":3.0},{"not_picked":["JustLucky","BattleHymn"],"picked":"Protect","floor":4.0},{"not_picked":["EmptyBody","LikeWater"],"picked":"Wish","floor":5.0},{"not_picked":["Halt","MentalFortress"],"picked":"InnerPeace","floor":6.0},{"not_picked":["CutThroughFate","ForeignInfluence"],"picked":"PathToVictory","floor":7.0}],"player_experience":1108178,"relics_obtained":[{"floor":6.0,"key":"Singing Bowl"}],"event_choices":[],"is_beta":false,"boss_relics":[],"items_purged_floors":[],"is_endless":false,"potions_floor_spawned":[4,5,6],"killed_by":"3 Sentries","ascension_level":11}}