{"host":"0fmi5fguj5lvt8pf","time":1609286384,"event":{"mods":["BaseMod","Colored Map","Curses Come First","Downfall","Minty Spire (QoL Compilation)","Permanent Neow","StSLib","Waifu the Spire"],"gold_per_floor":[99,99,99,374,229,248,318,334,360,376,376,47,47,47,61,163,163,163,175,192,392,392,392,417,446,466,152,182,182,282,301,312,412,412,187,207,267,286,297,313,313,252,265,101,115,165,165,215,227,227,227,227,227,227],"floor_reached":52,"playtime":3601,"items_purged":["Regret","Slimebound:Strike_Slimebound","Slimebound:Defend_Slimebound"],"score":744,"play_id":"f2e6c92c-39da-4668-9317-f2351e85b49c","local_time":"20201229155944","is_ascension_mode":false,"campfire_choices":[{"data":"Slimebound:CorrosiveSpit","floor":1.0,"key":"SMITH"},{"data":"Slimebound:Split","floor":11,"key":"SMITH"},{"data":"Slimebound:Grow","floor":13,"key":"SMITH"},{"floor":18,"key":"RECALL"},{"data":"hexamod:Haunted","floor":23,"key":"PURGE"},{"data":"Slimebound:Defend_Slimebound","floor":29,"key":"PURGE"},{"data":"Slimebound:DuplicatedForm","floor":35,"key":"SMITH"},{"data":"Doubt","floor":47,"key":"PURGE"}],"circlet_count":0,"master_deck":["Slimebound:Strike_Slimebound","Slimebound:Strike_Slimebound","Slimebound:Defend_Slimebound","Slimebound:Split+1","Slimebound:CorrosiveSpit+1","Slimebound:ItLooksTasty","Slimebound:SlimeSpikes","Slimebound:HungryTackle","Slimebound:Grow+1","Slimebound:HauntingLick+1","Slimebound:SlimeTap+1","Slimebound:DuplicatedForm+1","CurseOfTheBell","Slimebound:RainOfGoop+1","Slimebound:Replication+1","Slimebound:MegaLick+1","Slimebound:GoopSpray+1","Slimebound:Dissolve+1","Slimebound:GrowthPunch","Slimebound:GrowthPunch","Slimebound:ComboTackle+1","Slimebound:MassFeed","Slimebound:DouseInSlime+1","Slimebound:SlimeSpikes+1","Slimebound:LeechEnergy+1","Slimebound:LeechEnergy+1","Slimebound:Recollect+1","Slimebound:Darklings+1"],"relics":["Slimebound:AbsorbEndCombat","downfall:HeartsMalice","Toxic Egg 2","Thread and Needle","Peace Pipe","Shovel","Calling Bell","sneckomod:BlankCard","InkBottle","Incense Burner","Kunai","Shuriken","Mango","downfall:CloakOfManyFaces","CultistMask","FaceOfCleric","NlothsMask","GremlinMask","SsserpentHead","Empty Cage","downfall:HeartBlessingRed","downfall:HeartBlessingGreen","downfall:HeartBlessingBlue","champ:DuelingGlove"],"acts_visited":["Exordium","TheCity","TheBeyond","TheEnding"],"potions_floor_usage":[9,9,12,25,25,42,42,42,43,52],"damage_taken":[{"damage":0.0,"enemies":"Jaw Worm","floor":2.0,"turns":1.0},{"damage":0.0,"enemies":"Cultist","floor":3.0,"turns":1.0},{"damage":0.0,"enemies":"downfall:FleeingMerchant","floor":5.0,"turns":1.0},{"damage":4.0,"enemies":"Small Slimes","floor":6.0,"turns":3.0},{"damage":18.0,"enemies":"Gremlin Gang","floor":8.0,"turns":3.0},{"damage":21,"enemies":"Gremlin Nob","floor":9,"turns":3},{"damage":5,"enemies":"Blue Slaver","floor":10,"turns":4},{"damage":21,"enemies":"downfall:FleeingMerchant","floor":12,"turns":4},{"damage":22,"enemies":"2 Fungi Beasts","floor":15,"turns":3},{"damage":30,"enemies":"downfall:Watcher","floor":16,"turns":8},{"damage":39,"enemies":"Spheric Guardian","floor":19,"turns":4},{"damage":6,"enemies":"Shell Parasite","floor":20,"turns":3},{"damage":53,"enemies":"Gremlin Leader","floor":25,"turns":6},{"damage":46,"enemies":"Centurion and Healer","floor":26,"turns":5},{"damage":29,"enemies":"downfall:FleeingMerchant","floor":27,"turns":4},{"damage":21,"enemies":"Book of Stabbing","floor":28,"turns":5},{"damage":31,"enemies":"downfall:FaceTrader","floor":30,"turns":5},{"damage":40,"enemies":"3 Cultists","floor":31,"turns":4},{"damage":30,"enemies":"Snake Plant","floor":32,"turns":2},{"damage":44,"enemies":"downfall:Defect","floor":33,"turns":6},{"damage":61,"enemies":"3 Darklings","floor":36,"turns":5},{"damage":6,"enemies":"Orb Walker","floor":37,"turns":3},{"damage":15,"enemies":"Transient","floor":38,"turns":5},{"damage":32,"enemies":"Maw","floor":39,"turns":4},{"damage":41,"enemies":"Sphere and 2 Shapes","floor":40,"turns":4},{"damage":4,"enemies":"downfall:FleeingMerchant","floor":42,"turns":3},{"damage":35,"enemies":"Transient","floor":43,"turns":5},{"damage":66,"enemies":"Writhing Mass","floor":45,"turns":4},{"damage":8,"enemies":"3 Darklings","floor":49,"turns":2},{"damage":105,"enemies":"downfall:Silent","floor":50,"turns":9},{"damage":135,"enemies":"downfall:CharBossMerchant","floor":52,"turns":7}],"seed_played":"-4562956485628870597","potions_obtained":[{"floor":6.0,"key":"BlessingOfTheForge"},{"floor":8.0,"key":"FearPotion"},{"floor":9,"key":"SneckoOil"},{"floor":16,"key":"LiquidBronze"},{"floor":20,"key":"Fire Potion"},{"floor":28,"key":"Ancient Potion"},{"floor":32,"key":"Slimebound:SlimyTonguePotion"},{"floor":33,"key":"Strength Potion"},{"floor":43,"key":"Fruit Juice"},{"floor":49,"key":"Block Potion"}],"is_trial":false,"path_per_floor":["R","M","M","?","$","M","T","M","E","M","R","$","R","T","M","B",null,"R","M","M","?","?","R","T","E","M","$","E","R","?","M","M","B",null,"R","M","M","M","M","M","T","$","M","$","M","?","R","?","M","B",null,"E"],"character_chosen":"SLIMEBOUND","items_purchased":["Slimebound:HungryTackle","Peace Pipe","Shuriken","Slimebound:GrowthPunch","champ:DuelingGlove","Slimebound:Recollect+1"],"campfire_rested":0,"item_purchase_floors":[5,12,27,27,42,44],"current_hp_per_floor":[60,60,60,60,60,60,60,52,43,46,46,49,49,49,37,45,60,60,50,60,60,60,60,60,49,36,40,64,64,64,56,62,66,80,90,62,64,70,71,57,57,60,70,70,36,118,118,118,122,72,126,0,0,0],"gold":227,"neow_bonus":"THREE_ENEMY_KILL","is_daily":false,"chose_seed":false,"campfire_upgraded":4,"win_rate":0.0,"timestamp":1609286384,"path_taken":["R","M","M","?","?","?","T","M","E","M","R","$","R","?","M","BOSS","R","M","?","?","?","R","T","E","M","$","E","R","?","M","M","BOSS","R","M","?","M","M","M","T","$","M","$","M","?","R","?","M","BOSS","E"],"items_purchased_type":["Card","Relic","Relic","Card","Relic","Card"],"build_version":"2020-12-22","purchased_purges":3,"victory":false,"max_hp_per_floor":[60,60,60,60,60,60,60,60,60,60,60,60,60,60,60,60,60,60,60,60,60,60,60,60,60,60,60,74,74,74,75,79,80,80,90,94,98,99,103,110,110,111,117,117,118,118,118,118,122,126,126,126,126,126],"card_choices":[{"not_picked":["Slimebound:FirmFortitude","Slimebound:GoopSpray"],"picked":"Slimebound:ItLooksTasty","floor":2.0},{"not_picked":["Slimebound:LeechingTouch","Slimebound:GoopTackle","Slimebound:SlimeBrawl"],"picked":"SKIP","floor":3.0},{"not_picked":["Slimebound:SplitBruiser","Slimebound:LeadByExample"],"picked":"Slimebound:SlimeSpikes","floor":5.0},{"not_picked":["Slimebound:SlimeBarrage","Slimebound:RejuvenatingLick"],"picked":"Slimebound:Grow","floor":6.0},{"not_picked":["Slimebound:GoopSpray+1","Slimebound:Grow","Slimebound:RollThrough"],"picked":"SKIP","floor":8.0},{"not_picked":["Slimebound:SplitLeeching+1","Slimebound:Grow","Slimebound:SplitAcid+1"],"picked":"SKIP","floor":9},{"not_picked":["Slimebound:SplitBruiser+1","Slimebound:FirmFortitude"],"picked":"Slimebound:HauntingLick+1","floor":10},{"not_picked":["Slimebound:LeechEnergy","Slimebound:RollThrough","Slimebound:LeechLife"],"picked":"SKIP","floor":12},{"not_picked":["Slimebound:AcidTongue","Slimebound:LeechingTouch"],"picked":"Slimebound:SlimeTap+1","floor":15},{"not_picked":["Slimebound:Teamwork+1","Slimebound:LeechLife"],"picked":"Slimebound:DuplicatedForm","floor":16},{"not_picked":["Slimebound:FlameTackle","Slimebound:GoopSpray+1"],"picked":"Slimebound:RainOfGoop+1","floor":19},{"not_picked":["Slimebound:BestDefense+1","Slimebound:LevelUp"],"picked":"Slimebound:Replication+1","floor":20},{"not_picked":["Slimebound:ProtectTheBoss","Slimebound:HauntingLick+1"],"picked":"Slimebound:MegaLick+1","floor":25},{"not_picked":["Slimebound:FinishingTackle","Slimebound:ProtectTheBoss"],"picked":"Slimebound:GoopSpray+1","floor":26},{"not_picked":["Slimebound:FormOfPuddle+1","Slimebound:FlameTackle"],"picked":"Slimebound:Dissolve+1","floor":27},{"not_picked":["Slimebound:LeechEnergy","Slimebound:MegaLick+1"],"picked":"Slimebound:GrowthPunch","floor":28},{"not_picked":["Slimebound:TongueLash","Slimebound:LivingWall+1"],"picked":"Slimebound:ComboTackle+1","floor":30},{"not_picked":["Slimebound:HungryTackle","Slimebound:GoopSpray+1"],"picked":"Slimebound:MassFeed","floor":31},{"not_picked":["Slimebound:Dissolve+1","Slimebound:ComboTackle","Slimebound:GoopTackle"],"picked":"SKIP","floor":32},{"not_picked":["Slimebound:OozeBath+1","Slimebound:Teamwork+1"],"picked":"Slimebound:DouseInSlime+1","floor":33},{"not_picked":["Slimebound:SplitBruiser+1","Slimebound:TongueLash+1","Slimebound:SplitMire+1"],"picked":"SKIP","floor":36},{"not_picked":["Slimebound:SplitLeeching+1","Slimebound:Schlurp+1","Slimebound:SplitMire+1"],"picked":"SKIP","floor":37},{"not_picked":["Slimebound:SlimeBrawl+1","Slimebound:SplitMire+1","Slimebound:GoopSpray+1"],"picked":"SKIP","floor":38},{"not_picked":["Slimebound:SlimeBrawl+1","Slimebound:SplitLeeching+1"],"picked":"Slimebound:SlimeSpikes+1","floor":39},{"not_picked":["Slimebound:AcidTongue+1","Slimebound:FirmFortitude+1"],"picked":"Slimebound:LeechEnergy+1","floor":40},{"not_picked":["Slimebound:ViciousTackle+1","Slimebound:ProtectTheBoss"],"picked":"Slimebound:LeechEnergy+1","floor":42},{"not_picked":["Slimebound:SplitBruiser+1","Slimebound:SplitAcid+1","Slimebound:FinishingTackle"],"picked":"SKIP","floor":43},{"not_picked":["Slimebound:GoopSpray+1","Slimebound:LeechEnergy","Slimebound:SplitLeeching+1"],"picked":"SKIP","floor":45},{"not_picked":["Slimebound:SplitBruiser+1","Slimebound:GrowthPunch","Slimebound:SlimeSlap"],"picked":"SKIP","floor":49}],"player_experience":1256664,"relics_obtained":[{"floor":7.0,"key":"Toxic Egg 2"},{"floor":9,"key":"Thread and Needle"},{"floor":14,"key":"Shovel"},{"floor":17,"key":"sneckomod:BlankCard"},{"floor":17,"key":"InkBottle"},{"floor":17,"key":"Incense Burner"},{"floor":25,"key":"Kunai"},{"floor":28,"key":"Mango"},{"floor":30,"key":"downfall:CloakOfManyFaces"}],"event_choices":[],"is_beta":false,"boss_relics":[{"not_picked":["Runic Pyramid","Black Star"],"picked":"Calling Bell"},{"not_picked":["Cursed Key","sneckomod:SneckoTalon"],"picked":"Empty Cage"}],"items_purged_floors":[5,42,44],"is_endless":false,"potions_floor_spawned":[6,8,9,16,20,28,32,33,36,37,43,49],"killed_by":"downfall:CharBossMerchant","ascension_level":0}}