{"host":"f6f8cjhjgha9mpdq","time":1609237291,"event":{"mods":["BaseMod","Minty Spire (QoL Compilation)","Permanent Neow","StSLib","SuperFastMode"],"gold_per_floor":[17,30,30,54,154,154,177,177,200,200,218,218,261,276,276,372,372,390,315,315,330,361,361,361],"floor_reached":23,"playtime":878,"items_purged":["Strike_P"],"score":315,"play_id":"4256292c-76b9-4b16-9d93-c64fa280a723","local_time":"20201229192131","is_ascension_mode":true,"campfire_choices":[{"data":"Eruption","floor":6,"key":"SMITH"},{"data":"Vigilance","floor":8,"key":"SMITH"},{"data":"FearNoEvil","floor":15,"key":"SMITH"}],"circlet_count":0,"master_deck":["AscendersBane","Strike_P","Defend_P","Defend_P","Eruption+1","Vigilance+1","Brilliance","FearNoEvil+1","Vault","EmptyMind+1"],"relics":["PureWater","Golden Idol","Oddly Smooth Stone","VioletLotus","Red Mask"],"acts_visited":["Exordium","TheCity"],"potions_floor_usage":[13,16,16,16,16,22],"damage_taken":[{"damage":0,"enemies":"Small Slimes","floor":1,"turns":2},{"damage":0,"enemies":"Cultist","floor":2,"turns":2},{"damage":3,"enemies":"2 Louse","floor":4,"turns":3},{"damage":14,"enemies":"Exordium Thugs","floor":7,"turns":3},{"damage":9,"enemies":"Red Slaver","floor":11,"turns":5},{"damage":3,"enemies":"3 Sentries","floor":13,"turns":5},{"damage":0,"enemies":"2 Fungi Beasts","floor":14,"turns":2},{"damage":9,"enemies":"Hexaghost","floor":16,"turns":8},{"damage":3,"enemies":"Shell Parasite","floor":18,"turns":6},{"damage":0,"enemies":"Chosen","floor":21,"turns":5},{"damage":0,"enemies":"Masked Bandits","floor":22,"turns":4},{"damage":64,"enemies":"Book of Stabbing","floor":23,"turns":6}],"seed_played":"-380146954655869923","potions_obtained":[{"floor":7,"key":"ColorlessPotion"},{"floor":13,"key":"EntropicBrew"},{"floor":14,"key":"Ancient Potion"},{"floor":16,"key":"SteroidPotion"},{"floor":18,"key":"SteroidPotion"}],"is_trial":false,"path_per_floor":["M","M","?","M","?","R","M","R","T","?","M","?","E","M","R","B",null,"M","$","?","M","?","E"],"character_chosen":"WATCHER","items_purchased":[],"campfire_rested":0,"item_purchase_floors":[],"current_hp_per_floor":[65,65,47,44,44,44,30,30,30,35,26,26,23,23,23,14,61,58,58,58,58,58,0,0],"gold":361,"neow_bonus":"REMOVE_TWO","is_daily":false,"chose_seed":false,"campfire_upgraded":3,"win_rate":0.0,"timestamp":1609237291,"path_taken":["M","M","?","M","?","R","?","R","T","?","M","?","E","M","R","BOSS","M","$","?","?","?","E"],"items_purchased_type":[],"build_version":"2020-12-22","purchased_purges":1,"victory":false,"max_hp_per_floor":[72,72,72,72,72,72,72,72,72,77,77,77,77,77,77,77,77,77,77,77,77,77,77,77],"card_choices":[{"not_picked":["Crescendo","Prostrate","Nirvana"],"picked":"SKIP","floor":1},{"not_picked":["Meditate","FlurryOfBlows","Evaluate"],"picked":"SKIP","floor":2},{"not_picked":["Meditate","FlurryOfBlows","Evaluate"],"picked":"SKIP","floor":2},{"not_picked":["Swivel","FollowUp","EmptyBody"],"picked":"SKIP","floor":4},{"not_picked":["FlurryOfBlows","WaveOfTheHand","ThirdEye"],"picked":"SKIP","floor":7},{"not_picked":["EmptyFist","ThirdEye","Evaluate"],"picked":"SKIP","floor":11},{"not_picked":["ThirdEye","Adaptation"],"picked":"FearNoEvil","floor":13},{"not_picked":["ReachHeaven","Halt","EmptyBody"],"picked":"SKIP","floor":14},{"not_picked":["ConjureBlade","Judgement"],"picked":"Vault","floor":16},{"not_picked":["TalkToTheHand","CarveReality","Halt"],"picked":"SKIP","floor":18},{"not_picked":["WindmillStrike","Crescendo","FollowUp"],"picked":"SKIP","floor":21},{"not_picked":["Prostrate","BowlingBash"],"picked":"EmptyMind+1","floor":22}],"player_experience":525343,"relics_obtained":[{"floor":13,"key":"Oddly Smooth Stone"},{"floor":22,"key":"Red Mask"}],"event_choices":[{"damage_healed":0,"gold_gain":0,"player_choice":"Take Damage","damage_taken":18,"relics_obtained":["Golden Idol"],"max_hp_gain":0,"max_hp_loss":0,"event_name":"Golden Idol","floor":3,"gold_loss":0},{"damage_healed":0,"gold_gain":100,"player_choice":"Pray","damage_taken":0,"max_hp_gain":0,"max_hp_loss":0,"event_name":"Golden Shrine","floor":5,"gold_loss":0},{"damage_healed":0,"gold_gain":0,"player_choice":"Donut","damage_taken":0,"max_hp_gain":5,"max_hp_loss":0,"event_name":"Big Fish","floor":10,"gold_loss":0},{"damage_healed":0,"gold_gain":0,"cards_transformed":["Strike_P"],"player_choice":"Change","damage_taken":0,"max_hp_gain":0,"max_hp_loss":0,"event_name":"Living Wall","floor":12,"gold_loss":0,"cards_obtained":["Brilliance"]},{"cards_removed":["Defend_P"],"damage_healed":0,"gold_gain":0,"player_choice":"Purged","damage_taken":0,"max_hp_gain":0,"max_hp_loss":0,"event_name":"Purifier","floor":20,"gold_loss":0},{"damage_healed":0,"gold_gain":0,"player_choice":"Fought Bandits","damage_taken":0,"max_hp_gain":0,"max_hp_loss":0,"event_name":"Masked Bandits","floor":22,"gold_loss":0}],"is_beta":false,"boss_relics":[{"not_picked":["Runic Pyramid","SlaversCollar"],"picked":"VioletLotus"}],"items_purged_floors":[19],"is_endless":false,"potions_floor_spawned":[7,13,14,16,18,21],"killed_by":"Book of Stabbing","ascension_level":13}}