{"host":"vmo6qas4tfa0p776","time":1609266128,"event":{"mods":["AchievementEnabler","BaseMod","Bestiary","Better Altar","Better Match","Better Note","Better Sensory Stone","Better Skull","Better Third Choice","Colored Map","Downfall","Minty Spire (QoL Compilation)","Relic Stats","Robot Space Explorer","Spicy Shops","StSLib","The Marked"],"gold_per_floor":[109,109,21,33,53,86,86,86,113,113,35,51,62,80,80,179,179,192,102,102],"floor_reached":19,"playtime":850,"items_purged":[],"score":169,"play_id":"bf09e80b-638c-4826-b2fc-921cf69a7ba4","local_time":"20201229132208","is_ascension_mode":false,"campfire_choices":[{"floor":10,"key":"REST"},{"floor":15,"key":"REST"}],"circlet_count":0,"master_deck":["RobotSpaceExplorer:Strike","RobotSpaceExplorer:Strike","RobotSpaceExplorer:Strike","RobotSpaceExplorer:Strike","RobotSpaceExplorer:Defend","RobotSpaceExplorer:Defend","RobotSpaceExplorer:Defend","RobotSpaceExplorer:Defend","RobotSpaceExplorer:Scan","RobotSpaceExplorer:MiniLasers","RobotSpaceExplorer:PowerCollector","RobotSpaceExplorer:MiniBoosters","RobotSpaceExplorer:FreezeRay","RobotSpaceExplorer:TrailblazerForm","BattleHymn","Pain","RobotSpaceExplorer:PowerGlove","RobotSpaceExplorer:MiniBoosters","RobotSpaceExplorer:BigMissile","RobotSpaceExplorer:Ammunition","RobotSpaceExplorer:Accelerator","RobotSpaceExplorer:ScrapMissile"],"relics":["RobotSpaceExplorer:RoboCore","Bag of Marbles","Darkstone Periapt","Ancient Tea Set","WarpedTongs","MealTicket","SacredBark"],"acts_visited":["Exordium","TheCity"],"potions_floor_usage":[16,16,19],"damage_taken":[{"damage":0,"enemies":"Jaw Worm","floor":1,"turns":5},{"damage":0,"enemies":"Small Slimes","floor":4,"turns":4},{"damage":9,"enemies":"Cultist","floor":5,"turns":4},{"damage":45,"enemies":"Gremlin Nob","floor":6,"turns":6},{"damage":7,"enemies":"3 Louse","floor":12,"turns":3},{"damage":19,"enemies":"Large Slime","floor":13,"turns":5},{"damage":11,"enemies":"Red Slaver","floor":14,"turns":4},{"damage":38,"enemies":"The Guardian","floor":16,"turns":5},{"damage":31,"enemies":"Shell Parasite","floor":18,"turns":4},{"damage":57,"enemies":"2 Thieves","floor":19,"turns":3}],"seed_played":"8353213115099852841","potions_obtained":[{"floor":6,"key":"Swift Potion"},{"floor":13,"key":"Fire Potion"},{"floor":14,"key":"Explosive Potion"}],"is_trial":false,"path_per_floor":["M","?","?","M","M","E","?","?","T","R","$","M","M","M","R","B",null,"M","M"],"character_chosen":"RobotSpaceExplorer","items_purchased":["RobotSpaceExplorer:PowerGlove"],"campfire_rested":2,"item_purchase_floors":[11],"current_hp_per_floor":[82,82,82,82,73,28,19,25,25,51,66,59,40,29,55,17,88,57,0,0],"gold":102,"neow_bonus":"TEN_PERCENT_HP_BONUS","is_daily":false,"chose_seed":false,"campfire_upgraded":0,"win_rate":0.0,"timestamp":1609266128,"path_taken":["M","?","?","?","M","E","?","?","T","R","$","M","?","M","R","BOSS","M","M"],"items_purchased_type":["Card"],"build_version":"2020-12-22","purchased_purges":0,"victory":false,"max_hp_per_floor":[82,82,82,82,82,82,82,88,88,88,88,88,88,88,88,88,88,88,88,88],"relic_stats":{"Darkstone Periapt":6,"counters":[10,43],"MealTicket":15,"obtain_stats":[{"Darkstone Periapt":6,"SacredBark":17,"RobotSpaceExplorer:RoboCore":0,"MealTicket":9,"Bag of Marbles":3,"Ancient Tea Set":7,"WarpedTongs":8},{"Darkstone Periapt":4,"SacredBark":8,"RobotSpaceExplorer:RoboCore":0,"MealTicket":4,"Bag of Marbles":1,"Ancient Tea Set":4,"WarpedTongs":4},{"Darkstone Periapt":19,"SacredBark":36,"RobotSpaceExplorer:RoboCore":0,"MealTicket":19,"Bag of Marbles":5,"Ancient Tea Set":19,"WarpedTongs":19}],"WarpedTongs":[24]},"card_choices":[{"not_picked":["RobotSpaceExplorer:SurgingShield","RobotSpaceExplorer:ImprovisedAttack"],"picked":"RobotSpaceExplorer:PowerCollector","floor":1},{"not_picked":["RobotSpaceExplorer:StunGrenade","RobotSpaceExplorer:SurgingStrike"],"picked":"RobotSpaceExplorer:MiniBoosters","floor":4},{"not_picked":["RobotSpaceExplorer:MakeshiftVolley","RobotSpaceExplorer:StunGrenade"],"picked":"RobotSpaceExplorer:FreezeRay","floor":5},{"not_picked":["RobotSpaceExplorer:FreezeRay","RobotSpaceExplorer:StunGrenade"],"picked":"RobotSpaceExplorer:TrailblazerForm","floor":6},{"not_picked":["RobotSpaceExplorer:MiniDrones","RobotSpaceExplorer:StunGrenade"],"picked":"RobotSpaceExplorer:MiniBoosters","floor":12},{"not_picked":["RobotSpaceExplorer:GlueShot","RobotSpaceExplorer:Jetpack"],"picked":"RobotSpaceExplorer:BigMissile","floor":13},{"not_picked":["RobotSpaceExplorer:GlueShot","RobotSpaceExplorer:SurgingStrike"],"picked":"RobotSpaceExplorer:Ammunition","floor":14},{"not_picked":["RobotSpaceExplorer:BlastShield","RobotSpaceExplorer:ChargingLaser"],"picked":"RobotSpaceExplorer:Accelerator","floor":16},{"not_picked":["RobotSpaceExplorer:FrostMissile","RobotSpaceExplorer:ImprovisedAttack"],"picked":"RobotSpaceExplorer:ScrapMissile","floor":18}],"player_experience":192353,"relics_obtained":[{"floor":6,"key":"Darkstone Periapt"},{"floor":9,"key":"MealTicket"}],"event_choices":[{"damage_healed":0,"gold_gain":0,"player_choice":"Leave","damage_taken":0,"max_hp_gain":0,"max_hp_loss":0,"event_name":"The Cleric","floor":2,"gold_loss":0},{"damage_healed":0,"gold_gain":0,"player_choice":"Paid Gold","damage_taken":0,"relics_obtained":["Bag of Marbles"],"max_hp_gain":0,"max_hp_loss":0,"event_name":"WeMeetAgain","floor":3,"gold_loss":88},{"damage_healed":0,"gold_gain":0,"player_choice":"Rummage","damage_taken":0,"relics_obtained":["WarpedTongs"],"max_hp_gain":0,"max_hp_loss":0,"event_name":"Accursed Blacksmith","floor":8,"gold_loss":0,"cards_obtained":["Pain"]}],"is_beta":false,"boss_relics":[{"not_picked":["Velvet Choker","Empty Cage"],"picked":"SacredBark"}],"items_purged_floors":[],"is_endless":false,"potions_floor_spawned":[6,13,14],"killed_by":"2 Thieves","ascension_level":0}}