{"host":"x8sop9v6zw8yitbt","time":1609215270,"event":{"mods":["BaseMod","Block Reminder","Colored Powertips","DeckTracker","Minty Spire (QoL Compilation)","Permanent Neow","Quick Restart","Relic Stats","Slay-I","StSLib"],"gold_per_floor":[114,389,235,251,262,297,312,312,312,312,312,337,354,364,364,364,364],"floor_reached":16,"playtime":373,"items_purged":["Regret"],"score":170,"play_id":"a0a492fd-ecdd-4655-aaf4-c2be7b0fb29c","local_time":"20201228231430","is_ascension_mode":true,"campfire_choices":[{"data":"Cloak And Dagger","floor":8.0,"key":"SMITH"},{"data":"Neutralize","floor":10.0,"key":"SMITH"},{"data":"Finisher","floor":15.0,"key":"SMITH"}],"circlet_count":0,"master_deck":["Strike_G","Strike_G","Strike_G","Strike_G","Strike_G","Defend_G","Defend_G","Defend_G","Defend_G","Defend_G","Survivor","Neutralize+1","Cloak And Dagger+1","Accuracy","Finisher+1","Blade Dance","PiercingWail","Escape Plan"],"relics":["Ring of the Snake","NeowsBlessing","Unceasing Top","Matryoshka","FaceOfCleric","Mercury Hourglass"],"acts_visited":["Exordium"],"potions_floor_usage":[],"damage_taken":[{"damage":0.0,"enemies":"Small Slimes","floor":1.0,"turns":1.0},{"damage":0.0,"enemies":"Cultist","floor":4.0,"turns":1.0},{"damage":0.0,"enemies":"2 Louse","floor":5.0,"turns":1.0},{"damage":20.0,"enemies":"3 Sentries","floor":6.0,"turns":11.0},{"damage":0.0,"enemies":"Exordium Thugs","floor":7.0,"turns":3.0},{"damage":10.0,"enemies":"Gremlin Nob","floor":12.0,"turns":4.0},{"damage":5.0,"enemies":"3 Louse","floor":13.0,"turns":2.0},{"damage":0.0,"enemies":"Blue Slaver","floor":14.0,"turns":1.0},{"damage":26.0,"enemies":"The Guardian","floor":16.0,"turns":10.0}],"seed_played":"-6192551834240250864","potions_obtained":[{"floor":4.0,"key":"EntropicBrew"},{"floor":5.0,"key":"SkillPotion"},{"floor":12.0,"key":"PowerPotion"}],"is_trial":false,"path_per_floor":["M","?","$","M","M","E","M","R","T","R","?","E","M","M","R","B"],"character_chosen":"THE_SILENT","items_purchased":["Accuracy"],"campfire_rested":0,"item_purchase_floors":[3],"current_hp_per_floor":[70,70,70,70,70,50,50,50,50,50,50,41,37,38,38,13,13],"gold":364,"neow_bonus":"THREE_ENEMY_KILL","is_daily":false,"chose_seed":false,"campfire_upgraded":3,"win_rate":0.0,"timestamp":1609215270,"path_taken":["M","?","$","M","?","E","M","R","T","R","?","E","M","M","R","BOSS","BOSS"],"items_purchased_type":["Card"],"build_version":"2020-12-22","purchased_purges":1,"victory":false,"max_hp_per_floor":[70,70,70,70,70,70,70,70,70,70,70,71,72,73,73,74,74],"relic_stats":{"FaceOfCleric":4,"counters":[9,34],"obtain_stats":[{"Matryoshka":9,"NeowsBlessing":0,"FaceOfCleric":11,"Unceasing Top":6,"Ring of the Snake":0,"Mercury Hourglass":12},{"Matryoshka":5,"NeowsBlessing":0,"FaceOfCleric":5,"Unceasing Top":4,"Ring of the Snake":0,"Mercury Hourglass":6},{"Matryoshka":17,"NeowsBlessing":0,"FaceOfCleric":17,"Unceasing Top":14,"Ring of the Snake":0,"Mercury Hourglass":21}],"Unceasing Top":[2],"Ring of the Snake":[18],"Mercury Hourglass":[42]},"card_choices":[{"not_picked":["Outmaneuver","Dash"],"picked":"Cloak And Dagger","floor":1.0},{"not_picked":["Sucker Punch","Deflect","Dodge and Roll"],"picked":"SKIP","floor":4.0},{"not_picked":["Caltrops","Sucker Punch"],"picked":"Finisher","floor":5.0},{"not_picked":["Backstab","Underhanded Strike"],"picked":"Blade Dance","floor":6.0},{"not_picked":["Escape Plan","Prepared","Quick Slash"],"picked":"SKIP","floor":7.0},{"not_picked":["Outmaneuver","Tactician"],"picked":"PiercingWail","floor":12.0},{"not_picked":["Reflex","Heel Hook","Escape Plan"],"picked":"SKIP","floor":13.0},{"not_picked":["Slice","Dagger Throw"],"picked":"Escape Plan","floor":14.0}],"player_experience":877265,"relics_obtained":[{"floor":6.0,"key":"Unceasing Top"},{"floor":9.0,"key":"Matryoshka"},{"floor":12.0,"key":"Mercury Hourglass"}],"event_choices":[{"damage_healed":0.0,"max_hp_gain":0.0,"max_hp_loss":0.0,"gold_gain":275.0,"event_name":"Golden Shrine","player_choice":"Desecrate","floor":2.0,"gold_loss":0.0,"damage_taken":0.0,"cards_obtained":["Regret"]},{"damage_healed":0.0,"max_hp_gain":0.0,"max_hp_loss":0.0,"gold_gain":0.0,"event_name":"FaceTrader","player_choice":"Trade","floor":11.0,"gold_loss":0.0,"damage_taken":0.0,"relics_obtained":["FaceOfCleric"]}],"is_beta":false,"boss_relics":[],"items_purged_floors":[3],"is_endless":false,"potions_floor_spawned":[4,5,12,16],"killed_by":"The Guardian","ascension_level":1}}