{"host":"6pgtslebjnyv5xmi","time":1609225876,"event":{"mods":["AchievementEnabler","BaseMod","Colored Map","Minty Spire (QoL Compilation)","Rare Cards Sparkle","StSLib","SuperFastMode","everything is the same but u backflip on backflip"],"gold_per_floor":[117,392,407,46,46,46,76,76,122,137,163,63,63,77,77,181,181,201,76,36,46,65,65,79,79,104,104,115,115,135,155,155,155,155],"floor_reached":33,"playtime":1100,"items_purged":["Regret","Pain","Strike_R"],"score":437,"play_id":"c68d173d-e8e2-43ef-92e1-9b43e7916ce4","local_time":"20201229161116","is_ascension_mode":true,"campfire_choices":[{"data":"Double Tap","floor":6.0,"key":"SMITH"},{"data":"Power Through","floor":13,"key":"SMITH"},{"data":"Inflame","floor":15,"key":"SMITH"},{"data":"Spot Weakness","floor":23,"key":"SMITH"},{"data":"Second Wind","floor":29,"key":"SMITH"},{"data":"Sword Boomerang","floor":32,"key":"SMITH"}],"circlet_count":0,"master_deck":["AscendersBane","Strike_R","Strike_R+1","Strike_R","Defend_R","Defend_R","Defend_R+1","Defend_R","Bash","Inflame+1","Double Tap+1","Spot Weakness+1","Thunderclap","Power Through+1","Heavy Blade+1","Fire Breathing+1","Second Wind+1","Sword Boomerang+1","Intimidate+1"],"relics":["Black Blood","NeowsBlessing","Lantern","Thread and Needle","WarpedTongs","Potion Belt","Turnip","Omamori"],"acts_visited":["Exordium","TheCity"],"potions_floor_usage":[16,16,24,31,31,33],"damage_taken":[{"damage":0.0,"enemies":"Small Slimes","floor":1.0,"turns":1.0},{"damage":0.0,"enemies":"Cultist","floor":3.0,"turns":1.0},{"damage":0.0,"enemies":"Gremlin Nob","floor":7.0,"turns":1.0},{"damage":6.0,"enemies":"Jaw Worm","floor":10.0,"turns":3.0},{"damage":25.0,"enemies":"Lagavulin","floor":11.0,"turns":5.0},{"damage":3,"enemies":"3 Louse","floor":14,"turns":2},{"damage":16,"enemies":"The Guardian","floor":16,"turns":9},{"damage":10,"enemies":"Shell Parasite","floor":18,"turns":3},{"damage":0,"enemies":"Chosen","floor":21,"turns":4},{"damage":19,"enemies":"Centurion and Healer","floor":22,"turns":5},{"damage":8,"enemies":"Snake Plant","floor":24,"turns":3},{"damage":17,"enemies":"Cultist and Chosen","floor":28,"turns":5},{"damage":21,"enemies":"Snecko","floor":30,"turns":5},{"damage":18,"enemies":"Snake Plant","floor":31,"turns":4},{"damage":89,"enemies":"Collector","floor":33,"turns":6}],"seed_played":"-7191558922351377255","potions_obtained":[{"floor":1.0,"key":"SteroidPotion"},{"floor":10.0,"key":"Weak Potion"},{"floor":11.0,"key":"Regen Potion"},{"floor":14,"key":"ColorlessPotion"},{"floor":18,"key":"SpeedPotion"},{"floor":21,"key":"BloodPotion"},{"floor":22,"key":"Weak Potion"}],"is_trial":false,"path_per_floor":["M","?","M","$","?","R","E","?","T","M","E","$","R","M","R","B",null,"M","$","?","M","M","R","M","$","T","$","M","R","M","M","R","B"],"character_chosen":"IRONCLAD","items_purchased":["Double Tap","Lantern"],"campfire_rested":0,"item_purchase_floors":[4,4],"current_hp_per_floor":[78,78,80,80,80,80,80,80,80,80,61,61,61,64,64,54,74,76,76,76,80,73,73,77,77,77,77,72,72,63,69,69,0,0],"gold":155,"neow_bonus":"THREE_ENEMY_KILL","is_daily":false,"chose_seed":false,"campfire_upgraded":6,"win_rate":0.0,"timestamp":1609225876,"path_taken":["M","?","?","?","?","R","E","?","T","?","E","$","R","M","R","BOSS","M","$","?","M","M","R","M","$","T","$","M","R","M","M","R","BOSS"],"items_purchased_type":["Card","Relic"],"build_version":"2020-12-22","purchased_purges":3,"victory":false,"max_hp_per_floor":[80,80,80,80,80,80,80,80,80,80,80,80,80,80,80,80,80,80,80,80,80,80,80,80,80,80,80,80,80,80,80,80,80,80],"card_choices":[{"not_picked":["Cleave","Twin Strike","Sever Soul"],"picked":"SKIP","floor":1.0},{"not_picked":["Clash","Shrug It Off"],"picked":"Inflame","floor":3.0},{"not_picked":["Flex","Bloodletting"],"picked":"Spot Weakness","floor":7.0},{"not_picked":["Dropkick","Brutality"],"picked":"Thunderclap","floor":10.0},{"not_picked":["Heavy Blade","Shrug It Off"],"picked":"Power Through","floor":11.0},{"not_picked":["Warcry","Headbutt","Rampage"],"picked":"SKIP","floor":14},{"not_picked":["Pommel Strike+1","Thunderclap+1"],"picked":"Heavy Blade+1","floor":18},{"not_picked":["Reckless Charge","Sentinel"],"picked":"Fire Breathing+1","floor":21},{"not_picked":["Iron Wave","Thunderclap","Spot Weakness"],"picked":"SKIP","floor":22},{"not_picked":["Thunderclap+1","Shrug It Off"],"picked":"Second Wind","floor":24},{"not_picked":["Cleave","Havoc"],"picked":"Sword Boomerang","floor":28},{"not_picked":["Flame Barrier+1","Cleave","Pommel Strike"],"picked":"SKIP","floor":30},{"not_picked":["True Grit","Dark Embrace"],"picked":"Intimidate+1","floor":31}],"player_experience":568958,"relics_obtained":[{"floor":7.0,"key":"Thread and Needle"},{"floor":9.0,"key":"Potion Belt"},{"floor":11.0,"key":"Turnip"},{"floor":26,"key":"Omamori"}],"event_choices":[{"damage_healed":0.0,"max_hp_gain":0.0,"max_hp_loss":0.0,"gold_gain":275.0,"event_name":"Golden Shrine","player_choice":"Desecrate","floor":2.0,"gold_loss":0.0,"damage_taken":0.0,"cards_obtained":["Regret"]},{"cards_removed":["Strike_R"],"damage_healed":0.0,"max_hp_gain":0.0,"max_hp_loss":0.0,"gold_gain":0.0,"event_name":"Living Wall","player_choice":"Forget","floor":5.0,"gold_loss":0.0,"damage_taken":0.0},{"damage_healed":0.0,"max_hp_gain":0.0,"max_hp_loss":0.0,"gold_gain":0.0,"event_name":"Accursed Blacksmith","player_choice":"Rummage","floor":8.0,"gold_loss":0.0,"damage_taken":0.0,"relics_obtained":["WarpedTongs"],"cards_obtained":["Pain"]},{"damage_healed":0,"gold_gain":0,"player_choice":"Upgraded Two","damage_taken":0,"max_hp_gain":0,"max_hp_loss":0,"event_name":"Designer","floor":20,"gold_loss":40,"cards_upgraded":["Strike_R","Defend_R"]}],"is_beta":false,"boss_relics":[{"not_picked":["SlaversCollar","Runic Cube"],"picked":"Black Blood"}],"items_purged_floors":[4,12,19],"is_endless":false,"potions_floor_spawned":[1,10,11,14,18,21,22],"killed_by":"Collector","ascension_level":11}}