{"host":"ow66nzv2xecjoor3","time":1609266953,"event":{"mods":["BaseMod","Bestiary","Block Reminder","Colored Powertips","Curses Come First","Highlight Path","Keyboard Shortcuts","Minty Spire (QoL Compilation)","Permanent Neow","Relic Stats","StSLib","UnlockEverythingMod"],"gold_per_floor":[117,137,212,212,226,256,256,271,271,271,296,309,55,75,75,106,106,183,183,193,209,209,44,54,69,69,99,99,122,122,132,157,170,185,185,185,185],"floor_reached":36,"playtime":1343,"items_purged":["Strike_G"],"score":652,"play_id":"17098861-9e10-4ce6-95f2-552ae948b313","local_time":"20201229123553","is_ascension_mode":true,"campfire_choices":[{"floor":7.0,"key":"REST"},{"data":"Deadly Poison","floor":17.0,"key":"SMITH"},{"floor":26.0,"key":"REST"},{"floor":28.0,"key":"REST"},{"floor":30.0,"key":"REST"},{"floor":35,"key":"REST"}],"circlet_count":0,"master_deck":["AscendersBane","Strike_G+1","Strike_G","Strike_G+1","Defend_G","Defend_G","Defend_G","Defend_G","Defend_G","Survivor","Neutralize","Predator","Dagger Spray","Dash","Burst","Escape Plan","Deadly Poison+1","Infinite Blades","Caltrops","Terror","Tools of the Trade","Acrobatics","Footwork","Leg Sweep","Crippling Poison"],"relics":["Ring of the Snake","Lantern","TungstenRod","Mercury Hourglass","Gremlin Horn","Snake Skull","Velvet Choker","Potion Belt","Ginger","Strawberry","Pantograph"],"acts_visited":["Exordium","TheCity"],"potions_floor_usage":[],"damage_taken":[{"damage":6.0,"enemies":"Jaw Worm","floor":1.0,"turns":7.0},{"damage":0.0,"enemies":"2 Louse","floor":2.0,"turns":2.0},{"damage":0.0,"enemies":"Small Slimes","floor":5.0,"turns":2.0},{"damage":31.0,"enemies":"Gremlin Nob","floor":6.0,"turns":4.0},{"damage":0.0,"enemies":"Exordium Wildlife","floor":8.0,"turns":2.0},{"damage":5.0,"enemies":"3 Sentries","floor":11.0,"turns":6.0},{"damage":0.0,"enemies":"Blue Slaver","floor":12.0,"turns":3.0},{"damage":0.0,"enemies":"Looter","floor":14.0,"turns":2.0},{"damage":9.0,"enemies":"Lagavulin","floor":16.0,"turns":7.0},{"damage":10.0,"enemies":"Hexaghost","floor":18.0,"turns":7.0},{"damage":16.0,"enemies":"Spheric Guardian","floor":20.0,"turns":5.0},{"damage":8.0,"enemies":"2 Thieves","floor":21.0,"turns":4.0},{"damage":23.0,"enemies":"Snake Plant","floor":24.0,"turns":4.0},{"damage":21.0,"enemies":"Shelled Parasite and Fungi","floor":25.0,"turns":5.0},{"damage":33.0,"enemies":"Slavers","floor":27.0,"turns":4.0},{"damage":11.0,"enemies":"Centurion and Healer","floor":31.0,"turns":6.0},{"damage":6.0,"enemies":"Gremlin Leader","floor":32.0,"turns":6.0},{"damage":12.0,"enemies":"Chosen and Byrds","floor":33.0,"turns":5.0},{"damage":12,"enemies":"Snecko","floor":34,"turns":4},{"damage":92,"enemies":"Collector","floor":36,"turns":8}],"seed_played":"6315946333202790541","potions_obtained":[{"floor":1.0,"key":"Dexterity Potion"},{"floor":5.0,"key":"FairyPotion"},{"floor":16.0,"key":"PowerPotion"},{"floor":20.0,"key":"LiquidMemories"},{"floor":24.0,"key":"FairyPotion"},{"floor":27.0,"key":"Explosive Potion"}],"is_trial":false,"path_per_floor":["M","M","?","?","M","E","R","M","?","T","E","M","$","M","M","E","R","B",null,"M","M","M","$","M","M","R","E","R","T","R","M","E","M","M","R","B"],"character_chosen":"THE_SILENT","items_purchased":["Deadly Poison","Infinite Blades","DuplicationPotion","Potion Belt"],"campfire_rested":5,"item_purchase_floors":[13,13,13,23],"current_hp_per_floor":[53,53,42,22,22,19,38,38,38,38,33,33,33,33,33,24,24,14,53,37,29,29,29,6,19,38,5,24,31,52,41,35,23,11,32,0,0],"gold":185,"neow_bonus":"RANDOM_COMMON_RELIC","is_daily":false,"chose_seed":false,"campfire_upgraded":1,"win_rate":0.0,"timestamp":1609266953,"path_taken":["M","M","?","?","M","E","R","M","?","T","E","M","$","M","M","E","R","BOSS","M","M","M","$","M","M","R","E","R","T","R","M","E","M","M","R","BOSS"],"items_purchased_type":["Card","Card","Potion","Relic"],"build_version":"2020-12-22","purchased_purges":1,"victory":false,"max_hp_per_floor":[66,66,66,66,66,66,66,66,66,66,66,66,66,66,66,66,66,66,66,66,66,66,66,66,66,66,66,66,73,73,73,73,73,73,73,73,73],"relic_stats":{"Gremlin Horn":[15,15],"counters":[20,93],"Pantograph":25,"Snake Skull":[33],"Ginger":[8],"obtain_stats":[{"Potion Belt":23,"Lantern":0,"Gremlin Horn":11,"Strawberry":29,"Pantograph":32,"Velvet Choker":19,"Snake Skull":16,"Ginger":27,"TungstenRod":6,"Ring of the Snake":0,"Mercury Hourglass":10},{"Potion Belt":12,"Lantern":0,"Gremlin Horn":6,"Strawberry":15,"Pantograph":17,"Velvet Choker":10,"Snake Skull":9,"Ginger":15,"TungstenRod":4,"Ring of the Snake":0,"Mercury Hourglass":5},{"Potion Belt":51,"Lantern":0,"Gremlin Horn":23,"Strawberry":64,"Pantograph":76,"Velvet Choker":42,"Snake Skull":35,"Ginger":64,"TungstenRod":15,"Ring of the Snake":0,"Mercury Hourglass":17}],"TungstenRod":44,"Ring of the Snake":[40],"Mercury Hourglass":[297]},"card_choices":[{"not_picked":["Dagger Spray","Reflex"],"picked":"Predator","floor":1.0},{"not_picked":["Flying Knee","Masterful Stab"],"picked":"Dagger Spray","floor":2.0},{"not_picked":["Quick Slash","Acrobatics"],"picked":"Dash","floor":5.0},{"not_picked":["All Out Attack","Backstab"],"picked":"Burst","floor":6.0},{"not_picked":["Quick Slash","Dagger Spray"],"picked":"Escape Plan","floor":8.0},{"not_picked":["Outmaneuver","Riddle With Holes","Deflect"],"picked":"SKIP","floor":11.0},{"not_picked":["A Thousand Cuts","Outmaneuver","Masterful Stab"],"picked":"SKIP","floor":12.0},{"not_picked":["Dash","Quick Slash"],"picked":"Caltrops","floor":14.0},{"not_picked":["Tactician","A Thousand Cuts"],"picked":"Terror","floor":16.0},{"not_picked":["A Thousand Cuts","Envenom"],"picked":"Tools of the Trade","floor":18.0},{"not_picked":["Dagger Spray","Quick Slash"],"picked":"Acrobatics","floor":20.0},{"not_picked":["Riddle With Holes","Sucker Punch","Outmaneuver"],"picked":"SKIP","floor":21.0},{"not_picked":["Dodge and Roll","Distraction","Flying Knee"],"picked":"SKIP","floor":24.0},{"not_picked":["Backstab","Dagger Throw","Terror"],"picked":"SKIP","floor":25.0},{"not_picked":["Storm of Steel","Skewer"],"picked":"Footwork","floor":27.0},{"not_picked":["Prepared+1","Masterful Stab"],"picked":"Leg Sweep","floor":31.0},{"not_picked":["Prepared","Acrobatics","Quick Slash"],"picked":"SKIP","floor":32.0},{"not_picked":["Deflect","Prepared","Cloak And Dagger"],"picked":"SKIP","floor":33.0},{"not_picked":["Acrobatics","Concentrate"],"picked":"Crippling Poison","floor":34}],"player_experience":2675231,"relics_obtained":[{"floor":6.0,"key":"TungstenRod"},{"floor":10.0,"key":"Mercury Hourglass"},{"floor":11.0,"key":"Gremlin Horn"},{"floor":16.0,"key":"Snake Skull"},{"floor":27.0,"key":"Ginger"},{"floor":29.0,"key":"Strawberry"},{"floor":32.0,"key":"Pantograph"}],"event_choices":[{"damage_healed":0.0,"max_hp_gain":0.0,"max_hp_loss":0.0,"gold_gain":75.0,"event_name":"World of Goop","player_choice":"Gather Gold","floor":3.0,"gold_loss":0.0,"damage_taken":11.0},{"damage_healed":0.0,"max_hp_gain":0.0,"max_hp_loss":0.0,"gold_gain":0.0,"event_name":"Shining Light","player_choice":"Entered Light","floor":4.0,"gold_loss":0.0,"damage_taken":20.0,"cards_upgraded":["Strike_G","Strike_G"]},{"cards_removed":["Strike_G"],"damage_healed":0.0,"max_hp_gain":0.0,"max_hp_loss":0.0,"gold_gain":0.0,"event_name":"Living Wall","player_choice":"Forget","floor":9.0,"gold_loss":0.0,"damage_taken":0.0}],"is_beta":false,"boss_relics":[{"not_picked":["Pandora\u0027s Box","Empty Cage"],"picked":"Velvet Choker"}],"items_purged_floors":[13],"is_endless":false,"potions_floor_spawned":[1,5,14,16,18,20,24,27],"killed_by":"Collector","ascension_level":20}}