{"host":"f5gffvlv6a66yqkd","time":1609249280,"event":{"mods":["2.2 Compatiblity","BaseMod","Colored Map","DeckTracker","Keyboard Shortcuts","Minty Spire (QoL Compilation)","Permanent Neow","Quick Restart","Relic Stats","StSLib","SuperFastMode"],"gold_per_floor":[20,37,48,13,13,13,49,49,49,49,62,85,101,139,139,268,268,288,313,313,332,332,332,332,332],"floor_reached":24,"playtime":624,"items_purged":[],"score":312,"play_id":"ae6292c6-0ec3-4cc5-985c-546c72ca5651","local_time":"20201229224120","is_ascension_mode":true,"campfire_choices":[{"data":"Zap","floor":6,"key":"SMITH"},{"data":"Buffer","floor":8,"key":"SMITH"},{"floor":15,"key":"RECALL"},{"floor":23,"key":"REST"}],"circlet_count":0,"master_deck":["AscendersBane","Strike_B+1","Defend_B","Defend_B","Zap+1","Dualcast+1","Doom and Gloom","Cold Snap","Buffer+1","Compile Driver","Turbo","Ball Lightning","Sweeping Beam+1","Capacitor+1","Rebound+1","Defragment+1","Double Energy"],"relics":["Cracked Core","Golden Idol","Mango","Thread and Needle","Bag of Preparation","Astrolabe"],"acts_visited":["Exordium","TheCity"],"potions_floor_usage":[14,16],"damage_taken":[{"damage":0,"enemies":"Small Slimes","floor":1,"turns":3},{"damage":8,"enemies":"Jaw Worm","floor":2,"turns":4},{"damage":5,"enemies":"2 Louse","floor":3,"turns":2},{"damage":13,"enemies":"Lagavulin","floor":7,"turns":5},{"damage":0,"enemies":"Large Slime","floor":11,"turns":5},{"damage":10,"enemies":"Lots of Slimes","floor":12,"turns":2},{"damage":0,"enemies":"Blue Slaver","floor":13,"turns":3},{"damage":9,"enemies":"3 Sentries","floor":14,"turns":5},{"damage":14,"enemies":"The Guardian","floor":16,"turns":11},{"damage":3,"enemies":"Chosen","floor":18,"turns":4},{"damage":10,"enemies":"Shell Parasite","floor":19,"turns":4},{"damage":19,"enemies":"Centurion and Healer","floor":21,"turns":8},{"damage":46,"enemies":"Slavers","floor":24,"turns":3}],"seed_played":"-5701675298903488461","potions_obtained":[{"floor":1,"key":"Dexterity Potion"},{"floor":7,"key":"Regen Potion"},{"floor":14,"key":"Dexterity Potion"}],"is_trial":false,"path_per_floor":["M","M","M","?","?","R","E","R","T","?","M","M","M","E","R","B",null,"M","M","?","M","?","R","E"],"character_chosen":"DEFECT","items_purchased":[],"campfire_rested":1,"item_purchase_floors":[],"current_hp_per_floor":[68,60,55,73,55,55,56,56,56,38,38,28,28,33,33,19,72,69,59,59,40,40,66,20,20],"gold":332,"neow_bonus":"REMOVE_TWO","is_daily":false,"chose_seed":false,"campfire_upgraded":2,"win_rate":0.0,"timestamp":1609249280,"path_taken":["M","M","M","?","?","R","E","R","T","?","M","M","M","E","R","BOSS","M","M","?","?","?","R","E"],"items_purchased_type":[],"build_version":"2020-12-22","purchased_purges":0,"victory":false,"max_hp_per_floor":[75,75,75,75,75,75,89,89,89,89,89,89,89,89,89,89,89,89,89,89,89,89,89,89,89],"relic_stats":{"counters":[13,59],"Golden Idol":65,"Astrolabe":["Sweeping Beam","Capacitor","Rebound"],"Bag of Preparation":[10],"obtain_stats":[{"Golden Idol":5,"Astrolabe":17,"Mango":7,"Thread and Needle":9,"Bag of Preparation":14,"Cracked Core":0},{"Golden Idol":3,"Astrolabe":9,"Mango":4,"Thread and Needle":4,"Bag of Preparation":8,"Cracked Core":0},{"Golden Idol":9,"Astrolabe":40,"Mango":14,"Thread and Needle":14,"Bag of Preparation":29,"Cracked Core":0}]},"card_choices":[{"not_picked":["Rebound","Stack"],"picked":"Doom and Gloom","floor":1},{"not_picked":["Hello World","Redo"],"picked":"Cold Snap","floor":2},{"not_picked":["Melter","Sweeping Beam","Cold Snap"],"picked":"SKIP","floor":3},{"not_picked":["Steam","Stack"],"picked":"Buffer","floor":7},{"not_picked":["Leap","Rip and Tear"],"picked":"Compile Driver","floor":11},{"not_picked":["Consume","Gash"],"picked":"Turbo","floor":12},{"not_picked":["Beam Cell","Sweeping Beam"],"picked":"Ball Lightning","floor":13},{"not_picked":["Rip and Tear","Heatsinks","Turbo"],"picked":"SKIP","floor":14},{"not_picked":["Steam","Turbo"],"picked":"Defragment","floor":18},{"not_picked":["Go for the Eyes","Sweeping Beam","Compile Driver"],"picked":"SKIP","floor":19},{"not_picked":["Redo","Reinforced Body+1"],"picked":"Double Energy","floor":21}],"player_experience":1510758,"relics_obtained":[{"floor":7,"key":"Mango"},{"floor":9,"key":"Thread and Needle"},{"floor":14,"key":"Bag of Preparation"}],"event_choices":[{"damage_healed":18,"gold_gain":0,"player_choice":"Healed","damage_taken":0,"max_hp_gain":0,"max_hp_loss":0,"event_name":"The Cleric","floor":4,"gold_loss":35},{"damage_healed":0,"gold_gain":0,"player_choice":"Take Damage","damage_taken":18,"relics_obtained":["Golden Idol"],"max_hp_gain":0,"max_hp_loss":0,"event_name":"Golden Idol","floor":5,"gold_loss":0},{"damage_healed":0,"gold_gain":0,"player_choice":"Entered Light","damage_taken":18,"max_hp_gain":0,"max_hp_loss":0,"event_name":"Shining Light","floor":10,"gold_loss":0,"cards_upgraded":["Strike_B","Dualcast"]},{"damage_healed":0,"gold_gain":0,"player_choice":"Forge","damage_taken":0,"max_hp_gain":0,"max_hp_loss":0,"event_name":"Accursed Blacksmith","floor":20,"gold_loss":0,"cards_upgraded":["Defragment"]},{"damage_healed":0,"gold_gain":0,"player_choice":"Ignored","damage_taken":0,"max_hp_gain":0,"max_hp_loss":0,"event_name":"Vampires","floor":22,"gold_loss":0}],"is_beta":false,"boss_relics":[{"not_picked":["Cursed Key","Black Star"],"picked":"Astrolabe"}],"items_purged_floors":[],"is_endless":false,"potions_floor_spawned":[1,7,14],"killed_by":"Slavers","ascension_level":10}}