{"host":"no0bdlpxzp7bzzks","time":1609213309,"event":{"mods":["BaseMod","Better Match","Block Reminder","Colored Map","Curses Come First","DeckTracker","Filter the Spire","Highlight Path","Key Reminder","Minty Spire (QoL Compilation)","Permanent Neow","Relic Sorter","Relic Stats","StSLib","The Saiyan"],"gold_per_floor":[96,115,128,140,140,172,197,232,259,269,279,312,487,503,503,503,503],"floor_reached":16,"playtime":1006,"items_purged":[],"score":155,"play_id":"07f136bb-8a4a-4eff-8898-7eeb3229807d","local_time":"20201228214149","is_ascension_mode":true,"campfire_choices":[{"data":"Saiyan:GenkiDama","floor":15,"key":"SMITH"}],"circlet_count":0,"master_deck":["Saiyan:SAIYA_Strike","Saiyan:SAIYA_Strike","Saiyan:SAIYA_Strike","Saiyan:SAIYA_Strike","Saiyan:SAIYA_Defend","Saiyan:SAIYA_Defend","Saiyan:SAIYA_Defend","Saiyan:SAIYA_Defend","Saiyan:EnergyBlast","Saiyan:KaioKen","Saiyan:RuthlessBlow","Saiyan:GenkiDama+1","Saiyan:KameHameHa","Saiyan:TurtleShell","Saiyan:KiExplosion","Saiyan:PowerUp","Saiyan:DragonFist","Saiyan:Honing","Saiyan:TheBomb","Saiyan:Teleport","Doubt","Saiyan:CCCapsule"],"relics":["SaiyanSoul","SaiyanHeart","Bronze Scales","Boot","Ancient Tea Set","Kunai","keyreminder:keyreminder","Bag of Preparation","Ginger"],"acts_visited":["Exordium"],"potions_floor_usage":[8,8,10],"damage_taken":[{"damage":0,"enemies":"Cultist","floor":1,"turns":2},{"damage":2,"enemies":"Jaw Worm","floor":2,"turns":3},{"damage":0,"enemies":"Small Slimes","floor":3,"turns":2},{"damage":10,"enemies":"Blue Slaver","floor":4,"turns":3},{"damage":6,"enemies":"3 Sentries","floor":6,"turns":4},{"damage":14,"enemies":"Lagavulin","floor":8,"turns":6},{"damage":0,"enemies":"Large Slime","floor":10,"turns":2},{"damage":0,"enemies":"Gremlin Gang","floor":11,"turns":1},{"damage":14,"enemies":"3 Sentries","floor":12,"turns":4},{"damage":0,"enemies":"Blue Slaver","floor":14,"turns":4},{"damage":22,"enemies":"The Guardian","floor":16,"turns":2}],"seed_played":"-8924471424124785281","potions_obtained":[{"floor":1,"key":"FearPotion"},{"floor":4,"key":"Swift Potion"},{"floor":6,"key":"AttackPotion"},{"floor":8,"key":"Fire Potion"},{"floor":14,"key":"Swift Potion"}],"is_trial":false,"path_per_floor":["M","M","M","M","?","E","T","E","T","M","M","E","?","M","R","B"],"character_chosen":"SAIYAJIN","items_purchased":[],"campfire_rested":0,"item_purchase_floors":[],"current_hp_per_floor":[61,60,63,55,43,39,39,26,26,28,29,17,17,18,18,0,0],"gold":503,"neow_bonus":"ONE_RANDOM_RARE_CARD","is_daily":false,"chose_seed":false,"campfire_upgraded":1,"win_rate":0.0,"timestamp":1609213309,"path_taken":["M","M","M","?","?","E","?","E","T","M","M","E","?","M","R","BOSS"],"items_purchased_type":[],"build_version":"2020-12-22","purchased_purges":0,"victory":false,"max_hp_per_floor":[61,62,65,67,67,69,69,70,70,72,73,75,75,76,76,76,76],"relic_stats":{"counters":[11,33],"Bronze Scales":[39],"Bag of Preparation":[10],"Kunai":[0],"Ginger":[3],"Boot":[4],"obtain_stats":[{"keyreminder:keyreminder":8,"Bronze Scales":5,"SaiyanSoul":0,"SaiyanHeart":0,"Bag of Preparation":9,"Kunai":8,"Ginger":12,"Boot":6,"Ancient Tea Set":7},{"keyreminder:keyreminder":6,"Bronze Scales":4,"SaiyanSoul":0,"SaiyanHeart":0,"Bag of Preparation":6,"Kunai":6,"Ginger":9,"Boot":5,"Ancient Tea Set":5},{"keyreminder:keyreminder":20,"Bronze Scales":10,"SaiyanSoul":0,"SaiyanHeart":0,"Bag of Preparation":20,"Kunai":20,"Ginger":27,"Boot":14,"Ancient Tea Set":14}]},"card_choices":[{"not_picked":["Saiyan:LastResort","Saiyan:ExpandingShockwave"],"picked":"Saiyan:KameHameHa","floor":1},{"not_picked":["Saiyan:LastResort","Saiyan:Reset"],"picked":"Saiyan:TurtleShell","floor":2},{"not_picked":["Saiyan:BigBangAttack","Saiyan:PlotArmor"],"picked":"Saiyan:KiExplosion","floor":3},{"not_picked":["Saiyan:KiExplosion","Saiyan:SpiritSword"],"picked":"Saiyan:PowerUp","floor":4},{"not_picked":["Saiyan:KiStrike","Saiyan:Taunt"],"picked":"Saiyan:DragonFist","floor":6},{"not_picked":["Saiyan:KiExplosion","Saiyan:Scouter"],"picked":"Saiyan:Honing","floor":8},{"not_picked":["Saiyan:Planning","Saiyan:BigBangAttack"],"picked":"Saiyan:TheBomb","floor":10},{"not_picked":["Saiyan:ExpandingShockwave","Saiyan:BackAttack"],"picked":"Saiyan:Teleport","floor":11},{"not_picked":["Saiyan:KameHameHa","Saiyan:MeteorDash","Saiyan:WarmUp"],"picked":"SKIP","floor":12},{"not_picked":["Saiyan:PowerUp","Saiyan:Expend"],"picked":"Saiyan:CCCapsule","floor":14}],"player_experience":88986,"relics_obtained":[{"floor":6,"key":"Boot"},{"floor":7,"key":"Ancient Tea Set"},{"floor":8,"key":"Kunai"},{"floor":9,"key":"Bag of Preparation"},{"floor":12,"key":"Ginger"}],"event_choices":[{"damage_healed":0,"gold_gain":0,"player_choice":"Success","damage_taken":12,"relics_obtained":["Bronze Scales"],"max_hp_gain":0,"max_hp_loss":0,"event_name":"Scrap Ooze","floor":5,"gold_loss":0},{"damage_healed":0,"gold_gain":175,"player_choice":"AGREE","damage_taken":0,"max_hp_gain":0,"max_hp_loss":0,"event_name":"Liars Game","floor":13,"gold_loss":0,"cards_obtained":["Doubt"]}],"is_beta":false,"boss_relics":[],"items_purged_floors":[],"is_endless":false,"potions_floor_spawned":[1,4,6,8,14],"killed_by":"The Guardian","ascension_level":1}}