{"host":"dl7h25vjpuplx29g","time":1609215609,"event":{"mods":["BaseMod","Colored Map","Minty Spire (QoL Compilation)"],"gold_per_floor":[111,129,141,141,141,141,153,153,153,153,165,176,208,223,223,295,295,307,406,406,19,34,34,64,64,87,87,120,50,66,80,80,80,80],"floor_reached":33,"playtime":53035,"items_purged":["Pain"],"score":474,"play_id":"7a75a681-8341-4e67-a1f4-2f811bd03b82","local_time":"20201229132009","is_ascension_mode":true,"campfire_choices":[{"data":"Die Die Die","floor":6.0,"key":"SMITH"},{"data":"Neutralize","floor":8.0,"key":"SMITH"},{"data":"Skewer","floor":10.0,"key":"SMITH"},{"data":"Well Laid Plans","floor":15.0,"key":"SMITH"},{"data":"Crippling Poison","floor":23.0,"key":"SMITH"},{"floor":25.0,"key":"RECALL"},{"data":"Corpse Explosion","floor":27.0,"key":"SMITH"},{"floor":32,"key":"REST"}],"circlet_count":0,"master_deck":["AscendersBane","Strike_G","Strike_G","Strike_G","Defend_G","Defend_G","Defend_G","Defend_G","Survivor","Neutralize+1","Die Die Die+1","Skewer+1","Predator","Crippling Poison+1","Trip","Neutralize","Reflex","Backflip","Well Laid Plans+1","Reflex","Corpse Explosion+1","Reflex+1","Caltrops+1","Catalyst+1","Backflip","Deadly Poison","Poisoned Stab","Footwork","Acrobatics","Acrobatics"],"relics":["Ring of the Snake","Akabeko","Blue Candle","Astrolabe","WarpedTongs","Ice Cream","Prayer Wheel","Vajra","Nunchaku"],"acts_visited":["Exordium","TheCity"],"potions_floor_usage":[31,31,33],"damage_taken":[{"damage":0.0,"enemies":"Cultist","floor":1.0,"turns":4.0},{"damage":4.0,"enemies":"2 Louse","floor":2.0,"turns":3.0},{"damage":0.0,"enemies":"Jaw Worm","floor":3.0,"turns":3.0},{"damage":0.0,"enemies":"Lots of Slimes","floor":7.0,"turns":1.0},{"damage":0.0,"enemies":"Large Slime","floor":11.0,"turns":2.0},{"damage":0.0,"enemies":"Exordium Wildlife","floor":12.0,"turns":2.0},{"damage":13.0,"enemies":"Gremlin Nob","floor":13.0,"turns":3.0},{"damage":4.0,"enemies":"Exordium Thugs","floor":14.0,"turns":3.0},{"damage":29.0,"enemies":"Hexaghost","floor":16.0,"turns":12.0},{"damage":3.0,"enemies":"2 Thieves","floor":18.0,"turns":4.0},{"damage":0.0,"enemies":"Shell Parasite","floor":22.0,"turns":2.0},{"damage":13.0,"enemies":"Slavers","floor":24.0,"turns":2.0},{"damage":26.0,"enemies":"Book of Stabbing","floor":28.0,"turns":3.0},{"damage":11.0,"enemies":"Shelled Parasite and Fungi","floor":30.0,"turns":6.0},{"damage":2,"enemies":"Cultist and Chosen","floor":31,"turns":4},{"damage":30,"enemies":"Champ","floor":33,"turns":6}],"seed_played":"1511866130602786999","potions_obtained":[{"floor":7.0,"key":"FearPotion"},{"floor":12.0,"key":"LiquidMemories"},{"floor":14.0,"key":"Dexterity Potion"},{"floor":22.0,"key":"LiquidMemories"},{"floor":30.0,"key":"GhostInAJar"},{"floor":31,"key":"Ancient Potion"}],"is_trial":false,"path_per_floor":["M","M","M","?","?","R","M","R","T","R","M","M","E","M","R","B",null,"M","?","?","$","M","R","E","R","T","R","E","$","M","M","R","B"],"character_chosen":"THE_SILENT","items_purchased":["Ice Cream","Footwork"],"campfire_rested":1,"item_purchase_floors":[21,29],"current_hp_per_floor":[63,59,59,64,64,64,64,64,64,64,64,64,51,47,47,18,56,53,53,53,53,53,53,40,40,40,40,14,14,3,1,21,0,0],"gold":80,"neow_bonus":"THREE_RARE_CARDS","is_daily":false,"chose_seed":false,"campfire_upgraded":6,"win_rate":0.0,"timestamp":1609215609,"path_taken":["M","M","?","?","?","R","M","R","T","R","?","M","E","M","R","BOSS","M","?","?","$","M","R","E","R","T","R","E","$","M","M","R","BOSS"],"items_purchased_type":["Relic","Card"],"build_version":"2020-12-22","purchased_purges":1,"victory":false,"max_hp_per_floor":[63,63,63,68,68,68,68,68,68,68,68,68,68,68,68,68,68,68,68,68,68,68,68,68,68,68,68,68,68,68,68,68,68,68],"card_choices":[{"not_picked":["A Thousand Cuts","Venomology"],"picked":"Die Die Die","floor":0.0},{"not_picked":["Dodge and Roll","Bane"],"picked":"Skewer","floor":1.0},{"not_picked":["Escape Plan","Terror"],"picked":"Predator","floor":2.0},{"not_picked":["Calculated Gamble","Backstab"],"picked":"Crippling Poison","floor":3.0},{"not_picked":["Dagger Spray","Dagger Throw"],"picked":"Reflex","floor":7.0},{"not_picked":["Cloak And Dagger","Sucker Punch","Outmaneuver"],"picked":"SKIP","floor":11.0},{"not_picked":["Deadly Poison","PiercingWail"],"picked":"Backflip","floor":12.0},{"not_picked":["Wraith Form v2","Deflect"],"picked":"Well Laid Plans","floor":13.0},{"not_picked":["Outmaneuver","Sucker Punch"],"picked":"Reflex","floor":14.0},{"not_picked":["Burst","Night Terror"],"picked":"Corpse Explosion","floor":16.0},{"not_picked":["Bane","Quick Slash","Slice"],"picked":"SKIP","floor":18.0},{"not_picked":["Underhanded Strike+1","Outmaneuver"],"picked":"Backflip","floor":22.0},{"not_picked":["Flying Knee","Sucker Punch"],"picked":"Deadly Poison","floor":24.0},{"not_picked":["Sucker Punch","Wraith Form v2"],"picked":"Poisoned Stab","floor":28.0},{"not_picked":["All Out Attack","Poisoned Stab","Infinite Blades+1"],"picked":"SKIP","floor":30.0},{"not_picked":["Bane","Skewer","Poisoned Stab"],"picked":"SKIP","floor":30.0},{"not_picked":["Predator","All Out Attack+1"],"picked":"Acrobatics","floor":31},{"not_picked":["Choke","Cloak And Dagger"],"picked":"Acrobatics","floor":31}],"player_experience":1235681,"relics_obtained":[{"floor":9.0,"key":"Akabeko"},{"floor":13.0,"key":"Blue Candle"},{"floor":24.0,"key":"Prayer Wheel"},{"floor":26.0,"key":"Vajra"},{"floor":28.0,"key":"Nunchaku"}],"event_choices":[{"damage_healed":0.0,"max_hp_gain":5.0,"max_hp_loss":0.0,"gold_gain":0.0,"event_name":"Big Fish","player_choice":"Donut","floor":4.0,"gold_loss":0.0,"damage_taken":0.0},{"damage_healed":0.0,"max_hp_gain":0.0,"max_hp_loss":0.0,"gold_gain":0.0,"event_name":"Match and Keep!","player_choice":"2 cards matched","floor":5.0,"gold_loss":0.0,"damage_taken":0.0,"cards_obtained":["Trip","Neutralize"]},{"damage_healed":0.0,"max_hp_gain":0.0,"max_hp_loss":0.0,"gold_gain":99.0,"event_name":"Nest","player_choice":"Stole From Cult","floor":19.0,"gold_loss":0.0,"damage_taken":0.0},{"damage_healed":0.0,"max_hp_gain":0.0,"max_hp_loss":0.0,"gold_gain":0.0,"event_name":"Accursed Blacksmith","player_choice":"Rummage","floor":20.0,"gold_loss":0.0,"damage_taken":0.0,"relics_obtained":["WarpedTongs"],"cards_obtained":["Pain"]}],"is_beta":false,"boss_relics":[{"not_picked":["Empty Cage","Ectoplasm"],"picked":"Astrolabe"}],"items_purged_floors":[21],"is_endless":false,"potions_floor_spawned":[7,12,13,14,22,30,31],"killed_by":"Champ","ascension_level":13}}