{"host":"h7phgxvratutj9mx","time":1609278824,"event":{"mods":["BaseMod","Highlight Path","Minty Spire (QoL Compilation)","Quick Restart"],"gold_per_floor":[114,64,64,139,149,149,5,23,23,23,43,43,43,62,62,166,166,181,181,146,166,21,21,39,39,39],"floor_reached":25,"playtime":1423,"items_purged":["Defend_P"],"score":193,"play_id":"6ed257c6-e828-47a8-9a91-bd6cae507d3a","local_time":"25631230045344","is_ascension_mode":false,"campfire_choices":[{"data":"Eruption","floor":10,"key":"SMITH"},{"data":"DevaForm","floor":13,"key":"SMITH"},{"floor":15,"key":"REST"},{"floor":23,"key":"REST"}],"circlet_count":0,"master_deck":["Strike_P","Strike_P","Strike_P","Strike_P","Defend_P","Defend_P","Eruption+1","Vigilance","Evaluate+1","Halt","Blind","FlurryOfBlows","DevaForm+1","CarveReality","Evaluate","Swivel","EmptyFist","Crescendo","PathToVictory"],"relics":["PureWater","InkBottle","SlaversCollar","FaceOfCleric","Blood Vial"],"acts_visited":["Exordium","TheCity"],"potions_floor_usage":[16,25],"damage_taken":[{"damage":1,"enemies":"Jaw Worm","floor":1,"turns":5},{"damage":0,"enemies":"2 Louse","floor":5,"turns":3},{"damage":5,"enemies":"Small Slimes","floor":8,"turns":3},{"damage":5,"enemies":"2 Fungi Beasts","floor":11,"turns":2},{"damage":0,"enemies":"Red Slaver","floor":14,"turns":4},{"damage":31,"enemies":"Hexaghost","floor":16,"turns":11},{"damage":0,"enemies":"Chosen","floor":18,"turns":6},{"damage":38,"enemies":"2 Thieves","floor":20,"turns":5},{"damage":22,"enemies":"Centurion and Healer","floor":21,"turns":10},{"damage":5,"enemies":"3 Cultists","floor":24,"turns":7},{"damage":42,"enemies":"Chosen and Byrds","floor":25,"turns":8}],"seed_played":"6352903816004826610","potions_obtained":[{"floor":1,"key":"ColorlessPotion"},{"floor":8,"key":"SpeedPotion"},{"floor":14,"key":"Ancient Potion"},{"floor":16,"key":"LiquidBronze"},{"floor":18,"key":"Weak Potion"}],"is_trial":false,"path_per_floor":["M","?","?","?","M","?","$","M","T","R","M","$","R","M","R","B",null,"M","?","M","M","$","R","M","M"],"character_chosen":"WATCHER","items_purchased":["DevaForm","Blood Vial"],"campfire_rested":2,"item_purchase_floors":[7,22],"current_hp_per_floor":[78,78,78,67,67,67,67,62,62,62,57,57,57,57,79,48,79,79,79,42,21,21,45,43,3,3],"gold":39,"neow_bonus":"TEN_PERCENT_HP_BONUS","is_daily":false,"chose_seed":false,"campfire_upgraded":2,"win_rate":0.0,"timestamp":1609278824,"path_taken":["M","?","?","?","M","?","$","M","T","R","?","$","R","M","R","BOSS","M","?","?","M","$","R","M","M"],"items_purchased_type":["Card","Relic"],"build_version":"2020-12-22","purchased_purges":1,"victory":false,"max_hp_per_floor":[79,79,79,79,79,79,79,79,79,79,79,79,79,79,79,79,79,79,79,80,81,81,81,82,82,82],"card_choices":[{"not_picked":["DeceiveReality","Consecrate"],"picked":"Evaluate","floor":1},{"not_picked":["CutThroughFate","SandsOfTime"],"picked":"Halt","floor":5},{"not_picked":["PathToVictory","Halt"],"picked":"CarveReality","floor":8},{"not_picked":["BowlingBash","CutThroughFate"],"picked":"Evaluate","floor":11},{"not_picked":["SandsOfTime","Adaptation","JustLucky"],"picked":"SKIP","floor":14},{"not_picked":["Worship","Halt"],"picked":"Swivel","floor":18},{"not_picked":["FlyingSleeves","Consecrate"],"picked":"EmptyFist","floor":20},{"not_picked":["Perseverance","FlyingSleeves"],"picked":"Crescendo","floor":21},{"not_picked":["Consecrate","FlyingSleeves"],"picked":"PathToVictory","floor":24}],"player_experience":359318,"relics_obtained":[{"floor":9,"key":"InkBottle"}],"event_choices":[{"cards_removed":["Defend_P"],"damage_healed":0,"gold_gain":0,"player_choice":"Card Removal","damage_taken":0,"max_hp_gain":0,"max_hp_loss":0,"event_name":"The Cleric","floor":2,"gold_loss":50},{"damage_healed":0,"gold_gain":0,"player_choice":"Grow","damage_taken":0,"max_hp_gain":0,"max_hp_loss":0,"event_name":"Living Wall","floor":3,"gold_loss":0,"cards_upgraded":["Evaluate"]},{"damage_healed":0,"gold_gain":75,"player_choice":"Gather Gold","damage_taken":11,"max_hp_gain":0,"max_hp_loss":0,"event_name":"World of Goop","floor":4,"gold_loss":0},{"damage_healed":0,"gold_gain":0,"player_choice":"2 cards matched","damage_taken":0,"max_hp_gain":0,"max_hp_loss":0,"event_name":"Match and Keep!","floor":6,"gold_loss":0,"cards_obtained":["Blind","FlurryOfBlows"]},{"damage_healed":0,"gold_gain":0,"player_choice":"Trade","damage_taken":0,"relics_obtained":["FaceOfCleric"],"max_hp_gain":0,"max_hp_loss":0,"event_name":"FaceTrader","floor":19,"gold_loss":0}],"is_beta":false,"boss_relics":[{"not_picked":["Runic Pyramid","Philosopher\u0027s Stone"],"picked":"SlaversCollar"}],"items_purged_floors":[7],"is_endless":false,"potions_floor_spawned":[1,8,14,16,18,24],"killed_by":"Chosen and Byrds","ascension_level":0}}