{"host":"w4b7hmige5bnqipq","time":1609226297,"event":{"mods":["2.2 Compatiblity","BaseMod","Colored Map","DeckTracker","Keyboard Shortcuts","Minty Spire (QoL Compilation)","Permanent Neow","Rare Cards Sparkle","SuperFastMode","everything is the same but u backflip on backflip","slay the spire mod where everything is the same but ironclad has a cowboy hat"],"gold_per_floor":[114,131,131,155,178,222,222,222,222],"floor_reached":8,"playtime":287,"items_purged":[],"score":110,"play_id":"1cf66db3-5a3b-43d7-a25b-ba358878dd7c","local_time":"20201229161817","is_ascension_mode":true,"campfire_choices":[{"data":"Armaments","floor":7.0,"key":"SMITH"}],"circlet_count":0,"master_deck":["AscendersBane","Strike_R","Strike_R","Strike_R","Strike_R","Defend_R","Defend_R","Defend_R","Defend_R","Bash","Second Wind","Seeing Red","Dropkick","Ghostly Armor","Cleave","Armaments+1"],"relics":["Burning Blood","Golden Idol","Nunchaku"],"acts_visited":["Exordium"],"potions_floor_usage":[8],"damage_taken":[{"damage":2.0,"enemies":"Jaw Worm","floor":1.0,"turns":4.0},{"damage":4.0,"enemies":"Small Slimes","floor":2.0,"turns":5.0},{"damage":6.0,"enemies":"Cultist","floor":4.0,"turns":3.0},{"damage":21.0,"enemies":"Exordium Wildlife","floor":5.0,"turns":5.0},{"damage":30.0,"enemies":"3 Sentries","floor":6.0,"turns":9.0},{"damage":31,"enemies":"Lagavulin","floor":8,"turns":8}],"seed_played":"3736914747437803531","potions_obtained":[{"floor":4.0,"key":"Weak Potion"},{"floor":5.0,"key":"Fire Potion"}],"is_trial":false,"path_per_floor":["M","M","?","M","M","E","R","E"],"character_chosen":"IRONCLAD","items_purchased":[],"campfire_rested":0,"item_purchase_floors":[],"current_hp_per_floor":[72,74,68,68,53,29,29,0,0],"gold":222,"neow_bonus":"TRANSFORM_CARD","is_daily":false,"chose_seed":false,"campfire_upgraded":1,"win_rate":0.0,"timestamp":1609226297,"path_taken":["M","M","?","M","M","E","R","E"],"items_purchased_type":[],"build_version":"2020-12-22","purchased_purges":0,"victory":false,"max_hp_per_floor":[75,75,68,68,68,68,68,68,68],"card_choices":[{"not_picked":["Sword Boomerang","Clash"],"picked":"Seeing Red","floor":1.0},{"not_picked":["Clothesline","Metallicize"],"picked":"Dropkick","floor":2.0},{"not_picked":["Heavy Blade","Armaments"],"picked":"Ghostly Armor","floor":4.0},{"not_picked":["Rampage","Shrug It Off"],"picked":"Cleave","floor":5.0},{"not_picked":["Combust","Havoc"],"picked":"Armaments","floor":6.0}],"player_experience":440813,"relics_obtained":[{"floor":6.0,"key":"Nunchaku"}],"event_choices":[{"damage_healed":0.0,"max_hp_gain":0.0,"max_hp_loss":7.0,"gold_gain":0.0,"event_name":"Golden Idol","player_choice":"Lose Max HP","floor":3.0,"gold_loss":0.0,"damage_taken":0.0,"relics_obtained":["Golden Idol"]}],"is_beta":false,"boss_relics":[],"items_purged_floors":[],"is_endless":false,"potions_floor_spawned":[4,5],"killed_by":"Lagavulin","ascension_level":18}}