{"host":"wbjiqg83duq292na","time":1609280361,"event":{"mods":["BaseMod","Minty Spire (QoL Compilation)"],"gold_per_floor":[14,14,33,43,57,85,99,99,99,99,99,99,120,156,156,156,156],"floor_reached":16,"playtime":695,"items_purged":[],"score":118,"play_id":"497381a4-1592-468f-a346-9162f17aa926","local_time":"20201229201921","is_ascension_mode":true,"campfire_choices":[{"floor":8,"key":"RECALL"},{"data":"Eruption","floor":10,"key":"SMITH"},{"floor":15,"key":"REST"}],"circlet_count":0,"master_deck":["Strike_P","Strike_P","Strike_P","Strike_P","Defend_P","Defend_P","Defend_P","Defend_P","Eruption+1","Vigilance","FlurryOfBlows","CrushJoints","Swift Strike","Consecrate","FlurryOfBlows","BowlingBash","CutThroughFate","FollowUp","Injury","SignatureMove","Establishment"],"relics":["PureWater","GoldenEye","Bottled Flame","Golden Idol","Centennial Puzzle"],"acts_visited":["Exordium"],"potions_floor_usage":[6,6,16],"damage_taken":[{"damage":0,"enemies":"Jaw Worm","floor":1,"turns":5},{"damage":0,"enemies":"Cultist","floor":3,"turns":2},{"damage":0,"enemies":"2 Louse","floor":4,"turns":3},{"damage":0,"enemies":"Gremlin Gang","floor":5,"turns":2},{"damage":31,"enemies":"Gremlin Nob","floor":6,"turns":4},{"damage":0,"enemies":"2 Fungi Beasts","floor":7,"turns":3},{"damage":9,"enemies":"Exordium Wildlife","floor":13,"turns":3},{"damage":13,"enemies":"3 Sentries","floor":14,"turns":6},{"damage":43,"enemies":"The Guardian","floor":16,"turns":4}],"seed_played":"-1376361432218461889","potions_obtained":[{"floor":3,"key":"PowerPotion"},{"floor":5,"key":"BlessingOfTheForge"},{"floor":13,"key":"SpeedPotion"}],"is_trial":false,"path_per_floor":["M","?","M","M","M","E","M","R","T","R","$","?","M","E","R","B"],"character_chosen":"WATCHER","items_purchased":[],"campfire_rested":1,"item_purchase_floors":[],"current_hp_per_floor":[72,72,72,72,72,41,41,41,41,41,41,41,32,19,40,0,0],"gold":156,"neow_bonus":"ONE_RARE_RELIC","is_daily":false,"chose_seed":false,"campfire_upgraded":1,"win_rate":0.0,"timestamp":1609280361,"path_taken":["M","?","M","M","M","E","M","R","T","R","?","?","M","E","R","BOSS"],"items_purchased_type":[],"build_version":"2020-12-22","purchased_purges":0,"victory":false,"max_hp_per_floor":[72,72,72,72,72,72,72,72,72,72,72,72,72,72,72,72,72],"card_choices":[{"not_picked":["WheelKick","DeceiveReality"],"picked":"FlurryOfBlows","floor":1},{"not_picked":["CarveReality","BowlingBash"],"picked":"Consecrate","floor":3},{"not_picked":["Wallop","Evaluate"],"picked":"FlurryOfBlows","floor":4},{"not_picked":["Evaluate","EmptyBody"],"picked":"BowlingBash","floor":5},{"not_picked":["Sanctity","ClearTheMind"],"picked":"CutThroughFate","floor":6},{"not_picked":["FlyingSleeves","ReachHeaven"],"picked":"FollowUp","floor":7},{"not_picked":["DeceiveReality","Study"],"picked":"SignatureMove","floor":13},{"not_picked":["FlurryOfBlows","FollowUp"],"picked":"Establishment","floor":14}],"player_experience":258172,"relics_obtained":[{"floor":6,"key":"Bottled Flame"},{"floor":14,"key":"Centennial Puzzle"}],"event_choices":[{"damage_healed":0,"gold_gain":0,"player_choice":"2 cards matched","damage_taken":0,"max_hp_gain":0,"max_hp_loss":0,"event_name":"Match and Keep!","floor":2,"gold_loss":0,"cards_obtained":["CrushJoints","Swift Strike"]},{"damage_healed":0,"gold_gain":0,"player_choice":"Take Wound","damage_taken":0,"relics_obtained":["Golden Idol"],"max_hp_gain":0,"max_hp_loss":0,"event_name":"Golden Idol","floor":12,"gold_loss":0,"cards_obtained":["Injury"]}],"is_beta":false,"boss_relics":[],"items_purged_floors":[],"is_endless":false,"potions_floor_spawned":[3,5,13],"killed_by":"The Guardian","ascension_level":1}}