{"host":"nz11ypxva4e39b7q","time":1609241937,"event":{"mods":["BaseMod","Better Vampires","Colored Map","Minty Spire (QoL Compilation)","StSLib","The Marked"],"gold_per_floor":[111,111,286,286,211,211,243,243,270,304,27,40,54,129,129,232,232,246,11,11,28,28,62,72,72,72],"floor_reached":25,"playtime":1273,"items_purged":["Regret","Doubt","theMarked:Strike"],"score":291,"play_id":"db3b275a-6827-4ab9-8925-001d983ab6b9","local_time":"20201229123857","is_ascension_mode":true,"campfire_choices":[{"data":"theMarked:SoldierOfQuellstein","floor":6.0,"key":"SMITH"},{"data":"theMarked:Improvise","floor":8.0,"key":"SMITH"},{"data":"theMarked:Generate","floor":15.0,"key":"SMITH"}],"circlet_count":0,"master_deck":["theMarked:Strike","theMarked:Strike","theMarked:Defend","theMarked:Defend","theMarked:Defend+1","theMarked:Defend","theMarked:SoldierOfQuellstein+1","theMarked:MaelstromOfLightning+1","theMarked:Improvise+1","theMarked:Generate+1","theMarked:Parkour","theMarked:PowerFlow","theMarked:ChainLightning","theMarked:SoldierForm","theMarked:GodGivenPower","theMarked:Generate","theMarked:Snap","theMarked:ChannelForce","Writhe","theMarked:PowerFlow+1","theMarked:Static+1"],"relics":["theMarked:ArtifactOfAir","NeowsBlessing","Darkstone Periapt","theMarked:NailFile","Gambling Chip","Medical Kit","Black Star","Toxic Egg 2","Pen Nib","Bronze Scales"],"acts_visited":["Exordium","TheCity"],"potions_floor_usage":[25],"damage_taken":[{"damage":0.0,"enemies":"Small Slimes","floor":1.0,"turns":2.0},{"damage":0.0,"enemies":"Lagavulin","floor":7.0,"turns":3.0},{"damage":0.0,"enemies":"3 Sentries","floor":10.0,"turns":1.0},{"damage":0.0,"enemies":"2 Louse","floor":12.0,"turns":1.0},{"damage":1.0,"enemies":"Jaw Worm","floor":13.0,"turns":2.0},{"damage":22.0,"enemies":"Hexaghost","floor":16.0,"turns":6.0},{"damage":1.0,"enemies":"Chosen","floor":18.0,"turns":5.0},{"damage":10.0,"enemies":"2 Thieves","floor":21.0,"turns":3.0},{"damage":49.0,"enemies":"Slavers","floor":23.0,"turns":4.0},{"damage":17,"enemies":"Chosen and Byrds","floor":24,"turns":3},{"damage":24,"enemies":"Book of Stabbing","floor":25,"turns":3}],"seed_played":"-5201969843802779182","potions_obtained":[{"floor":1.0,"key":"EssenceOfSteel"},{"floor":7.0,"key":"Block Potion"},{"floor":13.0,"key":"FearPotion"},{"floor":18.0,"key":"ColorlessPotion"},{"floor":24,"key":"SteroidPotion"}],"is_trial":false,"path_per_floor":["M","?","?","?","$","R","E","R","T","E","$","M","M","?","R","B",null,"M","$","?","M","?","E","M","E"],"character_chosen":"THE_DEFAULT","items_purchased":["Medical Kit","theMarked:Parkour","theMarked:GodGivenPower","theMarked:Generate"],"campfire_rested":0,"item_purchase_floors":[11,11,19,19],"current_hp_per_floor":[70,56,56,62,62,62,62,62,62,62,62,62,61,50,50,28,76,75,75,75,65,71,22,5,0,0],"gold":72,"neow_bonus":"THREE_ENEMY_KILL","is_daily":false,"chose_seed":false,"campfire_upgraded":3,"win_rate":0.0,"timestamp":1609241937,"path_taken":["M","?","?","?","$","R","E","R","T","E","$","M","M","?","R","BOSS","M","$","?","M","?","E","M","E"],"items_purchased_type":["Relic","Card","Card","Card"],"build_version":"2020-12-22","purchased_purges":3,"victory":false,"max_hp_per_floor":[70,70,70,76,76,76,76,76,76,76,76,76,76,76,76,76,76,76,76,76,76,82,82,82,82,82],"card_choices":[{"not_picked":["theMarked:Seal","theMarked:Aftermath"],"picked":"theMarked:MaelstromOfLightning","floor":1.0},{"not_picked":["theMarked:RepellingDischarge","theMarked:Frustration"],"picked":"theMarked:Improvise","floor":7.0},{"not_picked":["theMarked:TakeOffHeels","theMarked:Static"],"picked":"theMarked:Generate","floor":10.0},{"not_picked":["theMarked:Improvise","theMarked:MysticalArsenal"],"picked":"theMarked:PowerFlow","floor":12.0},{"not_picked":["theMarked:EmpowerWeapon","theMarked:Frustration"],"picked":"theMarked:ChainLightning","floor":13.0},{"not_picked":["theMarked:ThrowWeapon","theMarked:DispelDoubt"],"picked":"theMarked:SoldierForm","floor":16.0},{"not_picked":["theMarked:ElectricStrings","theMarked:DeterminationOfTheMarked","theMarked:TunnelVision"],"picked":"SKIP","floor":18.0},{"not_picked":["theMarked:Electrify","theMarked:RogueSparks","theMarked:BanishingStrike"],"picked":"SKIP","floor":21.0},{"not_picked":["theMarked:TakeCover+1","theMarked:WardOff+1"],"picked":"theMarked:PowerFlow+1","floor":23.0},{"not_picked":["theMarked:Parkour","theMarked:ChainLightning"],"picked":"theMarked:Static+1","floor":24}],"player_experience":957029,"relics_obtained":[{"floor":7.0,"key":"theMarked:NailFile"},{"floor":10.0,"key":"Gambling Chip"},{"floor":23.0,"key":"Pen Nib"},{"floor":23.0,"key":"Bronze Scales"}],"event_choices":[{"damage_healed":0.0,"max_hp_gain":0.0,"max_hp_loss":0.0,"gold_gain":0.0,"event_name":"Shining Light","player_choice":"Entered Light","floor":2.0,"gold_loss":0.0,"damage_taken":14.0,"cards_upgraded":["theMarked:Defend","theMarked:MaelstromOfLightning"]},{"damage_healed":0.0,"max_hp_gain":0.0,"max_hp_loss":0.0,"gold_gain":175.0,"event_name":"Liars Game","player_choice":"AGREE","floor":3.0,"gold_loss":0.0,"damage_taken":0.0,"cards_obtained":["Doubt"]},{"damage_healed":0.0,"max_hp_gain":0.0,"max_hp_loss":0.0,"gold_gain":0.0,"event_name":"Big Fish","player_choice":"Box","floor":4.0,"gold_loss":0.0,"damage_taken":0.0,"relics_obtained":["Darkstone Periapt"],"cards_obtained":["Regret"]},{"damage_healed":0.0,"max_hp_gain":0.0,"max_hp_loss":0.0,"gold_gain":75.0,"event_name":"World of Goop","player_choice":"Gather Gold","floor":14.0,"gold_loss":0.0,"damage_taken":11.0},{"damage_healed":0.0,"max_hp_gain":0.0,"max_hp_loss":0.0,"gold_gain":0.0,"cards_transformed":["theMarked:Strike","theMarked:Strike"],"event_name":"Drug Dealer","player_choice":"Became Test Subject","floor":20.0,"gold_loss":0.0,"damage_taken":0.0,"cards_obtained":["theMarked:Snap","theMarked:ChannelForce"]},{"damage_healed":0.0,"max_hp_gain":0.0,"max_hp_loss":0.0,"gold_gain":0.0,"event_name":"The Mausoleum","player_choice":"Opened","floor":22.0,"gold_loss":0.0,"damage_taken":0.0,"relics_obtained":["Toxic Egg 2"],"cards_obtained":["Writhe"]}],"is_beta":false,"boss_relics":[{"not_picked":["Fusion Hammer","Busted Crown"],"picked":"Black Star"}],"items_purged_floors":[5,11,19],"is_endless":false,"potions_floor_spawned":[1,7,13,18,24],"killed_by":"Book of Stabbing","ascension_level":1}}