{"host":"avq773cl9g5msfol","time":1609276833,"event":{"mods":["AchievementEnabler","Act Like it!","Ascension Unlocker","Aspiration","Astrologer","Bard","Bartender","BaseMod","Better Altar","Better Third Choice","BetterRewards","CapriCore","ChefMod","Colored Map","Colored Powertips","Conspire","Dio Mod","Downfall","Elementarium","Energized Spire","Gensokyo","GifTheSpireLib","GungeonMod","Hallownest","Hermit","Highlight Path","Hubris","Humility","Infinite Spire","Jorbs\u0027s Wanderer Trilogy","Koishi","Magitek Elite","Marisa????????","Marked Mod","Menagerie","Minty Spire (QoL Compilation)","Pale of the Ancients","Potionbrewer","Quarter Circle Forward PUNCH!","Rare Cards Sparkle","Reimu??????","Relic Stats","Remilia??????","Replay The Spire","SacredBarkPlus","Shade Mod","Somnambulant","Spicy Shops","StSLib","Synergy Search","The Administrix","The Blue Laboratory","The Bug Knight","The Construct","The Cursed","The Dragon Tamer","The Exalted","The Hayseed","The Hierophant","The Immortal","The Judge","The Marked","The Mystic","The Problem Sleuth","The Runesmith","The Senshi","The Vixen","The Wild Card","TheArtist","TheFirefly","Wandering Minibosses","Yakumo Yukari mod","vexMod"],"gold_per_floor":[139,139,156,236,236,261,272,304,327,357,372,397,397,508,508,585,585,605,605,620,620,670,700,717,717,740,740,740,740,740,760,760,835,835,854,854,578,578,578,578,578,578,602,602,602,602,602,602,602,602,602],"floor_reached":52,"playtime":3506,"items_purged":["Shame"],"score":3065,"play_id":"e5234eab-723d-4ac9-af1e-2eaf21277910","local_time":"20201230042033","is_ascension_mode":true,"campfire_choices":[{"data":"Bait_Toxicbait_purple","floor":13,"key":"SMITH"},{"floor":15,"key":"REST"},{"data":"infinitespire:Execution","floor":27,"key":"SMITH"},{"data":"Gensokyo:CrescentMoonSlash","floor":32,"key":"SMITH"},{"data":"DimensionStaggered_purple","floor":41,"key":"SMITH"},{"data":"Observe_purple_2","floor":44,"key":"SMITH"},{"data":"Madness","floor":49,"key":"SMITH"}],"circlet_count":0,"master_deck":["AscendersBane","Observe_purple_1","Observe_purple_2+1","ButterflyHabitatTemple_purple+1","Human_Monster_Realm_purple+1","Yakumo_Ran_purple+1","ButterflyHabitatTemple_purple+1","ExternalForce_HighSpeedFlying_purple+1","EighthInstrument_OneDividesIntoTwo_purple+1","Extrememeaning_purpleEX+1","MagicEyes_LaplaceDemon_purple+1","CommonSense_AntiCommonSense_purple+1","SfantasyHide_purple+1","Human_Monster_Realm_purple+1","Boundary_LifeAndDeath_purple+1","WeekHit_purple+1","Worldmountain_purple","Fancifulhole_purple+1","Gensokyo:CrescentMoonSlash+1","Bait_Toxicbait_purple+1","DimensionStaggered_purple+1","Mirror_TwoAndThreeElementRealm_purple+1","Monsters_DoubleDeathButterfly_purple+1","LoveAcrossDimensions_purple+1","Price_of_realm_purpleEX+1","Realm_recovery_purpleEX","infinitespire:Execution+1","WangLiang_LineAndCurveDreams_purple+1","Madness+1","Madness"],"relics":["Boundary_crack","Memoryfragments_purpleEX","Golden Egg","Quantum Egg","Strange Spoon","HollowMod:JonisBlessing","Pondfish Scales","hubris:EmptyBottle","aspiration:HatOfInfinitePower","Happy Flower","ClockworkSouvenir","Ribbon","Juzu Bracelet","hubris:Towel","DemoMod:GlassGuonStoneRelic","Omamori","infinitespire:CheckeredPen","infinitespire:Lucky Rock","DemoMod:ClearGuonStone","infinitespire:Satchel","wanderingMiniBosses:LockLocket","energizedSpire:RedRose","qcfpunch:Black_Training_Shirt","Torii","Oddly Smooth Stone","hubris:Backtick","Mummified Hand","vexMod:ScavengeHelm","Guardian:PocketSentry","WingedGreaves","theSenshi:SuperSailorFukuRelic"],"acts_visited":["Gensokyo:Gensokyo","TheCity","TheBeyond"],"potions_floor_usage":[8,14,14,14,14,16,33,51],"damage_taken":[{"damage":0,"enemies":"Gensokyo:Python","floor":1,"turns":3},{"damage":0,"enemies":"Gensokyo:2_Kodama","floor":3,"turns":3},{"damage":15,"enemies":"Gensokyo:Mamizou","floor":6,"turns":3},{"damage":0,"enemies":"Gensokyo:Gryphon","floor":7,"turns":2},{"damage":11,"enemies":"Gensokyo:Aya","floor":8,"turns":4},{"damage":8,"enemies":"Gensokyo:Mamizou","floor":10,"turns":4},{"damage":0,"enemies":"Gensokyo:VengefulSpirit","floor":11,"turns":3},{"damage":5,"enemies":"Gensokyo:Aya","floor":12,"turns":2},{"damage":0,"enemies":"Gensokyo:2_Rabbits","floor":14,"turns":4},{"damage":0,"enemies":"Gensokyo:Yukari","floor":16,"turns":9},{"damage":0,"enemies":"2 Thieves","floor":18,"turns":3},{"damage":0,"enemies":"Snecko","floor":20,"turns":2},{"damage":0,"enemies":"Book of Stabbing","floor":23,"turns":5},{"damage":0,"enemies":"3 Cultists","floor":24,"turns":3},{"damage":0,"enemies":"conspire:HollyBat","floor":31,"turns":5},{"damage":0,"enemies":"Collector","floor":33,"turns":4},{"damage":0,"enemies":"3 Shapes","floor":35,"turns":2},{"damage":0,"enemies":"Jotaro","floor":50,"turns":6},{"damage":0,"enemies":"conspire:OrnateMirror","floor":51,"turns":3}],"seed_played":"8333686229908377303","potions_obtained":[{"floor":6,"key":"Ancient Potion"},{"floor":14,"key":"Adrenaline Potion"},{"floor":18,"key":"Block Potion"},{"floor":35,"key":"blueLaboratory:BubblePotion"}],"is_trial":false,"path_per_floor":["M","?","M","?","?","E","M","E","T","E","M","?","R","M","R","B",null,"M","?","M","?","?","E","M","AVR","T","R","?","?","$","M","R","B",null,"M","?","$","?","?","R","R","?","T","R","?","T","$","?","R","B","B",null],"character_chosen":"Youkari","items_purchased":["Strange Spoon","HollowMod:JonisBlessing","Pondfish Scales","hubris:EmptyBottle","blueLaboratory:FrostheartPotion","CommonSense_AntiCommonSense_purple","aspiration:HatOfInfinitePower","Happy Flower","ClockworkSouvenir","Ribbon","SfantasyHide_purple","Juzu Bracelet","Human_Monster_Realm_purple","Boundary_LifeAndDeath_purple","WeekHit_purple","vexMod:ScavengeHelm"],"campfire_rested":1,"item_purchase_floors":[0,0,0,0,0,0,0,0,0,0,0,0,0,0,0,37],"current_hp_per_floor":[59,65,65,65,51,36,36,25,25,17,17,12,12,12,33,33,65,65,65,65,65,65,65,65,65,65,65,65,65,65,65,65,65,73,73,73,73,75,75,75,75,75,75,75,61,61,61,61,61,61,61],"gold":602,"neow_bonus":"","is_daily":false,"chose_seed":false,"campfire_upgraded":6,"win_rate":0.0,"timestamp":1609276833,"path_taken":["M","?","M","?","?","E","M","E","T","E","M","?","R","M","R","BOSS","M","?","M","?","?","E","M","AVR","T","R","?","?","?","M","R","BOSS","M","?","$","?","?","R","R","?","T","R","?","?","?","?","R","BOSS","BOSS"],"items_purchased_type":["Relic","Relic","Relic","Relic","Potion","Card","Relic","Relic","Relic","Relic","Card","Relic","Card","Card","Card","Relic"],"build_version":"2020-12-22","purchased_purges":1,"victory":true,"max_hp_per_floor":[65,71,71,71,71,71,71,71,71,71,71,71,71,71,71,75,75,75,75,75,75,75,75,75,75,75,75,75,75,75,75,75,75,75,75,75,75,75,75,75,75,75,75,75,75,75,75,75,75,75,75],"relic_stats":{"Strange Spoon":[29],"Happy Flower":[43],"Torii":0,"counters":[96,366],"Mummified Hand":[9],"Juzu Bracelet":10,"obtain_stats":[{"Golden Egg":1,"downfall:HeartBlessingGreen":27,"wanderingMiniBosses:OtherGremlinHorn":2,"Ginger":0,"Ring of Searing":2,"vexMod:InvisibilityCloak":43,"Ribbon":0,"Replay:Bronze Core":17,"MealTicket":2,"hubris:MobiusCoin":2,"DemoMod:OrangeGuonStone":44,"HollowMod:JonisBlessing":0,"Guardian:PocketSentry":0,"aspiration:FrozenJewel":0,"SlaversCollar":17,"theSenshi:TransformationBroochRelic":0,"DemoMod:GundromedaStrain":0,"Pandora\u0027s Box":10,"aspiration:SilentSkillbook":34,"Bromod:ArcaneFury":28,"Regal Pillow":29,"Torii":25,"Blue Doll":14,"Bromod:ArcanePistoleer":51,"hubris:EmptyBottle":12,"Power_Wrist":29,"White_Cape":0,"Gensokyo:PortableGap":34,"hubris:EvacipatedBox":1,"Cleaning_Rag":41,"Replay:Rubber Ducky":30,"hubris:Backtick":34,"AntiCross":8,"WingedGreaves":36,"wanderingMiniBosses:LockLocket":14,"Potion Belt":10,"downfall:HeartBlessingRed":27,"hubris:64BitClover":0,"qcfpunch:Black_Training_Shirt":8,"Thread and Needle":0,"Omamori":6,"Ring of Greed":2,"Boundary_crack":0,"infinitespire:CheckeredPen":8,"infinitespire:Lucky Rock":9,"hubris:Towel":46,"Frozen Egg 2":10,"Replay:Arrowhead":10,"PureWhite:ReiMu":29,"Bromod:ArcaneDeflection":0,"potionbrewer:BottledElixir":25,"ReplayTheSpireMod:Lightbulb":27,"Toy Ornithopter":28,"hubris:CrystalStatue":0,"ThegodofHakurei_purpleEX":0,"Vajra":23,"DemoMod:GlassGuonStoneRelic":8,"sneckomod:SneckoSoul":0,"RedLine:ReiMu":34,"HornCleat":0,"DemoMod:MonsterBlood":47,"theSenshi:RoseRelic":0,"Prayer Wheel":1,"Philosopher\u0027s Stone":20,"potionbrewer:DrinkingBird":0,"DemoMod:ClearGuonStone":0,"conspire:Dentures":0,"Happy Flower":0,"wanderingMiniBosses:ThiefScarf":35,"vexMod:ScavengeHelm":37,"Dead Branch":3,"Oddly Smooth Stone":26,"potionbrewer:BhaskarasWheel":34,"Replay:Kaleidoscope":52,"aspiration:SeaSaltIceCream":29,"War Paint":15,"potionbrewer:ToyAutogyro":0,"Question Card":1,"OrangePellets":53,"Onion Ring":24,"infinitespire:EmpoweringShard":23,"Grinning Jar":26,"aspiration:HatOfInfinitePower":0,"theSenshi:CosmicHeartCompactRelic":0,"Memoryfragments_purpleEX":0,"Darkstone Periapt":6,"ReplayFunnel":47,"Hallownest:StagBellRelic1":20,"theSenshi:SuperSailorFukuRelic":46,"Juzu Bracelet":0,"ClockworkSouvenir":0,"Frozen Eye":8,"Mummified Hand":21,"downfall:HeartBlessingBlue":27,"Genji_Glove":0,"Tiny Chest":6,"TheVixenMod:UmbreonRelic":42,"DemoMod:JetPack":43,"energizedSpire:RedRose":17,"Replay:Towering Pillar of Hats":43,"aspiration:FetidBarrel":23,"infinitespire:CursedDice":25,"Quantum Egg":1,"vexMod:FocusSash":21,"Orichalcum":48,"Peace Pipe":50,"Strange Spoon":0,"Anchor":12,"Pondfish Scales":0,"wanderingMiniBosses:CarrionFlame":18,"infinitespire:Satchel":51,"ChewingGum":17,"Bag of Marbles":38,"Membership Card":0,"Guard_Bracelet":0,"hubris:Potato":8},{"Golden Egg":0,"downfall:HeartBlessingGreen":15,"wanderingMiniBosses:OtherGremlinHorn":1,"Ginger":58,"Ring of Searing":31,"vexMod:InvisibilityCloak":75,"Ribbon":30,"Replay:Bronze Core":65,"MealTicket":31,"hubris:MobiusCoin":31,"DemoMod:OrangeGuonStone":48,"HollowMod:JonisBlessing":52,"Guardian:PocketSentry":52,"aspiration:FrozenJewel":52,"SlaversCollar":38,"theSenshi:TransformationBroochRelic":30,"DemoMod:GundromedaStrain":52,"Pandora\u0027s Box":5,"aspiration:SilentSkillbook":20,"Bromod:ArcaneFury":43,"Regal Pillow":17,"Torii":91,"Blue Doll":64,"Bromod:ArcanePistoleer":76,"hubris:EmptyBottle":7,"Power_Wrist":17,"White_Cape":52,"Gensokyo:PortableGap":74,"hubris:EvacipatedBox":0,"Cleaning_Rag":23,"Replay:Rubber Ducky":72,"hubris:Backtick":93,"AntiCross":56,"WingedGreaves":94,"wanderingMiniBosses:LockLocket":86,"Potion Belt":5,"downfall:HeartBlessingRed":15,"hubris:64BitClover":58,"qcfpunch:Black_Training_Shirt":4,"Thread and Needle":58,"Omamori":80,"Ring of Greed":31,"Boundary_crack":52,"infinitespire:CheckeredPen":82,"infinitespire:Lucky Rock":82,"hubris:Towel":25,"Frozen Egg 2":57,"Replay:Arrowhead":5,"PureWhite:ReiMu":71,"Bromod:ArcaneDeflection":58,"potionbrewer:BottledElixir":15,"ReplayTheSpireMod:Lightbulb":70,"Toy Ornithopter":16,"hubris:CrystalStatue":58,"ThegodofHakurei_purpleEX":58,"Vajra":68,"DemoMod:GlassGuonStoneRelic":4,"sneckomod:SneckoSoul":0,"RedLine:ReiMu":44,"HornCleat":30,"DemoMod:MonsterBlood":25,"theSenshi:RoseRelic":30,"Prayer Wheel":0,"Philosopher\u0027s Stone":66,"potionbrewer:DrinkingBird":58,"DemoMod:ClearGuonStone":30,"conspire:Dentures":30,"Happy Flower":58,"wanderingMiniBosses:ThiefScarf":75,"vexMod:ScavengeHelm":94,"Dead Branch":2,"Oddly Smooth Stone":91,"potionbrewer:BhaskarasWheel":74,"Replay:Kaleidoscope":29,"aspiration:SeaSaltIceCream":71,"War Paint":9,"potionbrewer:ToyAutogyro":30,"Question Card":0,"OrangePellets":29,"Onion Ring":14,"infinitespire:EmpoweringShard":14,"Grinning Jar":69,"aspiration:HatOfInfinitePower":77,"theSenshi:CosmicHeartCompactRelic":30,"Memoryfragments_purpleEX":52,"Darkstone Periapt":34,"ReplayFunnel":75,"Hallownest:StagBellRelic1":39,"theSenshi:SuperSailorFukuRelic":94,"Juzu Bracelet":30,"ClockworkSouvenir":30,"Frozen Eye":4,"Mummified Hand":12,"downfall:HeartBlessingBlue":15,"Genji_Glove":30,"Tiny Chest":55,"TheVixenMod:UmbreonRelic":23,"DemoMod:JetPack":47,"energizedSpire:RedRose":87,"Replay:Towering Pillar of Hats":24,"aspiration:FetidBarrel":42,"infinitespire:CursedDice":69,"Quantum Egg":0,"vexMod:FocusSash":12,"Orichalcum":26,"Peace Pipe":75,"Strange Spoon":77,"Anchor":36,"Pondfish Scales":77,"wanderingMiniBosses:CarrionFlame":39,"infinitespire:Satchel":76,"ChewingGum":10,"Bag of Marbles":22,"Membership Card":30,"Guard_Bracelet":52,"hubris:Potato":35},{"Golden Egg":0,"downfall:HeartBlessingGreen":39,"wanderingMiniBosses:OtherGremlinHorn":2,"Ginger":234,"Ring of Searing":114,"vexMod:InvisibilityCloak":288,"Ribbon":112,"Replay:Bronze Core":253,"MealTicket":114,"hubris:MobiusCoin":114,"DemoMod:OrangeGuonStone":195,"HollowMod:JonisBlessing":211,"Guardian:PocketSentry":211,"aspiration:FrozenJewel":211,"SlaversCollar":143,"theSenshi:TransformationBroochRelic":112,"DemoMod:GundromedaStrain":211,"Pandora\u0027s Box":12,"aspiration:SilentSkillbook":72,"Bromod:ArcaneFury":171,"Regal Pillow":43,"Torii":346,"Blue Doll":249,"Bromod:ArcanePistoleer":293,"hubris:EmptyBottle":19,"Power_Wrist":43,"White_Cape":211,"Gensokyo:PortableGap":283,"hubris:EvacipatedBox":0,"Cleaning_Rag":76,"Replay:Rubber Ducky":280,"hubris:Backtick":355,"AntiCross":227,"WingedGreaves":357,"wanderingMiniBosses:LockLocket":324,"Potion Belt":12,"downfall:HeartBlessingRed":39,"hubris:64BitClover":234,"qcfpunch:Black_Training_Shirt":8,"Thread and Needle":234,"Omamori":305,"Ring of Greed":114,"Boundary_crack":211,"infinitespire:CheckeredPen":311,"infinitespire:Lucky Rock":311,"hubris:Towel":81,"Frozen Egg 2":230,"Replay:Arrowhead":12,"PureWhite:ReiMu":278,"Bromod:ArcaneDeflection":234,"potionbrewer:BottledElixir":39,"ReplayTheSpireMod:Lightbulb":275,"Toy Ornithopter":42,"hubris:CrystalStatue":234,"ThegodofHakurei_purpleEX":234,"Vajra":266,"DemoMod:GlassGuonStoneRelic":8,"sneckomod:SneckoSoul":0,"RedLine:ReiMu":174,"HornCleat":112,"DemoMod:MonsterBlood":81,"theSenshi:RoseRelic":112,"Prayer Wheel":0,"Philosopher\u0027s Stone":258,"potionbrewer:DrinkingBird":234,"DemoMod:ClearGuonStone":112,"conspire:Dentures":112,"Happy Flower":234,"wanderingMiniBosses:ThiefScarf":288,"vexMod:ScavengeHelm":357,"Dead Branch":3,"Oddly Smooth Stone":346,"potionbrewer:BhaskarasWheel":283,"Replay:Kaleidoscope":99,"aspiration:SeaSaltIceCream":278,"War Paint":24,"potionbrewer:ToyAutogyro":112,"Question Card":0,"OrangePellets":99,"Onion Ring":37,"infinitespire:EmpoweringShard":37,"Grinning Jar":273,"aspiration:HatOfInfinitePower":296,"theSenshi:CosmicHeartCompactRelic":112,"Memoryfragments_purpleEX":211,"Darkstone Periapt":122,"ReplayFunnel":288,"Hallownest:StagBellRelic1":148,"theSenshi:SuperSailorFukuRelic":357,"Juzu Bracelet":112,"ClockworkSouvenir":112,"Frozen Eye":7,"Mummified Hand":32,"downfall:HeartBlessingBlue":39,"Genji_Glove":112,"Tiny Chest":221,"TheVixenMod:UmbreonRelic":76,"DemoMod:JetPack":191,"energizedSpire:RedRose":333,"Replay:Towering Pillar of Hats":78,"aspiration:FetidBarrel":161,"infinitespire:CursedDice":273,"Quantum Egg":0,"vexMod:FocusSash":32,"Orichalcum":87,"Peace Pipe":288,"Strange Spoon":296,"Anchor":135,"Pondfish Scales":296,"wanderingMiniBosses:CarrionFlame":148,"infinitespire:Satchel":293,"ChewingGum":26,"Bag of Marbles":74,"Membership Card":112,"Guard_Bracelet":211,"hubris:Potato":126}]},"card_choices":[{"not_picked":["AdvanceAttack_purple","Mirror_Drifter_purple"],"picked":"Worldmountain_purple","floor":1},{"not_picked":["Umbrella_purple","MNeedle_purple"],"picked":"Fancifulhole_purple","floor":3},{"not_picked":["RuptureOfTimeAndSpace_purple","Mirror_Drifter_purple"],"picked":"Bait_Toxicbait_purple","floor":6},{"not_picked":["SharpContractionReality_purple","Fantasy_PerpetualMotionMachine_purple"],"picked":"DimensionStaggered_purple","floor":7},{"not_picked":["MetroBOOM_purple","Yakumo_Ran_purple","Umbrella_purple"],"picked":"SKIP","floor":8},{"not_picked":["SfantasyHide_purple","Mirror_FormAndEmptin_purple"],"picked":"Mirror_TwoAndThreeElementRealm_purple","floor":10},{"not_picked":["Worldmountain_purple","StateErode_purple","EighthInstrument_OneDividesIntoTwo_purple"],"picked":"SKIP","floor":11},{"not_picked":["WorldDissolvedintheRealm_purple","ContainerChange_purple"],"picked":"Monsters_DoubleDeathButterfly_purple","floor":12},{"not_picked":["DimensionStaggered_purple","AdvanceAttack_purple","StateDuplicate_purple"],"picked":"SKIP","floor":14},{"not_picked":["BarrageBoundary_PipeDream_purple","GluttonyofRealm_purpleEX"],"picked":"LoveAcrossDimensions_purple","floor":16},{"not_picked":["Shallow_ocean_purpleEX","SharpContractionReality_purple+1","MeetDecomposer_purple"],"picked":"SKIP","floor":18},{"not_picked":["RuleDissolution_purple","DimensionStaggered_purple","Line_surface_state_purple+1"],"picked":"SKIP","floor":20},{"not_picked":["OmniscientAndOmnipotent_Monster_purple","Boundary_LifeAndDeath_purple"],"picked":"Price_of_realm_purpleEX","floor":23},{"not_picked":["WorldDissolvedintheRealm_purple","Boundary_LightAndDark_purple"],"picked":"Realm_recovery_purpleEX","floor":24},{"not_picked":["Line_surface_state_purple","ExistenceContinue_purple","MetroBOOM_purple+1"],"picked":"SKIP","floor":31},{"not_picked":["ButterflyHabitatTemple_purple+1","Worldmountain_purple","SharpContractionReality_purple+1"],"picked":"SKIP","floor":35}],"player_experience":1254779,"relics_obtained":[{"floor":6,"key":"Omamori"},{"floor":8,"key":"infinitespire:CheckeredPen"},{"floor":9,"key":"infinitespire:Lucky Rock"},{"floor":10,"key":"DemoMod:ClearGuonStone"},{"floor":12,"key":"infinitespire:Satchel"},{"floor":14,"key":"wanderingMiniBosses:LockLocket"},{"floor":23,"key":"qcfpunch:Black_Training_Shirt"},{"floor":26,"key":"Oddly Smooth Stone"},{"floor":43,"key":"Guardian:PocketSentry"},{"floor":46,"key":"theSenshi:SuperSailorFukuRelic"}],"event_choices":[{"damage_healed":0,"gold_gain":0,"player_choice":"Ignored","damage_taken":0,"max_hp_gain":0,"max_hp_loss":0,"event_name":"Cursed Tome","floor":19,"gold_loss":0},{"damage_healed":0,"gold_gain":50,"player_choice":"Pray","damage_taken":0,"max_hp_gain":0,"max_hp_loss":0,"event_name":"Golden Shrine","floor":22,"gold_loss":0},{"damage_healed":0,"gold_gain":0,"player_choice":"Ignored","damage_taken":0,"max_hp_gain":0,"max_hp_loss":0,"event_name":"Vampires","floor":28,"gold_loss":0},{"damage_healed":0,"gold_gain":0,"player_choice":"Ignored","damage_taken":0,"max_hp_gain":0,"max_hp_loss":0,"event_name":"Transmorgrifier","floor":29,"gold_loss":0},{"damage_healed":0,"gold_gain":0,"player_choice":"1 cards matched","damage_taken":0,"max_hp_gain":0,"max_hp_loss":0,"event_name":"Match and Keep!","floor":36,"gold_loss":0,"cards_obtained":["WangLiang_LineAndCurveDreams_purple"]},{"damage_healed":0,"gold_gain":0,"player_choice":"Ignored","damage_taken":0,"max_hp_gain":0,"max_hp_loss":0,"event_name":"OrinTheCat","floor":39,"gold_loss":0},{"damage_healed":0,"gold_gain":0,"player_choice":"Embrace Madness","damage_taken":14,"max_hp_gain":0,"max_hp_loss":0,"event_name":"Winding Halls","floor":45,"gold_loss":0,"cards_obtained":["Madness","Madness"]}],"is_beta":false,"boss_relics":[{"not_picked":["Calling Bell","Replay:Drink Me"],"picked":"energizedSpire:RedRose"},{"not_picked":["aspiration:SecretTechniqueScroll","aspiration:RitualDagger"],"picked":"hubris:Backtick"}],"items_purged_floors":[0],"is_endless":false,"potions_floor_spawned":[3,6,10,14,16,18,20,24,35],"ascension_level":20}}