{"host":"56ghxnzsglgdq727","time":1609221062,"event":{"mods":["AchievementEnabler","BaseMod","Minty Spire (QoL Compilation)"],"gold_per_floor":[111,111,128,53,53,382,382,411,411,424,458,458,478,494,494,597,597,612,612,626,363,374,374,374,464,545,67,67,81,110,110,110],"floor_reached":31,"playtime":1044,"items_purged":["Survivor","Blade Dance","Outmaneuver+1"],"score":273,"play_id":"e5e5efab-eaf6-4ae6-816d-d68d5d565468","local_time":"20201229005102","is_ascension_mode":false,"campfire_choices":[{"floor":7,"key":"REST"},{"floor":12,"key":"REST"},{"floor":15,"key":"REST"},{"data":"After Image","floor":23,"key":"SMITH"},{"floor":28,"key":"REST"}],"circlet_count":0,"master_deck":["Strike_G","Strike_G","Strike_G","Strike_G","Defend_G","Defend_G","Defend_G","Defend_G","Neutralize","Dramatic Entrance+1","Backstab","Poisoned Stab","After Image+1","Burst+1","Dagger Spray","Bane","Chrysalis+1","Deadly Poison+1","Enlightenment+1","Dramatic Entrance","Bandage Up+1","Prepared+1"],"relics":["Ring of the Snake","Old Coin","The Specimen","Sundial","Toxic Egg 2","Philosopher\u0027s Stone","Meat on the Bone","Shuriken","Paper Crane"],"acts_visited":["Exordium","TheCity"],"potions_floor_usage":[11,16,16,22,22,29],"damage_taken":[{"damage":6,"enemies":"2 Louse","floor":1,"turns":3},{"damage":0,"enemies":"Cultist","floor":3,"turns":3},{"damage":50,"enemies":"Lagavulin","floor":6,"turns":7},{"damage":8,"enemies":"3 Sentries","floor":8,"turns":7},{"damage":0,"enemies":"Jaw Worm","floor":10,"turns":1},{"damage":14,"enemies":"Gremlin Nob","floor":11,"turns":3},{"damage":0,"enemies":"3 Louse","floor":13,"turns":2},{"damage":0,"enemies":"Gremlin Gang","floor":14,"turns":1},{"damage":52,"enemies":"Slime Boss","floor":16,"turns":17},{"damage":4,"enemies":"2 Thieves","floor":18,"turns":4},{"damage":0,"enemies":"3 Byrds","floor":20,"turns":3},{"damage":19,"enemies":"Centurion and Healer","floor":22,"turns":14},{"damage":27,"enemies":"Shelled Parasite and Fungi","floor":29,"turns":4},{"damage":18,"enemies":"Gremlin Leader","floor":30,"turns":5},{"damage":34,"enemies":"Snake Plant","floor":31,"turns":2}],"seed_played":"-2645693420913469073","potions_obtained":[{"floor":10,"key":"ColorlessPotion"},{"floor":13,"key":"SkillPotion"},{"floor":14,"key":"GamblersBrew"},{"floor":16,"key":"LiquidBronze"},{"floor":18,"key":"SteroidPotion"},{"floor":22,"key":"GhostInAJar"}],"is_trial":false,"path_per_floor":["M","?","M","$","?","E","R","E","T","M","E","R","M","M","R","B",null,"M","?","M","$","M","R","?","?","T","$","R","M","E","M"],"character_chosen":"THE_SILENT","items_purchased":["Chrysalis+1","Shuriken","Bandage Up+1"],"campfire_rested":4,"item_purchase_floors":[21,27,27],"current_hp_per_floor":[64,64,64,64,64,14,35,27,27,27,13,34,34,34,55,3,70,66,66,66,66,47,47,47,22,22,22,43,34,34,0,0],"gold":110,"neow_bonus":"RANDOM_COLORLESS","is_daily":false,"chose_seed":false,"campfire_upgraded":1,"win_rate":0.0,"timestamp":1609221062,"path_taken":["M","?","M","?","?","E","R","E","T","M","E","R","M","M","R","BOSS","M","?","M","$","M","R","?","?","T","$","R","?","E","M"],"items_purchased_type":["Card","Relic","Card"],"build_version":"2020-12-22","purchased_purges":3,"victory":false,"max_hp_per_floor":[70,70,70,70,70,70,70,70,70,70,70,70,70,70,70,70,70,70,70,70,70,70,70,70,70,70,70,70,70,70,70,70],"card_choices":[{"not_picked":["Good Instincts","Trip"],"picked":"Dramatic Entrance","floor":0},{"not_picked":["Endless Agony","Underhanded Strike"],"picked":"Blade Dance","floor":1},{"not_picked":["Bane","Predator","Deadly Poison"],"picked":"SKIP","floor":3},{"not_picked":["Eviscerate","Acrobatics"],"picked":"Backstab","floor":6},{"not_picked":["Concentrate","Flying Knee","Leg Sweep"],"picked":"SKIP","floor":8},{"not_picked":["Expertise","Quick Slash","PiercingWail"],"picked":"SKIP","floor":10},{"not_picked":["Backflip+1","All Out Attack","Reflex+1"],"picked":"SKIP","floor":11},{"not_picked":["Dagger Throw","Expertise+1"],"picked":"Poisoned Stab","floor":13},{"not_picked":["Finisher","Blade Dance+1"],"picked":"After Image","floor":14},{"not_picked":["Wraith Form v2","Tools of the Trade"],"picked":"Burst+1","floor":16},{"not_picked":["Backflip+1","Sucker Punch","Acrobatics+1"],"picked":"SKIP","floor":18},{"not_picked":["Flying Knee","Dagger Spray"],"picked":"Bane","floor":20},{"not_picked":["PiercingWail+1","Dodge and Roll+1"],"picked":"Deadly Poison+1","floor":22},{"not_picked":["Flying Knee","Dagger Spray"],"picked":"Prepared+1","floor":29},{"not_picked":["Skewer","Flying Knee","Finisher"],"picked":"SKIP","floor":30}],"player_experience":45361,"relics_obtained":[{"floor":6,"key":"Old Coin"},{"floor":8,"key":"The Specimen"},{"floor":9,"key":"Sundial"},{"floor":11,"key":"Toxic Egg 2"},{"floor":26,"key":"Meat on the Bone"},{"floor":30,"key":"Paper Crane"}],"event_choices":[{"damage_healed":0,"gold_gain":0,"player_choice":"Bought 0 Potions","damage_taken":0,"max_hp_gain":0,"max_hp_loss":0,"event_name":"The Woman in Blue","floor":2,"gold_loss":0},{"damage_healed":0,"gold_gain":0,"player_choice":"Grow","damage_taken":0,"max_hp_gain":0,"max_hp_loss":0,"event_name":"Living Wall","floor":5,"gold_loss":0,"cards_upgraded":["Dramatic Entrance"]},{"damage_healed":0,"gold_gain":0,"cards_transformed":["Strike_G","Defend_G"],"player_choice":"Became Test Subject","damage_taken":0,"max_hp_gain":0,"max_hp_loss":0,"event_name":"Drug Dealer","floor":19,"gold_loss":0,"cards_obtained":["Outmaneuver","Dagger Spray"]},{"damage_healed":0,"gold_gain":0,"player_choice":"Ignored","damage_taken":0,"max_hp_gain":0,"max_hp_loss":0,"event_name":"Cursed Tome","floor":24,"gold_loss":0},{"damage_healed":0,"gold_gain":90,"player_choice":"GOLD CARD CARD ","damage_taken":25,"max_hp_gain":0,"max_hp_loss":0,"event_name":"Knowing Skull","floor":25,"potions_obtained":[],"gold_loss":0,"cards_obtained":["Enlightenment","Dramatic Entrance"]}],"is_beta":false,"boss_relics":[{"not_picked":["Sozu","Busted Crown"],"picked":"Philosopher\u0027s Stone"}],"items_purged_floors":[4,21,27],"is_endless":false,"potions_floor_spawned":[10,13,14,16,18,22],"killed_by":"Snake Plant","ascension_level":0}}