{"host":"qxeepl7ydvsgmfdb","time":1609250093,"event":{"mods":["AchievementEnabler","BaseMod","Colored Powertips","Minty Spire (QoL Compilation)","Quick Restart","slay the spire mod where everything is the same but ironclad has a cowboy hat"],"gold_per_floor":[112,112,112,132,32,67,87,87,87,87,99,79,114,124,124,229,229,249,249,249,259,259,259,259],"floor_reached":23,"playtime":833,"items_purged":["Heatsinks"],"score":224,"play_id":"dd4b4109-e6a8-4b65-b35e-75a024a0170f","local_time":"20201229085453","is_ascension_mode":false,"campfire_choices":[{"data":"Zap","floor":8,"key":"SMITH"},{"data":"1","floor":15,"key":"LIFT"}],"circlet_count":0,"master_deck":["Strike_B","Strike_B","Strike_B","Defend_B","Defend_B","Defend_B","Defend_B","Zap+1","Dualcast","Leap","Coolheaded","Ball Lightning","Loop","Melter","Redo","Redo","Rainbow","Redo+1","Writhe","Leap"],"relics":["Cracked Core","NeowsBlessing","MealTicket","Shuriken","Girya","Inserter","Gambling Chip"],"acts_visited":["Exordium","TheCity"],"potions_floor_usage":[10,16,23,23,23,23],"damage_taken":[{"damage":0,"enemies":"2 Louse","floor":1,"turns":1},{"damage":0,"enemies":"Cultist","floor":4,"turns":1},{"damage":0,"enemies":"3 Sentries","floor":6,"turns":1},{"damage":0,"enemies":"Small Slimes","floor":7,"turns":3},{"damage":9,"enemies":"Exordium Wildlife","floor":11,"turns":3},{"damage":19,"enemies":"Lagavulin","floor":13,"turns":6},{"damage":5,"enemies":"Looter","floor":14,"turns":2},{"damage":36,"enemies":"The Guardian","floor":16,"turns":12},{"damage":20,"enemies":"Chosen","floor":18,"turns":5},{"damage":20,"enemies":"3 Byrds","floor":21,"turns":4},{"damage":28,"enemies":"Centurion and Healer","floor":23,"turns":7}],"seed_played":"-5786910204860122581","potions_obtained":[{"floor":4,"key":"CultistPotion"},{"floor":6,"key":"ColorlessPotion"},{"floor":10,"key":"Swift Potion"},{"floor":10,"key":"Fruit Juice"},{"floor":10,"key":"EntropicBrew"},{"floor":16,"key":"SneckoOil"}],"is_trial":false,"path_per_floor":["M","$","?","M","$","E","M","R","T","?","M","?","E","M","R","B",null,"M","?","?","M","?","M"],"character_chosen":"DEFECT","items_purchased":["Ball Lightning"],"campfire_rested":0,"item_purchase_floors":[5],"current_hp_per_floor":[75,75,75,75,75,75,75,75,75,80,71,71,52,47,47,11,80,60,60,60,40,25,0,0],"gold":259,"neow_bonus":"THREE_ENEMY_KILL","is_daily":false,"chose_seed":false,"campfire_upgraded":1,"win_rate":0.0,"timestamp":1609250093,"path_taken":["M","$","?","?","?","E","M","R","T","?","?","?","E","M","R","BOSS","M","?","?","M","?","M"],"items_purchased_type":["Card"],"build_version":"2020-12-22","purchased_purges":1,"victory":false,"max_hp_per_floor":[75,75,75,75,75,75,75,75,75,80,80,80,80,80,80,80,80,80,80,80,80,85,85,85],"card_choices":[{"not_picked":["Streamline","Beam Cell"],"picked":"Leap","floor":1},{"not_picked":["Gash","Fusion"],"picked":"Coolheaded","floor":4},{"not_picked":["Tempest","Fusion"],"picked":"Loop","floor":6},{"not_picked":["Streamline","Compile Driver","Hologram"],"picked":"SKIP","floor":7},{"not_picked":["Redo","Compile Driver"],"picked":"Melter","floor":11},{"not_picked":["Fission","FTL"],"picked":"Redo","floor":13},{"not_picked":["Coolheaded","Stack"],"picked":"Redo","floor":14},{"not_picked":["Amplify","Seek"],"picked":"Rainbow","floor":16},{"not_picked":["Beam Cell","Stack"],"picked":"Redo+1","floor":18},{"not_picked":["Scrape","Hologram+1"],"picked":"Leap","floor":21}],"player_experience":292806,"relics_obtained":[{"floor":6,"key":"MealTicket"},{"floor":9,"key":"Shuriken"},{"floor":13,"key":"Girya"}],"event_choices":[{"damage_healed":0,"gold_gain":0,"cards_transformed":["Strike_B"],"player_choice":"Transformed","damage_taken":0,"max_hp_gain":0,"max_hp_loss":0,"event_name":"Transmorgrifier","floor":3,"gold_loss":0,"cards_obtained":["Heatsinks"]},{"damage_healed":0,"gold_gain":0,"player_choice":"Got Potions","damage_taken":0,"max_hp_gain":0,"max_hp_loss":0,"event_name":"Lab","floor":10,"gold_loss":0},{"damage_healed":0,"gold_gain":0,"player_choice":"Bought 1 Potion","damage_taken":0,"max_hp_gain":0,"max_hp_loss":0,"event_name":"The Woman in Blue","floor":12,"gold_loss":0},{"damage_healed":0,"gold_gain":0,"player_choice":"Opened","damage_taken":0,"relics_obtained":["Gambling Chip"],"max_hp_gain":0,"max_hp_loss":0,"event_name":"The Mausoleum","floor":19,"gold_loss":0,"cards_obtained":["Writhe"]},{"damage_healed":0,"gold_gain":0,"player_choice":"Ignored","damage_taken":0,"max_hp_gain":0,"max_hp_loss":0,"event_name":"Vampires","floor":20,"gold_loss":0},{"damage_healed":0,"gold_gain":0,"player_choice":"Shed Blood","damage_taken":20,"max_hp_gain":5,"max_hp_loss":0,"event_name":"Forgotten Altar","floor":22,"gold_loss":0}],"is_beta":false,"boss_relics":[{"not_picked":["Tiny House","Cursed Key"],"picked":"Inserter"}],"items_purged_floors":[5],"is_endless":false,"potions_floor_spawned":[4,6,13,14,16],"killed_by":"Centurion and Healer","ascension_level":0}}