{"host":"4dbgro9q4v1tkbhe","time":1609231662,"event":{"mods":["BaseMod","Minty Spire (QoL Compilation)","Quick Restart","Replay The Spire","StSLib"],"gold_per_floor":[115,125,125,137,149,149,164,164,243,254,179,189,220,230,230,306,306,318,370,370,370,388,388,388,388,388,388],"floor_reached":26,"playtime":2820,"items_purged":["Strike_R"],"score":670,"play_id":"f6987196-1d2b-4aca-9801-bb9d05b24d95","local_time":"20201229164742","is_ascension_mode":true,"campfire_choices":[{"data":"Entrench","floor":6.0,"key":"SMITH"},{"floor":8.0,"key":"REST"},{"floor":25.0,"key":"REST"}],"circlet_count":0,"master_deck":["AscendersBane","Strike_R","Strike_R","Strike_R","Strike_R","Defend_R","Defend_R","Defend_R","Defend_R","Bash","Entrench+1","Hemokinesis","Run Through+1","Body Slam+1","Bloodletting","Impervious","Rupture","Pain"],"relics":["Burning Blood","ReplayTheSpireMod:Ninjato","Pocketwatch","Black Star","ReplayFunnel","Enchiridion"],"acts_visited":["Exordium","TheCity"],"potions_floor_usage":[26],"damage_taken":[{"damage":10.0,"enemies":"2 Louse","floor":1.0,"turns":3.0},{"damage":7.0,"enemies":"Cultist","floor":2.0,"turns":4.0},{"damage":12.0,"enemies":"Small Slimes","floor":4.0,"turns":3.0},{"damage":18.0,"enemies":"Blue Slaver","floor":5.0,"turns":3.0},{"damage":10.0,"enemies":"Large Slime","floor":7.0,"turns":6.0},{"damage":17.0,"enemies":"Lots of Slimes","floor":10.0,"turns":6.0},{"damage":15.0,"enemies":"3 Louse","floor":12.0,"turns":4.0},{"damage":12.0,"enemies":"Gremlin Nob","floor":13.0,"turns":3.0},{"damage":12.0,"enemies":"Exordium Thugs","floor":14.0,"turns":4.0},{"damage":23.0,"enemies":"The Guardian","floor":16.0,"turns":11.0},{"damage":47.0,"enemies":"2 Thieves","floor":18.0,"turns":4.0},{"damage":2.0,"enemies":"Spheric Guardian","floor":22.0,"turns":4.0},{"damage":25,"enemies":"Gremlin Leader","floor":26,"turns":3}],"seed_played":"-8474390353444668602","potions_obtained":[{"floor":1.0,"key":"Energy Potion"},{"floor":2.0,"key":"Venom Potion"},{"floor":3.0,"key":"Doom Potion"},{"floor":3.0,"key":"Ancient Potion"},{"floor":14.0,"key":"ColorlessPotion"},{"floor":19.0,"key":"LifebloodPotion"},{"floor":22.0,"key":"Elixir"}],"is_trial":true,"path_per_floor":["M","M","?","M","M","R","M","R","T","M","$","M","E","M","R","B",null,"M","?","?","?","M","PTL","PTL","R","E"],"character_chosen":"IRONCLAD","items_purchased":[],"campfire_rested":2,"item_purchase_floors":[],"current_hp_per_floor":[64,63,63,57,45,45,41,63,63,52,52,43,37,31,53,36,65,24,24,3,3,7,7,7,29,4,4],"gold":388,"neow_bonus":"","is_daily":false,"chose_seed":false,"campfire_upgraded":1,"win_rate":0.0,"timestamp":1609231662,"path_taken":["M","M","?","M","M","R","M","R","T","M","?","M","E","M","R","BOSS","M","?","?","?","M","PTL","PTL","R","E"],"items_purchased_type":[],"build_version":"2020-12-22","purchased_purges":1,"victory":false,"max_hp_per_floor":[75,75,75,75,75,75,75,75,75,75,75,75,75,75,75,75,75,75,75,75,75,75,75,75,75,75,75],"card_choices":[{"not_picked":["Shockwave","Heavy Blade"],"picked":"Entrench","floor":1.0},{"not_picked":["Second Wind","Sentinel"],"picked":"Hemokinesis","floor":2.0},{"not_picked":["Armaments","Cleave","Sword Boomerang"],"picked":"SKIP","floor":4.0},{"not_picked":["Thunderclap","Anger"],"picked":"Run Through","floor":5.0},{"not_picked":["Twin Strike","Cleave","Sentinel"],"picked":"SKIP","floor":7.0},{"not_picked":["Sword Boomerang","Metallicize"],"picked":"Body Slam","floor":10.0},{"not_picked":["Rage","Heavy Blade","ReplayTheSpireMod:Strike From Hell"],"picked":"SKIP","floor":12.0},{"not_picked":["Metallicize","Iron Wave"],"picked":"Bloodletting","floor":13.0},{"not_picked":["Rampage","Inflame","Sever Soul"],"picked":"SKIP","floor":14.0},{"not_picked":["Immolate","Eclipse"],"picked":"Impervious","floor":16.0},{"not_picked":["ReplayTheSpireMod:Corrosion Curse","Havoc"],"picked":"Rupture","floor":18.0},{"not_picked":["Clash","True Grit","Armaments"],"picked":"SKIP","floor":22.0}],"player_experience":283744,"relics_obtained":[{"floor":9.0,"key":"ReplayTheSpireMod:Ninjato"},{"floor":13.0,"key":"Pocketwatch"},{"floor":19.0,"key":"ReplayFunnel"},{"floor":20.0,"key":"Enchiridion"}],"event_choices":[{"damage_healed":0.0,"max_hp_gain":0.0,"max_hp_loss":0.0,"gold_gain":0.0,"event_name":"Lab","player_choice":"Got Potions","floor":3.0,"gold_loss":0.0,"damage_taken":0.0},{"damage_healed":0.0,"max_hp_gain":0.0,"max_hp_loss":0.0,"gold_gain":0.0,"event_name":"Cursed Tome","player_choice":"Obtained Book","floor":20.0,"gold_loss":0.0,"damage_taken":21.0},{"damage_healed":0.0,"max_hp_gain":0.0,"max_hp_loss":0.0,"gold_gain":0.0,"event_name":"Upgrade Shrine","player_choice":"Upgraded","floor":21.0,"gold_loss":0.0,"damage_taken":0.0,"cards_upgraded":["Body Slam"]}],"is_beta":false,"boss_relics":[{"not_picked":["Snecko Eye","SlaversCollar"],"picked":"Black Star"}],"items_purged_floors":[11],"is_endless":true,"potions_floor_spawned":[1,2,10,14,22],"killed_by":"Gremlin Leader","ascension_level":20}}