{"host":"wy5pcbg592uilh9l","time":1609215503,"event":{"mods":["AchievementEnabler","BaseMod","BetterRewards","Hubris","Infinite Spire","Minty Spire (QoL Compilation)","Permanent Neow","Replay The Spire","StSLib","The Servant 0.9.4"],"gold_per_floor":[114,27,27,77,110,110,110],"floor_reached":6,"playtime":710,"items_purged":[],"score":44,"play_id":"7846b695-1946-4bbf-ba80-a8f202dd7298","local_time":"20201228221823","is_ascension_mode":true,"campfire_choices":[],"circlet_count":0,"master_deck":["Strike_B","Strike_B","Strike_B","Strike_B","Defend_B","Defend_B","Defend_B","Defend_B","Zap","Dualcast","Hologram","Coolheaded","Coolheaded","Coolheaded","Panic Button","Regret","Hallucinations","Conserve Battery"],"relics":["Cracked Core","hubris:TenFootPole","CaptainsWheel","ReplayTheSpireMod:Ring of Challenge","Ring of Greed","MealTicket","Golden Egg"],"acts_visited":["Exordium"],"potions_floor_usage":[6],"damage_taken":[{"damage":3,"enemies":"Cultist","floor":1,"turns":4},{"damage":20,"enemies":"2 Louse","floor":5,"turns":2},{"damage":31,"enemies":"Lagavulin","floor":6,"turns":12}],"seed_played":"-3962297985359015320","potions_obtained":[{"floor":5,"key":"Elixir"}],"is_trial":false,"path_per_floor":["M","$","?","?","M","E"],"character_chosen":"DEFECT","items_purchased":["hubris:TenFootPole","Coolheaded","Panic Button"],"campfire_rested":0,"item_purchase_floors":[0,2,2],"current_hp_per_floor":[49,49,49,49,29,0,0],"gold":110,"neow_bonus":"","is_daily":false,"chose_seed":false,"campfire_upgraded":0,"win_rate":0.0,"timestamp":1609215503,"path_taken":["M","$","?","?","M","E"],"items_purchased_type":["Relic","Card","Card"],"build_version":"2020-12-22","purchased_purges":0,"victory":false,"max_hp_per_floor":[75,75,75,75,75,75,75],"card_choices":[{"not_picked":["FIFO Queue","Compile Driver"],"picked":"Coolheaded","floor":1},{"not_picked":["Self Repair","Hologram"],"picked":"Conserve Battery","floor":5}],"player_experience":183696,"relics_obtained":[{"floor":4,"key":"ReplayTheSpireMod:Ring of Challenge"},{"floor":4,"key":"Ring of Greed"},{"floor":4,"key":"MealTicket"},{"floor":4,"key":"Golden Egg"}],"event_choices":[{"damage_healed":0,"gold_gain":0,"player_choice":"Box","damage_taken":0,"relics_obtained":["CaptainsWheel"],"max_hp_gain":0,"max_hp_loss":0,"event_name":"Big Fish","floor":3,"gold_loss":0,"cards_obtained":["Regret"]}],"is_beta":false,"boss_relics":[],"items_purged_floors":[],"is_endless":false,"potions_floor_spawned":[5],"killed_by":"Lagavulin","ascension_level":6}}