{"host":"tb9sfv97irhb8jsq","time":1609260548,"event":{"mods":["Aspiration","BaseMod","Better Altar","Better Match","Better Note","Better Skull","Better Third Choice","BetterRewards","Colored Powertips","Colorless Booster Pack","Conspire","Dota2Spire","Energized Spire","Exacting","GifTheSpireLib","Halation","Hubris","Infinite Spire","Minty Spire (QoL Compilation)","RatMod","Replay The Spire","Shop Mod","Spicy Shops","Spikes Relics","StSLib","Stuff the Spire","SuperFastMode","Trackpad","vexMod"],"gold_per_floor":[117,135,145,73,92,118,118,118,118,132,132,150,150,167,167,264,264,297,317,330,345,345,345],"floor_reached":22,"playtime":748,"items_purged":[],"score":278,"play_id":"3b0fb0b2-51cf-4e21-bba2-a38402b96686","local_time":"20201229194908","is_ascension_mode":true,"campfire_choices":[{"data":"Armaments","floor":8,"key":"SMITH"},{"data":"Inflame","floor":11,"key":"SMITH"},{"data":"StuffTheSpire:Slingshot","floor":13,"key":"SMITH"},{"data":"Flame Barrier","floor":15,"key":"SMITH"}],"circlet_count":0,"master_deck":["Strike_R","Strike_R","Strike_R","Strike_R","Strike_R","Defend_R","Defend_R","Defend_R","Defend_R","Bash","Wild Strike","Perfected Strike","Armaments+1","Inflame+1","Perfected Strike","Perfected Strike","StuffTheSpire:Slingshot+1","Flame Barrier+1","hubris:StunningStrike","Entrench+1","Shrug It Off","Cleave","StuffTheSpire:Incineration+1"],"relics":["Burning Blood","aspiration:DSix","Blood Vial","conspire:RoyalGoblet"],"acts_visited":["Exordium","TheCity"],"potions_floor_usage":[5,6,16,19,22,22],"damage_taken":[{"damage":6,"enemies":"Small Slimes","floor":1,"turns":5},{"damage":6,"enemies":"Cultist","floor":2,"turns":3},{"damage":9,"enemies":"Jaw Worm","floor":3,"turns":3},{"damage":23,"enemies":"Lots of Slimes","floor":5,"turns":4},{"damage":30,"enemies":"Gremlin Nob","floor":6,"turns":4},{"damage":6,"enemies":"Blue Slaver","floor":10,"turns":3},{"damage":8,"enemies":"Exordium Thugs","floor":12,"turns":4},{"damage":18,"enemies":"Large Slime","floor":14,"turns":2},{"damage":18,"enemies":"Hexaghost","floor":16,"turns":8},{"damage":9,"enemies":"Shell Parasite","floor":18,"turns":2},{"damage":22,"enemies":"Spheric Guardian","floor":19,"turns":5},{"damage":24,"enemies":"Snake Plant","floor":20,"turns":6},{"damage":21,"enemies":"Centurion and Healer","floor":21,"turns":6},{"damage":34,"enemies":"Shelled Parasite and Fungi","floor":22,"turns":5}],"seed_played":"861645535584480327","potions_obtained":[{"floor":3,"key":"Fire Potion"},{"floor":5,"key":"Dota2Spire:Clarity"},{"floor":10,"key":"Languid Potion"},{"floor":16,"key":"SkillPotion"},{"floor":18,"key":"PowerPotion"},{"floor":19,"key":"BlessingOfTheForge"}],"is_trial":false,"path_per_floor":["M","M","M","$","M","E","?","R","T","M","R","M","R","M","R","B",null,"M","M","M","M","M"],"character_chosen":"IRONCLAD","items_purchased":["Inflame"],"campfire_rested":0,"item_purchase_floors":[4],"current_hp_per_floor":[72,72,69,69,52,28,80,80,80,80,80,78,78,68,68,58,75,74,60,44,31,0,0],"gold":345,"neow_bonus":"DSIX","is_daily":false,"chose_seed":false,"campfire_upgraded":4,"win_rate":0.0,"timestamp":1609260548,"path_taken":["M","M","M","$","M","E","?","R","T","M","R","M","R","?","R","BOSS","M","M","M","M","M"],"items_purchased_type":["Card"],"build_version":"2020-12-22","purchased_purges":0,"victory":false,"max_hp_per_floor":[80,80,80,80,80,80,80,80,80,80,80,80,80,80,80,80,80,80,80,80,80,80,80],"card_choices":[{"not_picked":["hubris:ReadiedAction","StuffTheSpire:Slingshot"],"picked":"Wild Strike","floor":1},{"not_picked":["Reckless Charge","Battle Trance"],"picked":"Perfected Strike","floor":2},{"not_picked":["infinitespire:OneForAll","Anger"],"picked":"Armaments","floor":3},{"not_picked":["Sword Boomerang","Clothesline"],"picked":"Perfected Strike","floor":5},{"not_picked":["StuffTheSpire:Incineration","StuffTheSpire:Resist"],"picked":"Burning Pact","floor":6},{"not_picked":["Headbutt","hubris:ReadiedAction"],"picked":"Perfected Strike","floor":10},{"not_picked":["StuffTheSpire:RockThrow","Run Through"],"picked":"StuffTheSpire:Slingshot","floor":12},{"not_picked":["StuffTheSpire:Slingshot","StuffTheSpire:RockThrow"],"picked":"Flame Barrier","floor":14},{"not_picked":["rat:Execute","Exhume"],"picked":"hubris:StunningStrike","floor":16},{"not_picked":["ReplayTheSpireMod:Strike From Hell+1","Warcry"],"picked":"Entrench+1","floor":18},{"not_picked":["Thunderclap","Flex"],"picked":"Shrug It Off","floor":19},{"not_picked":["Havoc","ReplayTheSpireMod:Strike From Hell"],"picked":"Cleave","floor":20},{"not_picked":["Fire Breathing","Havoc+1"],"picked":"StuffTheSpire:Incineration+1","floor":21}],"player_experience":396994,"relics_obtained":[{"floor":6,"key":"Blood Vial"}],"event_choices":[{"cards_removed":["Burning Pact"],"damage_healed":52,"gold_gain":0,"player_choice":"Offered Uncommon","damage_taken":0,"max_hp_gain":0,"max_hp_loss":0,"event_name":"Bonfire Elementals","floor":7,"gold_loss":0}],"is_beta":false,"boss_relics":[{"not_picked":["energizedSpire:DecayingSkull","Busted Crown"],"picked":"conspire:RoyalGoblet"}],"items_purged_floors":[],"is_endless":false,"potions_floor_spawned":[3,5,10,16,18,19],"killed_by":"Shelled Parasite and Fungi","ascension_level":9}}