{"host":"6koe3tp991t999dm","time":1609249431,"event":{"mods":["Act Like it!","Arknights The Spire","Astrologer","BaseMod","Bestiary","CapriCore","Colored Powertips","DeckTracker","Downfall","Gensokyo","Halation","Highlight Path","Hubris","Infinite Spire","Koishi","Lobotomy","LobotomyExtend","Marisa（霧雨　魔理沙）","Minty Spire (QoL Compilation)","Prisma Mod","Rare Cards Sparkle","Relic Stats","Remilia（蕾米莉?）","Replay The Spire","RumiaBox-露米?的神秘盒子","StSLib","The Alterego","The Immortal","The Jungle","The Mystic","WarShipGirlsR/??少女R mod","Yakumo Yukari mod","vexMod"],"gold_per_floor":[116,116,116,7,19,19,59,93,134,134,175,7,54,100,100,210,210,241,241,241,241,268,268,268],"floor_reached":23,"playtime":1603,"items_purged":["WhiteAim","Bash","expansioncontent:Chronoboost"],"score":189,"play_id":"d398d9f4-aa0a-486d-9a04-6adfe5e83956","local_time":"20201229144350","is_ascension_mode":false,"campfire_choices":[{"data":"ats:Emotion Absorption","floor":6,"key":"SMITH"},{"floor":15,"key":"REST"}],"circlet_count":0,"master_deck":["ats:Strike C","ats:Strike G","ats:Strike S","ats:Strike V","ats:Armor Crushing Shot","ats:Defend","ats:Defend","ats:Defend","ats:Defend","ats:Emotion Absorption+1","SpecialBullet","ats:Volcano","ats:Apocalypse","ats:Leaping Hammer+1","ats:Hammer On","ats:Guardian Obelisk","ats:Assault Order","ats:Assault Order","ats:Hammer On","ats:Calcification","ats:Hook Shot","ats:Burning Ground","ats:Assault Order+1","ats:Beaten Up","ats:Childhood Dance"],"relics":["ats:Sanity","LetterFromLob","halation:EternalFortune","ats:Gyao","infinitespire:Beetle Shell","ats:Originium","halation:OrihimeAndHikoboshiSamaAndTears","hubris:HollowSoul","OrangePellets","vexMod:EndlessSickness"],"acts_visited":["Exordium","TheCity"],"potions_floor_usage":[14,14,16,21],"damage_taken":[{"damage":8,"enemies":"2 Louse","floor":1,"turns":3},{"damage":11,"enemies":"Jaw Worm","floor":5,"turns":5},{"damage":5,"enemies":"Small Slimes","floor":8,"turns":3},{"damage":15,"enemies":"Looter","floor":11,"turns":3},{"damage":21,"enemies":"Exordium Thugs","floor":13,"turns":4},{"damage":24,"enemies":"Gremlin Nob","floor":14,"turns":4},{"damage":42,"enemies":"Hexaghost","floor":16,"turns":13},{"damage":35,"enemies":"Spheric Guardian","floor":18,"turns":7},{"damage":26,"enemies":"3 Byrds","floor":22,"turns":5},{"damage":31,"enemies":"Replay:Snechameleon","floor":23,"turns":9}],"seed_played":"2375591841396561460","potions_obtained":[{"floor":1,"key":"SkillPotion"},{"floor":11,"key":"SteroidPotion"},{"floor":14,"key":"Block Potion"},{"floor":18,"key":"FearPotion"},{"floor":21,"key":"Guardian:BlockOnCardUsePotion"},{"floor":21,"key":"Fruit Juice"},{"floor":21,"key":"Strength Potion"}],"is_trial":false,"path_per_floor":["M","?","?","$","M","R","?","M","T","?","M","$","M","E","R","B",null,"M","?","AVR","?","M","E"],"character_chosen":"DOCTOR_CLASS","items_purchased":["ats:Leaping Hammer+1","ats:Calcification"],"campfire_rested":1,"item_purchase_floors":[4,12],"current_hp_per_floor":[64,67,67,67,60,60,60,55,55,55,44,44,28,5,27,6,75,48,48,48,53,29,0,0],"gold":268,"neow_bonus":"THREE_RARE_CARDS","is_daily":false,"chose_seed":false,"campfire_upgraded":1,"win_rate":0.0,"timestamp":1609249430,"path_taken":["M","?","?","?","M","R","?","?","T","?","?","?","M","E","R","BOSS","M","?","AVR","?","?","E"],"items_purchased_type":["Card","Card"],"build_version":"2020-12-22","purchased_purges":3,"victory":false,"max_hp_per_floor":[72,75,75,75,75,75,75,75,75,75,75,75,75,75,75,75,75,75,75,75,80,80,80,80],"relic_stats":{"OrangePellets":[8],"counters":[10,64],"obtain_stats":[{"OrangePellets":20,"halation:OrihimeAndHikoboshiSamaAndTears":14,"ats:Originium":14,"vexMod:EndlessSickness":20,"halation:EternalFortune":2,"infinitespire:Beetle Shell":9,"hubris:HollowSoul":17,"LetterFromLob":1,"ats:Sanity":0,"ats:Gyao":7},{"OrangePellets":8,"halation:OrihimeAndHikoboshiSamaAndTears":6,"ats:Originium":6,"vexMod:EndlessSickness":8,"halation:EternalFortune":1,"infinitespire:Beetle Shell":3,"hubris:HollowSoul":7,"LetterFromLob":1,"ats:Sanity":0,"ats:Gyao":2},{"OrangePellets":41,"halation:OrihimeAndHikoboshiSamaAndTears":21,"ats:Originium":21,"vexMod:EndlessSickness":41,"halation:EternalFortune":3,"infinitespire:Beetle Shell":10,"hubris:HollowSoul":34,"LetterFromLob":3,"ats:Sanity":0,"ats:Gyao":7}]},"card_choices":[{"not_picked":["ats:Durian","ats:Wolf Pack"],"picked":"ats:Volcano","floor":0},{"not_picked":["ats:Healing Strengthening","ats:Leaping Hammer"],"picked":"ats:Apocalypse","floor":1},{"not_picked":["ats:Consecutive Shot Auto","ats:Flexible Camouflage"],"picked":"ats:Hammer On","floor":5},{"not_picked":["ats:Encircling Forest","ats:Powerful Strike"],"picked":"ats:Guardian Obelisk","floor":7},{"not_picked":["ats:Poison Spread","ats:Thermite Blade"],"picked":"ats:Assault Order","floor":8},{"not_picked":["ats:Poison Spread","ats:Shell Defense"],"picked":"ats:Hammer On","floor":11},{"not_picked":["ats:Collapsing Strike","ats:Thorns"],"picked":"ats:Hook Shot","floor":13},{"not_picked":["ats:True Silver Slash","ats:Hammer On"],"picked":"ats:Burning Ground","floor":14},{"not_picked":["ats:Disruption Kick","ats:Fractured Body"],"picked":"ats:Soul Rend","floor":16},{"not_picked":["ats:Flexible Camouflage+1","ats:Powerful Strike"],"picked":"ats:Assault Order+1","floor":18},{"not_picked":["ats:Thorns+1","ats:Soul Absorption+1"],"picked":"ats:Childhood Dance","floor":22}],"player_experience":26609,"relics_obtained":[{"floor":1,"key":"LetterFromLob"},{"floor":7,"key":"ats:Gyao"},{"floor":9,"key":"infinitespire:Beetle Shell"},{"floor":14,"key":"ats:Originium"},{"floor":14,"key":"halation:OrihimeAndHikoboshiSamaAndTears"}],"event_choices":[{"damage_healed":0,"gold_gain":0,"player_choice":"3 cards matched","damage_taken":0,"max_hp_gain":0,"max_hp_loss":0,"event_name":"Match and Keep!","floor":10,"gold_loss":0,"cards_obtained":["Bash","ats:Assault Order","Specialist"]},{"damage_healed":0,"gold_gain":0,"cards_transformed":["Specialist","ats:Soul Rend"],"player_choice":"Became Test Subject","damage_taken":0,"max_hp_gain":0,"max_hp_loss":0,"event_name":"Drug Dealer","floor":19,"gold_loss":0,"cards_obtained":["expansioncontent:Chronoboost","ats:Beaten Up"]},{"damage_healed":0,"gold_gain":0,"player_choice":"Got Potions","damage_taken":0,"max_hp_gain":0,"max_hp_loss":0,"event_name":"Lab","floor":21,"gold_loss":0}],"is_beta":false,"boss_relics":[{"not_picked":["SoulBox","SacredBark"],"picked":"hubris:HollowSoul"}],"items_purged_floors":[4,12,20],"is_endless":false,"potions_floor_spawned":[1,11,14,18,22],"killed_by":"Replay:Snechameleon","ascension_level":0}}