{"host":"l60rmjjsfi0fipmi","time":1609272953,"event":{"mods":["BaseMod","Colored Map","DeckTracker","Highlight Path","Minty Spire (QoL Compilation)"],"gold_per_floor":[15,33,33,33,58,92,105,105,105],"floor_reached":8,"playtime":819,"items_purged":[],"score":58,"play_id":"b4a99ea0-4041-49d5-8a53-80d002ce8514","local_time":"20201229151553","is_ascension_mode":false,"campfire_choices":[],"circlet_count":0,"master_deck":["Strike_R","Strike_R","Strike_R","Strike_R","Strike_R","Defend_R","Defend_R","Defend_R","Defend_R","Bash","Barricade","Second Wind","Iron Wave","Uppercut","Juggernaut","Body Slam"],"relics":["Burning Blood","Golden Idol","Mummified Hand"],"acts_visited":["Exordium"],"potions_floor_usage":[7],"damage_taken":[{"damage":12,"enemies":"2 Louse","floor":1,"turns":3},{"damage":5,"enemies":"Small Slimes","floor":2,"turns":4},{"damage":15,"enemies":"Jaw Worm","floor":5,"turns":4},{"damage":56,"enemies":"Lagavulin","floor":6,"turns":10},{"damage":14,"enemies":"Large Slime","floor":7,"turns":7},{"damage":4,"enemies":"3 Sentries","floor":8,"turns":2}],"seed_played":"-4453243592785057614","potions_obtained":[{"floor":5,"key":"Fruit Juice"}],"is_trial":false,"path_per_floor":["M","M","?","$","M","E","M","E"],"character_chosen":"IRONCLAD","items_purchased":[],"campfire_rested":0,"item_purchase_floors":[],"current_hp_per_floor":[74,75,74,74,65,15,12,8,8],"gold":105,"neow_bonus":"THREE_RARE_CARDS","is_daily":false,"chose_seed":false,"campfire_upgraded":0,"win_rate":0.0,"timestamp":1609272953,"path_taken":["M","M","?","$","M","E","M","E"],"items_purchased_type":[],"build_version":"2020-12-22","purchased_purges":0,"victory":false,"max_hp_per_floor":[80,80,74,74,74,74,79,79,79],"card_choices":[{"not_picked":["Bludgeon","Feed"],"picked":"Barricade","floor":0},{"not_picked":["Cleave","Whirlwind"],"picked":"Second Wind","floor":1},{"not_picked":["Bloodletting","Thunderclap"],"picked":"Iron Wave","floor":2},{"not_picked":["Clash","Armaments"],"picked":"Uppercut","floor":5},{"not_picked":["Entrench","Sword Boomerang"],"picked":"Juggernaut","floor":6},{"not_picked":["Dropkick","Burning Pact"],"picked":"Body Slam","floor":7}],"player_experience":84931,"relics_obtained":[{"floor":6,"key":"Mummified Hand"}],"event_choices":[{"damage_healed":0,"gold_gain":0,"player_choice":"Lose Max HP","damage_taken":0,"relics_obtained":["Golden Idol"],"max_hp_gain":0,"max_hp_loss":6,"event_name":"Golden Idol","floor":3,"gold_loss":0}],"is_beta":false,"boss_relics":[],"items_purged_floors":[],"is_endless":false,"potions_floor_spawned":[5],"killed_by":"3 Sentries","ascension_level":0}}