{"host":"4qin5krp9hszysdc","time":1609226419,"event":{"mods":["AchievementEnabler","BaseMod","BetterRewards","Infinite Spire","Minty Spire (QoL Compilation)","Quick Restart","StSLib"],"gold_per_floor":[118,134,134,151,151,151,166,166,212,225,259,275,275,275],"floor_reached":13,"playtime":467,"items_purged":["Strike_P"],"score":131,"play_id":"dfe02b86-9451-4323-b700-9a05c3342f94","local_time":"20201229022019","is_ascension_mode":true,"campfire_choices":[{"data":"CrushJoints","floor":6.0,"key":"SMITH"},{"data":"Eruption","floor":8.0,"key":"SMITH"}],"circlet_count":0,"master_deck":["AscendersBane","Strike_P","Strike_P","Strike_P","Defend_P","Defend_P+1","Defend_P+1","Defend_P","Eruption+1","Vigilance","CrushJoints+1","EmptyMind","Sanctity","WheelKick","Evaluate","CutThroughFate","FlyingSleeves","JustLucky"],"relics":["PureWater","Unceasing Top","Enchiridion","Orichalcum","Bag of Preparation"],"acts_visited":["Exordium"],"potions_floor_usage":[],"damage_taken":[{"damage":0.0,"enemies":"Small Slimes","floor":1.0,"turns":3.0},{"damage":1.0,"enemies":"Jaw Worm","floor":2.0,"turns":4.0},{"damage":0.0,"enemies":"2 Louse","floor":4.0,"turns":3.0},{"damage":8.0,"enemies":"Lots of Slimes","floor":7.0,"turns":4.0},{"damage":3.0,"enemies":"Looter","floor":10.0,"turns":3.0},{"damage":14.0,"enemies":"Lagavulin","floor":11.0,"turns":4.0},{"damage":4,"enemies":"3 Louse","floor":12,"turns":3},{"damage":18,"enemies":"3 Sentries","floor":13,"turns":2}],"seed_played":"1187151612070665106","potions_obtained":[{"floor":1.0,"key":"Fire Potion"},{"floor":2.0,"key":"Dexterity Potion"},{"floor":7.0,"key":"Swift Potion"}],"is_trial":false,"path_per_floor":["M","M","?","M","?","R","M","R","T","M","E","M","E"],"character_chosen":"WATCHER","items_purchased":["CrushJoints"],"campfire_rested":0,"item_purchase_floors":[0],"current_hp_per_floor":[51,50,36,36,36,36,28,28,28,25,11,7,0,0],"gold":275,"neow_bonus":"","is_daily":false,"chose_seed":false,"campfire_upgraded":2,"win_rate":0.0,"timestamp":1609226419,"path_taken":["M","M","?","M","?","R","M","R","T","M","E","M","E"],"items_purchased_type":["Card"],"build_version":"2020-12-22","purchased_purges":1,"victory":false,"max_hp_per_floor":[72,72,72,72,72,72,72,72,72,72,72,72,72,72],"card_choices":[{"not_picked":["BowlingBash","ThirdEye"],"picked":"EmptyMind","floor":1.0},{"not_picked":["Indignation","WreathOfFlame"],"picked":"Sanctity","floor":2.0},{"not_picked":["Crescendo","Protect"],"picked":"WheelKick","floor":4.0},{"not_picked":["Nirvana","SignatureMove"],"picked":"Evaluate","floor":7.0},{"not_picked":["LikeWater","CarveReality"],"picked":"CutThroughFate","floor":10.0},{"not_picked":["EmptyBody","Blasphemy"],"picked":"FlyingSleeves","floor":11.0},{"not_picked":["Prostrate","CutThroughFate"],"picked":"JustLucky","floor":12}],"player_experience":2743399,"relics_obtained":[{"floor":9.0,"key":"Orichalcum"},{"floor":11.0,"key":"Bag of Preparation"}],"event_choices":[{"damage_healed":0.0,"max_hp_gain":0.0,"max_hp_loss":0.0,"gold_gain":0.0,"event_name":"Shining Light","player_choice":"Entered Light","floor":3.0,"gold_loss":0.0,"damage_taken":14.0,"cards_upgraded":["Defend_P","Defend_P"]},{"damage_healed":0.0,"max_hp_gain":0.0,"max_hp_loss":0.0,"gold_gain":0.0,"event_name":"Liars Game","player_choice":"Ignored","floor":5.0,"gold_loss":0.0,"damage_taken":0.0}],"is_beta":false,"boss_relics":[],"items_purged_floors":[0],"is_endless":false,"potions_floor_spawned":[1,2,7],"killed_by":"3 Sentries","ascension_level":10}}