{"host":"xspobo6976yah3h4","time":1609233505,"event":{"mods":["BaseMod","Clockwork Mod","Colored Map","Curses Come First","Googly Eyes","Minty Spire (QoL Compilation)","Random Character Button","StSLib","The Cursed","The Servant 0.9.4"],"gold_per_floor":[114,114,132,145,116,151,170,170,194,39,39,54,54,129,129,129,129],"floor_reached":16,"playtime":872,"items_purged":[],"score":102,"play_id":"c7ad8815-71b9-458e-b934-3ca988633725","local_time":"20201229101825","is_ascension_mode":false,"campfire_choices":[{"floor":8,"key":"REST"},{"data":"Clockwork:CraftCopperScales","floor":11,"key":"SMITH"},{"floor":15,"key":"REST"}],"circlet_count":0,"master_deck":["Clockwork:Strike","Clockwork:Strike","Clockwork:Strike","Clockwork:Strike","Clockwork:Shield","Clockwork:Shield","Clockwork:Shield","Clockwork:Shield","Clockwork:Tinker","Clockwork:WarmUp","Clockwork:ChargingBlade+1","Clockwork:Roundhouse","Clockwork:Improve","Clockwork:InertialShield","Clockwork:HeadStart"],"relics":["Clockwork:MomentumEngine","NeowsBlessing","Akabeko","Happy Flower","Clockwork:RubberBall","Bag of Marbles","Clockwork:CopperScales"],"acts_visited":["Exordium"],"potions_floor_usage":[6,6],"damage_taken":[{"damage":0,"enemies":"2 Louse","floor":1,"turns":1},{"damage":0,"enemies":"Cultist","floor":3,"turns":1},{"damage":0,"enemies":"Jaw Worm","floor":4,"turns":1},{"damage":21,"enemies":"Exordium Thugs","floor":5,"turns":6},{"damage":29,"enemies":"Gremlin Nob","floor":6,"turns":5},{"damage":23,"enemies":"2 Fungi Beasts","floor":7,"turns":6},{"damage":0,"enemies":"Lots of Slimes","floor":12,"turns":2},{"damage":48,"enemies":"Hexaghost","floor":16,"turns":13}],"seed_played":"-2630727419634666244","potions_obtained":[{"floor":3,"key":"Fire Potion"},{"floor":4,"key":"SteroidPotion"},{"floor":7,"key":"LiquidMemories"},{"floor":12,"key":"Fire Potion"}],"is_trial":false,"path_per_floor":["M","?","M","M","M","E","M","R","T","$","R","M","?","?","R","B"],"character_chosen":"CLOCKWORK","items_purchased":["Clockwork:RubberBall"],"campfire_rested":2,"item_purchase_floors":[10],"current_hp_per_floor":[85,85,85,85,64,35,12,37,37,37,37,37,34,23,48,0,0],"gold":129,"neow_bonus":"THREE_ENEMY_KILL","is_daily":false,"chose_seed":false,"campfire_upgraded":1,"win_rate":0.0,"timestamp":1609233505,"path_taken":["M","?","M","?","M","E","M","R","T","$","R","?","?","?","R","BOSS"],"items_purchased_type":["Relic"],"build_version":"2020-12-22","purchased_purges":0,"victory":false,"max_hp_per_floor":[85,85,85,85,85,85,85,85,85,85,85,85,85,85,85,85,85],"card_choices":[{"not_picked":["Clockwork:HeadStart","Clockwork:ForgeStrike"],"picked":"Clockwork:ChargingBlade","floor":1},{"not_picked":["Clockwork:SystemHardening","Clockwork:ChargingShield"],"picked":"Clockwork:Roundhouse","floor":3},{"not_picked":["Clockwork:Pluck","Clockwork:TiltAWhirl"],"picked":"Clockwork:Improve","floor":4},{"not_picked":["Clockwork:SnapKeep","Clockwork:Enhance"],"picked":"Clockwork:CraftCopperScales","floor":5},{"not_picked":["Clockwork:ChargingBlade","Clockwork:ForgeStrike","Clockwork:CraftCopperScales"],"picked":"SKIP","floor":6},{"not_picked":["Clockwork:SystemScan","Clockwork:SnapKeep"],"picked":"Clockwork:InertialShield","floor":7},{"not_picked":["Clockwork:Roundhouse","Clockwork:SearingStrike"],"picked":"Clockwork:HeadStart","floor":12}],"player_experience":607318,"relics_obtained":[{"floor":6,"key":"Akabeko"},{"floor":9,"key":"Happy Flower"}],"event_choices":[{"damage_healed":0,"gold_gain":0,"player_choice":"Upgraded","damage_taken":0,"max_hp_gain":0,"max_hp_loss":0,"event_name":"Upgrade Shrine","floor":2,"gold_loss":0,"cards_upgraded":["Clockwork:ChargingBlade"]},{"damage_healed":0,"gold_gain":0,"player_choice":"Success","damage_taken":3,"relics_obtained":["Bag of Marbles"],"max_hp_gain":0,"max_hp_loss":0,"event_name":"Scrap Ooze","floor":13,"gold_loss":0},{"damage_healed":0,"gold_gain":75,"player_choice":"Gather Gold","damage_taken":11,"max_hp_gain":0,"max_hp_loss":0,"event_name":"World of Goop","floor":14,"gold_loss":0}],"is_beta":false,"boss_relics":[],"items_purged_floors":[],"is_endless":false,"potions_floor_spawned":[3,4,7,12],"killed_by":"Hexaghost","ascension_level":0}}