{"host":"Niota","time":1609263287,"event":{"mods":["BaseMod","Colored Map","Colored Powertips","DeckTracker","Highlight Path","Minty Spire (QoL Compilation)"],"gold_per_floor":[119,131,147,166,3,3,3,36,61,86,103,134,134,146,146,224,224,244,444,459,37,37,72,72,72,72],"floor_reached":25,"playtime":1683,"items_purged":["Strike_G"],"score":537,"play_id":"84ed118c-af8c-4a2c-a75e-5861686d36f1","local_time":"20201229183447","is_ascension_mode":true,"campfire_choices":[{"data":"Neutralize","floor":7.0,"key":"SMITH"},{"floor":13,"key":"REST"},{"data":"Footwork","floor":15,"key":"SMITH"},{"floor":24,"key":"REST"}],"circlet_count":0,"master_deck":["AscendersBane","Strike_G","Strike_G","Strike_G","Strike_G","Defend_G","Defend_G","Defend_G","Defend_G","Defend_G","Survivor","Neutralize+1","Deadly Poison","Predator","Quick Slash","Backflip","Corpse Explosion","Crippling Poison","Footwork+1","Flying Knee","Leg Sweep","A Thousand Cuts+1","Night Terror","Blade Dance","Noxious Fumes+1","Mayhem+1","Panacea","Poisoned Stab"],"relics":["Ring of the Snake","Oddly Smooth Stone","Akabeko","MealTicket","Pen Nib","Smiling Mask","Frozen Egg 2","Busted Crown","Kunai"],"acts_visited":["Exordium","TheCity"],"potions_floor_usage":[10,11,12,12,18],"damage_taken":[{"damage":1.0,"enemies":"2 Louse","floor":1.0,"turns":4.0},{"damage":0.0,"enemies":"Small Slimes","floor":2.0,"turns":3.0},{"damage":0.0,"enemies":"Cultist","floor":3.0,"turns":4.0},{"damage":1.0,"enemies":"2 Fungi Beasts","floor":4.0,"turns":3.0},{"damage":19.0,"enemies":"3 Sentries","floor":8.0,"turns":4.0},{"damage":22,"enemies":"Gremlin Nob","floor":10,"turns":4},{"damage":0,"enemies":"Exordium Thugs","floor":11,"turns":4},{"damage":0,"enemies":"3 Sentries","floor":12,"turns":3},{"damage":0,"enemies":"Large Slime","floor":14,"turns":8},{"damage":0,"enemies":"The Guardian","floor":16,"turns":11},{"damage":10,"enemies":"3 Byrds","floor":18,"turns":5},{"damage":12,"enemies":"Spheric Guardian","floor":20,"turns":9},{"damage":33,"enemies":"Book of Stabbing","floor":23,"turns":8},{"damage":40,"enemies":"Slavers","floor":25,"turns":2}],"seed_played":"554943580372184907","potions_obtained":[{"floor":1.0,"key":"SneckoOil"},{"floor":4.0,"key":"Fire Potion"},{"floor":10,"key":"CunningPotion"},{"floor":11,"key":"EssenceOfSteel"},{"floor":16,"key":"Regen Potion"}],"is_trial":false,"path_per_floor":["M","M","M","M","$","?","R","E","T","E","M","E","R","M","R","B",null,"M","?","M","$","?","E","R","E"],"character_chosen":"THE_SILENT","items_purchased":["Corpse Explosion","Noxious Fumes+1","Mayhem+1","Panacea"],"campfire_rested":2,"item_purchase_floors":[5,21,21,21],"current_hp_per_floor":[58,58,58,57,57,50,50,31,31,9,9,9,28,28,28,28,57,59,59,47,62,50,17,38,0,0],"gold":72,"neow_bonus":"RANDOM_COMMON_RELIC","is_daily":false,"chose_seed":false,"campfire_upgraded":2,"win_rate":0.0,"timestamp":1609263287,"path_taken":["M","M","M","M","$","?","R","E","T","E","M","E","R","M","R","BOSS","M","?","?","$","?","E","R","E"],"items_purchased_type":["Card","Card","Card","Card"],"build_version":"2020-12-18","purchased_purges":1,"victory":false,"max_hp_per_floor":[66,66,66,66,66,66,66,66,66,66,66,66,66,66,66,66,66,66,66,66,66,71,71,71,71,71],"card_choices":[{"not_picked":["Catalyst","Outmaneuver"],"picked":"Deadly Poison","floor":1.0},{"not_picked":["Blade Dance","Slice"],"picked":"Predator","floor":2.0},{"not_picked":["Distraction","Dodge and Roll"],"picked":"Quick Slash","floor":3.0},{"not_picked":["Slice","Deflect"],"picked":"Backflip","floor":4.0},{"not_picked":["Setup","Sucker Punch"],"picked":"Crippling Poison","floor":8.0},{"not_picked":["PiercingWail","Caltrops"],"picked":"Footwork","floor":10},{"not_picked":["Setup","Quick Slash"],"picked":"Flying Knee","floor":11},{"not_picked":["Slice","Backstab"],"picked":"Leg Sweep","floor":12},{"not_picked":["Endless Agony","Slice"],"picked":"A Thousand Cuts+1","floor":14},{"not_picked":["Corpse Explosion","Grand Finale"],"picked":"Night Terror","floor":16},{"not_picked":["Bane"],"picked":"SKIP","floor":18},{"not_picked":[],"picked":"Blade Dance","floor":20},{"not_picked":[],"picked":"Poisoned Stab","floor":23}],"player_experience":825419,"relics_obtained":[{"floor":8.0,"key":"MealTicket"},{"floor":9.0,"key":"Pen Nib"},{"floor":10,"key":"Smiling Mask"},{"floor":12,"key":"Frozen Egg 2"},{"floor":23,"key":"Kunai"}],"event_choices":[{"damage_healed":0.0,"max_hp_gain":0.0,"max_hp_loss":0.0,"gold_gain":0.0,"event_name":"Scrap Ooze","player_choice":"Success","floor":6.0,"gold_loss":0.0,"damage_taken":7.0,"relics_obtained":["Akabeko"]},{"damage_healed":0,"gold_gain":250,"player_choice":"Bet on Owner","damage_taken":0,"max_hp_gain":0,"max_hp_loss":0,"event_name":"The Joust","floor":19,"gold_loss":50},{"damage_healed":0,"gold_gain":0,"player_choice":"Shed Blood","damage_taken":17,"max_hp_gain":5,"max_hp_loss":0,"event_name":"Forgotten Altar","floor":22,"gold_loss":0}],"is_beta":true,"boss_relics":[{"not_picked":["Calling Bell","Snecko Eye"],"picked":"Busted Crown"}],"items_purged_floors":[21],"is_endless":false,"potions_floor_spawned":[1,4,10,11,16],"killed_by":"Slavers","ascension_level":14}}