{"host":"kw4o7b3ro2ktmmbe","time":1609279383,"event":{"mods":["BaseMod","Evolution","Minty Spire (QoL Compilation)","StSLib","The Administrix"],"gold_per_floor":[111,111,111,124,142,142,142,142,142,142,67,67,17,42,42,165,165,188,458,473,491,515,529,529,553,578,578,611,611,611,632,632,751,751,774,132,156,156,156],"floor_reached":38,"playtime":5340,"items_purged":["Pain"],"score":461,"play_id":"ac0cf774-e37c-469a-a6bb-161603f21b65","local_time":"20201230110303","is_ascension_mode":false,"campfire_choices":[{"data":"AdministrixMod:ReachToHeaven","floor":6.0,"key":"SMITH"},{"data":"AdministrixMod:ChooseYourEnd","floor":8.0,"key":"SMITH"},{"data":"AdministrixMod:BlueCloak","floor":10.0,"key":"SMITH"},{"data":"AdministrixMod:WickedPunishment","floor":15.0,"key":"SMITH"},{"floor":27.0,"key":"REST"},{"data":"AdministrixMod:Convergence","floor":30.0,"key":"SMITH"},{"data":"AdministrixMod:CastOffRegrets","floor":32.0,"key":"SMITH"}],"circlet_count":0,"master_deck":["AdministrixMod:RedCloak","AdministrixMod:Defend_Administrix","AdministrixMod:Defend_Administrix","AdministrixMod:BlueCloak+1","AdministrixMod:ReachToHeaven+1","AdministrixMod:CenturiesAscent","AdministrixMod:ChooseYourEnd+1","AdministrixMod:WickedPunishment+1","AdministrixMod:DeathByGlamour","AdministrixMod:Convergence+1","AdministrixMod:PassageOfAges","AdministrixMod:PassageOfAges","AdministrixMod:BloodBargain+1","Bite","Bite","Bite","Bite","Bite","AdministrixMod:BegetEternity+1","AdministrixMod:CastOffRegrets+1","AdministrixMod:ImmortalClarity","AdministrixMod:ImmortalGrace+1","AdministrixMod:FaithfulFlames"],"relics":["AdministrixMod:ConductorRitualBaton","EVO:Axolotl","Golden Idol","WarpedTongs","Pear","Runic Pyramid","Omamori","Letter Opener","Eternal Feather","Calling Bell","CeramicFish","Blue Candle","Pocketwatch","Shuriken","Darkstone Periapt","Toolbox"],"acts_visited":["Exordium","TheCity","TheBeyond"],"potions_floor_usage":[],"damage_taken":[{"damage":0.0,"enemies":"2 Louse","floor":1.0,"turns":2.0},{"damage":0.0,"enemies":"Cultist","floor":4.0,"turns":3.0},{"damage":3.0,"enemies":"Small Slimes","floor":5.0,"turns":3.0},{"damage":0.0,"enemies":"2 Fungi Beasts","floor":14.0,"turns":2.0},{"damage":0.0,"enemies":"Slime Boss","floor":16.0,"turns":4.0},{"damage":12.0,"enemies":"Spheric Guardian","floor":18.0,"turns":4.0},{"damage":10.0,"enemies":"Shell Parasite","floor":20.0,"turns":4.0},{"damage":31.0,"enemies":"Snake Plant","floor":21.0,"turns":6.0},{"damage":0.0,"enemies":"3 Cultists","floor":22.0,"turns":4.0},{"damage":0.0,"enemies":"Snecko","floor":23.0,"turns":3.0},{"damage":4.0,"enemies":"Snake Plant","floor":25.0,"turns":3.0},{"damage":24.0,"enemies":"Slavers","floor":28.0,"turns":3.0},{"damage":1.0,"enemies":"Centurion and Healer","floor":31.0,"turns":6.0},{"damage":24.0,"enemies":"Champ","floor":33.0,"turns":7.0},{"damage":4.0,"enemies":"3 Shapes","floor":35.0,"turns":4.0},{"damage":44.0,"enemies":"3 Darklings","floor":37.0,"turns":6.0}],"seed_played":"6398358102219871342","potions_obtained":[{"floor":1.0,"key":"Energy Potion"},{"floor":14.0,"key":"ColorlessPotion"},{"floor":18.0,"key":"Swift Potion"},{"floor":21.0,"key":"Ancient Potion"},{"floor":25.0,"key":"LiquidBronze"}],"is_trial":false,"path_per_floor":["M","?","?","M","M","R","?","R","T","R","$","?","?","M","R","B",null,"M","?","M","M","M","M","?","M","T","R","E","?","R","M","R","B",null,"M","$","M","M"],"character_chosen":"TheAdministrix","items_purchased":["Shuriken","Darkstone Periapt","Toolbox"],"campfire_rested":1,"item_purchase_floors":[36,36,36],"current_hp_per_floor":[71,54,54,54,51,51,56,56,66,66,66,66,66,66,66,66,86,74,47,37,6,6,6,6,8,8,26,9,9,18,27,39,32,60,60,60,21,0,0],"gold":156,"neow_bonus":"TEN_PERCENT_HP_BONUS","is_daily":false,"chose_seed":false,"campfire_upgraded":6,"win_rate":0.0,"timestamp":1609279383,"path_taken":["M","?","?","M","?","R","?","R","T","R","$","?","?","M","R","BOSS","M","?","?","M","M","M","?","M","T","R","E","?","R","M","R","BOSS","M","$","M","M"],"items_purchased_type":["Relic","Relic","Relic"],"build_version":"2020-12-22","purchased_purges":1,"victory":false,"max_hp_per_floor":[71,71,71,71,71,71,76,76,86,86,86,86,86,86,86,86,86,86,86,86,86,86,86,60,60,60,60,60,60,60,60,60,60,60,60,60,60,60,60],"card_choices":[{"not_picked":["AdministrixMod:CenturiesAscent","AdministrixMod:PlateOfAntiquity"],"picked":"AdministrixMod:ReachToHeaven","floor":1.0},{"not_picked":["AdministrixMod:Transcension","AdministrixMod:TouchOfCinnabar"],"picked":"AdministrixMod:CenturiesAscent","floor":4.0},{"not_picked":["AdministrixMod:Katabasis","AdministrixMod:ImmortalPurity"],"picked":"AdministrixMod:ChooseYourEnd","floor":5.0},{"not_picked":["AdministrixMod:Wuji","AdministrixMod:CenturiesAscent"],"picked":"AdministrixMod:WickedPunishment","floor":14.0},{"not_picked":["AdministrixMod:BrewingCloister","AdministrixMod:Mastermind"],"picked":"AdministrixMod:DeathByGlamour","floor":16.0},{"not_picked":["AdministrixMod:PlateOfAntiquity+1","AdministrixMod:ExtolVirtue"],"picked":"AdministrixMod:Convergence","floor":18.0},{"not_picked":["AdministrixMod:QuietConspiracy+1","AdministrixMod:Overdrive"],"picked":"AdministrixMod:PassageOfAges","floor":20.0},{"not_picked":["AdministrixMod:TrickOfTheLight+1","AdministrixMod:RebukeDesires"],"picked":"AdministrixMod:PassageOfAges","floor":21.0},{"not_picked":["AdministrixMod:TouchOfCinnabar+1","AdministrixMod:RegentEdict"],"picked":"AdministrixMod:BloodBargain+1","floor":22.0},{"not_picked":["AdministrixMod:BloodlessSapphire","AdministrixMod:NewbornDivinity","AdministrixMod:CrackingPangu+1"],"picked":"SKIP","floor":23.0},{"not_picked":["AdministrixMod:NoblePath+1","AdministrixMod:NewWardrobe+1"],"picked":"AdministrixMod:BegetEternity+1","floor":25.0},{"not_picked":["AdministrixMod:RebukeDesires","AdministrixMod:PassageOfAges","AdministrixMod:BloodlessSapphire"],"picked":"SKIP","floor":28.0},{"not_picked":["AdministrixMod:ImmortalGrace","AdministrixMod:BegetEternity"],"picked":"AdministrixMod:CastOffRegrets","floor":31.0},{"not_picked":["AdministrixMod:Schism","AdministrixMod:LifeforceNet"],"picked":"AdministrixMod:ImmortalClarity","floor":33.0},{"not_picked":["AdministrixMod:CenturiesAscent","AdministrixMod:NoblePath"],"picked":"AdministrixMod:ImmortalGrace+1","floor":35.0},{"not_picked":["AdministrixMod:PlateOfAntiquity","AdministrixMod:ExtolVirtue"],"picked":"AdministrixMod:FaithfulFlames","floor":37.0}],"player_experience":1771482,"relics_obtained":[{"floor":9.0,"key":"Pear"},{"floor":26.0,"key":"Omamori"},{"floor":28.0,"key":"Letter Opener"},{"floor":34.0,"key":"CeramicFish"},{"floor":34.0,"key":"Blue Candle"},{"floor":34.0,"key":"Pocketwatch"}],"event_choices":[{"damage_healed":0.0,"max_hp_gain":0.0,"max_hp_loss":0.0,"gold_gain":0.0,"event_name":"Golden Idol","player_choice":"Take Damage","floor":2.0,"gold_loss":0.0,"damage_taken":17.0,"relics_obtained":["Golden Idol"]},{"damage_healed":0.0,"max_hp_gain":0.0,"max_hp_loss":0.0,"gold_gain":0.0,"event_name":"Accursed Blacksmith","player_choice":"Rummage","floor":3.0,"gold_loss":0.0,"damage_taken":0.0,"relics_obtained":["WarpedTongs"],"cards_obtained":["Pain"]},{"damage_healed":0.0,"max_hp_gain":5.0,"max_hp_loss":0.0,"gold_gain":0.0,"event_name":"Big Fish","player_choice":"Donut","floor":7.0,"gold_loss":0.0,"damage_taken":0.0},{"cards_removed":["AdministrixMod:Defend_Administrix"],"damage_healed":0.0,"max_hp_gain":0.0,"max_hp_loss":0.0,"gold_gain":0.0,"event_name":"Living Wall","player_choice":"Forget","floor":12.0,"gold_loss":0.0,"damage_taken":0.0},{"cards_removed":["AdministrixMod:Defend_Administrix"],"damage_healed":0.0,"max_hp_gain":0.0,"max_hp_loss":0.0,"gold_gain":0.0,"event_name":"The Cleric","player_choice":"Card Removal","floor":13.0,"gold_loss":50.0,"damage_taken":0.0},{"damage_healed":0.0,"max_hp_gain":0.0,"max_hp_loss":0.0,"gold_gain":270.0,"event_name":"Knowing Skull","player_choice":"GOLD GOLD GOLD ","floor":19.0,"potions_obtained":[],"gold_loss":0.0,"damage_taken":27.0,"cards_obtained":[]},{"damage_healed":0.0,"max_hp_gain":0.0,"max_hp_loss":26.0,"gold_gain":0.0,"event_name":"Vampires","player_choice":"Became a vampire","floor":24.0,"gold_loss":0.0,"damage_taken":0.0,"cards_obtained":["Bite","Bite","Bite","Bite","Bite"]},{"damage_healed":0.0,"max_hp_gain":0.0,"max_hp_loss":0.0,"gold_gain":0.0,"event_name":"WeMeetAgain","player_choice":"Gave Potion","floor":29.0,"gold_loss":0.0,"damage_taken":0.0,"relics_obtained":["Eternal Feather"]}],"is_beta":false,"boss_relics":[{"not_picked":["Astrolabe","Empty Cage"],"picked":"Runic Pyramid"},{"not_picked":["Snecko Eye","SacredBark"],"picked":"Calling Bell"}],"items_purged_floors":[11],"is_endless":false,"potions_floor_spawned":[1,14,18,21,23,25],"killed_by":"4 Shapes","ascension_level":0}}