{"host":"l017gercouzhorma","time":1609225562,"event":{"mods":["AchievementEnabler","Aspiration","BaseMod","Challenge The Spire","Conspire","Downfall","Halation","Hermit","Hubris","Infinite Spire","Jorbs\u0027s Wanderer Trilogy","Mad Scientist","Marisa????????","Mimic Mod","Minty Spire (QoL Compilation)","Random Character Button","Rare Cards Sparkle","Relic Stats","Replay The Spire","Shade Mod","StSLib","The Cursed","The Disciple","The Hierophant","The Jungle","The Runesmith","The Servant 0.9.4"],"gold_per_floor":[115,131,147,147,166,195,195,226,308,322,333,333,353,353,353,457,457,476,489,489,489],"floor_reached":20,"playtime":1513,"items_purged":[],"score":188,"play_id":"fc209c24-27d1-4d18-a817-979280d9c0b8","local_time":"20201229000602","is_ascension_mode":false,"campfire_choices":[],"circlet_count":0,"master_deck":["Strike_MRS","Strike_MRS","Strike_MRS","Strike_MRS","Defend_MRS","Defend_MRS","Defend_MRS","Defend_MRS","MasterSpark","UpSweep","SuperPerseids","EnergyRecoil","GravityBeat","MeteoricShower","UltimateShortwave","StarlightTyphoon","MachineGunSpark","DragonMeteor","WitchLeyline","SuperNova","MysteriousBeam+1","ShootingEcho+1"],"relics":["MiniHakkero","ReplayTheSpireMod:Ring of Exchange","ReplayTheSpireMod:Ring of Challenge","hubris:SlimyHat","Art of War","infinitespire:CheckeredPen","hubris:TerracottaHorce"],"acts_visited":["Exordium","TheCity"],"potions_floor_usage":[5,8,8,11,13,18],"damage_taken":[{"damage":1,"enemies":"Jaw Worm","floor":1,"turns":3},{"damage":6,"enemies":"2 Louse","floor":2,"turns":2},{"damage":0,"enemies":"Cultist","floor":3,"turns":3},{"damage":7,"enemies":"3 Louse","floor":5,"turns":2},{"damage":34,"enemies":"Gremlin Nob","floor":6,"turns":5},{"damage":27,"enemies":"3 Sentries","floor":8,"turns":5},{"damage":6,"enemies":"Large Slime","floor":10,"turns":3},{"damage":0,"enemies":"Looter","floor":11,"turns":1},{"damage":9,"enemies":"2 Fungi Beasts","floor":13,"turns":3},{"damage":2,"enemies":"Slime Boss","floor":16,"turns":7},{"damage":36,"enemies":"conspire:FuzzyDice","floor":18,"turns":5},{"damage":16,"enemies":"3 Byrds","floor":19,"turns":4},{"damage":8,"enemies":"Snake Plant","floor":20,"turns":2}],"seed_played":"-3838775594579141939","potions_obtained":[{"floor":2,"key":"hexamod:EctoCoolerPotion"},{"floor":3,"key":"BlessingOfTheForge"},{"floor":5,"key":"Weak Potion"},{"floor":7,"key":"Elixir"},{"floor":11,"key":"Explosive Potion"},{"floor":16,"key":"Energy Potion"}],"is_trial":false,"path_per_floor":["M","M","M","?","M","E","?","E","T","M","M","?","M","?","R","B",null,"M","M","M"],"character_chosen":"MARISA","items_purchased":[],"campfire_rested":0,"item_purchase_floors":[],"current_hp_per_floor":[81,75,75,75,68,34,34,7,7,1,1,25,16,16,16,14,65,29,13,5,5],"gold":489,"neow_bonus":"TEN_PERCENT_HP_BONUS","is_daily":false,"chose_seed":false,"campfire_upgraded":0,"win_rate":0.0,"timestamp":1609225562,"path_taken":["M","M","M","?","M","E","?","E","T","M","?","?","M","?","R","BOSS","M","M","M"],"items_purchased_type":[],"build_version":"2020-12-22","purchased_purges":0,"victory":false,"max_hp_per_floor":[82,82,82,82,82,82,82,82,82,82,82,82,82,82,82,82,82,82,82,82,82],"relic_stats":{"counters":[13,45],"Art of War":[1],"obtain_stats":[{"ReplayTheSpireMod:Ring of Exchange":4,"hubris:SlimyHat":6,"Art of War":8,"MiniHakkero":0,"infinitespire:CheckeredPen":9,"ReplayTheSpireMod:Ring of Challenge":4,"hubris:TerracottaHorce":17},{"ReplayTheSpireMod:Ring of Exchange":3,"hubris:SlimyHat":5,"Art of War":6,"MiniHakkero":0,"infinitespire:CheckeredPen":6,"ReplayTheSpireMod:Ring of Challenge":3,"hubris:TerracottaHorce":10},{"ReplayTheSpireMod:Ring of Exchange":8,"hubris:SlimyHat":15,"Art of War":20,"MiniHakkero":0,"infinitespire:CheckeredPen":20,"ReplayTheSpireMod:Ring of Challenge":8,"hubris:TerracottaHorce":34}]},"card_choices":[{"not_picked":["GravityBeat","ShootingEcho"],"picked":"SuperPerseids","floor":1},{"not_picked":["LuminesStrike","DoubleSpark"],"picked":"EnergyRecoil","floor":2},{"not_picked":["OneTimeOff","DeepEcoloBomb"],"picked":"GravityBeat","floor":3},{"not_picked":["ManaConvection","DC"],"picked":"MeteoricShower","floor":5},{"not_picked":["OortCloud","DarkMatter"],"picked":"UltimateShortwave","floor":6},{"not_picked":["LuminesStrike","DoubleSpark"],"picked":"StarlightTyphoon","floor":8},{"not_picked":["GravityBeat","NonDirectionalLaser"],"picked":"MachineGunSpark","floor":10},{"not_picked":["WitchOfGreed","ChargeUpSpray"],"picked":"DragonMeteor","floor":11},{"not_picked":["GalacticHalo","PowerUp"],"picked":"WitchLeyline","floor":13},{"not_picked":["AbsoluteMagnitude","CasketOfStar"],"picked":"SuperNova","floor":16},{"not_picked":["ShootTheMoon","GalacticHalo+1"],"picked":"MysteriousBeam+1","floor":18},{"not_picked":["BlazeAway","WitchOfGreed+1"],"picked":"ShootingEcho+1","floor":19}],"player_experience":811438,"relics_obtained":[{"floor":4,"key":"ReplayTheSpireMod:Ring of Exchange"},{"floor":4,"key":"ReplayTheSpireMod:Ring of Challenge"},{"floor":6,"key":"hubris:SlimyHat"},{"floor":8,"key":"Art of War"},{"floor":9,"key":"infinitespire:CheckeredPen"}],"event_choices":[{"damage_healed":0,"gold_gain":0,"player_choice":"Got Potions","damage_taken":0,"max_hp_gain":0,"max_hp_loss":0,"event_name":"Lab","floor":7,"gold_loss":0}],"is_beta":false,"boss_relics":[{"not_picked":["Ring of Chaos","hubris:CrackedHourglass"],"picked":"hubris:TerracottaHorce"}],"items_purged_floors":[],"is_endless":false,"potions_floor_spawned":[2,3,5,11,16],"killed_by":"Snake Plant","ascension_level":0}}