{"host":"28bpuzdckreop5i0","time":1609205673,"event":{"mods":["Act Like it!","Aspiration","BaseMod","Beaked The Cultist","Best Route Mod","BetterRewards","Challenge The Spire","Conspire","Defuse TimeMaze Blight","Downfall","Energized Spire","GifTheSpireLib","Googly Eyes","Hubris","Infinite Spire","Lobotomy","Mimic Mod","Minty Spire (QoL Compilation)","Relic Stats","Shop Mod","Spicy Shops","StSLib","Stuff the Spire","The Awakened One except there are too many feathers","The Construct","The Cursed","The Disciple","The Hierophant","The IronCluck","The Jungle","Thieving Mod","Transform Curses","Wandering Minibosses","slay the spire mod where everything is the same but ironclad has a cowboy hat"],"gold_per_floor":[112,112,124,144,19,19,119,119,190,208,221,6,35,48,48,143,143,156,4,4,4,18,18,35,54,77,77,87,106,106,106],"floor_reached":30,"playtime":4076,"items_purged":["construct:AttackMode"],"score":234,"play_id":"96855395-247c-47e4-b003-c7970311e238","local_time":"20201228193433","is_ascension_mode":false,"campfire_choices":[{"data":"construct:FlameCore","floor":6,"key":"SMITH"},{"data":"construct:Autoturret","floor":8,"key":"SMITH"},{"data":"construct:DefenseMode","floor":15,"key":"SMITH"},{"data":"construct:Defend_Gold","floor":23,"key":"SMITH"},{"floor":27,"key":"REST"}],"circlet_count":0,"master_deck":["construct:Strike_Gold","construct:Strike_Gold+1","construct:Strike_Gold","construct:Strike_Gold","construct:Strike_Gold","construct:Defend_Gold","construct:Defend_Gold","construct:Defend_Gold","construct:Defend_Gold","construct:Defend_Gold+1","construct:DefenseMode+1","construct:PanicFire","construct:FlameCore+1","construct:Autoturret+1","construct:Isolate+1","construct:ReactiveShield","construct:Reserves+1","construct:Accumulate","construct:Synchronize","construct:MetalShell+1","construct:MassProduction+1"],"relics":["construct:Cogwheel","hubris:Icosahedron","Toxic Egg 2","MerchantsRug","infinitespire:Lucky Rock","aspiration:RunicSpoon","Guardian:BottledAnomaly","Pen Nib"],"acts_visited":["Exordium","TheCity"],"potions_floor_usage":[16,24,25],"damage_taken":[{"damage":4,"enemies":"Cultist","floor":1,"turns":4},{"damage":0,"enemies":"2 Louse","floor":3,"turns":2},{"damage":0,"enemies":"Small Slimes","floor":4,"turns":3},{"damage":5,"enemies":"Blue Slaver","floor":10,"turns":5},{"damage":2,"enemies":"Exordium Thugs","floor":11,"turns":4},{"damage":12,"enemies":"Lagavulin","floor":13,"turns":8},{"damage":11,"enemies":"Large Slime","floor":14,"turns":4},{"damage":19,"enemies":"Slime Boss","floor":16,"turns":14},{"damage":22,"enemies":"Chosen","floor":18,"turns":9},{"damage":5,"enemies":"Spheric Guardian","floor":22,"turns":4},{"damage":5,"enemies":"Cultist and Chosen","floor":24,"turns":6},{"damage":14,"enemies":"Snake Plant","floor":25,"turns":5},{"damage":37,"enemies":"Chosen and Byrds","floor":28,"turns":7},{"damage":3,"enemies":"Centurion and Healer","floor":29,"turns":6},{"damage":26,"enemies":"Cultist and Chosen","floor":30,"turns":4}],"seed_played":"-1523298977256198785","potions_obtained":[{"floor":3,"key":"FearPotion"},{"floor":4,"key":"Regen Potion"},{"floor":11,"key":"GamblersBrew"},{"floor":22,"key":"FearPotion"},{"floor":24,"key":"ColorlessPotion"}],"is_trial":false,"path_per_floor":["M","?","M","M","$","R","?","R","T","M","M","$","E","M","R","B",null,"M","$","?","?","M","R","M","M","T","R","M","M","M"],"character_chosen":"THE_CONSTRUCT_MOD","items_purchased":["construct:Autoturret","MerchantsRug","construct:ReactiveShield","construct:Synchronize","Guardian:BottledAnomaly"],"campfire_rested":1,"item_purchase_floors":[5,12,12,19,19],"current_hp_per_floor":[81,81,81,81,81,81,81,81,81,76,74,74,62,51,51,47,85,63,63,63,63,58,58,53,39,39,64,27,24,0,0],"gold":106,"neow_bonus":"ONE_RANDOM_RARE_CARD","is_daily":false,"chose_seed":false,"campfire_upgraded":4,"win_rate":0.0,"timestamp":1609205673,"path_taken":["M","?","M","M","$","R","?","R","T","?","M","$","E","M","R","BOSS","M","$","?","?","M","R","M","M","T","R","M","?","M"],"items_purchased_type":["Card","Relic","Card","Card","Relic"],"build_version":"2020-12-22","purchased_purges":1,"victory":false,"max_hp_per_floor":[85,85,85,85,85,85,85,85,85,85,85,85,85,85,85,85,85,85,85,85,85,85,85,85,85,85,85,85,85,85,85],"relic_stats":{"counters":[15,75],"aspiration:RunicSpoon":[43],"Pen Nib":[0],"obtain_stats":[{"MerchantsRug":12,"hubris:Icosahedron":2,"construct:Cogwheel":0,"aspiration:RunicSpoon":17,"Pen Nib":26,"infinitespire:Lucky Rock":13,"Toxic Egg 2":9,"Guardian:BottledAnomaly":19},{"MerchantsRug":5,"hubris:Icosahedron":1,"construct:Cogwheel":0,"aspiration:RunicSpoon":8,"Pen Nib":12,"infinitespire:Lucky Rock":6,"Toxic Egg 2":3,"Guardian:BottledAnomaly":9},{"MerchantsRug":15,"hubris:Icosahedron":3,"construct:Cogwheel":0,"aspiration:RunicSpoon":39,"Pen Nib":60,"infinitespire:Lucky Rock":22,"Toxic Egg 2":8,"Guardian:BottledAnomaly":47}]},"card_choices":[{"not_picked":["construct:Accumulate","construct:VentSteam","construct:ClusterMines"],"picked":"SKIP","floor":1},{"not_picked":["construct:Antimatter","construct:BatteryAcid","construct:SyphonStrike"],"picked":"SKIP","floor":3},{"not_picked":["construct:VentSteam","construct:FocusedBeam"],"picked":"construct:FlameCore","floor":4},{"not_picked":["construct:ModeShift+1","construct:MetalShell+1","construct:SaveState+1"],"picked":"SKIP","floor":10},{"not_picked":["construct:SuppressiveFire","construct:Forcefield+1"],"picked":"construct:Isolate+1","floor":11},{"not_picked":["construct:Tumble","construct:PowerUp"],"picked":"construct:Reserves+1","floor":13},{"not_picked":["construct:Dampening+1","construct:ScrapCannon","construct:VentSteam+1"],"picked":"SKIP","floor":14},{"not_picked":["construct:Reinforce+1","construct:ScrapCannon"],"picked":"construct:Accumulate","floor":18},{"not_picked":["construct:Accumulate","construct:Isolate+1","construct:Backfire"],"picked":"SKIP","floor":22},{"not_picked":["construct:SweepLaser","construct:SaveState+1","construct:Zapper+1"],"picked":"SKIP","floor":24},{"not_picked":["construct:SuppressiveFire+1","construct:FierceBash+1"],"picked":"construct:MetalShell+1","floor":25},{"not_picked":["construct:CriticalHit","construct:ShiftStrike"],"picked":"construct:MassProduction+1","floor":28},{"not_picked":["construct:Stasis+1","construct:Failsafe","construct:Forcefield+1"],"picked":"SKIP","floor":29}],"player_experience":908480,"relics_obtained":[{"floor":9,"key":"Toxic Egg 2"},{"floor":13,"key":"infinitespire:Lucky Rock"},{"floor":26,"key":"Pen Nib"}],"event_choices":[{"damage_healed":0,"gold_gain":100,"player_choice":"Pray","damage_taken":0,"max_hp_gain":0,"max_hp_loss":0,"event_name":"Golden Shrine","floor":7,"gold_loss":0},{"damage_healed":0,"gold_gain":0,"player_choice":"Forge","damage_taken":0,"max_hp_gain":0,"max_hp_loss":0,"event_name":"Accursed Blacksmith","floor":21,"gold_loss":0,"cards_upgraded":["construct:Strike_Gold"]}],"is_beta":false,"boss_relics":[{"not_picked":["hubris:VirtuousBlindfold","aspiration:WatcherSkillbook"],"picked":"aspiration:RunicSpoon"}],"items_purged_floors":[5],"is_endless":false,"potions_floor_spawned":[3,4,11,22,24],"killed_by":"Cultist and Chosen","ascension_level":0}}