{"host":"sxnl403xm2xmiyj1","time":1609234646,"event":{"mods":["AchievementEnabler","BaseMod","Colored Map","Keyboard Shortcuts","Minty Spire (QoL Compilation)","Quick Restart","StSLib","SuperFastMode"],"gold_per_floor":[109,122,14,32,46,46,73,85,97,138,75,75,110,131,131,131,131],"floor_reached":16,"playtime":381,"items_purged":["Strike_B"],"score":224,"play_id":"1e517d41-712d-4766-ba41-df84013b328c","local_time":"20201229183726","is_ascension_mode":true,"campfire_choices":[{"data":"Go for the Eyes","floor":6.0,"key":"SMITH"},{"data":"Beam Cell","floor":8.0,"key":"SMITH"},{"data":"Defragment","floor":15,"key":"SMITH"}],"circlet_count":0,"master_deck":["AscendersBane","Strike_B","Strike_B","Defend_B","Defend_B","Defend_B","Defend_B+1","Zap","Dualcast","Cold Snap","Gash","Beam Cell+1","Coolheaded+1","Defragment+1","Go for the Eyes+1","Chill","Conserve Battery","Rebound","FTL"],"relics":["Cracked Core","NeowsBlessing","MawBank","Orichalcum","HornCleat","War Paint","Odd Mushroom"],"acts_visited":["Exordium"],"potions_floor_usage":[13,14],"damage_taken":[{"damage":0.0,"enemies":"Cultist","floor":1.0,"turns":1.0},{"damage":0.0,"enemies":"Jaw Worm","floor":2.0,"turns":1.0},{"damage":0.0,"enemies":"Small Slimes","floor":4.0,"turns":1.0},{"damage":12.0,"enemies":"3 Louse","floor":5.0,"turns":4.0},{"damage":23.0,"enemies":"Gremlin Nob","floor":7.0,"turns":4.0},{"damage":9.0,"enemies":"Lagavulin","floor":10.0,"turns":7.0},{"damage":5,"enemies":"3 Sentries","floor":13,"turns":10},{"damage":0,"enemies":"The Mushroom Lair","floor":14,"turns":4},{"damage":5,"enemies":"Hexaghost","floor":16,"turns":12}],"seed_played":"-3383659722819184661","potions_obtained":[{"floor":5.0,"key":"LiquidMemories"},{"floor":7.0,"key":"Fire Potion"},{"floor":13,"key":"SteroidPotion"}],"is_trial":false,"path_per_floor":["M","M","$","M","M","R","E","R","T","E","$","?","E","?","R","B"],"character_chosen":"DEFECT","items_purchased":["Beam Cell","Coolheaded"],"campfire_rested":0,"item_purchase_floors":[3,3],"current_hp_per_floor":[64,64,64,64,52,52,29,29,29,20,20,13,8,8,8,3,3],"gold":131,"neow_bonus":"THREE_ENEMY_KILL","is_daily":false,"chose_seed":false,"campfire_upgraded":3,"win_rate":0.0,"timestamp":1609234646,"path_taken":["M","M","?","M","M","R","E","R","T","E","$","?","E","?","R","BOSS"],"items_purchased_type":["Card","Card"],"build_version":"2020-12-22","purchased_purges":1,"victory":false,"max_hp_per_floor":[71,71,71,71,71,71,71,71,71,71,71,71,71,71,71,71,71],"card_choices":[{"not_picked":["Rebound","Barrage"],"picked":"Cold Snap","floor":1.0},{"not_picked":["Barrage","Leap"],"picked":"Gash","floor":2.0},{"not_picked":["Go for the Eyes","Barrage"],"picked":"Defragment","floor":4.0},{"not_picked":["Stack","Storm"],"picked":"Go for the Eyes","floor":5.0},{"not_picked":["Cold Snap","Hello World"],"picked":"Chill","floor":7.0},{"not_picked":["Ball Lightning","Chill"],"picked":"Conserve Battery","floor":10.0},{"not_picked":["Conserve Battery","Barrage"],"picked":"Rebound","floor":13},{"not_picked":["Go for the Eyes","Streamline"],"picked":"FTL","floor":14}],"player_experience":135487,"relics_obtained":[{"floor":7.0,"key":"MawBank"},{"floor":9.0,"key":"Orichalcum"},{"floor":10.0,"key":"HornCleat"},{"floor":13,"key":"War Paint"},{"floor":14,"key":"Odd Mushroom"}],"event_choices":[{"cards_removed":["Strike_B"],"damage_healed":0.0,"max_hp_gain":0.0,"max_hp_loss":0.0,"gold_gain":0.0,"event_name":"Golden Wing","player_choice":"Card Removal","floor":12.0,"gold_loss":0.0,"damage_taken":7.0},{"damage_healed":0,"gold_gain":0,"player_choice":"Fought Mushrooms","damage_taken":0,"max_hp_gain":0,"max_hp_loss":0,"event_name":"Mushrooms","floor":14,"gold_loss":0}],"is_beta":false,"boss_relics":[],"items_purged_floors":[11],"is_endless":false,"potions_floor_spawned":[5,7,13],"killed_by":"Hexaghost","ascension_level":18}}