{"host":"m1ntkrf87179kmo6","time":1609250130,"event":{"mods":["BaseMod","Better Third Choice","Minty Spire (QoL Compilation)","Shade Mod","StSLib"],"gold_per_floor":[113,113,131,105,105,133,133,79,79,79,96,115,131,148,148,251,251,161,161,177,25,25,25,52,52,106,106,106,116,135,150,150,254,254,269,280,280,280,291,321,321,165,165,165,130,145,195,210,210,210,210,210,4,38,38,38],"floor_reached":55,"playtime":8238,"items_purged":[],"score":690,"play_id":"ab470570-f131-40c2-9d68-10b77e9e0aa4","local_time":"20201229085530","is_ascension_mode":false,"campfire_choices":[{"floor":7.0,"key":"REST"},{"floor":10.0,"key":"REST"},{"floor":15.0,"key":"RECALL"},{"data":"Shade:AnimateDead","floor":23.0,"key":"SMITH"},{"floor":25.0,"key":"REST"},{"data":"Shade:Premonition","floor":28.0,"key":"SMITH"},{"floor":32.0,"key":"REST"},{"floor":41.0,"key":"REST"},{"floor":44.0,"key":"REST"},{"floor":49,"key":"REST"},{"data":"Shade:Brains","floor":52,"key":"SMITH"}],"circlet_count":0,"master_deck":["Shade:Strike_Shade","Shade:Strike_Shade","Shade:Strike_Shade","Shade:Strike_Shade","Shade:Defend_Shade","Shade:Defend_Shade","Shade:Defend_Shade","Shade:Defend_Shade","Shade:AnimateDead+1","Shade:CarefulCut","Shade:FuneraryArmor","Shade:Brains+1","Shade:Premonition+1","Shade:FleshToFlesh","Shade:GreyBargain","Shade:Brains","Shade:AnimateDead+1","Shade:Premonition+1","Pain","Shade:FleshToFlesh+1","Shade:OpenGraves","Shade:ClawBack+1","Shade:Excise+1","Shade:ExtraLimbs","Shade:ExtraLimbs"],"relics":["Shade:YorickSkull","NeowsBlessing","betterThird:SlimedRelic","Dead Branch","Orichalcum","SacredBark","Blood Vial","betterThird:NestCultRelic","Du-Vu Doll","Bronze Scales","SlaversCollar","WarpedTongs","Question Card","Lantern","InkBottle","CaptainsWheel","Frozen Eye","StoneCalendar"],"acts_visited":["Exordium","TheCity","TheBeyond","TheEnding"],"potions_floor_usage":[47,50,50,54,55],"damage_taken":[{"damage":0.0,"enemies":"Small Slimes","floor":1.0,"turns":1.0},{"damage":0.0,"enemies":"Jaw Worm","floor":3.0,"turns":1.0},{"damage":0.0,"enemies":"3 Sentries","floor":6.0,"turns":1.0},{"damage":0.0,"enemies":"Cultist","floor":11.0,"turns":4.0},{"damage":0.0,"enemies":"3 Louse","floor":12.0,"turns":5.0},{"damage":0.0,"enemies":"Blue Slaver","floor":13.0,"turns":4.0},{"damage":0.0,"enemies":"Red Slaver","floor":14.0,"turns":5.0},{"damage":2.0,"enemies":"Slime Boss","floor":16.0,"turns":12.0},{"damage":5.0,"enemies":"2 Thieves","floor":18.0,"turns":5.0},{"damage":6.0,"enemies":"Spheric Guardian","floor":20.0,"turns":8.0},{"damage":53.0,"enemies":"Slavers","floor":24.0,"turns":9.0},{"damage":26.0,"enemies":"Snake Plant","floor":29.0,"turns":7.0},{"damage":5.0,"enemies":"Snecko","floor":30.0,"turns":6.0},{"damage":0.0,"enemies":"Centurion and Healer","floor":31.0,"turns":10.0},{"damage":24.0,"enemies":"Champ","floor":33.0,"turns":16.0},{"damage":0.0,"enemies":"3 Darklings","floor":35.0,"turns":9.0},{"damage":0.0,"enemies":"3 Shapes","floor":36.0,"turns":4.0},{"damage":48.0,"enemies":"Maw","floor":39.0,"turns":9.0},{"damage":42.0,"enemies":"Giant Head","floor":40.0,"turns":12.0},{"damage":1.0,"enemies":"3 Darklings","floor":46.0,"turns":4.0},{"damage":2,"enemies":"Mind Bloom Boss Battle","floor":47,"turns":7},{"damage":7,"enemies":"4 Shapes","floor":48,"turns":8},{"damage":59,"enemies":"Time Eater","floor":50,"turns":12},{"damage":64,"enemies":"Shield and Spear","floor":54,"turns":11},{"damage":27,"enemies":"The Heart","floor":55,"turns":2}],"seed_played":"7161355661000997151","potions_obtained":[{"floor":3.0,"key":"ColorlessPotion"},{"floor":13.0,"key":"Weak Potion"},{"floor":16.0,"key":"SpeedPotion"},{"floor":20.0,"key":"Energy Potion"},{"floor":30.0,"key":"SteroidPotion"},{"floor":31.0,"key":"FairyPotion"},{"floor":40.0,"key":"Block Potion"},{"floor":48,"key":"Fire Potion"},{"floor":54,"key":"SpeedPotion"}],"is_trial":false,"path_per_floor":["M","?","M","?","?","E","R","$","T","R","M","M","M","M","R","B",null,"M","?","M","$","?","R","E","R","T","?","R","M","M","M","R","B",null,"M","M","?","?","M","E","R","$","T","R","$","M","?","M","R","B",null,"R","$","E","B"],"character_chosen":"SHADE","items_purchased":["Shade:FleshToFlesh","Blood Vial","Lantern","Shade:OpenGraves","Shade:ExtraLimbs","Frozen Eye"],"campfire_rested":7,"item_purchase_floors":[8,21,42,45,53,53],"current_hp_per_floor":[65,65,65,54,24,24,43,43,43,62,62,62,62,62,62,60,65,60,60,54,54,54,54,3,22,22,65,65,39,36,38,57,35,65,65,65,65,65,17,21,40,40,40,59,59,60,64,58,65,6,65,65,65,1,0,0],"gold":38,"neow_bonus":"THREE_ENEMY_KILL","is_daily":false,"chose_seed":false,"campfire_upgraded":3,"win_rate":0.0,"timestamp":1609250130,"path_taken":["M","?","M","?","?","E","R","?","T","R","M","M","M","M","R","BOSS","M","?","?","$","?","R","E","R","T","?","R","M","?","M","R","BOSS","M","M","?","?","?","E","R","$","T","R","$","M","?","M","R","BOSS","R","$","E","BOSS"],"items_purchased_type":["Card","Relic","Relic","Card","Card","Relic"],"build_version":"2020-12-22","purchased_purges":0,"victory":false,"max_hp_per_floor":[65,65,65,65,65,65,65,65,65,65,65,65,65,65,65,65,65,65,65,65,65,65,65,65,65,65,65,65,65,65,65,65,65,65,65,65,65,65,65,65,65,65,65,65,65,65,65,65,65,65,65,65,65,65,65,65],"card_choices":[{"not_picked":["Shade:FreshBones","Shade:Trample"],"picked":"Shade:FuneraryArmor","floor":1.0},{"not_picked":["Shade:FreshBones","Shade:FleshOffering"],"picked":"Shade:Brains","floor":3.0},{"not_picked":["Shade:GoDigging","Shade:SoulToxin"],"picked":"Shade:Premonition","floor":6.0},{"not_picked":["Shade:CloudOfShrapnel","Shade:Trample","Shade:SpontaneousRitual"],"picked":"SKIP","floor":11.0},{"not_picked":["Shade:SkeletonHug","Shade:FreshBones"],"picked":"Shade:GreyBargain","floor":12.0},{"not_picked":["Shade:FreshBones","Shade:WallOfFlesh"],"picked":"Shade:Brains","floor":13.0},{"not_picked":["Shade:FeralStrike","Shade:ExtraLimbs","Shade:SoulPierce"],"picked":"SKIP","floor":14.0},{"not_picked":["Shade:SoulToxin","Shade:Bonestorm","Shade:AncientSpear"],"picked":"SKIP","floor":18.0},{"not_picked":["Shade:CloudOfShrapnel","Shade:AuraOfUnlife","Shade:Bonestorm"],"picked":"SKIP","floor":20.0},{"not_picked":["Shade:SanguineRitual","Shade:FleshLikeOak","Shade:Asphyxiate+1"],"picked":"SKIP","floor":24.0},{"not_picked":["Shade:SkeletonHug","Shade:SensePrey"],"picked":"Shade:Premonition+1","floor":29.0},{"not_picked":["Shade:FeralStrike+1","Shade:OfferingToTheBeyond","Shade:WallOfFlesh"],"picked":"SKIP","floor":30.0},{"not_picked":["Shade:Trample","Shade:Awaken","Shade:FingerOfDeath"],"picked":"SKIP","floor":31.0},{"not_picked":["Shade:Patience","Shade:ClawBack+1","Shade:GraveStillness"],"picked":"SKIP","floor":35.0},{"not_picked":["Shade:PotionOfRestlessness+1","Shade:Patience","Shade:BoneShards+1"],"picked":"SKIP","floor":36.0},{"not_picked":["Shade:GreyBargain","Shade:Bonestorm+1","Shade:FingerOfDeath"],"picked":"SKIP","floor":39.0},{"not_picked":["Shade:GraveStillness+1","Shade:Haruspicy+1"],"picked":"Shade:FleshToFlesh+1","floor":40.0},{"not_picked":["Shade:Excise+1","Shade:AncientSpear+1","Shade:Coordination","Shade:FleshToFlesh+1"],"picked":"SKIP","floor":46.0},{"not_picked":["Shade:FreshBones+1","Shade:RavenousHorde","Shade:CoffinDance+1"],"picked":"Shade:ClawBack+1","floor":47},{"not_picked":["Shade:CloudOfShrapnel+1","Shade:SpectralStrikes","Shade:AncientSpear+1"],"picked":"Shade:Excise+1","floor":48},{"not_picked":["Shade:SkeletonHug+1","Shade:Trample+1","Shade:PressTheAttack"],"picked":"Shade:ExtraLimbs","floor":54}],"player_experience":1136884,"relics_obtained":[{"floor":6.0,"key":"Orichalcum"},{"floor":24.0,"key":"Du-Vu Doll"},{"floor":26.0,"key":"Bronze Scales"},{"floor":40.0,"key":"Question Card"},{"floor":43.0,"key":"InkBottle"},{"floor":47,"key":"CaptainsWheel"},{"floor":54,"key":"StoneCalendar"}],"event_choices":[{"damage_healed":0.0,"max_hp_gain":0.0,"max_hp_loss":0.0,"gold_gain":0.0,"event_name":"Living Wall","player_choice":"Grow","floor":2.0,"gold_loss":0.0,"damage_taken":0.0,"cards_upgraded":["Shade:AnimateDead"]},{"damage_healed":0.0,"max_hp_gain":0.0,"max_hp_loss":0.0,"gold_gain":0.0,"event_name":"betterThird:BetterGoop","player_choice":"Slimed","floor":4.0,"gold_loss":26.0,"damage_taken":11.0},{"damage_healed":0.0,"max_hp_gain":0.0,"max_hp_loss":0.0,"gold_gain":1.0,"event_name":"betterThird:BetterScrap","player_choice":"Relic ","floor":5.0,"gold_loss":0.0,"damage_taken":30.0,"cards_obtained":["Darkness"]},{"damage_healed":0.0,"max_hp_gain":0.0,"max_hp_loss":0.0,"gold_gain":0.0,"event_name":"Match and Keep!","player_choice":"1 cards matched","floor":19.0,"gold_loss":0.0,"damage_taken":0.0,"cards_obtained":["Shade:AnimateDead"]},{"damage_healed":0.0,"max_hp_gain":0.0,"max_hp_loss":0.0,"gold_gain":0.0,"event_name":"betterThird:BetterNest","player_choice":"Madness","floor":22.0,"gold_loss":0.0,"damage_taken":0.0,"relics_obtained":["betterThird:NestCultRelic"]},{"damage_healed":43.0,"max_hp_gain":0.0,"max_hp_loss":0.0,"gold_gain":0.0,"event_name":"Wheel of Change","player_choice":"Full Heal","floor":27.0,"gold_loss":0.0,"damage_taken":0.0},{"damage_healed":0.0,"max_hp_gain":0.0,"max_hp_loss":0.0,"gold_gain":0.0,"event_name":"SensoryStone","player_choice":"Memory 1","floor":37.0,"gold_loss":0.0,"damage_taken":0.0},{"damage_healed":0.0,"max_hp_gain":0.0,"max_hp_loss":0.0,"gold_gain":0.0,"event_name":"Accursed Blacksmith","player_choice":"Rummage","floor":38.0,"gold_loss":0.0,"damage_taken":0.0,"relics_obtained":["WarpedTongs"],"cards_obtained":["Pain"]},{"damage_healed":0,"gold_gain":0,"player_choice":"Fight","damage_taken":0,"max_hp_gain":0,"max_hp_loss":0,"event_name":"MindBloom","floor":47,"gold_loss":0}],"is_beta":false,"boss_relics":[{"not_picked":["Coffee Dripper","Runic Dome"],"picked":"SacredBark"},{"not_picked":["Snecko Eye","Sozu"],"picked":"SlaversCollar"}],"items_purged_floors":[],"is_endless":false,"potions_floor_spawned":[3,13,16,20,30,31,35,39,40,46,48,54],"killed_by":"The Heart","ascension_level":0}}