{"host":"Qube","time":1609271322,"event":{"mods":["AchievementEnabler","BaseMod","Colored Powertips","Minty Spire (QoL Compilation)","Quick Restart","Random Character Button"],"gold_per_floor":[112,129,146,146,146,181,181,208,208,208,237,252,252,266,266,338,338,353,353,366,465,465,500,500,527,563,563,605,626,649,57,57,57,57],"floor_reached":33,"playtime":1179,"items_purged":["Shame"],"score":549,"play_id":"d740dc04-73f5-455d-a68e-148b6a961f0b","local_time":"20201229114842","is_ascension_mode":true,"campfire_choices":[{"data":"Fire Breathing","floor":7,"key":"SMITH"},{"floor":10,"key":"REST"},{"data":"Uppercut","floor":13,"key":"SMITH"},{"data":"Armaments","floor":15,"key":"SMITH"},{"floor":24,"key":"REST"},{"data":"Fire Breathing","floor":27,"key":"SMITH"},{"floor":32,"key":"REST"}],"circlet_count":0,"master_deck":["AscendersBane","Strike_R+1","Strike_R+1","Strike_R+1","Strike_R+1","Strike_R+1","Defend_R+1","Defend_R+1","Defend_R+1","Bash","Armaments+1","Flame Barrier","Fire Breathing+1","Uppercut+1","Whirlwind+1","Wild Strike+1","Impervious","Corruption","Reckless Charge+1","Fire Breathing+1","Writhe","Battle Trance+1","Flame Barrier","Metallicize","Dark Embrace","True Grit"],"relics":["Burning Blood","Bag of Marbles","Molten Egg 2","PreservedInsect","Bottled Flame","Cursed Key","Juzu Bracelet","Ice Cream","CeramicFish","Bag of Preparation","Bronze Scales","Pen Nib","Anchor"],"acts_visited":["Exordium","TheCity"],"potions_floor_usage":[6,6,12,16,23,25,33,33],"damage_taken":[{"damage":10,"enemies":"Small Slimes","floor":1,"turns":4},{"damage":13,"enemies":"Jaw Worm","floor":2,"turns":4},{"damage":1,"enemies":"2 Louse","floor":3,"turns":3},{"damage":12,"enemies":"Lagavulin","floor":6,"turns":9},{"damage":22,"enemies":"Gremlin Nob","floor":8,"turns":4},{"damage":10,"enemies":"3 Sentries","floor":11,"turns":4},{"damage":4,"enemies":"Exordium Wildlife","floor":12,"turns":5},{"damage":0,"enemies":"Looter","floor":14,"turns":2},{"damage":48,"enemies":"Hexaghost","floor":16,"turns":10},{"damage":2,"enemies":"3 Byrds","floor":18,"turns":2},{"damage":0,"enemies":"Chosen","floor":20,"turns":3},{"damage":48,"enemies":"Gremlin Leader","floor":23,"turns":6},{"damage":7,"enemies":"Slavers","floor":25,"turns":4},{"damage":7,"enemies":"Gremlin Leader","floor":28,"turns":6},{"damage":0,"enemies":"3 Cultists","floor":29,"turns":2},{"damage":32,"enemies":"Centurion and Healer","floor":30,"turns":5},{"damage":53,"enemies":"Collector","floor":33,"turns":7}],"seed_played":"5061149905930772935","potions_obtained":[{"floor":2,"key":"SkillPotion"},{"floor":3,"key":"Dexterity Potion"},{"floor":11,"key":"Block Potion"},{"floor":12,"key":"Regen Potion"},{"floor":20,"key":"Fire Potion"},{"floor":23,"key":"HeartOfIron"}],"is_trial":false,"path_per_floor":["M","M","M","?","?","E","R","E","T","R","E","M","R","M","R","B",null,"M","?","M","?","?","E","R","E","T","R","E","M","M","$","R","B"],"character_chosen":"IRONCLAD","items_purchased":["Dark Embrace","Pen Nib","Anchor","True Grit","EntropicBrew"],"campfire_rested":3,"item_purchase_floors":[31,31,31,31,31],"current_hp_per_floor":[71,64,69,62,46,40,40,24,24,48,44,46,46,52,52,15,65,69,69,75,75,75,33,57,56,56,56,55,61,35,35,59,6,6],"gold":57,"neow_bonus":"TEN_PERCENT_HP_BONUS","is_daily":false,"chose_seed":false,"campfire_upgraded":4,"win_rate":0.0,"timestamp":1609271322,"path_taken":["M","M","M","?","?","E","R","E","T","R","E","M","R","M","R","BOSS","M","?","M","?","?","E","R","E","T","R","E","M","M","$","R","BOSS"],"items_purchased_type":["Card","Relic","Relic","Card","Potion"],"build_version":"2020-12-18","purchased_purges":1,"victory":false,"max_hp_per_floor":[82,82,82,82,82,82,82,82,82,82,82,82,82,82,82,82,82,82,82,82,82,82,82,82,82,82,82,82,82,82,82,82,82,82],"card_choices":[{"not_picked":["Heavy Blade","Burning Pact"],"picked":"Armaments","floor":1},{"not_picked":["Heavy Blade","Armaments"],"picked":"Flame Barrier","floor":2},{"not_picked":["Sword Boomerang","Pommel Strike"],"picked":"Fire Breathing","floor":3},{"not_picked":["Dual Wield","Infernal Blade"],"picked":"Uppercut","floor":6},{"not_picked":["Infernal Blade","Heavy Blade+1"],"picked":"Whirlwind+1","floor":8},{"not_picked":["Clothesline+1","True Grit"],"picked":"Wild Strike+1","floor":11},{"not_picked":["Sentinel","Shockwave"],"picked":"Impervious","floor":12},{"not_picked":["Entrench","Inflame","Anger+1"],"picked":"SKIP","floor":14},{"not_picked":["Juggernaut","Limit Break"],"picked":"Corruption","floor":16},{"not_picked":["Sword Boomerang+1","Dual Wield+1"],"picked":"Reckless Charge+1","floor":18},{"not_picked":["Iron Wave+1","Cleave+1"],"picked":"Fire Breathing","floor":20},{"not_picked":["Clothesline+1","Reckless Charge+1","Blood for Blood+1"],"picked":"SKIP","floor":23},{"not_picked":["Dropkick+1","Demon Form","Anger+1"],"picked":"SKIP","floor":25},{"not_picked":["Thunderclap+1","Iron Wave+1"],"picked":"Battle Trance+1","floor":28},{"not_picked":["Spot Weakness","Anger+1"],"picked":"Flame Barrier","floor":29},{"not_picked":["Anger+1","Rampage+1"],"picked":"Metallicize","floor":30}],"player_experience":727771,"relics_obtained":[{"floor":6,"key":"Bag of Marbles"},{"floor":8,"key":"Molten Egg 2"},{"floor":9,"key":"PreservedInsect"},{"floor":11,"key":"Bottled Flame"},{"floor":23,"key":"Ice Cream"},{"floor":25,"key":"CeramicFish"},{"floor":26,"key":"Bag of Preparation"},{"floor":28,"key":"Bronze Scales"}],"event_choices":[{"cards_removed":["Defend_R"],"damage_healed":0,"gold_gain":0,"player_choice":"Card Removal","damage_taken":7,"max_hp_gain":0,"max_hp_loss":0,"event_name":"Golden Wing","floor":4,"gold_loss":0},{"damage_healed":0,"gold_gain":0,"player_choice":"Entered Light","damage_taken":16,"max_hp_gain":0,"max_hp_loss":0,"event_name":"Shining Light","floor":5,"gold_loss":0,"cards_upgraded":["Defend_R","Strike_R"]},{"damage_healed":0,"gold_gain":0,"player_choice":"Simplicity","damage_taken":0,"max_hp_gain":0,"max_hp_loss":0,"event_name":"Back to Basics","floor":19,"gold_loss":0,"cards_upgraded":["Strike_R","Strike_R","Strike_R","Strike_R","Defend_R","Defend_R"]},{"damage_healed":0,"gold_gain":99,"player_choice":"Stole From Cult","damage_taken":0,"max_hp_gain":0,"max_hp_loss":0,"event_name":"Nest","floor":21,"gold_loss":0},{"damage_healed":0,"gold_gain":0,"player_choice":"Opened","damage_taken":0,"relics_obtained":["Juzu Bracelet"],"max_hp_gain":0,"max_hp_loss":0,"event_name":"The Mausoleum","floor":22,"gold_loss":0,"cards_obtained":["Writhe"]}],"is_beta":true,"boss_relics":[{"not_picked":["Sozu","Fusion Hammer"],"picked":"Cursed Key"}],"items_purged_floors":[31],"is_endless":false,"potions_floor_spawned":[2,3,11,12,20,23],"killed_by":"Collector","ascension_level":14}}