{"host":"31s8hzukbhz1k6i6","time":1609269692,"event":{"mods":["AchievementEnabler","BaseMod","Colored Map","Filter the Spire","Minty Spire (QoL Compilation)","Relic Stats","UnlockEverythingMod","ojb\u0027s Info Mod"],"gold_per_floor":[114,128,147,0,10,10,42,42,42,42,76,91,16,32,32,131,131,146,165,182,97,97,130,130,162,162,84,103,103,103],"floor_reached":29,"playtime":1278,"items_purged":["Strike_G"],"score":413,"play_id":"81daed52-9736-4dcf-91dd-72184ecfc202","local_time":"20201229112132","is_ascension_mode":true,"campfire_choices":[{"data":"Deadly Poison","floor":6.0,"key":"SMITH"},{"data":"Dagger Spray","floor":10.0,"key":"SMITH"},{"data":"Footwork","floor":15.0,"key":"SMITH"},{"data":"Deadly Poison","floor":24.0,"key":"SMITH"}],"circlet_count":0,"master_deck":["AscendersBane","Strike_G+1","Strike_G+1","Strike_G+1","Strike_G+1","Defend_G+1","Defend_G+1","Defend_G+1","Defend_G+1","Defend_G+1","Survivor","Neutralize","Deadly Poison+1","Deadly Poison+1","Backflip","Footwork+1","Dagger Spray+1","Blade Dance","Backflip","Blade Dance","Venomology","PiercingWail","Flechettes+1","Catalyst+1","Footwork+1","Bane+1"],"relics":["Ring of the Snake","Du-Vu Doll","PreservedInsect","Blue Candle","Molten Egg 2","Philosopher\u0027s Stone","Lantern","Boot","Frozen Egg 2","Darkstone Periapt"],"acts_visited":["Exordium","TheCity"],"potions_floor_usage":[29,29],"damage_taken":[{"damage":2.0,"enemies":"Cultist","floor":1.0,"turns":5.0},{"damage":2.0,"enemies":"2 Louse","floor":2.0,"turns":3.0},{"damage":0.0,"enemies":"Small Slimes","floor":3.0,"turns":4.0},{"damage":0.0,"enemies":"Exordium Wildlife","floor":5.0,"turns":3.0},{"damage":6.0,"enemies":"Lagavulin","floor":7.0,"turns":7.0},{"damage":8.0,"enemies":"3 Sentries","floor":11.0,"turns":5.0},{"damage":4.0,"enemies":"Red Slaver","floor":12.0,"turns":4.0},{"damage":0.0,"enemies":"Gremlin Gang","floor":14.0,"turns":2.0},{"damage":10.0,"enemies":"The Guardian","floor":16.0,"turns":9.0},{"damage":0.0,"enemies":"3 Byrds","floor":18.0,"turns":5.0},{"damage":0.0,"enemies":"Chosen","floor":19.0,"turns":5.0},{"damage":17.0,"enemies":"Snake Plant","floor":20.0,"turns":5.0},{"damage":17.0,"enemies":"Gremlin Leader","floor":23.0,"turns":7.0},{"damage":15.0,"enemies":"Book of Stabbing","floor":25.0,"turns":4.0},{"damage":8.0,"enemies":"Snecko","floor":28.0,"turns":3.0},{"damage":11,"enemies":"Gremlin Leader","floor":29,"turns":2}],"seed_played":"37570550312612547","potions_obtained":[{"floor":1.0,"key":"Ancient Potion"},{"floor":2.0,"key":"Regen Potion"},{"floor":5.0,"key":"Regen Potion"},{"floor":16.0,"key":"Fire Potion"},{"floor":23.0,"key":"Swift Potion"},{"floor":25.0,"key":"SpeedPotion"}],"is_trial":false,"path_per_floor":["M","M","M","$","M","R","E","?","T","R","E","M","$","M","R","B",null,"M","M","M","?","?","E","R","E","T","$","M","E"],"character_chosen":"THE_SILENT","items_purchased":["PreservedInsect","Footwork+1"],"campfire_rested":0,"item_purchase_floors":[4,27],"current_hp_per_floor":[61,59,59,59,59,59,53,58,58,58,64,60,60,60,60,50,64,68,68,51,51,51,34,34,19,19,19,11,0,0],"gold":103,"neow_bonus":"ONE_RARE_RELIC","is_daily":false,"chose_seed":false,"campfire_upgraded":4,"win_rate":0.0,"timestamp":1609269692,"path_taken":["M","?","M","$","M","R","E","?","T","R","E","M","$","M","R","BOSS","M","M","M","?","?","E","R","E","T","?","M","E"],"items_purchased_type":["Relic","Card"],"build_version":"2020-12-22","purchased_purges":1,"victory":false,"max_hp_per_floor":[63,63,63,63,63,63,63,68,68,68,68,68,68,68,68,68,68,68,68,68,68,68,68,68,68,68,68,68,68,68],"relic_stats":{"Darkstone Periapt":0,"counters":[16,73],"Blue Candle":[0],"PreservedInsect":211,"Boot":[2],"obtain_stats":[{"Du-Vu Doll":0,"Darkstone Periapt":26,"Lantern":21,"Blue Candle":7,"Molten Egg 2":11,"Philosopher\u0027s Stone":17,"PreservedInsect":4,"Frozen Egg 2":25,"Boot":23,"Ring of the Snake":0},{"Du-Vu Doll":0,"Darkstone Periapt":14,"Lantern":12,"Blue Candle":5,"Molten Egg 2":6,"Philosopher\u0027s Stone":9,"PreservedInsect":3,"Frozen Egg 2":14,"Boot":13,"Ring of the Snake":0},{"Du-Vu Doll":0,"Darkstone Periapt":68,"Lantern":57,"Blue Candle":22,"Molten Egg 2":27,"Philosopher\u0027s Stone":42,"PreservedInsect":12,"Frozen Egg 2":68,"Boot":64,"Ring of the Snake":0}],"Ring of the Snake":[32]},"card_choices":[{"not_picked":["Expertise","Prepared"],"picked":"Deadly Poison","floor":1.0},{"not_picked":["Bane","Slice"],"picked":"Deadly Poison","floor":2.0},{"not_picked":["Calculated Gamble","Finisher"],"picked":"Backflip","floor":3.0},{"not_picked":["Accuracy","Deadly Poison"],"picked":"Footwork","floor":5.0},{"not_picked":["A Thousand Cuts","Well Laid Plans"],"picked":"Dagger Spray","floor":7.0},{"not_picked":["Blur","Poisoned Stab+1"],"picked":"Blade Dance","floor":11.0},{"not_picked":["Outmaneuver","Tactician"],"picked":"Backflip","floor":12.0},{"not_picked":["Backflip","Cloak And Dagger"],"picked":"Blade Dance","floor":14.0},{"not_picked":["Corpse Explosion","Malaise"],"picked":"Venomology","floor":16.0},{"not_picked":["Dagger Spray+1","Riddle With Holes+1","Poisoned Stab+1"],"picked":"SKIP","floor":18.0},{"not_picked":["Tactician","Quick Slash+1"],"picked":"PiercingWail","floor":19.0},{"not_picked":["Cloak And Dagger","Acrobatics"],"picked":"Flechettes+1","floor":20.0},{"not_picked":["Tactician","Dagger Spray+1"],"picked":"Catalyst+1","floor":23.0},{"not_picked":["Acrobatics","Predator+1","Dagger Spray+1"],"picked":"SKIP","floor":25.0},{"not_picked":["Flying Knee+1","Dodge and Roll"],"picked":"Bane+1","floor":28.0}],"player_experience":73292,"relics_obtained":[{"floor":7.0,"key":"Blue Candle"},{"floor":11.0,"key":"Molten Egg 2"},{"floor":23.0,"key":"Boot"},{"floor":25.0,"key":"Frozen Egg 2"},{"floor":26.0,"key":"Darkstone Periapt"}],"event_choices":[{"damage_healed":0.0,"max_hp_gain":5.0,"max_hp_loss":0.0,"gold_gain":0.0,"event_name":"Big Fish","player_choice":"Donut","floor":8.0,"gold_loss":0.0,"damage_taken":0.0},{"damage_healed":0.0,"max_hp_gain":0.0,"max_hp_loss":0.0,"gold_gain":0.0,"event_name":"Addict","player_choice":"Obtained Relic","floor":21.0,"gold_loss":85.0,"damage_taken":0.0,"relics_obtained":["Lantern"]},{"damage_healed":0.0,"max_hp_gain":0.0,"max_hp_loss":0.0,"gold_gain":0.0,"event_name":"Back to Basics","player_choice":"Simplicity","floor":22.0,"gold_loss":0.0,"damage_taken":0.0,"cards_upgraded":["Strike_G","Strike_G","Strike_G","Strike_G","Defend_G","Defend_G","Defend_G","Defend_G","Defend_G"]}],"is_beta":false,"boss_relics":[{"not_picked":["Snecko Eye","Calling Bell"],"picked":"Philosopher\u0027s Stone"}],"items_purged_floors":[13],"is_endless":false,"potions_floor_spawned":[1,2,5,16,23,25],"killed_by":"Gremlin Leader","ascension_level":10}}