{"host":"egwexuw5uvnxf11j","time":1609211459,"event":{"mods":["2.2 Compatiblity","Aspiration","BaseMod","Better Altar","Better Note","Better Sensory Stone","Better Third Choice","Displayed Cursed Tome","Downfall","Hermit","Key Reminder","Koishi","Marisa????????","Minty Spire (QoL Compilation)","Quick Restart","Shade Mod","Spicy Shops","StSLib","The Construct","The Cursed","The Hierophant","The Runesmith","The Senshi","The Servant 0.9.4","Transform Curses"],"gold_per_floor":[106,129,129,88,77,77,64,64,145,145,168,155,190,225,225,308,308,363,363,363,152,152,152,177,177,177,187,235,235,247,346,346,351,351,422,455,14,110,198,198,257,257,257,354,471,471,548,620,620,569,569,569,301,365,325,325],"floor_reached":55,"playtime":4966,"items_purged":[],"score":1325,"play_id":"49b4e158-2155-4b1f-9e0d-ac526c2d124e","local_time":"20201228221059","is_ascension_mode":true,"campfire_choices":[{"data":"hierophant:Mercenaries","floor":6.0,"key":"SMITH"},{"floor":8.0,"key":"REST"},{"floor":15.0,"key":"REST"},{"data":"hierophant:Charity","floor":23.0,"key":"SMITH"},{"floor":25.0,"key":"REST"},{"data":"hierophant:Martyrdom","floor":32.0,"key":"SMITH"},{"floor":40.0,"key":"REST"},{"floor":46.0,"key":"REST"},{"floor":49.0,"key":"RECALL"},{"data":"1","floor":52.0,"key":"LIFT"}],"circlet_count":0,"master_deck":["hierophant:Strike_Hierophant","hierophant:Strike_Hierophant","hierophant:Strike_Hierophant","hierophant:Strike_Hierophant","hierophant:Punish","hierophant:Defend_Hierophant","hierophant:Defend_Hierophant","hierophant:Defend_Hierophant","hierophant:Defend_Hierophant","hierophant:ChurchCoffers","hierophant:OrnateBuckler","hierophant:Doubloon","hierophant:Doubloon+1","hierophant:Mercenaries+1","hierophant:AuricBeam","hierophant:Doubloon+1","hierophant:Charity+1","expansioncontent:Sear+1","hierophant:Doubloon+1","hierophant:Remorse+1","hierophant:MorningPrayer","hierophant:Doubloon+1","hierophant:Smite+1","hierophant:FieryStrike+1","hierophant:MintersHammer+1","CurseOfTheBell","hierophant:Flagellation","hierophant:Martyrdom+1","hierophant:PassingBell+1","Blind","hierophant:EyeForCoin+1","hierophant:Doubloon+1","hierophant:Smite+1","Writhe","hierophant:Doubloon+1","hierophant:AuricShield","hierophant:Doubloon+1","hierophant:Determination","hierophant:Doubloon","hierophant:Remorse+1","hierophant:Sermon+1","hierophant:Embezzle","hierophant:CursedGold","hierophant:Doubloon","hierophant:Doubloon+1","hierophant:Doubloon+1","hierophant:Doubloon+1","Shuttle+1","hierophant:HammerAndAnvil","Parasite","Defy","Solidify","Replace+1","hierophant:Purify+1","hierophant:Doubloon+1","Apotheosis","hierophant:AuricBeam+1"],"relics":["hierophant:PropheticMaskRelic","Matryoshka","Bag of Marbles","Molten Egg 2","Darkstone Periapt","Calling Bell","aspiration:ChemicalBlood","Pear","Gambling Chip","Regal Pillow","Runesmith:Nanobots","Toolbox","theSenshi:FeatherClipsRelic","FossilizedHelix","Vajra","StoneCalendar","aspiration:ServantSkillbook","Calipers","Mummified Hand","Ginger","Girya","Membership Card","Ice Cream"],"acts_visited":["Exordium","TheCity","TheBeyond","TheEnding"],"potions_floor_usage":[54,54,54],"damage_taken":[{"damage":0.0,"enemies":"Small Slimes","floor":1.0,"turns":3.0},{"damage":0.0,"enemies":"2 Louse","floor":2.0,"turns":1.0},{"damage":0.0,"enemies":"Cultist","floor":5.0,"turns":3.0},{"damage":20.0,"enemies":"Lagavulin","floor":7.0,"turns":3.0},{"damage":24.0,"enemies":"Gremlin Nob","floor":11.0,"turns":4.0},{"damage":19.0,"enemies":"Exordium Thugs","floor":12.0,"turns":3.0},{"damage":18.0,"enemies":"Large Slime","floor":13.0,"turns":3.0},{"damage":3.0,"enemies":"Looter","floor":14.0,"turns":2.0},{"damage":0.0,"enemies":"Slime Boss","floor":16.0,"turns":2.0},{"damage":0.0,"enemies":"3 Byrds","floor":18.0,"turns":1.0},{"damage":35.0,"enemies":"Book of Stabbing","floor":24.0,"turns":3.0},{"damage":11.0,"enemies":"2 Thieves","floor":27.0,"turns":4.0},{"damage":7.0,"enemies":"Slavers","floor":28.0,"turns":2.0},{"damage":0.0,"enemies":"Snecko","floor":30.0,"turns":2.0},{"damage":41.0,"enemies":"Champ","floor":33.0,"turns":10.0},{"damage":7.0,"enemies":"Orb Walker","floor":35.0,"turns":4.0},{"damage":0.0,"enemies":"2 Orb Walkers","floor":36.0,"turns":3.0},{"damage":10.0,"enemies":"3 Shapes","floor":38.0,"turns":4.0},{"damage":37.0,"enemies":"Transient","floor":39.0,"turns":5.0},{"damage":20.0,"enemies":"3 Darklings","floor":41.0,"turns":3.0},{"damage":18.0,"enemies":"Writhing Mass","floor":44.0,"turns":4.0},{"damage":29.0,"enemies":"Nemesis","floor":45.0,"turns":5.0},{"damage":36.0,"enemies":"Reptomancer","floor":47.0,"turns":4.0},{"damage":4.0,"enemies":"Sphere and 2 Shapes","floor":48.0,"turns":2.0},{"damage":22.0,"enemies":"Donu and Deca","floor":50.0,"turns":7.0},{"damage":82,"enemies":"Shield and Spear","floor":54,"turns":6},{"damage":45,"enemies":"The Heart","floor":55,"turns":6}],"seed_played":"-8237362002718954777","potions_obtained":[{"floor":1.0,"key":"SmokeBomb"},{"floor":2.0,"key":"DuplicationPotion"},{"floor":14.0,"key":"BlessingOfTheForge"},{"floor":16.0,"key":"Explosive Potion"},{"floor":24.0,"key":"Block Potion"},{"floor":27.0,"key":"Fruit Juice"},{"floor":27.0,"key":"AttackPotion"},{"floor":33.0,"key":"PowerPotion"},{"floor":38.0,"key":"AttackPotion"},{"floor":39.0,"key":"Dexterity Potion"},{"floor":44.0,"key":"hexamod:EctoCoolerPotion"},{"floor":45.0,"key":"sneckomod:MuddlingPotion"},{"floor":50.0,"key":"Block Potion"}],"is_trial":false,"path_per_floor":["M","M","?","$","M","R","E","R","T","?","E","M","M","M","R","B",null,"M","?","T","$","?","R","E","R","T","M","E","?","M","?","R","B",null,"M","?","$","M","M","R","M","?","T","M","E","R","E","M","R","B",null,"R","$","E","B"],"character_chosen":"HIEROPHANT","items_purchased":["hierophant:Mercenaries","Toolbox","hierophant:Martyrdom","hierophant:PassingBell+1","hierophant:Embezzle","Mummified Hand","hierophant:CursedGold","Membership Card","Apotheosis"],"campfire_rested":5,"item_purchase_floors":[4,21,21,21,37,37,37,53,53],"current_hp_per_floor":[75,75,75,75,75,75,55,75,75,75,51,32,14,11,33,33,91,91,91,91,91,91,91,56,91,91,91,90,96,102,102,102,67,102,101,102,102,98,67,102,88,102,102,96,77,108,78,80,80,64,108,108,108,44,0,0],"gold":325,"neow_bonus":"THREE_CARDS","is_daily":false,"chose_seed":false,"campfire_upgraded":3,"win_rate":0.0,"timestamp":1609211459,"path_taken":["M","M","?","$","M","R","E","R","T","?","E","M","M","M","R","BOSS","M","?","?","$","?","R","E","R","T","M","E","?","M","?","R","BOSS","M","?","$","M","M","R","M","?","T","M","E","R","E","?","R","BOSS","R","$","E","BOSS"],"items_purchased_type":["Card","Relic","Card","Card","Card","Relic","Card","Relic","Card"],"build_version":"2020-12-22","purchased_purges":0,"victory":false,"max_hp_per_floor":[75,75,75,75,75,75,75,75,75,75,75,75,75,75,75,75,91,91,91,91,91,91,91,91,91,91,96,96,102,102,102,102,102,102,102,102,102,102,102,102,102,102,102,108,108,108,108,108,108,108,108,108,108,108,108,108],"card_choices":[{"not_picked":["hierophant:Zeal","hierophant:Refuge"],"picked":"hierophant:OrnateBuckler","floor":0.0},{"not_picked":["hierophant:Refuge","hierophant:HolyVerse"],"picked":"hierophant:Doubloon","floor":1.0},{"not_picked":["hierophant:Alms","hierophant:Smite"],"picked":"hierophant:Doubloon","floor":2.0},{"not_picked":["hierophant:MintersHammer","hierophant:FlamingChariot"],"picked":"hierophant:AuricBeam","floor":5.0},{"not_picked":["hierophant:SolarFlare","hierophant:Sermon"],"picked":"hierophant:Charity","floor":7.0},{"not_picked":["hierophant:Invocation","hierophant:Alms"],"picked":"hierophant:MorningPrayer","floor":11.0},{"not_picked":["hierophant:Rebuild","hierophant:Zeal+1"],"picked":"hierophant:Doubloon","floor":12.0},{"not_picked":["hierophant:Doubloon","hierophant:Levitation"],"picked":"hierophant:Smite+1","floor":13.0},{"not_picked":["hierophant:ThreeLashes+1","hierophant:Smite+1"],"picked":"hierophant:FieryStrike+1","floor":14.0},{"not_picked":["hierophant:Cornucopia","hierophant:Generosity"],"picked":"hierophant:MintersHammer+1","floor":16.0},{"not_picked":["hierophant:Zeal+1","hierophant:DisplayOfPower+1"],"picked":"hierophant:Flagellation","floor":18.0},{"not_picked":["expansioncontent:ManipulateTime","Impatience"],"picked":"expansioncontent:Chronoboost","floor":22.0},{"not_picked":["expansioncontent:SuperHexaguard","Bandage Up"],"picked":"Blind","floor":22.0},{"not_picked":["hierophant:Alms","hierophant:OrnateBuckler"],"picked":"hierophant:EyeForCoin+1","floor":24.0},{"not_picked":["hierophant:RustyCrate+1","hierophant:FlamingChariot+1"],"picked":"hierophant:Doubloon","floor":27.0},{"not_picked":["hierophant:CoinFling+1","hierophant:PassingBell+1"],"picked":"hierophant:Smite+1","floor":28.0},{"not_picked":["hierophant:Flagellation","hierophant:RepressedViolence+1"],"picked":"hierophant:AuricShield","floor":30.0},{"not_picked":["hierophant:Generosity","hierophant:DeathKnell"],"picked":"hierophant:Determination","floor":33.0},{"not_picked":["hierophant:OrnateJavelin+1","Orbit+1","hierophant:HolyVerse+1"],"picked":"hierophant:Remorse+1","floor":35.0},{"not_picked":["Ricochet+1","Rearm+1","Alleviate"],"picked":"hierophant:Sermon+1","floor":36.0},{"not_picked":["Potential+1","Ricochet+1","hierophant:EyeForCoin+1"],"picked":"hierophant:Doubloon+1","floor":38.0},{"not_picked":["hierophant:FlamingChariot+1","SurpressingFire+1","Gouge+1"],"picked":"Shuttle+1","floor":39.0},{"not_picked":["Moonlight+1","hierophant:RustyCrate","hierophant:MintersHammer+1"],"picked":"hierophant:HammerAndAnvil","floor":41.0},{"not_picked":["hierophant:PassingBell+1","hierophant:ConvertCurrency","Potential+1"],"picked":"Defy","floor":44.0},{"not_picked":["Starlight+1","DoubleEdge+1","Sunlight+1"],"picked":"Solidify","floor":45.0},{"not_picked":["Revamp","hierophant:RustyCrate+1","ShatteredReality+1"],"picked":"Replace+1","floor":47.0},{"not_picked":["hierophant:Blessing","Barrier","hierophant:SolarFlare+1"],"picked":"hierophant:Purify+1","floor":48.0},{"not_picked":["hierophant:Zeal+1","Manipulate+1","hierophant:MirrorShield"],"picked":"hierophant:AuricBeam+1","floor":54}],"player_experience":2101887,"relics_obtained":[{"floor":7.0,"key":"Matryoshka"},{"floor":9.0,"key":"Bag of Marbles"},{"floor":9.0,"key":"Molten Egg 2"},{"floor":11.0,"key":"Darkstone Periapt"},{"floor":17.0,"key":"aspiration:ChemicalBlood"},{"floor":17.0,"key":"Pear"},{"floor":17.0,"key":"Gambling Chip"},{"floor":20.0,"key":"Regal Pillow"},{"floor":20.0,"key":"Runesmith:Nanobots"},{"floor":24.0,"key":"theSenshi:FeatherClipsRelic"},{"floor":26.0,"key":"FossilizedHelix"},{"floor":28.0,"key":"Vajra"},{"floor":36.0,"key":"Calipers"},{"floor":45.0,"key":"Ginger"},{"floor":47.0,"key":"Girya"},{"floor":54,"key":"Ice Cream"}],"event_choices":[{"damage_healed":0.0,"max_hp_gain":0.0,"max_hp_loss":0.0,"gold_gain":0.0,"event_name":"Match and Keep!","player_choice":"2 cards matched","floor":10.0,"gold_loss":0.0,"damage_taken":0.0,"cards_obtained":["expansioncontent:Sear","hierophant:Remorse"]},{"damage_healed":0.0,"max_hp_gain":0.0,"max_hp_loss":0.0,"gold_gain":0.0,"event_name":"Vampires","player_choice":"Ignored","floor":19.0,"gold_loss":0.0,"damage_taken":0.0},{"damage_healed":0.0,"max_hp_gain":0.0,"max_hp_loss":0.0,"gold_gain":2.0,"event_name":"betterStone:BetterStone","player_choice":"1","floor":22.0,"gold_loss":0.0,"damage_taken":0.0},{"damage_healed":0.0,"max_hp_gain":0.0,"max_hp_loss":0.0,"gold_gain":0.0,"event_name":"The Mausoleum","player_choice":"Opened","floor":29.0,"gold_loss":0.0,"damage_taken":0.0,"relics_obtained":["StoneCalendar"],"cards_obtained":["Writhe"]},{"damage_healed":0.0,"max_hp_gain":0.0,"max_hp_loss":0.0,"gold_gain":99.0,"event_name":"betterThird:BetterNest","player_choice":"Steal","floor":31.0,"gold_loss":0.0,"damage_taken":0.0},{"damage_healed":0.0,"max_hp_gain":0.0,"max_hp_loss":0.0,"gold_gain":0.0,"event_name":"Mysterious Sphere","player_choice":"Fight","floor":36.0,"gold_loss":0.0,"damage_taken":0.0},{"cards_removed":["expansioncontent:Chronoboost"],"damage_healed":14.0,"max_hp_gain":0.0,"max_hp_loss":0.0,"gold_gain":0.0,"event_name":"Bonfire Elementals","player_choice":"Offered Uncommon","floor":42.0,"gold_loss":0.0,"damage_taken":0.0}],"is_beta":false,"boss_relics":[{"not_picked":["aspiration:FutureDiary","Runic Dome"],"picked":"Calling Bell"},{"not_picked":["Coffee Dripper","Busted Crown"],"picked":"aspiration:ServantSkillbook"}],"items_purged_floors":[],"is_endless":false,"potions_floor_spawned":[1,2,14,16,24,27,33,38,44,45],"killed_by":"The Heart","ascension_level":3}}