{"host":"97bfbul5vt0mksxl","time":1609268789,"event":{"mods":["BaseMod","Colored Powertips","Highlight Path","Infinite Spire","Minty Spire (QoL Compilation)","Replay The Spire","Shop Mod","StSLib","SuperFastMode"],"gold_per_floor":[361,372,372,372,385,418,430,467,505,535,571,617,692,199,211,346,358,386,398,410,159,177,177,209,209,257,287,287,305,324,653,653,751,751,767,867,887,887,897,926,219,219,219],"floor_reached":42,"playtime":2968,"items_purged":[],"score":721,"play_id":"9892786b-1c05-4fb8-8d98-b10ee5607da6","local_time":"20201229160629","is_ascension_mode":false,"campfire_choices":[{"floor":15,"key":"REST"},{"data":"infinitespire:Starlight","floor":23,"key":"SMITH"},{"data":"DevaForm","floor":25,"key":"SMITH"},{"floor":28,"key":"REST"},{"data":"Outmaneuver","floor":32,"key":"SMITH"}],"circlet_count":0,"master_deck":["Strike_P","Strike_P","Strike_P","Strike_P","Defend_P","Defend_P","Defend_P","Defend_P","Eruption","Vigilance","EmptyFist","Adaptation","FlurryOfBlows","EmptyFist","Replay:LoomingThreat","JustLucky","Alpha","ReplayTheSpireMod:Splinters","FollowUp","infinitespire:Starlight+1","DevaForm+1","FlurryOfBlows","Spreading Infection","ReplayTheSpireMod:Splinters","BowlingBash+1","Voices","EmptyMind","FollowUp","Outmaneuver+1","MasterReality","Prostrate","infinitespire:Punishment","SandsOfTime+1","EmptyBody+1","Voices","FlyingSleeves+1","Devotion","Nirvana+1","PathToVictory"],"relics":["Torii","SacredBark","Snack Pack","Ring of Shattering","Replay:M_StaffOfTheSnake","Replay:M_SmolderingBlood","Burning Blood","Cursed Key","Toolbox","ReplayTheSpireMod:Ring of Addiction","Nloth\u0027s Gift","Mark of Pain","ReplayFunnel","FossilizedHelix","infinitespire:Chaos","Chameleon Ring","Toy Ornithopter","Dream Catcher","Pet Ghost","Ancient Tea Set","Old Coin","Ring of Chaos","Replay:Purple Gloves","Replay:Towering Pillar of Hats","infinitespire:EmpoweringShard","Lantern","Gremlin Food","HandDrill","MerchantsRug"],"acts_visited":["Exordium","TheCity","TheBeyond"],"potions_floor_usage":[5,12,12,16,16,22,22,24,24,27,31,33,33,36,36,36,37,40,40,42,42,42],"damage_taken":[{"damage":0,"enemies":"Jaw Worm","floor":1,"turns":3},{"damage":0,"enemies":"2 Louse","floor":2,"turns":2},{"damage":5,"enemies":"Cultist","floor":5,"turns":3},{"damage":18,"enemies":"Gremlin Nob","floor":6,"turns":4},{"damage":0,"enemies":"Large Slime","floor":8,"turns":3},{"damage":9,"enemies":"Looter","floor":10,"turns":4},{"damage":13,"enemies":"2 Fungi Beasts","floor":11,"turns":3},{"damage":13,"enemies":"Replay:BlueRogue","floor":12,"turns":4},{"damage":23,"enemies":"Hexaghost","floor":16,"turns":7},{"damage":14,"enemies":"3 Byrds","floor":18,"turns":4},{"damage":7,"enemies":"Shell Parasite","floor":22,"turns":4},{"damage":12,"enemies":"Gremlin Leader","floor":24,"turns":3},{"damage":68,"enemies":"Slavers","floor":27,"turns":7},{"damage":18,"enemies":"Snake Plant","floor":29,"turns":6},{"damage":3,"enemies":"Centurion and Healer","floor":30,"turns":6},{"damage":23,"enemies":"Nightmare","floor":31,"turns":5},{"damage":48,"enemies":"Collector","floor":33,"turns":5},{"damage":1,"enemies":"Orb Walker","floor":35,"turns":3},{"damage":51,"enemies":"infinitespire:Three Voidlings","floor":36,"turns":6},{"damage":76,"enemies":"Nightmare_Alpha","floor":36,"turns":10},{"damage":9,"enemies":"3 Shapes","floor":37,"turns":5},{"damage":9,"enemies":"3 Darklings","floor":39,"turns":4},{"damage":2,"enemies":"Giant Head","floor":40,"turns":7},{"damage":88,"enemies":"Nemesis","floor":42,"turns":6}],"seed_played":"-7639923839415262032","potions_obtained":[{"floor":2,"key":"SkillPotion"},{"floor":5,"key":"Strength Potion"},{"floor":10,"key":"StancePotion"},{"floor":11,"key":"StancePotion"},{"floor":13,"key":"SteroidPotion"},{"floor":18,"key":"SmokeBomb"},{"floor":19,"key":"FearPotion"},{"floor":19,"key":"Strength Potion"},{"floor":19,"key":"Doom Potion"},{"floor":21,"key":"Reflective Coating"},{"floor":21,"key":"Toxic Potion"},{"floor":22,"key":"LiquidBronze"},{"floor":27,"key":"Cursed Concoction"},{"floor":30,"key":"Adrenaline Potion"},{"floor":33,"key":"Weak Potion"},{"floor":35,"key":"BottledMiracle"},{"floor":36,"key":"BottledMiracle"},{"floor":40,"key":"ColorlessPotion"}],"is_trial":false,"path_per_floor":["M","M","?","?","M","E","?","M","T","M","M","E","?","?","R","B",null,"M","?","?","$","M","R","E","R","T","E","R","M","M","NM","R","B",null,"M","?","M","T","M","E","$","E"],"character_chosen":"WATCHER","items_purchased":["MerchantsRug","infinitespire:Chaos","Nirvana+1","Lantern","Gremlin Food","HandDrill","MerchantsRug","PathToVictory"],"campfire_rested":2,"item_purchase_floors":[21,21,41,41,41,41,41,41],"current_hp_per_floor":[72,72,54,54,49,41,41,41,41,32,19,6,6,6,42,19,72,68,68,68,68,72,72,72,72,72,29,50,63,72,68,68,61,70,70,24,45,45,63,70,70,0,0],"gold":219,"neow_bonus":"TWO_FIFTY_GOLD","is_daily":false,"chose_seed":false,"campfire_upgraded":3,"win_rate":0.0,"timestamp":1609268789,"path_taken":["M","M","?","?","M","E","?","M","T","?","M","E","?","?","R","BOSS","M","?","?","$","M","R","E","R","T","E","R","M","?","NM","R","BOSS","M","?","M","?","M","E","?","E"],"items_purchased_type":["Relic","Relic","Card","Relic","Relic","Relic","Relic","Card"],"build_version":"2020-12-22","purchased_purges":0,"victory":false,"max_hp_per_floor":[72,72,72,72,72,72,72,72,72,72,72,72,72,72,72,72,72,72,72,72,72,72,72,72,72,72,72,72,72,72,70,70,70,70,70,70,70,70,70,70,70,70,70],"card_choices":[{"not_picked":["Crescendo","Replay:BluntJabs"],"picked":"EmptyFist","floor":1},{"not_picked":["SignatureMove","Replay:AtTheReady"],"picked":"Adaptation","floor":2},{"not_picked":["Protect","WindmillStrike"],"picked":"FlurryOfBlows","floor":5},{"not_picked":["Crescendo","Sanctity"],"picked":"EmptyFist","floor":6},{"not_picked":["Replay:DivineShield","Indignation","ThirdEye"],"picked":"SKIP","floor":8},{"not_picked":["BowlingBash","Fasting2"],"picked":"Replay:LoomingThreat","floor":10},{"not_picked":["Nirvana","Replay:AtTheReady"],"picked":"JustLucky","floor":11},{"not_picked":["SashWhip","FlyingSleeves"],"picked":"Alpha","floor":12},{"not_picked":["Halt","DeceiveReality"],"picked":"FollowUp","floor":13},{"not_picked":["infinitespire:Collect","infinitespire:Fortify"],"picked":"infinitespire:Starlight","floor":14},{"not_picked":["Judgement","Ragnarok"],"picked":"DevaForm","floor":16},{"not_picked":["Halt+1","CutThroughFate+1"],"picked":"FlurryOfBlows","floor":18},{"not_picked":["Headbutt+1","Dagger Throw+1"],"picked":"BowlingBash+1","floor":22},{"not_picked":["Setup","WreathOfFlame","Brilliance"],"picked":"SKIP","floor":24},{"not_picked":["Wraith Form v2","Grand Finale"],"picked":"EmptyMind","floor":27},{"not_picked":["Acrobatics","Headbutt"],"picked":"FollowUp","floor":28},{"not_picked":["Acrobatics+1","CrushJoints"],"picked":"Outmaneuver","floor":29},{"not_picked":["Evaluate","Whirlwind","CrushJoints"],"picked":"SKIP","floor":30},{"not_picked":["Doppelganger","Feed","Acrobatics"],"picked":"SKIP","floor":31},{"not_picked":["Die Die Die","Doppelganger"],"picked":"MasterReality","floor":33},{"not_picked":["CrushJoints","Perseverance"],"picked":"Prostrate","floor":35},{"not_picked":["infinitespire:NeuralNetwork","ReplayTheSpireMod:Haul"],"picked":"infinitespire:Punishment","floor":36},{"not_picked":["Replay:AtTheReady","Sanctity+1"],"picked":"SandsOfTime+1","floor":36},{"not_picked":["ThirdEye+1","Ragnarok"],"picked":"EmptyBody+1","floor":37},{"not_picked":["Replay:AllIn","SashWhip+1"],"picked":"FlyingSleeves+1","floor":39},{"not_picked":["Judgement","ReachHeaven+1"],"picked":"Devotion","floor":40}],"player_experience":159728,"relics_obtained":[{"floor":6,"key":"MawBank"},{"floor":9,"key":"Regal Pillow"},{"floor":12,"key":"ReplayTheSpireMod:Lightbulb"},{"floor":13,"key":"Garlic"},{"floor":19,"key":"ReplayTheSpireMod:Ring of Addiction"},{"floor":19,"key":"SacredBark"},{"floor":19,"key":"Potion Belt"},{"floor":19,"key":"Ring of Fangs"},{"floor":21,"key":"Chameleon Ring"},{"floor":21,"key":"Toy Ornithopter"},{"floor":24,"key":"Dream Catcher"},{"floor":26,"key":"Pet Ghost"},{"floor":27,"key":"Ancient Tea Set"},{"floor":31,"key":"Old Coin"},{"floor":36,"key":"Replay:Purple Gloves"},{"floor":38,"key":"Replay:Towering Pillar of Hats"},{"floor":40,"key":"infinitespire:EmpoweringShard"}],"event_choices":[{"damage_healed":0,"gold_gain":0,"player_choice":"Take Damage","damage_taken":18,"relics_obtained":["Golden Idol"],"max_hp_gain":0,"max_hp_loss":0,"event_name":"Golden Idol","floor":3,"gold_loss":0},{"cards_removed":["Hallucinations"],"damage_healed":0,"gold_gain":0,"player_choice":"Purged","damage_taken":0,"max_hp_gain":0,"max_hp_loss":0,"event_name":"Purifier","floor":7,"gold_loss":0}],"is_beta":false,"boss_relics":[{"not_picked":["Runic Dome","Tiny House"],"picked":"Black Star"},{"not_picked":["Runic Pyramid","ChewingGum"],"picked":"Ring of Chaos"}],"items_purged_floors":[],"is_endless":true,"potions_floor_spawned":[2,5,10,11,18,22,27,30,33,35,36,40],"killed_by":"Nemesis","ascension_level":0}}