{"host":"a1eatafr7pisesky","time":1609241509,"event":{"mods":["BaseMod","Colored Map","DeckTracker","Highlight Path","Keyboard Shortcuts","Minty Spire (QoL Compilation)","Permanent Neow","Random Character Button","StSLib","SuperFastMode","everything is the same but u backflip on backflip"],"gold_per_floor":[119,131,142,162,172,172,172,172,172,201,220,248,248,258,258,359,359,372,372,392,317,242,242,273,287,287,83,83,114,114,129,129,231,231,246,246,264,280,280,280,312,312,312,312,331,204,229,242,242,242,242],"floor_reached":50,"playtime":1503,"items_purged":["Strike_R","Strike_R","Strike_R"],"score":972,"play_id":"0428ee5b-f037-4e69-ad08-8c6969fde8b2","local_time":"20201229203149","is_ascension_mode":true,"campfire_choices":[{"data":"Body Slam","floor":6.0,"key":"SMITH"},{"floor":8.0,"key":"REST"},{"floor":13.0,"key":"DIG"},{"floor":15.0,"key":"DIG"},{"floor":23.0,"key":"DIG"},{"floor":32.0,"key":"DIG"},{"floor":40.0,"key":"DIG"},{"floor":42.0,"key":"DIG"},{"floor":44.0,"key":"RECALL"},{"floor":49.0,"key":"DIG"}],"circlet_count":0,"master_deck":["AscendersBane","Strike_R+1","Defend_R","Defend_R","Defend_R","Bash","Iron Wave","Whirlwind","Entrench+1","Body Slam+1","Shrug It Off+1","Body Slam","Immolate","Double Tap","Corruption","Battle Trance"],"relics":["Burning Blood","Pocketwatch","Dead Branch","Shovel","Eternal Feather","Bag of Preparation","Nunchaku","Busted Crown","Magic Flower","The Courier","Vajra","Medical Kit","Ornamental Fan","Question Card","Bag of Marbles","Runic Cube","Letter Opener","Pen Nib","Juzu Bracelet","HornCleat","Centennial Puzzle"],"acts_visited":["Exordium","TheCity","TheBeyond"],"potions_floor_usage":[50,50],"damage_taken":[{"damage":6.0,"enemies":"Cultist","floor":1.0,"turns":3.0},{"damage":14.0,"enemies":"Jaw Worm","floor":2.0,"turns":3.0},{"damage":2.0,"enemies":"2 Louse","floor":3.0,"turns":3.0},{"damage":17.0,"enemies":"Gremlin Gang","floor":4.0,"turns":6.0},{"damage":20.0,"enemies":"3 Louse","floor":5.0,"turns":3.0},{"damage":27.0,"enemies":"Gremlin Nob","floor":10.0,"turns":4.0},{"damage":1.0,"enemies":"Looter","floor":11.0,"turns":3.0},{"damage":0.0,"enemies":"3 Sentries","floor":12.0,"turns":4.0},{"damage":9.0,"enemies":"Red Slaver","floor":14.0,"turns":2.0},{"damage":41.0,"enemies":"The Guardian","floor":16.0,"turns":14.0},{"damage":6.0,"enemies":"3 Byrds","floor":18.0,"turns":5.0},{"damage":27.0,"enemies":"Spheric Guardian","floor":20.0,"turns":5.0},{"damage":20.0,"enemies":"Gremlin Leader","floor":24.0,"turns":7.0},{"damage":16.0,"enemies":"Centurion and Healer","floor":25.0,"turns":3.0},{"damage":2.0,"enemies":"Slavers","floor":29.0,"turns":2.0},{"damage":4.0,"enemies":"Cultist and Chosen","floor":31.0,"turns":7.0},{"damage":8.0,"enemies":"Champ","floor":33.0,"turns":11.0},{"damage":7.0,"enemies":"3 Darklings","floor":35.0,"turns":3.0},{"damage":3.0,"enemies":"3 Shapes","floor":37.0,"turns":2.0},{"damage":9.0,"enemies":"3 Darklings","floor":38.0,"turns":3.0},{"damage":29.0,"enemies":"Giant Head","floor":41.0,"turns":6.0},{"damage":0.0,"enemies":"Jaw Worm Horde","floor":45.0,"turns":1.0},{"damage":18.0,"enemies":"Nemesis","floor":47.0,"turns":5.0},{"damage":19.0,"enemies":"Maw","floor":48.0,"turns":6.0},{"damage":73,"enemies":"Time Eater","floor":50,"turns":7}],"seed_played":"-2442928415810994949","potions_obtained":[{"floor":2.0,"key":"PowerPotion"},{"floor":3.0,"key":"PowerPotion"},{"floor":24.0,"key":"ElixirPotion"},{"floor":35.0,"key":"Weak Potion"},{"floor":45.0,"key":"DuplicationPotion"}],"is_trial":false,"path_per_floor":["M","M","M","M","M","R","?","R","T","E","M","E","R","M","R","B",null,"M","?","M","?","$","R","E","M","T","$","?","E","T","M","R","B",null,"M","?","M","M","?","R","E","R","T","R","M","$","E","M","R","B"],"character_chosen":"IRONCLAD","items_purchased":["Medical Kit","Battle Trance"],"campfire_rested":1,"item_purchase_floors":[27,46],"current_hp_per_floor":[72,64,68,57,43,43,29,50,50,29,34,40,49,46,55,20,59,59,59,38,38,38,47,36,29,29,29,29,36,36,41,50,51,67,69,69,72,72,72,72,52,61,61,70,72,72,63,53,62,0,0],"gold":242,"neow_bonus":"ONE_RARE_RELIC","is_daily":false,"chose_seed":false,"campfire_upgraded":1,"win_rate":0.0,"timestamp":1609241509,"path_taken":["M","M","?","M","M","R","?","R","T","E","M","E","R","M","R","BOSS","M","?","?","?","$","R","E","M","T","$","?","E","?","?","R","BOSS","M","?","M","M","?","R","E","R","T","R","M","$","E","M","R","BOSS"],"items_purchased_type":["Relic","Card"],"build_version":"2020-12-22","purchased_purges":3,"victory":false,"max_hp_per_floor":[72,72,72,72,72,72,72,72,72,72,72,72,72,72,72,72,72,72,72,72,72,72,72,72,72,72,72,72,72,72,72,72,72,72,72,72,72,72,72,72,72,72,72,72,72,72,72,72,72,72,72],"card_choices":[{"not_picked":["Perfected Strike","Anger"],"picked":"Iron Wave","floor":1.0},{"not_picked":["Clash","Body Slam"],"picked":"Whirlwind","floor":2.0},{"not_picked":["Limit Break","Thunderclap"],"picked":"Entrench","floor":3.0},{"not_picked":["Power Through","True Grit"],"picked":"Body Slam","floor":4.0},{"not_picked":["Headbutt","Wild Strike"],"picked":"Shrug It Off","floor":5.0},{"not_picked":["Havoc","Twin Strike"],"picked":"Body Slam","floor":10.0},{"not_picked":["Intimidate","Clash"],"picked":"Immolate","floor":11.0},{"not_picked":["Searing Blow","Cleave","Clothesline"],"picked":"SKIP","floor":12.0},{"not_picked":["Sword Boomerang","Perfected Strike","Wild Strike"],"picked":"SKIP","floor":14.0},{"not_picked":["Juggernaut","Bludgeon"],"picked":"Double Tap","floor":16.0},{"not_picked":["Searing Blow"],"picked":"SKIP","floor":18.0},{"not_picked":["True Grit+1"],"picked":"SKIP","floor":20.0},{"not_picked":["Body Slam"],"picked":"SKIP","floor":24.0},{"not_picked":["Clothesline"],"picked":"SKIP","floor":25.0},{"not_picked":["Sword Boomerang"],"picked":"SKIP","floor":29.0},{"not_picked":["Heavy Blade","True Grit"],"picked":"SKIP","floor":31.0},{"not_picked":["Reaper"],"picked":"Corruption","floor":33.0},{"not_picked":["Twin Strike","Seeing Red"],"picked":"SKIP","floor":35.0},{"not_picked":["Fire Breathing+1","Spot Weakness"],"picked":"SKIP","floor":37.0},{"not_picked":["Shockwave+1","Metallicize+1"],"picked":"SKIP","floor":38.0},{"not_picked":["Ghostly Armor+1","Hemokinesis"],"picked":"SKIP","floor":41.0},{"not_picked":["Perfected Strike","Havoc"],"picked":"SKIP","floor":45.0},{"not_picked":["Pommel Strike","Seeing Red+1"],"picked":"SKIP","floor":47.0},{"not_picked":["Pommel Strike+1","Cleave+1"],"picked":"SKIP","floor":48.0}],"player_experience":270819,"relics_obtained":[{"floor":9.0,"key":"Dead Branch"},{"floor":10.0,"key":"Shovel"},{"floor":12.0,"key":"Eternal Feather"},{"floor":13.0,"key":"Bag of Preparation"},{"floor":15.0,"key":"Nunchaku"},{"floor":23.0,"key":"Magic Flower"},{"floor":24.0,"key":"The Courier"},{"floor":26.0,"key":"Vajra"},{"floor":29.0,"key":"Ornamental Fan"},{"floor":30.0,"key":"Question Card"},{"floor":32.0,"key":"Bag of Marbles"},{"floor":40.0,"key":"Letter Opener"},{"floor":41.0,"key":"Pen Nib"},{"floor":42.0,"key":"Juzu Bracelet"},{"floor":47.0,"key":"HornCleat"},{"floor":49.0,"key":"Centennial Puzzle"}],"event_choices":[{"damage_healed":0.0,"max_hp_gain":0.0,"max_hp_loss":0.0,"gold_gain":0.0,"event_name":"Shining Light","player_choice":"Entered Light","floor":7.0,"gold_loss":0.0,"damage_taken":14.0,"cards_upgraded":["Shrug It Off","Strike_R"]},{"damage_healed":0.0,"max_hp_gain":0.0,"max_hp_loss":0.0,"gold_gain":0.0,"event_name":"Upgrade Shrine","player_choice":"Upgraded","floor":19.0,"gold_loss":0.0,"damage_taken":0.0,"cards_upgraded":["Entrench"]},{"cards_removed":["Strike_R"],"damage_healed":0.0,"max_hp_gain":0.0,"max_hp_loss":0.0,"gold_gain":0.0,"event_name":"Beggar","player_choice":"Gave Gold","floor":21.0,"gold_loss":75.0,"damage_taken":0.0},{"damage_healed":0.0,"max_hp_gain":0.0,"max_hp_loss":0.0,"gold_gain":0.0,"event_name":"Tomb of Lord Red Mask","player_choice":"Ignored","floor":36.0,"gold_loss":0.0,"damage_taken":0.0},{"cards_removed":["Defend_R"],"damage_healed":0.0,"max_hp_gain":0.0,"max_hp_loss":0.0,"gold_gain":0.0,"event_name":"Falling","player_choice":"Removed Skill","floor":39.0,"gold_loss":0.0,"damage_taken":0.0}],"is_beta":false,"boss_relics":[{"not_picked":["Calling Bell","Pandora\u0027s Box"],"picked":"Busted Crown"},{"not_picked":["Coffee Dripper","Snecko Eye"],"picked":"Runic Cube"}],"items_purged_floors":[22,27,46],"is_endless":false,"potions_floor_spawned":[2,3,10,11,14,24,25,35,45,48],"killed_by":"Time Eater","ascension_level":11}}