{"host":"09dggplywn8v9u5y","time":1609209288,"event":{"mods":["2.2 Compatiblity","AchievementEnabler","BaseMod","Better Altar","Better Match","Better Note","Better Sensory Stone","Better Skull","Better Third Choice","BetterRewards","Block Reminder","Colored Map","Colored Powertips","DeckTracker","Friendly Minions","Highlight Path","Jorbs\u0027s Wanderer Trilogy","Minty Spire (QoL Compilation)","Quick Restart","Random Character Button","Rare Cards Sparkle","Relic Sorter","Relic Stats","Shop Mod","StSLib","The Bug Knight","The Cursed","The Disciple","The Necromancer","The Runesmith","The Servant 0.9.4","Unceasing Turn Reminder"],"gold_per_floor":[119,119,129,56,67,67,67,67,67,77,55,75,95,112,112,215,215,234,246,256,301,42,55,55,55,55,65,65,75,75,0,0,102,102,112,112,6,20,20,20,33,33,33,44,44,44],"floor_reached":45,"playtime":3117,"items_purged":["Survivor","Strike_G"],"score":409,"play_id":"1b247d9f-0d36-4600-9c3b-075007e0a192","local_time":"20201228233448","is_ascension_mode":false,"campfire_choices":[{"data":"Bane","floor":6,"key":"SMITH"},{"data":"Defend_G","floor":8,"key":"SMITH"},{"floor":15,"key":"REST"},{"floor":24,"key":"REST"},{"data":"Poisoned Stab","floor":28,"key":"SMITH"},{"floor":30,"key":"REST"},{"floor":32,"key":"REST"},{"data":"Envenom","floor":40,"key":"SMITH"}],"circlet_count":0,"master_deck":["Strike_G","Strike_G","Strike_G+1","Strike_G","Defend_G+1","Defend_G+1","Defend_G+1","Defend_G","Defend_G","Neutralize+1","Bane+1","Deflect+1","Deadly Poison+1","Escape Plan+1","Phantasmal Killer+1","Poisoned Stab+1","Backstab","Bouncing Flask+1","Deadly Poison+1","Burst+1","CurseOfTheBell","Deadly Poison+1","Transmutation+1","Bandage Up+1","Envenom+1","Madness+1","Madness+1","Madness+1"],"relics":["Ring of the Snake","NeowsBlessing","Toxic Egg 2","InkBottle","Philosopher\u0027s Stone","Centennial Puzzle","Membership Card","MerchantsRug","War Paint","Calling Bell","Potion Belt","Meat on the Bone","CaptainsWheel","HollowMod:StagPassRelic"],"acts_visited":["Exordium","TheCity","TheBeyond"],"potions_floor_usage":[16,33,33,33,41],"damage_taken":[{"damage":0,"enemies":"Cultist","floor":1,"turns":1},{"damage":0,"enemies":"2 Louse","floor":3,"turns":1},{"damage":0,"enemies":"Jaw Worm","floor":5,"turns":1},{"damage":4,"enemies":"Exordium Wildlife","floor":10,"turns":3},{"damage":5,"enemies":"Gremlin Gang","floor":12,"turns":2},{"damage":2,"enemies":"Red Slaver","floor":13,"turns":2},{"damage":0,"enemies":"Blue Slaver","floor":14,"turns":2},{"damage":9,"enemies":"Hexaghost","floor":16,"turns":9},{"damage":16,"enemies":"2 Thieves","floor":18,"turns":3},{"damage":5,"enemies":"Shell Parasite","floor":19,"turns":4},{"damage":6,"enemies":"Snake Plant","floor":20,"turns":3},{"damage":17,"enemies":"Centurion and Healer","floor":23,"turns":6},{"damage":29,"enemies":"Sentry and Sphere","floor":27,"turns":6},{"damage":8,"enemies":"Snecko","floor":29,"turns":4},{"damage":68,"enemies":"Automaton","floor":33,"turns":9},{"damage":2,"enemies":"Orb Walker","floor":35,"turns":3},{"damage":15,"enemies":"3 Darklings","floor":38,"turns":5},{"damage":10,"enemies":"Writhing Mass","floor":41,"turns":4},{"damage":60,"enemies":"Maw","floor":44,"turns":6},{"damage":13,"enemies":"4 Shapes","floor":45,"turns":1}],"seed_played":"-2495542503598741224","potions_obtained":[{"floor":10,"key":"AttackPotion"},{"floor":13,"key":"Weak Potion"},{"floor":14,"key":"Fruit Juice"},{"floor":16,"key":"Poison Potion"},{"floor":20,"key":"Fire Potion"},{"floor":29,"key":"LiquidBronze"},{"floor":33,"key":"FearPotion"},{"floor":38,"key":"Fruit Juice"}],"is_trial":false,"path_per_floor":["M","T","M","$","M","R","?","R","T","M","$","M","M","M","R","B",null,"M","M","M","T","$","M","R","?","T","M","R","M","R","$","R","B",null,"M","?","$","M","?","R","M","?","T","M","M"],"character_chosen":"THE_SILENT","items_purchased":["Crippling Poison+1","Deflect+1","Membership Card","Backstab","MerchantsRug","Poison Potion","Envenom","Madness+1"],"campfire_rested":4,"item_purchase_floors":[4,11,22,22,22,31,37,37],"current_hp_per_floor":[70,70,70,70,70,70,56,56,56,52,52,47,45,45,66,62,75,59,54,48,48,48,31,53,75,75,46,46,38,60,60,75,7,75,73,73,73,64,64,64,65,55,55,13,0,0],"gold":44,"neow_bonus":"THREE_ENEMY_KILL","is_daily":false,"chose_seed":false,"campfire_upgraded":4,"win_rate":0.0,"timestamp":1609209288,"path_taken":["M","?","M","$","M","R","?","R","T","M","?","M","M","?","R","BOSS","M","M","?","?","$","M","R","?","T","M","R","M","R","$","R","BOSS","M","?","$","M","?","R","?","?","T","M","M"],"items_purchased_type":["Card","Card","Relic","Card","Relic","Potion","Card","Card"],"build_version":"2020-12-22","purchased_purges":2,"victory":false,"max_hp_per_floor":[70,70,70,70,70,70,70,70,70,70,70,70,70,70,70,75,75,75,75,75,75,75,75,75,75,75,75,75,75,75,75,75,75,75,75,75,75,75,75,75,80,80,80,80,80,80],"relic_stats":{"Centennial Puzzle":[27],"counters":[20,75],"War Paint":["Defend_G","Defend_G"],"obtain_stats":[{"Potion Belt":34,"MerchantsRug":22,"NeowsBlessing":0,"War Paint":26,"HollowMod:StagPassRelic":43,"Calling Bell":34,"Centennial Puzzle":21,"CaptainsWheel":34,"Philosopher\u0027s Stone":17,"Membership Card":22,"Toxic Egg 2":2,"InkBottle":9,"Ring of the Snake":0,"Meat on the Bone":34},{"Potion Belt":15,"MerchantsRug":11,"NeowsBlessing":0,"War Paint":12,"HollowMod:StagPassRelic":18,"Calling Bell":15,"Centennial Puzzle":11,"CaptainsWheel":15,"Philosopher\u0027s Stone":8,"Membership Card":11,"Toxic Egg 2":1,"InkBottle":3,"Ring of the Snake":0,"Meat on the Bone":15},{"Potion Belt":56,"MerchantsRug":31,"NeowsBlessing":0,"War Paint":37,"HollowMod:StagPassRelic":68,"Calling Bell":56,"Centennial Puzzle":31,"CaptainsWheel":56,"Philosopher\u0027s Stone":21,"Membership Card":31,"Toxic Egg 2":1,"InkBottle":3,"Ring of the Snake":0,"Meat on the Bone":56}],"InkBottle":[35],"Ring of the Snake":[40],"Meat on the Bone":12},"card_choices":[{"not_picked":["Flying Knee","Caltrops"],"picked":"Bane","floor":1},{"not_picked":["Dagger Throw","Choke","Heel Hook"],"picked":"SKIP","floor":3},{"not_picked":["Leg Sweep+1","Eviscerate","Tactician+1"],"picked":"SKIP","floor":5},{"not_picked":["Footwork","Leg Sweep+1","A Thousand Cuts"],"picked":"SKIP","floor":10},{"not_picked":["PiercingWail+1","Backflip+1"],"picked":"Deadly Poison+1","floor":12},{"not_picked":["Slice","Well Laid Plans","Sucker Punch"],"picked":"SKIP","floor":13},{"not_picked":["Flying Knee","Blade Dance+1"],"picked":"Escape Plan+1","floor":14},{"not_picked":["Doppelganger+1","Die Die Die"],"picked":"Phantasmal Killer+1","floor":16},{"not_picked":["Dodge and Roll+1","Sucker Punch","Well Laid Plans"],"picked":"SKIP","floor":18},{"not_picked":["Footwork","Backflip+1","Blur+1"],"picked":"SKIP","floor":19},{"not_picked":["Skewer","Acrobatics+1"],"picked":"Poisoned Stab","floor":20},{"not_picked":["Leg Sweep+1","Finisher+1","All Out Attack"],"picked":"SKIP","floor":23},{"not_picked":["Poisoned Stab","Bane"],"picked":"Bouncing Flask+1","floor":27},{"not_picked":["Sucker Punch","Expertise+1"],"picked":"Deadly Poison+1","floor":29},{"not_picked":["Tools of the Trade","Night Terror+1"],"picked":"Burst+1","floor":33},{"not_picked":["Footwork+1","Masterful Stab"],"picked":"Deadly Poison+1","floor":35},{"not_picked":["Trip+1","Bandage Up+1"],"picked":"Transmutation+1","floor":36},{"not_picked":["PanicButton+1","Forethought+1"],"picked":"Bandage Up+1","floor":36},{"not_picked":["Outmaneuver+1","Masterful Stab+1","Backflip+1"],"picked":"SKIP","floor":38},{"not_picked":["Flying Knee+1","Well Laid Plans+1","Prepared+1"],"picked":"SKIP","floor":41},{"not_picked":["Backflip+1","Dodge and Roll+1","Footwork+1"],"picked":"SKIP","floor":44}],"player_experience":10722,"relics_obtained":[{"floor":2,"key":"Toxic Egg 2"},{"floor":9,"key":"InkBottle"},{"floor":21,"key":"Centennial Puzzle"},{"floor":26,"key":"War Paint"},{"floor":34,"key":"Potion Belt"},{"floor":34,"key":"Meat on the Bone"},{"floor":34,"key":"CaptainsWheel"},{"floor":43,"key":"HollowMod:StagPassRelic"}],"event_choices":[{"damage_healed":70,"gold_gain":0,"player_choice":"Upgrade","damage_taken":14,"max_hp_gain":0,"max_hp_loss":70,"event_name":"betterThird:BetterShining","floor":7,"gold_loss":0,"cards_upgraded":["Neutralize","Strike_G"]},{"cards_removed":["Crippling Poison"],"damage_healed":22,"gold_gain":0,"player_choice":"Offered Uncommon","damage_taken":0,"max_hp_gain":0,"max_hp_loss":0,"event_name":"Bonfire Elementals","floor":25,"gold_loss":0},{"damage_healed":0,"gold_gain":3,"player_choice":"1","damage_taken":0,"max_hp_gain":0,"max_hp_loss":0,"event_name":"betterStone:BetterStone","floor":36,"gold_loss":0},{"cards_removed":["Deadly Poison"],"damage_healed":0,"gold_gain":0,"player_choice":"Give","damage_taken":0,"max_hp_gain":0,"max_hp_loss":0,"event_name":"betterNote:BetterNote","floor":39,"gold_loss":0,"cards_obtained":["Night Terror"]},{"damage_healed":0,"gold_gain":0,"player_choice":"Embrace Madness","damage_taken":10,"max_hp_gain":0,"max_hp_loss":0,"event_name":"Winding Halls","floor":42,"gold_loss":0,"cards_obtained":["Madness","Madness"]}],"is_beta":false,"boss_relics":[{"not_picked":["Astrolabe","HoveringKite"],"picked":"Philosopher\u0027s Stone"},{"not_picked":["Fusion Hammer","Empty Cage"],"picked":"Calling Bell"}],"items_purged_floors":[22,31],"is_endless":false,"potions_floor_spawned":[10,13,14,16,18,19,20,29,33,38],"killed_by":"4 Shapes","ascension_level":0}}