{"host":"4sgoj70bvr8ov3jh","time":1609204337,"event":{"mods":["2.2 Compatiblity","AchievementEnabler","BaseMod","Chen","GifTheSpireLib","Hero for Fun","Marisa????????","Minty Spire (QoL Compilation)","Permanent Neow","Remilia_Scarlet Moed?????·?????3.3.5","StSLib","The Alterego","The Servant 0.9.4"],"gold_per_floor":[117,128,128,46,62,62,82,82,82,0,0,0,15,25,25,25,25],"floor_reached":16,"playtime":673,"items_purged":[],"score":92,"play_id":"67bc39c8-1ed5-45b3-b67b-679f8fac1d2c","local_time":"20201228171217","is_ascension_mode":false,"campfire_choices":[{"floor":8,"key":"REST"},{"floor":12,"key":"REST"},{"floor":15,"key":"REST"}],"circlet_count":0,"master_deck":["Chen:Strike","Chen:Strike","Chen:Strike","Chen:Strike","Chen:Defend","Chen:Defend","Chen:Defend","Chen:Defend","Chen:PounceTurnTail","Chen:GlitterPoke","Chen:Panic","Chen:TauntHiss+1","Chen:MisdirectSwipe","Chen:Adaptability","Forethought","Chen:UnstableBoundary+1","Chen:Sweep","Finesse","Chen:RecklessLeap","Chen:BlueOniRedOni"],"relics":["Chen:Catnip","Pear","Kunai"],"acts_visited":["Exordium"],"potions_floor_usage":[5,16,16],"damage_taken":[{"damage":10,"enemies":"Jaw Worm","floor":1,"turns":4},{"damage":5,"enemies":"Small Slimes","floor":2,"turns":3},{"damage":5,"enemies":"Cultist","floor":5,"turns":4},{"damage":43,"enemies":"Large Slime","floor":7,"turns":12},{"damage":10,"enemies":"2 Fungi Beasts","floor":13,"turns":6},{"damage":5,"enemies":"Blue Slaver","floor":14,"turns":4},{"damage":93,"enemies":"Slime Boss","floor":16,"turns":16}],"seed_played":"4784901029785349500","potions_obtained":[{"floor":1,"key":"Regen Potion"},{"floor":7,"key":"SpeedPotion"},{"floor":13,"key":"FairyPotion"},{"floor":14,"key":"Block Potion"}],"is_trial":false,"path_per_floor":["M","M","?","$","M","?","M","R","T","$","?","R","M","M","R","B"],"character_chosen":"CHEN","items_purchased":["Forethought","Finesse"],"campfire_rested":3,"item_purchase_floors":[4,10],"current_hp_per_floor":[60,55,55,55,59,66,23,47,47,47,31,55,45,40,64,7,7],"gold":25,"neow_bonus":"THREE_CARDS","is_daily":false,"chose_seed":false,"campfire_upgraded":0,"win_rate":0.0,"timestamp":1609204337,"path_taken":["M","M","?","$","M","?","M","R","T","?","?","R","M","M","R","BOSS"],"items_purchased_type":["Card","Card"],"build_version":"2020-12-22","purchased_purges":0,"victory":false,"max_hp_per_floor":[70,70,70,70,70,80,80,80,80,80,80,80,80,80,80,80,80],"card_choices":[{"not_picked":["Chen:Mixup","Chen:SelfControl"],"picked":"Chen:Panic","floor":0},{"not_picked":["Chen:BlueOniRedOni","Chen:EmergencyEscape"],"picked":"Chen:TauntHiss","floor":1},{"not_picked":["Chen:SelfControl","Chen:PentagramFlight"],"picked":"Chen:MisdirectSwipe","floor":2},{"not_picked":["Chen:PentagramFlight","Chen:CatPunch"],"picked":"Chen:UnstableBoundary","floor":5},{"not_picked":["Chen:PhoenixWings","Chen:UpperHand"],"picked":"Chen:Sweep","floor":7},{"not_picked":["Chen:Spray","Chen:ResistTemptation"],"picked":"Chen:RecklessLeap","floor":13},{"not_picked":["Chen:Spray","Chen:Adaptability"],"picked":"Chen:BlueOniRedOni","floor":14}],"player_experience":173153,"relics_obtained":[{"floor":9,"key":"Kunai"}],"event_choices":[{"damage_healed":0,"gold_gain":0,"cards_transformed":["Chen:Strike"],"player_choice":"Change","damage_taken":0,"max_hp_gain":0,"max_hp_loss":0,"event_name":"Living Wall","floor":3,"gold_loss":0,"cards_obtained":["Chen:Adaptability"]},{"damage_healed":0,"gold_gain":0,"player_choice":"Success","damage_taken":3,"relics_obtained":["Pear"],"max_hp_gain":0,"max_hp_loss":0,"event_name":"Scrap Ooze","floor":6,"gold_loss":0},{"damage_healed":0,"gold_gain":0,"player_choice":"Entered Light","damage_taken":16,"max_hp_gain":0,"max_hp_loss":0,"event_name":"Shining Light","floor":11,"gold_loss":0,"cards_upgraded":["Chen:TauntHiss","Chen:UnstableBoundary"]}],"is_beta":false,"boss_relics":[],"items_purged_floors":[],"is_endless":false,"potions_floor_spawned":[1,7,13,14],"killed_by":"Slime Boss","ascension_level":0}}