{"host":"pbf6u3tyx46snqc7","time":1609275628,"event":{"mods":["AchievementEnabler","BaseMod","Colored Map","Minty Spire (QoL Compilation)","Rare Cards Sparkle","SuperFastMode"],"gold_per_floor":[119,138,5,80,80,105,116,141,141,141,141,170,170,189,189,263,263,279,554,554,554],"floor_reached":20,"playtime":654,"items_purged":[],"score":410,"play_id":"0b0b7dd2-6c0e-4c19-baba-a4e0c59b3ccb","local_time":"20201230060028","is_ascension_mode":true,"campfire_choices":[{"floor":10.0,"key":"REST"},{"floor":13.0,"key":"REST"},{"floor":15.0,"key":"REST"}],"circlet_count":0,"master_deck":["AscendersBane","Strike_B","Defend_B","Defend_B","Defend_B","Defend_B","Zap","Dualcast","Hello World","FTL","Leap","Regret","Cold Snap","Sweeping Beam","Barrage","Skim","Reinforced Body","Coolheaded","Rebound","Echo Form","Genetic Algorithm+1","Genetic Algorithm+1","Sunder+1","Steam Power","Regret"],"relics":["Cracked Core","NeowsBlessing","Dream Catcher","Regal Pillow","Strawberry","Cables","Orichalcum","Astrolabe"],"acts_visited":["Exordium","TheCity"],"potions_floor_usage":[],"damage_taken":[{"damage":0.0,"enemies":"2 Louse","floor":1.0,"turns":1.0},{"damage":0.0,"enemies":"Small Slimes","floor":2.0,"turns":1.0},{"damage":0.0,"enemies":"Lagavulin","floor":6.0,"turns":1.0},{"damage":6.0,"enemies":"Jaw Worm","floor":7.0,"turns":3.0},{"damage":8.0,"enemies":"Gremlin Nob","floor":12.0,"turns":3.0},{"damage":3.0,"enemies":"Large Slime","floor":14.0,"turns":4.0},{"damage":46.0,"enemies":"The Guardian","floor":16.0,"turns":15.0},{"damage":21,"enemies":"3 Byrds","floor":18,"turns":7},{"damage":0,"enemies":"Shell Parasite","floor":20,"turns":1}],"seed_played":"-1341140985147530108","potions_obtained":[{"floor":7.0,"key":"AttackPotion"},{"floor":14.0,"key":"SteroidPotion"},{"floor":16.0,"key":"FearPotion"},{"floor":18,"key":"LiquidBronze"}],"is_trial":false,"path_per_floor":["M","M","$","?","?","E","M","T","T","R","?","E","R","M","R","B",null,"M","?","M"],"character_chosen":"DEFECT","items_purchased":["Fruit Juice","Leap"],"campfire_rested":3,"item_purchase_floors":[3,3],"current_hp_per_floor":[64,64,64,53,53,53,52,59,59,83,83,75,83,80,83,37,72,51,51,51,51],"gold":554,"neow_bonus":"THREE_ENEMY_KILL","is_daily":false,"chose_seed":false,"campfire_upgraded":0,"win_rate":0.0,"timestamp":1609275628,"path_taken":["M","M","$","?","?","E","M","?","T","R","?","E","R","M","R","BOSS","M","?","M"],"items_purchased_type":["Potion","Card"],"build_version":"2020-12-22","purchased_purges":0,"victory":false,"max_hp_per_floor":[71,71,71,71,71,71,76,83,83,83,83,83,83,83,83,83,83,83,83,83,83],"card_choices":[{"not_picked":["Sweeping Beam","Force Field"],"picked":"Hello World","floor":1.0},{"not_picked":["White Noise","Undo"],"picked":"FTL","floor":2.0},{"not_picked":["Streamline","FTL"],"picked":"Cold Snap","floor":6.0},{"not_picked":["Cold Snap","Barrage"],"picked":"Sweeping Beam","floor":7.0},{"not_picked":["Redo","Leap"],"picked":"Barrage","floor":10.0},{"not_picked":["Leap","Meteor Strike"],"picked":"Skim","floor":12.0},{"not_picked":["Storm","Redo"],"picked":"Reinforced Body","floor":13.0},{"not_picked":["Undo","Barrage"],"picked":"Coolheaded","floor":14.0},{"not_picked":["Rip and Tear","Streamline"],"picked":"Rebound","floor":15.0},{"not_picked":["All For One","Meteor Strike"],"picked":"Echo Form","floor":16.0},{"not_picked":["Steam","Undo"],"picked":"Steam Power","floor":18}],"player_experience":366351,"relics_obtained":[{"floor":6.0,"key":"Regal Pillow"},{"floor":8.0,"key":"Strawberry"},{"floor":9.0,"key":"Cables"},{"floor":12.0,"key":"Orichalcum"}],"event_choices":[{"damage_healed":0.0,"max_hp_gain":0.0,"max_hp_loss":0.0,"gold_gain":75.0,"event_name":"World of Goop","player_choice":"Gather Gold","floor":4.0,"gold_loss":0.0,"damage_taken":11.0},{"damage_healed":0.0,"max_hp_gain":0.0,"max_hp_loss":0.0,"gold_gain":0.0,"event_name":"Big Fish","player_choice":"Box","floor":5.0,"gold_loss":0.0,"damage_taken":0.0,"relics_obtained":["Dream Catcher"],"cards_obtained":["Regret"]},{"damage_healed":0.0,"max_hp_gain":0.0,"max_hp_loss":0.0,"gold_gain":0.0,"event_name":"Golden Wing","player_choice":"Ignored","floor":11.0,"gold_loss":0.0,"damage_taken":0.0},{"damage_healed":0,"gold_gain":275,"player_choice":"Desecrate","damage_taken":0,"max_hp_gain":0,"max_hp_loss":0,"event_name":"Golden Shrine","floor":19,"gold_loss":0,"cards_obtained":["Regret"]}],"is_beta":false,"boss_relics":[{"not_picked":["SlaversCollar","Inserter"],"picked":"Astrolabe"}],"items_purged_floors":[],"is_endless":false,"potions_floor_spawned":[7,14,16,18],"killed_by":"Shell Parasite","ascension_level":20}}