{"host":"sc0o2qwpf9j16a4i","time":1609258465,"event":{"mods":["AchievementEnabler","BaseMod","BetterRewards","Block Reminder","Colored Map","Colored Powertips","Custom Start","Highlight Path","Minty Spire (QoL Compilation)","Relic Stats"],"gold_per_floor":[118,134,145,16,16,49,113,139,139,139,150,0,25,25,25,103,103,113,113,130,130,141,141,12,12,12,112,137,147,176,207,207,282,282,296,296,0,12,26,26,53,53,78,78,95,95,95,135,135,135,135,135,135,7,49,49,49],"floor_reached":56,"playtime":2576,"items_purged":["Strike_R","Pain","Strike_R+1"],"score":2158,"play_id":"a891486f-e980-4f3d-b3e6-e76954802228","local_time":"20201229181425","is_ascension_mode":true,"campfire_choices":[{"floor":10.0,"key":"REST"},{"floor":15.0,"key":"REST"},{"data":"Disarm","floor":23.0,"key":"SMITH"},{"data":"True Grit","floor":25.0,"key":"SMITH"},{"data":"Feel No Pain","floor":32.0,"key":"SMITH"},{"data":"Feed","floor":40.0,"key":"SMITH"},{"data":"Spot Weakness","floor":42.0,"key":"SMITH"},{"floor":44,"key":"RECALL"},{"data":"Fiend Fire","floor":49,"key":"SMITH"},{"data":"Feel No Pain","floor":53,"key":"SMITH"}],"circlet_count":0,"master_deck":["AscendersBane","Strike_R+1","Strike_R+1","Defend_R+1","Defend_R+1","Defend_R+1","Defend_R+1","Bash","Disarm+1","Headbutt","Uppercut+1","Reaper","Reaper","Thunderclap","Dropkick","Feel No Pain+1","Burning Pact","Exhume","Havoc","Ghostly Armor","True Grit+1","Shockwave+1","Spot Weakness+1","Entrench","Fiend Fire+1","Entrench+1","Feed+1","Blood for Blood+1","Headbutt+1","Sever Soul","Feel No Pain+1","Shrug It Off+1","Juggernaut"],"relics":["Mark of Pain","WingedGreaves","Bottled Lightning","Bag of Marbles","Sundial","Pen Nib","Coffee Dripper","WarpedTongs","Shuriken","FossilizedHelix","StrikeDummy","Bottled Tornado","Matryoshka","Oddly Smooth Stone","Snecko Eye","Medical Kit","Toxic Egg 2","Anchor","CeramicFish","Happy Flower"],"acts_visited":["Exordium","TheCity","TheBeyond","TheEnding"],"potions_floor_usage":[51,56],"damage_taken":[{"damage":2.0,"enemies":"Cultist","floor":1.0,"turns":4.0},{"damage":0.0,"enemies":"Small Slimes","floor":2.0,"turns":2.0},{"damage":0.0,"enemies":"2 Louse","floor":3.0,"turns":3.0},{"damage":21.0,"enemies":"Gremlin Nob","floor":6.0,"turns":4.0},{"damage":32.0,"enemies":"Gremlin Nob","floor":7.0,"turns":4.0},{"damage":43.0,"enemies":"3 Sentries","floor":8.0,"turns":13.0},{"damage":7.0,"enemies":"Exordium Wildlife","floor":11.0,"turns":4.0},{"damage":26.0,"enemies":"Lagavulin","floor":13.0,"turns":5.0},{"damage":33.0,"enemies":"The Guardian","floor":16.0,"turns":13.0},{"damage":22.0,"enemies":"Spheric Guardian","floor":18.0,"turns":5.0},{"damage":18.0,"enemies":"3 Byrds","floor":20.0,"turns":8.0},{"damage":0.0,"enemies":"Snake Plant","floor":22.0,"turns":5.0},{"damage":18.0,"enemies":"Colosseum Slavers","floor":27.0,"turns":7.0},{"damage":9.0,"enemies":"Colosseum Nobs","floor":27.0,"turns":7.0},{"damage":0.0,"enemies":"Gremlin Leader","floor":28.0,"turns":7.0},{"damage":0.0,"enemies":"Cultist and Chosen","floor":29.0,"turns":6.0},{"damage":0.0,"enemies":"Slavers","floor":30.0,"turns":5.0},{"damage":15.0,"enemies":"Book of Stabbing","floor":31.0,"turns":6.0},{"damage":48.0,"enemies":"Collector","floor":33.0,"turns":9.0},{"damage":14.0,"enemies":"3 Darklings","floor":35.0,"turns":6.0},{"damage":7.0,"enemies":"3 Shapes","floor":38.0,"turns":4.0},{"damage":5.0,"enemies":"Sphere and 2 Shapes","floor":39.0,"turns":8.0},{"damage":83.0,"enemies":"Reptomancer","floor":41.0,"turns":9.0},{"damage":0,"enemies":"Transient","floor":45,"turns":6},{"damage":0,"enemies":"Nemesis","floor":48,"turns":7},{"damage":28,"enemies":"Donu and Deca","floor":50,"turns":11},{"damage":81,"enemies":"Awakened One","floor":51,"turns":10},{"damage":33,"enemies":"Shield and Spear","floor":55,"turns":8},{"damage":116,"enemies":"The Heart","floor":56,"turns":8}],"seed_played":"332333630509160129","potions_obtained":[{"floor":3.0,"key":"EssenceOfSteel"},{"floor":7.0,"key":"BloodPotion"},{"floor":8.0,"key":"Fruit Juice"},{"floor":11.0,"key":"Regen Potion"},{"floor":16.0,"key":"LiquidMemories"},{"floor":22.0,"key":"DistilledChaos"},{"floor":28.0,"key":"SpeedPotion"},{"floor":31.0,"key":"LiquidMemories"},{"floor":33.0,"key":"SteroidPotion"},{"floor":45,"key":"CultistPotion"}],"is_trial":false,"path_per_floor":["M","M","M","$","?","E","?","E","T","R","M","$","E","?","R","B",null,"M","?","M","?","M","R","$","R","T","?","E","M","E","E","R","B",null,"M","?","$","M","M","R","E","R","T","R","M","?","?","E","R","B","B",null,"R","$","E","B"],"character_chosen":"IRONCLAD","items_purchased":["Reaper","FearPotion","Feel No Pain","True Grit","Medical Kit","Shrug It Off+1","LiquidBronze"],"campfire_rested":2,"item_purchase_floors":[4,4,12,24,37,54,54],"current_hp_per_floor":[66,66,66,66,66,51,25,21,21,43,57,57,57,50,79,64,76,65,65,65,65,71,71,71,71,71,72,80,80,80,78,78,40,70,69,69,69,80,88,88,34,34,34,34,91,91,91,98,98,89,84,101,101,101,88,0,0],"gold":49,"neow_bonus":"BOSS_RELIC","is_daily":false,"chose_seed":false,"campfire_upgraded":7,"win_rate":0.0,"timestamp":1609258465,"path_taken":["M","M","?","?","?","E","?","E","T","R","?","$","E","?","R","BOSS","M","?","M","?","?","R","$","R","T","?","E","M","E","E","R","BOSS","M","?","$","?","M","R","E","R","T","R","M","?","?","E","R","BOSS","BOSS","R","$","E","BOSS"],"items_purchased_type":["Card","Potion","Card","Card","Relic","Card","Potion"],"build_version":"2020-12-22","purchased_purges":3,"victory":false,"max_hp_per_floor":[75,75,75,75,75,75,75,75,75,75,75,75,75,75,80,80,80,80,80,80,80,80,80,80,80,80,80,80,80,80,80,80,80,80,83,83,83,87,90,90,94,94,94,94,94,94,94,98,98,102,106,106,106,106,110,110,110],"relic_stats":{"Happy Flower":[2],"counters":[29,194],"Sundial":[24],"Shuriken":[43],"CeramicFish":27,"Snecko Eye":[142,120,132,144],"Pen Nib":[31],"Medical Kit":[33],"obtain_stats":[{"Happy Flower":55,"CeramicFish":48,"Oddly Smooth Stone":31,"Pen Nib":13,"Bottled Tornado":28,"Medical Kit":37,"Burning Blood":0,"WarpedTongs":21,"Anchor":43,"Matryoshka":30,"Sundial":9,"Shuriken":26,"Snecko Eye":34,"Mark of Pain":0,"WingedGreaves":6,"Bag of Marbles":8,"Coffee Dripper":17,"Bottled Lightning":7,"Toxic Egg 2":41,"StrikeDummy":27,"FossilizedHelix":27},{"Happy Flower":28,"CeramicFish":25,"Oddly Smooth Stone":18,"Pen Nib":8,"Bottled Tornado":15,"Medical Kit":20,"Burning Blood":0,"WarpedTongs":11,"Anchor":23,"Matryoshka":17,"Sundial":6,"Shuriken":12,"Snecko Eye":19,"Mark of Pain":0,"WingedGreaves":4,"Bag of Marbles":6,"Coffee Dripper":9,"Bottled Lightning":5,"Toxic Egg 2":23,"StrikeDummy":14,"FossilizedHelix":14},{"Happy Flower":186,"CeramicFish":157,"Oddly Smooth Stone":108,"Pen Nib":39,"Bottled Tornado":91,"Medical Kit":123,"Burning Blood":0,"WarpedTongs":65,"Anchor":144,"Matryoshka":102,"Sundial":30,"Shuriken":70,"Snecko Eye":117,"Mark of Pain":0,"WingedGreaves":13,"Bag of Marbles":30,"Coffee Dripper":52,"Bottled Lightning":17,"Toxic Egg 2":144,"StrikeDummy":84,"FossilizedHelix":84}],"WarpedTongs":[119]},"card_choices":[{"not_picked":["Heavy Blade","Clothesline"],"picked":"Disarm","floor":1.0},{"not_picked":["Heavy Blade","Perfected Strike"],"picked":"Headbutt","floor":2.0},{"not_picked":["Havoc","Rage"],"picked":"Uppercut","floor":3.0},{"not_picked":["Wild Strike","Perfected Strike","Heavy Blade"],"picked":"SKIP","floor":6.0},{"not_picked":["Headbutt","Havoc"],"picked":"Reaper","floor":7.0},{"not_picked":["Pommel Strike","Double Tap"],"picked":"Thunderclap","floor":8.0},{"not_picked":["Clash","Anger"],"picked":"Dropkick","floor":11.0},{"not_picked":["Searing Blow","Perfected Strike"],"picked":"Burning Pact","floor":13.0},{"not_picked":["Fiend Fire","Brutality"],"picked":"Exhume","floor":16.0},{"not_picked":["Clash","Thunderclap"],"picked":"Havoc","floor":18.0},{"not_picked":["Headbutt","Sword Boomerang"],"picked":"Ghostly Armor","floor":20.0},{"not_picked":["Rampage","Pommel Strike","Cleave"],"picked":"SKIP","floor":22.0},{"not_picked":["Iron Wave","True Grit"],"picked":"Shockwave+1","floor":27.0},{"not_picked":["Thunderclap","Rage+1"],"picked":"Spot Weakness","floor":28.0},{"not_picked":["Havoc","Sword Boomerang"],"picked":"Entrench","floor":29.0},{"not_picked":["Intimidate","Iron Wave"],"picked":"Fiend Fire","floor":30.0},{"not_picked":["Carnage","Ghostly Armor"],"picked":"Entrench+1","floor":31.0},{"not_picked":["Fiend Fire","Barricade"],"picked":"Feed","floor":33.0},{"not_picked":["Flex","Seeing Red"],"picked":"Blood for Blood+1","floor":35.0},{"not_picked":["Wild Strike+1","Headbutt","Twin Strike"],"picked":"SKIP","floor":38.0},{"not_picked":["Carnage","Cleave"],"picked":"Headbutt+1","floor":39.0},{"not_picked":["Carnage","Pommel Strike"],"picked":"Evolve","floor":41.0},{"not_picked":["Anger","Havoc+1"],"picked":"Sever Soul","floor":45},{"not_picked":["Twin Strike","Clothesline"],"picked":"Feel No Pain","floor":48},{"not_picked":["Whirlwind","Perfected Strike"],"picked":"Juggernaut","floor":55}],"player_experience":397174,"relics_obtained":[{"floor":6.0,"key":"WingedGreaves"},{"floor":7.0,"key":"Bottled Lightning"},{"floor":8.0,"key":"Bag of Marbles"},{"floor":9.0,"key":"Sundial"},{"floor":13.0,"key":"Pen Nib"},{"floor":26.0,"key":"Shuriken"},{"floor":27.0,"key":"FossilizedHelix"},{"floor":27.0,"key":"StrikeDummy"},{"floor":28.0,"key":"Bottled Tornado"},{"floor":30.0,"key":"Matryoshka"},{"floor":31.0,"key":"Oddly Smooth Stone"},{"floor":41.0,"key":"Toxic Egg 2"},{"floor":43,"key":"Anchor"},{"floor":48,"key":"CeramicFish"},{"floor":55,"key":"Happy Flower"}],"event_choices":[{"damage_healed":0.0,"max_hp_gain":0.0,"max_hp_loss":0.0,"gold_gain":0.0,"event_name":"Living Wall","player_choice":"Grow","floor":5.0,"gold_loss":0.0,"damage_taken":0.0,"cards_upgraded":["Uppercut"]},{"damage_healed":0.0,"max_hp_gain":0.0,"max_hp_loss":0.0,"gold_gain":0.0,"event_name":"Dead Adventurer","player_choice":"Searched \u00271\u0027 times","floor":7.0,"gold_loss":0.0,"damage_taken":0.0},{"cards_removed":["Strike_R"],"damage_healed":0.0,"max_hp_gain":0.0,"max_hp_loss":0.0,"gold_gain":0.0,"event_name":"Golden Wing","player_choice":"Card Removal","floor":14.0,"gold_loss":0.0,"damage_taken":7.0},{"damage_healed":0.0,"max_hp_gain":0.0,"max_hp_loss":0.0,"gold_gain":0.0,"event_name":"Back to Basics","player_choice":"Simplicity","floor":19.0,"gold_loss":0.0,"damage_taken":0.0,"cards_upgraded":["Strike_R","Strike_R","Strike_R","Defend_R","Defend_R","Defend_R","Defend_R"]},{"damage_healed":0.0,"max_hp_gain":0.0,"max_hp_loss":0.0,"gold_gain":0.0,"event_name":"Accursed Blacksmith","player_choice":"Rummage","floor":21.0,"gold_loss":0.0,"damage_taken":0.0,"relics_obtained":["WarpedTongs"],"cards_obtained":["Pain"]},{"damage_healed":0.0,"max_hp_gain":0.0,"max_hp_loss":0.0,"gold_gain":0.0,"event_name":"Colosseum","player_choice":"Fight","floor":27.0,"gold_loss":0.0,"damage_taken":0.0},{"damage_healed":0.0,"max_hp_gain":0.0,"max_hp_loss":0.0,"gold_gain":0.0,"event_name":"Colosseum","player_choice":"Fought Nobs","floor":27.0,"gold_loss":0.0,"damage_taken":0.0},{"damage_healed":0.0,"max_hp_gain":0.0,"max_hp_loss":0.0,"gold_gain":0.0,"event_name":"SecretPortal","player_choice":"Ignored","floor":36.0,"gold_loss":0.0,"damage_taken":0.0},{"cards_removed":["Evolve"],"damage_healed":0,"gold_gain":0,"player_choice":"Removed Power","damage_taken":0,"max_hp_gain":0,"max_hp_loss":0,"event_name":"Falling","floor":46,"gold_loss":0},{"damage_healed":0,"gold_gain":0,"player_choice":"Got Potions","damage_taken":0,"max_hp_gain":0,"max_hp_loss":0,"event_name":"Lab","floor":47,"gold_loss":0}],"is_beta":false,"boss_relics":[{"not_picked":["Sozu","Velvet Choker"],"picked":"Coffee Dripper"},{"not_picked":["Astrolabe","Cursed Key"],"picked":"Snecko Eye"}],"items_purged_floors":[12,24,37],"is_endless":false,"potions_floor_spawned":[3,7,8,11,16,22,27,28,31,33,39,45,48],"killed_by":"The Heart","ascension_level":20}}