{"host":"2no1vwhhkhf0ohz3","time":1609256730,"event":{"mods":["AchievementEnabler","BaseMod","Colored Map","DeckTracker","Keyboard Shortcuts","Minty Spire (QoL Compilation)","Relic Stats","SuperFastMode"],"gold_per_floor":[115,131,131,148,148,158,192,192,217,270,270,270,270,345,355,355,458,458,475,390,489,489,505,505,505,505],"floor_reached":25,"playtime":482,"items_purged":[],"score":259,"play_id":"2f3d2b56-b113-47e0-a288-3f15d45ea352","local_time":"20201230004530","is_ascension_mode":true,"campfire_choices":[{"floor":11.0,"key":"REST"},{"floor":13.0,"key":"REST"},{"data":"Cloak And Dagger","floor":16.0,"key":"SMITH"},{"floor":24,"key":"REST"}],"circlet_count":0,"master_deck":["Strike_G","Strike_G","Strike_G","Strike_G","Defend_G","Defend_G","Defend_G","Defend_G","Defend_G","Survivor","Neutralize","A Thousand Cuts+1","Blade Dance","Crippling Poison","Reflex","Backflip","Cloak And Dagger+1","Backflip","Phantasmal Killer","Dodge and Roll"],"relics":["Ring of the Snake","Frozen Egg 2","Boot","Odd Mushroom","Omamori","Calling Bell","Regal Pillow","HornCleat","Pocketwatch","FossilizedHelix"],"acts_visited":["Exordium","TheCity"],"potions_floor_usage":[25],"damage_taken":[{"damage":0.0,"enemies":"Cultist","floor":1.0,"turns":4.0},{"damage":0.0,"enemies":"Small Slimes","floor":2.0,"turns":3.0},{"damage":1.0,"enemies":"Jaw Worm","floor":4.0,"turns":3.0},{"damage":10.0,"enemies":"2 Fungi Beasts","floor":6.0,"turns":3.0},{"damage":33.0,"enemies":"Gremlin Nob","floor":7.0,"turns":5.0},{"damage":13.0,"enemies":"The Mushroom Lair","floor":9.0,"turns":3.0},{"damage":6.0,"enemies":"3 Louse","floor":15.0,"turns":3.0},{"damage":24.0,"enemies":"Hexaghost","floor":17.0,"turns":11.0},{"damage":16,"enemies":"3 Byrds","floor":19,"turns":6},{"damage":16,"enemies":"Spheric Guardian","floor":23,"turns":5},{"damage":79,"enemies":"Book of Stabbing","floor":25,"turns":6}],"seed_played":"4937809065580931062","potions_obtained":[{"floor":1.0,"key":"GamblersBrew"},{"floor":6.0,"key":"DistilledChaos"},{"floor":7.0,"key":"DuplicationPotion"},{"floor":17,"key":"Swift Potion"},{"floor":23,"key":"AttackPotion"}],"is_trial":false,"path_per_floor":["M","M","?","M","M","M","E","?","?","T","R","?","R","?","M","R","B",null,"M","?","?","?","M","R","E"],"character_chosen":"THE_SILENT","items_purchased":[],"campfire_rested":3,"item_purchase_floors":[],"current_hp_per_floor":[63,63,45,44,44,34,1,24,11,11,32,32,53,42,36,36,12,56,40,40,40,40,24,60,0,0],"gold":505,"neow_bonus":"TRANSFORM_CARD","is_daily":false,"chose_seed":false,"campfire_upgraded":1,"win_rate":0.0,"timestamp":1609256730,"path_taken":["M","?","?","M","M","M","E","?","?","T","R","?","R","?","M","R","BOSS","BOSS","M","?","?","?","?","R","E"],"items_purchased_type":[],"build_version":"2020-12-22","purchased_purges":0,"victory":false,"max_hp_per_floor":[70,70,70,70,70,70,70,70,70,70,70,70,70,70,70,70,70,70,70,70,70,70,70,70,70,70],"relic_stats":{"Regal Pillow":15,"counters":[11,52],"Boot":[75],"obtain_stats":[{"Calling Bell":18,"Regal Pillow":18,"HornCleat":18,"Omamori":10,"Frozen Egg 2":3,"Odd Mushroom":9,"Boot":7,"FossilizedHelix":20,"Ring of the Snake":0,"Pocketwatch":18},{"Calling Bell":8,"Regal Pillow":8,"HornCleat":8,"Omamori":6,"Frozen Egg 2":2,"Odd Mushroom":6,"Boot":5,"FossilizedHelix":9,"Ring of the Snake":0,"Pocketwatch":8},{"Calling Bell":35,"Regal Pillow":35,"HornCleat":35,"Omamori":21,"Frozen Egg 2":7,"Odd Mushroom":21,"Boot":18,"FossilizedHelix":41,"Ring of the Snake":0,"Pocketwatch":35}],"Ring of the Snake":[22],"Pocketwatch":[15]},"card_choices":[{"not_picked":["Heel Hook","Dash"],"picked":"Blade Dance","floor":1.0},{"not_picked":["Heel Hook","Slice"],"picked":"Crippling Poison","floor":2.0},{"not_picked":["Leg Sweep","Calculated Gamble"],"picked":"Reflex","floor":4.0},{"not_picked":["Bane","All Out Attack"],"picked":"Backflip","floor":6.0},{"not_picked":["Crippling Poison","Endless Agony"],"picked":"Cloak And Dagger","floor":7.0},{"not_picked":["Slice","Eviscerate"],"picked":"Backflip","floor":15.0},{"not_picked":["Adrenaline","Tools of the Trade+1"],"picked":"Phantasmal Killer","floor":17},{"not_picked":["Prepared","Dash","Catalyst"],"picked":"SKIP","floor":19},{"not_picked":["Dash","Eviscerate"],"picked":"Dodge and Roll","floor":23}],"player_experience":262440,"relics_obtained":[{"floor":7.0,"key":"Boot"},{"floor":9.0,"key":"Odd Mushroom"},{"floor":10.0,"key":"Omamori"},{"floor":18,"key":"Regal Pillow"},{"floor":18,"key":"HornCleat"},{"floor":18,"key":"Pocketwatch"}],"event_choices":[{"damage_healed":0.0,"max_hp_gain":0.0,"max_hp_loss":0.0,"gold_gain":0.0,"event_name":"Scrap Ooze","player_choice":"Success","floor":3.0,"gold_loss":0.0,"damage_taken":18.0,"relics_obtained":["Frozen Egg 2"]},{"damage_healed":23.0,"max_hp_gain":0.0,"max_hp_loss":0.0,"gold_gain":0.0,"event_name":"Big Fish","player_choice":"Banana","floor":8.0,"gold_loss":0.0,"damage_taken":0.0},{"damage_healed":0.0,"max_hp_gain":0.0,"max_hp_loss":0.0,"gold_gain":0.0,"event_name":"Mushrooms","player_choice":"Fought Mushrooms","floor":9.0,"gold_loss":0.0,"damage_taken":0.0},{"damage_healed":0.0,"max_hp_gain":0.0,"max_hp_loss":0.0,"gold_gain":0.0,"event_name":"Living Wall","player_choice":"Grow","floor":12.0,"gold_loss":0.0,"damage_taken":0.0,"cards_upgraded":["A Thousand Cuts"]},{"damage_healed":0.0,"max_hp_gain":0.0,"max_hp_loss":0.0,"gold_gain":75.0,"event_name":"World of Goop","player_choice":"Gather Gold","floor":14.0,"gold_loss":0.0,"damage_taken":11.0},{"damage_healed":0,"gold_gain":0,"player_choice":"Obtained Relic","damage_taken":0,"relics_obtained":["FossilizedHelix"],"max_hp_gain":0,"max_hp_loss":0,"event_name":"Addict","floor":20,"gold_loss":85},{"damage_healed":0,"gold_gain":99,"player_choice":"Stole From Cult","damage_taken":0,"max_hp_gain":0,"max_hp_loss":0,"event_name":"Nest","floor":21,"gold_loss":0},{"damage_healed":0,"gold_gain":0,"player_choice":"Ignored","damage_taken":0,"max_hp_gain":0,"max_hp_loss":0,"event_name":"Vampires","floor":22,"gold_loss":0}],"is_beta":false,"boss_relics":[{"not_picked":["Ectoplasm","Black Star"],"picked":"Calling Bell"}],"items_purged_floors":[],"is_endless":false,"potions_floor_spawned":[1,6,7,17,23],"killed_by":"Book of Stabbing","ascension_level":6}}