{"host":"gdt3r9fmwl0zcuhi","time":1609281342,"event":{"mods":["Aspiration","BaseMod","Better Altar","Better Match","Better Note","Better Third Choice","Better Vampires","BetterRewards","Card Forge","ChefMod","Clockwork Mod","Conspire","Downfall","Energized Spire","Gremlin Mod","GungeonMod","Hermit","Highlight Path","Hubris","Jedi Mod","Mimic Mod","Minty Spire (QoL Compilation)","Permanent Neow","Potionbrewer","Relic Sorter","Replay The Spire","Shedinja","Shop Mod","Spicy Shops","Spikes Relics","Spire Birthday Party","StSLib","Thieving Mod","Unceasing Turn Reminder","everything is the same but u backflip on backflip","slay the spire mod where everything is the same but ironclad has a cowboy hat","themimic","vexMod"],"gold_per_floor":[99,117,135,135,135,147,182,207,132,132,29,46,46,58,75,176,176,176,190,190,201,111,125,175,187,219,264,289,316,328,340,364,473,485,422,452,518,15,32,7,7,20,46,46,62,81,99,127,52,52],"floor_reached":51,"playtime":52523,"items_purged":["ReplayTheSpireMod:Doomed","hexamod:Haunted"],"score":908,"play_id":"ff8d0c69-03b8-4d90-8b37-2e1005ec4a1e","local_time":"20201229173542","is_ascension_mode":false,"campfire_choices":[{"data":"Slimebound:Defend_Slimebound","floor":1.0,"key":"PURGE"},{"data":"Panacea","floor":10.0,"key":"SMITH"},{"data":"Slimebound:OozeBath","floor":13.0,"key":"SMITH"},{"floor":18.0,"key":"DIG"},{"data":"Slimebound:DouseInSlime","floor":25.0,"key":"SMITH"},{"floor":30.0,"key":"RECALL"},{"data":"Guardian:Aged","floor":35.0,"key":"PURGE"},{"data":"Slimebound:LeechEnergy","floor":49.0,"key":"SMITH"}],"circlet_count":0,"master_deck":["Slimebound:Strike_Slimebound","Slimebound:Tackle","Slimebound:Defend_Slimebound","Slimebound:Defend_Slimebound","Slimebound:Split","Slimebound:CorrosiveSpit","Panacea+1","Slimebound:SplitLeeching","Slimebound:Schlurp","Looming Evil","Backstab","Endless Agony","Sneak Up","Slimebound:SplitAcid","Slimebound:RejuvenatingLick","Slimebound:SlimeTap+1","Slimebound:OozeBath+1","Slimebound:ItLooksTasty","Slimebound:Schlurp","Slimebound:ProtectTheBoss","Slimebound:DouseInSlime+1","Slimebound:Equalize+1","Pot Of Greed+1","Slimebound:SplitLeeching","Slimebound:Equalize","Slimebound:LeechEnergy","Slimebound:ItLooksTasty+1","Slimebound:MassFeed","Slimebound:LeechEnergy+1","Slimebound:WasteNot","Slimebound:SlimeBarrage+1","Amnesia","Slimebound:LevelUp+1","Crow Ritual+1","Slimebound:GoopTackle","Slimebound:Replication+1","Slimebound:Recycling","jedi:BattleThirst","Slimebound:MegaLick+1","Slimebound:LivingWall","Slimebound:ComboTackle"],"relics":["Slimebound:AbsorbEndCombat","jedi:matchstick","hubris:Stopwatch","Hammer of Thor","Seething Fire","Anvil of the Gods","Ring of Peace","ReplayTheSpireMod:Ring of Collecting","Ring of Misfortune","Akabeko","Bottled Lightning","hubris:MedicalManual","Philosopher\u0027s Stone","Singing Bowl","Ring of Greed","DemoMod:OrangeGuonStone","Smiling Mask","InkBottle","downfall:HeartBlessingRed","MerchantsRug","ClockworkSouvenir","aspiration:Nostalgia","Guardian:ModeShifter","aspiration:FetidBarrel","Ring of Fury","Strawberry","vexMod:InvisibilityCloak","downfall:HeartBlessingGreen"],"acts_visited":["Exordium","TheCity","TheBeyond"],"potions_floor_usage":[],"damage_taken":[{"damage":10.0,"enemies":"Jaw Worm","floor":2.0,"turns":4.0},{"damage":8.0,"enemies":"Small Slimes","floor":3.0,"turns":4.0},{"damage":4.0,"enemies":"2 Louse","floor":6.0,"turns":3.0},{"damage":6.0,"enemies":"2 Fungi Beasts","floor":7.0,"turns":5.0},{"damage":19.0,"enemies":"3 Sentries","floor":8.0,"turns":6.0},{"damage":0.0,"enemies":"downfall:FleeingMerchant","floor":11.0,"turns":4.0},{"damage":1.0,"enemies":"2 Fungi Beasts","floor":12.0,"turns":4.0},{"damage":0.0,"enemies":"Red Slaver","floor":14.0,"turns":2.0},{"damage":1.0,"enemies":"3 Louse","floor":15.0,"turns":3.0},{"damage":46.0,"enemies":"downfall:Silent","floor":16.0,"turns":8.0},{"damage":16.0,"enemies":"3 Byrds","floor":19.0,"turns":4.0},{"damage":17.0,"enemies":"Shell Parasite","floor":21.0,"turns":4.0},{"damage":11.0,"enemies":"downfall:FleeingMerchant","floor":22.0,"turns":4.0},{"damage":16.0,"enemies":"Centurion and Healer","floor":23.0,"turns":5.0},{"damage":5.0,"enemies":"Snecko","floor":26.0,"turns":3.0},{"damage":8.0,"enemies":"Slavers","floor":27.0,"turns":4.0},{"damage":12.0,"enemies":"3 Cultists","floor":28.0,"turns":5.0},{"damage":21.0,"enemies":"Cultist and Chosen","floor":29.0,"turns":5.0},{"damage":18.0,"enemies":"Shelled Parasite and Fungi","floor":32.0,"turns":4.0},{"damage":55.0,"enemies":"downfall:Watcher","floor":33.0,"turns":6.0},{"damage":28.0,"enemies":"3 Darklings","floor":36.0,"turns":5.0},{"damage":10.0,"enemies":"2 Orb Walkers","floor":37.0,"turns":5.0},{"damage":15.0,"enemies":"downfall:FleeingMerchant","floor":38.0,"turns":5.0},{"damage":0.0,"enemies":"Orb Walker","floor":39.0,"turns":2.0},{"damage":1.0,"enemies":"3 Darklings","floor":42.0,"turns":3.0},{"damage":2.0,"enemies":"Reptomancer","floor":43.0,"turns":5.0},{"damage":20.0,"enemies":"Writhing Mass","floor":45.0,"turns":4.0},{"damage":9.0,"enemies":"Sphere and 2 Shapes","floor":46.0,"turns":3.0},{"damage":0.0,"enemies":"3 Darklings","floor":47.0,"turns":3.0},{"damage":30.0,"enemies":"Giant Head","floor":48.0,"turns":7.0},{"damage":12,"enemies":"downfall:Ironclad","floor":50,"turns":6}],"seed_played":"4303323629341315308","potions_obtained":[{"floor":8.0,"key":"Weak Potion"},{"floor":12.0,"key":"LiquidMemories"},{"floor":23.0,"key":"potionbrewer:NoxiousPotion"},{"floor":26.0,"key":"BlessingOfTheForge"},{"floor":36.0,"key":"potionbrewer:EndurancePotion"},{"floor":37.0,"key":"AttackPotion"},{"floor":39.0,"key":"DemoMod:LeadSkinPotion"},{"floor":45.0,"key":"BlessingOfTheForge"},{"floor":48.0,"key":"LiquidMemories"}],"is_trial":false,"path_per_floor":["R","M","M","?","?","M","MIM","E","?","R","$","M","R","M","M","B",null,"R","M","?","M","$","M","T","R","M","E","M","M","R","?","M","B",null,"R","M","?","$","M","?","T","M","E","?","M","M","M","E","R","B",null],"character_chosen":"SLIMEBOUND","items_purchased":["hubris:MedicalManual","Slimebound:Equalize","MerchantsRug","ClockworkSouvenir","aspiration:Nostalgia","Crow Ritual","aspiration:FetidBarrel","Slimebound:GoopTackle"],"campfire_rested":0,"item_purchase_floors":[11,22,38,38,38,38,38,38],"current_hp_per_floor":[60,51,47,47,47,51,60,57,57,57,60,60,60,60,60,52,60,60,58,58,56,62,62,62,62,64,64,56,48,48,48,63,58,73,73,57,74,78,83,83,83,84,92,92,92,85,92,83,83,95],"gold":52,"neow_bonus":"RANDOM_COLORLESS","is_daily":false,"chose_seed":false,"campfire_upgraded":4,"win_rate":0.0,"timestamp":1609281342,"path_taken":["R","M","M","?","?","M","MIM","E","?","R","$","M","R","M","M","BOSS","R","M","?","M","$","?","T","R","M","E","?","M","R","?","M","BOSS","R","M","?","$","M","?","T","M","E","?","?","M","M","E","R","BOSS"],"items_purchased_type":["Relic","Card","Relic","Relic","Relic","Card","Relic","Card"],"build_version":"2020-12-22","purchased_purges":2,"victory":true,"max_hp_per_floor":[60,60,60,60,60,60,60,60,60,60,60,60,60,60,60,60,60,60,60,60,60,62,62,62,62,64,64,64,64,64,64,69,73,73,73,73,76,78,83,83,83,85,92,92,92,92,92,95,95,95],"card_choices":[{"not_picked":["Dramatic Entrance","Mind Blast"],"picked":"Panacea","floor":0.0},{"not_picked":["Slimebound:ForwardTackle","Slimebound:FinishingTackle"],"picked":"Slimebound:SplitLeeching","floor":2.0},{"not_picked":["Slimebound:ViciousTackle","Slimebound:LeechingTouch"],"picked":"Slimebound:Schlurp","floor":3.0},{"not_picked":["Slimebound:FirmFortitude","Slimebound:RollThrough"],"picked":"Slimebound:SplitAcid","floor":6.0},{"not_picked":["Slimebound:Dissolve","Slimebound:BestDefense"],"picked":"Slimebound:RejuvenatingLick","floor":8.0},{"not_picked":["Slimebound:Grow+1","Slimebound:DisruptingSlam+1"],"picked":"Slimebound:SlimeTap+1","floor":9.0},{"not_picked":["Slimebound:SlimeBarrage","Slimebound:SplitBruiser"],"picked":"Slimebound:OozeBath","floor":11.0},{"not_picked":["Slimebound:GoopSpray","Slimebound:RollThrough"],"picked":"Slimebound:ItLooksTasty","floor":12.0},{"not_picked":["Slimebound:LeechingTouch","Slimebound:FinishingTackle"],"picked":"Slimebound:Schlurp","floor":14.0},{"not_picked":["Slimebound:Prepare","Slimebound:Chomp"],"picked":"Slimebound:ProtectTheBoss","floor":15.0},{"not_picked":["Slimebound:SelfFormingGoo","Slimebound:MinionMaster"],"picked":"Slimebound:DouseInSlime","floor":16.0},{"not_picked":["Slimebound:SplitMire","Slimebound:ViciousTackle+1"],"picked":"Slimebound:Equalize+1","floor":19.0},{"not_picked":["Slimebound:LeadByExample+1","Slimebound:ComboTackle"],"picked":"Slimebound:SplitLeeching","floor":21.0},{"not_picked":["Slimebound:GrowthPunch","Slimebound:BestDefense","Slimebound:SplitMire+1"],"picked":"Singing Bowl","floor":22.0},{"not_picked":["Slimebound:ProtectTheBoss","Slimebound:Dissolve"],"picked":"Slimebound:LeechEnergy","floor":23.0},{"not_picked":["Slimebound:GoopSpray","Slimebound:Replication","Slimebound:Gluttony+1"],"picked":"Singing Bowl","floor":26.0},{"not_picked":["Slimebound:FlameTackle","Slimebound:DisruptingSlam"],"picked":"Slimebound:ItLooksTasty+1","floor":27.0},{"not_picked":["Slimebound:RainOfGoop+1","Slimebound:SlimeBarrage"],"picked":"Slimebound:MassFeed","floor":28.0},{"not_picked":["Slimebound:GrowthPunch","Slimebound:SplitAcid"],"picked":"Slimebound:LeechEnergy","floor":29.0},{"not_picked":["Slimebound:SplitLeeching","Slimebound:GrowthPunch","Slimebound:FlameTackle"],"picked":"Singing Bowl","floor":32.0},{"not_picked":["Slimebound:DouseInSlime","Slimebound:SlimeSlap"],"picked":"Slimebound:WasteNot","floor":33.0},{"not_picked":["Slimebound:SlimeTap+1","Slimebound:LeechEnergy+1"],"picked":"Slimebound:SlimeBarrage+1","floor":36.0},{"not_picked":["Slimebound:FinishingTackle","Slimebound:SplitLeeching"],"picked":"Slimebound:LevelUp+1","floor":37.0},{"not_picked":["Slimebound:SlimeSpikes","Slimebound:LeechLife","Slimebound:SamplingLick"],"picked":"Singing Bowl","floor":38.0},{"not_picked":["Slimebound:Dissolve","Slimebound:SplitLeeching+1","Slimebound:SplitAcid"],"picked":"Singing Bowl","floor":39.0},{"not_picked":["Slimebound:FirmFortitude+1","Slimebound:LeechingTouch+1","Slimebound:RollThrough+1"],"picked":"Singing Bowl","floor":42.0},{"not_picked":["Slimebound:ViciousTackle+1","Slimebound:LeechEnergy"],"picked":"Slimebound:Replication+1","floor":43.0},{"not_picked":["Slimebound:Equalize+1","Slimebound:Recollect"],"picked":"Slimebound:Recycling","floor":45.0},{"not_picked":["Slimebound:SamplingLick+1","Slimebound:ForwardTackle+1"],"picked":"Slimebound:MegaLick+1","floor":46.0},{"not_picked":["Slimebound:SplitLeeching","Slimebound:SplitBruiser+1"],"picked":"Slimebound:LivingWall","floor":47.0},{"not_picked":["Slimebound:FinishingTackle","Slimebound:RainOfGoop+1"],"picked":"Slimebound:ComboTackle","floor":48.0}],"player_experience":5537787,"relics_obtained":[{"floor":4.0,"key":"Ring of Peace"},{"floor":4.0,"key":"ReplayTheSpireMod:Ring of Collecting"},{"floor":7.0,"key":"Ring of Misfortune"},{"floor":7.0,"key":"Akabeko"},{"floor":8.0,"key":"Bottled Lightning"},{"floor":18.0,"key":"Singing Bowl"},{"floor":24.0,"key":"Ring of Greed"},{"floor":24.0,"key":"DemoMod:OrangeGuonStone"},{"floor":24.0,"key":"MawBank"},{"floor":24.0,"key":"Smiling Mask"},{"floor":27.0,"key":"InkBottle"},{"floor":37.0,"key":"jedi:matchstick"},{"floor":41.0,"key":"Ring of Fury"},{"floor":43.0,"key":"Strawberry"},{"floor":48.0,"key":"vexMod:InvisibilityCloak"}],"event_choices":[{"damage_healed":0.0,"max_hp_gain":0.0,"max_hp_loss":0.0,"gold_gain":0.0,"event_name":"betterMatch:BetterMatch","player_choice":"2","floor":9.0,"gold_loss":0.0,"damage_taken":0.0,"cards_obtained":["betterMatch:UncommonCard"]},{"cards_removed":["Slimebound:OozeBath"],"damage_healed":0.0,"max_hp_gain":0.0,"max_hp_loss":0.0,"gold_gain":0.0,"event_name":"betterNote:BetterNote","player_choice":"Take \u0026 Give","floor":20.0,"gold_loss":0.0,"damage_taken":0.0,"cards_obtained":["Pot Of Greed"]},{"damage_healed":0.0,"max_hp_gain":0.0,"max_hp_loss":0.0,"gold_gain":0.0,"event_name":"Mysterious Sphere","player_choice":"Fight","floor":37.0,"gold_loss":0.0,"damage_taken":0.0},{"damage_healed":0.0,"max_hp_gain":0.0,"max_hp_loss":0.0,"gold_gain":0.0,"event_name":"Upgrade Shrine","player_choice":"Upgraded","floor":44.0,"gold_loss":0.0,"damage_taken":0.0,"cards_upgraded":["Crow Ritual"]}],"is_beta":false,"boss_relics":[{"not_picked":["Snecko Eye","Replay:Ancient Bell"],"picked":"Philosopher\u0027s Stone"},{"not_picked":["Velvet Choker","conspire:SeveredTorchhead"],"picked":"hubris:Stopwatch"}],"items_purged_floors":[38,38],"is_endless":false,"potions_floor_spawned":[8,12,15,23,26,27,28,29,36,37,39,45,48],"ascension_level":0}}