{"host":"eocn4tduyrehyy81","time":1609206134,"event":{"mods":["AchievementEnabler","Aspiration","BaseMod","BetterRewards","Custom Start","Minty Spire (QoL Compilation)","Replay The Spire","StSLib"],"gold_per_floor":[110,59,59,59,77,77,97,140,193,211,13,32,32,45,45,164,164,188,2,2,25,39,39,39,39],"floor_reached":24,"playtime":2948,"items_purged":[],"score":298,"play_id":"e5c77e99-ba2e-4463-b965-7bcd1a37b97e","local_time":"20201228194214","is_ascension_mode":false,"campfire_choices":[{"data":"Noxious Fumes","floor":6,"key":"SMITH"},{"floor":13,"key":"REST"},{"floor":15,"key":"REST"},{"floor":23,"key":"REST"}],"circlet_count":0,"master_deck":["Strike_G","Strike_G","Strike_G","Strike_G","Strike_G","Defend_G","Defend_G","Defend_G","Defend_G","Defend_G","Survivor","Neutralize","Sneak Up","Slice","Injury","Outmaneuver","Dagger Throw","After Image","Blade Dance","Underhanded Strike","Underhanded Strike+1","After Image+1","Masterful Stab+1","Toxin Wave","Toxin Wave","Bane+1","Poisoned Stab+1"],"relics":["Ring of the Snake","ReplayTheSpireMod:Ninjato","Toolbox","Golden Idol","Replay:Towering Pillar of Hats","Kunai","ReplayTheSpireMod:TigerMarble","Nunchaku","Astrolabe","Happy Flower"],"acts_visited":["Exordium","TheCity"],"potions_floor_usage":[16,16,16,22],"damage_taken":[{"damage":8,"enemies":"Jaw Worm","floor":1,"turns":7},{"damage":0,"enemies":"Cultist","floor":5,"turns":3},{"damage":1,"enemies":"2 Louse","floor":7,"turns":4},{"damage":37,"enemies":"Gremlin Nob","floor":8,"turns":6},{"damage":6,"enemies":"Blue Slaver","floor":10,"turns":5},{"damage":0,"enemies":"3 Louse","floor":12,"turns":3},{"damage":0,"enemies":"2 Fungi Beasts","floor":14,"turns":2},{"damage":10,"enemies":"The Guardian","floor":16,"turns":7},{"damage":3,"enemies":"Chosen","floor":18,"turns":6},{"damage":0,"enemies":"2 Thieves","floor":21,"turns":3},{"damage":27,"enemies":"Shelled Parasite and Fungi","floor":22,"turns":5},{"damage":27,"enemies":"Gremlin Leader","floor":24,"turns":5}],"seed_played":"-1245244602622697872","potions_obtained":[{"floor":8,"key":"Poison Potion"},{"floor":14,"key":"AttackPotion"},{"floor":16,"key":"Poison Potion"},{"floor":18,"key":"BlessingOfTheForge"},{"floor":22,"key":"AttackPotion"}],"is_trial":false,"path_per_floor":["M","$","?","T","M","R","M","E","T","M","$","M","R","M","R","B",null,"M","$","$","M","M","R","E"],"character_chosen":"THE_SILENT","items_purchased":["ReplayTheSpireMod:Ninjato","Toolbox","Slice","Nunchaku","Poison Potion","Toxin Wave","Happy Flower"],"campfire_rested":3,"item_purchase_floors":[0,0,2,11,11,19,19],"current_hp_per_floor":[62,62,62,62,62,62,61,24,24,18,18,18,39,39,60,50,70,67,67,67,67,40,61,34,34],"gold":39,"neow_bonus":"","is_daily":false,"chose_seed":false,"campfire_upgraded":1,"win_rate":0.0,"timestamp":1609206134,"path_taken":["M","$","?","?","M","R","M","E","T","?","?","M","R","M","R","BOSS","M","?","$","M","M","R","E"],"items_purchased_type":["Relic","Relic","Card","Relic","Potion","Card","Relic"],"build_version":"2020-12-22","purchased_purges":0,"victory":false,"max_hp_per_floor":[70,70,70,70,70,70,70,70,70,70,70,70,70,70,70,70,70,70,70,70,70,70,70,70,70],"card_choices":[{"not_picked":["Toxin Wave","Hidden Blade"],"picked":"Noxious Fumes","floor":1},{"not_picked":["Deflect","Flechettes"],"picked":"Outmaneuver","floor":5},{"not_picked":["Eviscerate","Cloak And Dagger"],"picked":"Dagger Throw","floor":7},{"not_picked":["Prepared","Deflect"],"picked":"After Image","floor":8},{"not_picked":["Heel Hook","Flechettes"],"picked":"Blade Dance","floor":10},{"not_picked":["Escape Plan","Quick Slash"],"picked":"Underhanded Strike","floor":12},{"not_picked":["Dodge and Roll","Night Terror"],"picked":"Poisoned Stab","floor":14},{"not_picked":["Malaise","aspiration:Lunge"],"picked":"Bullet Time","floor":16},{"not_picked":["Deflect","ReplayTheSpireMod:Speed Training+1"],"picked":"Toxin Wave","floor":18},{"not_picked":["Cloak And Dagger","ReplayTheSpireMod:Exploit Weakness"],"picked":"Bane+1","floor":21},{"not_picked":["Leg Sweep","Finisher+1"],"picked":"Poisoned Stab+1","floor":22}],"player_experience":21481,"relics_obtained":[{"floor":4,"key":"Replay:Towering Pillar of Hats"},{"floor":8,"key":"Kunai"},{"floor":9,"key":"ReplayTheSpireMod:TigerMarble"}],"event_choices":[{"damage_healed":0,"gold_gain":0,"player_choice":"Take Wound","damage_taken":0,"relics_obtained":["Golden Idol"],"max_hp_gain":0,"max_hp_loss":0,"event_name":"Golden Idol","floor":3,"gold_loss":0,"cards_obtained":["Injury"]}],"is_beta":false,"boss_relics":[{"not_picked":["Ectoplasm","Replay:Drink Me"],"picked":"Astrolabe"}],"items_purged_floors":[],"is_endless":false,"potions_floor_spawned":[8,14,16,18,22],"killed_by":"Gremlin Leader","ascension_level":0}}