{"host":"v7f6n6ea3j6on08h","time":1609219722,"event":{"mods":["AchievementEnabler","Aspiration","BaseMod","Friendly Minions","Hubris","Minty Spire (QoL Compilation)","Replay The Spire","StSLib","SuperFastMode"],"gold_per_floor":[118,134,134,146,146,171,189,189,189,205,221,240,7,338,338,338,338],"floor_reached":16,"playtime":875,"items_purged":["Strike_R"],"score":217,"play_id":"d6fc0918-cfe5-4e5e-b69c-aaad56b39e9a","local_time":"20201229002842","is_ascension_mode":true,"campfire_choices":[{"data":"Body Slam","floor":8,"key":"SMITH"},{"data":"Body Slam","floor":15,"key":"SMITH"}],"circlet_count":0,"master_deck":["AscendersBane","Strike_R","Strike_R","Strike_R","Defend_R","Defend_R","Defend_R","Bash","Body Slam+1","ReplayTheSpireMod:Stacked","ReplayTheSpireMod:Stacked","Body Slam+1","Iron Wave","Body Slam"],"relics":["Burning Blood","Iron Hammer","ReplayTheSpireMod:Shallot","Blood Vial","Old Coin"],"acts_visited":["Exordium"],"potions_floor_usage":[6,10,16],"damage_taken":[{"damage":6,"enemies":"Cultist","floor":1,"turns":3},{"damage":3,"enemies":"2 Louse","floor":2,"turns":3},{"damage":3,"enemies":"Small Slimes","floor":4,"turns":5},{"damage":63,"enemies":"Lagavulin","floor":6,"turns":8},{"damage":2,"enemies":"Red Slaver","floor":7,"turns":5},{"damage":4,"enemies":"Large Slime","floor":10,"turns":6},{"damage":0,"enemies":"Looter","floor":11,"turns":2},{"damage":0,"enemies":"Blue Slaver","floor":12,"turns":1},{"damage":10,"enemies":"3 Sentries","floor":14,"turns":7},{"damage":45,"enemies":"Slime Boss","floor":16,"turns":7}],"seed_played":"2874873415428677796","potions_obtained":[{"floor":1,"key":"SteroidPotion"},{"floor":7,"key":"Energy Potion"},{"floor":12,"key":"FearPotion"}],"is_trial":false,"path_per_floor":["M","M","?","M","?","E","M","R","T","M","M","M","$","E","R","B"],"character_chosen":"IRONCLAD","items_purchased":["Blood Vial"],"campfire_rested":0,"item_purchase_floors":[13],"current_hp_per_floor":[75,78,78,81,81,24,28,28,28,30,36,42,42,40,40,0,0],"gold":338,"neow_bonus":"TEN_PERCENT_HP_BONUS","is_daily":false,"chose_seed":false,"campfire_upgraded":2,"win_rate":0.0,"timestamp":1609219722,"path_taken":["M","?","?","M","?","E","M","R","T","M","?","M","?","E","R","BOSS"],"items_purchased_type":["Relic"],"build_version":"2020-12-22","purchased_purges":1,"victory":false,"max_hp_per_floor":[82,82,82,82,82,82,82,82,82,82,82,82,82,82,82,82,82],"card_choices":[{"not_picked":["Evolve","Twin Strike"],"picked":"Body Slam","floor":1},{"not_picked":["Sword Boomerang","Fire Breathing"],"picked":"ReplayTheSpireMod:Stacked","floor":2},{"not_picked":["Replay:Undeath\u0027s Touch","Feel No Pain"],"picked":"ReplayTheSpireMod:Stacked","floor":4},{"not_picked":["hubris:ReadiedAction","Evolve","Clash"],"picked":"SKIP","floor":6},{"not_picked":["Anger","Heavy Blade"],"picked":"Body Slam","floor":7},{"not_picked":["Armaments","Twin Strike"],"picked":"Iron Wave","floor":10},{"not_picked":["Inflame","Run Through"],"picked":"Body Slam","floor":11},{"not_picked":["ReplayTheSpireMod:Corrosion Curse","Twin Strike","Replay:Many Hands"],"picked":"SKIP","floor":12},{"not_picked":["Searing Blow","Clash","Second Wind"],"picked":"SKIP","floor":14}],"player_experience":593993,"relics_obtained":[{"floor":6,"key":"Iron Hammer"},{"floor":9,"key":"ReplayTheSpireMod:Shallot"},{"floor":14,"key":"Old Coin"}],"event_choices":[{"cards_removed":["Defend_R"],"damage_healed":0,"gold_gain":0,"player_choice":"Offered Basic","damage_taken":0,"max_hp_gain":0,"max_hp_loss":0,"event_name":"Bonfire Elementals","floor":5,"gold_loss":0}],"is_beta":false,"boss_relics":[],"items_purged_floors":[13],"is_endless":false,"potions_floor_spawned":[1,7,12],"killed_by":"Slime Boss","ascension_level":18}}