{"host":"uflv0e3ja7hvnij7","time":1609207352,"event":{"mods":["BaseMod","Better Altar","Better Match","Better Note","Better Sensory Stone","Better Skull","Better Third Choice","Minty Spire (QoL Compilation)","Permanent Neow","StSLib"],"gold_per_floor":[112,132,143,68,84,119,119,136,184,217,229,229,258,273,273,369,369,385,397,397,397,474,474,399,399,399,411,423,470,97,130,130,227,227,237,237,253,269,269,269,294,294,294,304,329,340,340,358,358,358],"floor_reached":51,"playtime":2181,"items_purged":["Strike_R","Strike_R"],"score":1116,"play_id":"d83657a7-8dc1-40ac-8968-e3ccc7801910","local_time":"20201228210232","is_ascension_mode":true,"campfire_choices":[{"data":"Searing Blow","floor":7,"key":"SMITH"},{"data":"Searing Blow+1","floor":15,"key":"SMITH"},{"data":"Searing Blow+2","floor":23,"key":"SMITH"},{"data":"Searing Blow+3","floor":25,"key":"SMITH"},{"data":"Searing Blow+4","floor":27,"key":"SMITH"},{"data":"Searing Blow+5","floor":32,"key":"SMITH"},{"data":"Searing Blow+6","floor":40,"key":"SMITH"},{"data":"Searing Blow+7","floor":42,"key":"SMITH"},{"data":"Searing Blow+8","floor":47,"key":"SMITH"},{"data":"Searing Blow+9","floor":49,"key":"SMITH"}],"circlet_count":0,"master_deck":["Strike_R","Strike_R","Defend_R","Defend_R","Defend_R+1","Defend_R","Bash","Uppercut","Metallicize","Feed","Shrug It Off","Searing Blow+10","Shrug It Off+1","Pommel Strike","Battle Trance","Berserk","Feed","Dual Wield","Flash of Steel","Shrug It Off+1","Offering","Madness","Madness"],"relics":["SlaversCollar","Red Skull","Tiny Chest","Eternal Feather","Du-Vu Doll","Nunchaku","Busted Crown","Bloody Idol","Gremlin Horn","MawBank","Blood Vial","Membership Card","Singing Bowl","War Paint","Sozu","Lizard Tail","CeramicFish","HornCleat","StrikeDummy"],"acts_visited":["Exordium","TheCity","TheBeyond"],"potions_floor_usage":[10,13,16,18,30,31,33],"damage_taken":[{"damage":6,"enemies":"Cultist","floor":1,"turns":3},{"damage":16,"enemies":"Jaw Worm","floor":2,"turns":3},{"damage":8,"enemies":"2 Louse","floor":3,"turns":4},{"damage":8,"enemies":"2 Fungi Beasts","floor":5,"turns":5},{"damage":12,"enemies":"Gremlin Nob","floor":6,"turns":3},{"damage":4,"enemies":"Exordium Wildlife","floor":8,"turns":5},{"damage":0,"enemies":"3 Sentries","floor":10,"turns":6},{"damage":2,"enemies":"Red Slaver","floor":11,"turns":2},{"damage":3,"enemies":"Gremlin Nob","floor":13,"turns":3},{"damage":0,"enemies":"Large Slime","floor":14,"turns":3},{"damage":0,"enemies":"Slime Boss","floor":16,"turns":4},{"damage":7,"enemies":"Shell Parasite","floor":18,"turns":4},{"damage":3,"enemies":"Spheric Guardian","floor":19,"turns":3},{"damage":39,"enemies":"Book of Stabbing","floor":29,"turns":5},{"damage":18,"enemies":"Slavers","floor":31,"turns":3},{"damage":14,"enemies":"Champ","floor":33,"turns":5},{"damage":0,"enemies":"3 Shapes","floor":35,"turns":3},{"damage":1,"enemies":"Orb Walker","floor":37,"turns":2},{"damage":8,"enemies":"Jaw Worm Horde","floor":38,"turns":3},{"damage":33,"enemies":"Nemesis","floor":41,"turns":3},{"damage":30,"enemies":"Writhing Mass","floor":44,"turns":3},{"damage":7,"enemies":"Giant Head","floor":45,"turns":4},{"damage":29,"enemies":"4 Shapes","floor":46,"turns":3},{"damage":21,"enemies":"Time Eater","floor":50,"turns":5}],"seed_played":"-1227153154283037224","potions_obtained":[{"floor":3,"key":"EssenceOfSteel"},{"floor":6,"key":"Weak Potion"},{"floor":10,"key":"SkillPotion"},{"floor":16,"key":"SkillPotion"},{"floor":19,"key":"AttackPotion"},{"floor":31,"key":"Energy Potion"},{"floor":33,"key":"BloodPotion"}],"is_trial":false,"path_per_floor":["M","M","M","$","M","E","R","M","T","E","M","T","E","M","R","B",null,"M","M","?","?","T","R","?","R","T","R","$","E","$","E","R","B",null,"M","?","M","M","T","R","E","R","T","M","E","M","R","?","R","B",null],"character_chosen":"IRONCLAD","items_purchased":["Membership Card","Singing Bowl","Fruit Juice"],"campfire_rested":0,"item_purchase_floors":[30,30,30],"current_hp_per_floor":[74,58,50,50,45,33,33,32,32,35,36,36,33,36,45,45,83,76,76,27,27,32,44,44,56,56,73,78,52,62,54,66,59,97,112,112,119,118,118,121,98,110,110,92,94,77,89,82,94,75],"gold":358,"neow_bonus":"BOSS_RELIC","is_daily":false,"chose_seed":false,"campfire_upgraded":10,"win_rate":0.0,"timestamp":1609207352,"path_taken":["M","M","M","$","M","E","R","?","T","E","M","?","E","M","R","BOSS","M","M","?","?","?","R","?","R","T","R","$","E","$","E","R","BOSS","M","?","M","?","?","R","E","R","T","M","E","M","R","?","R","BOSS"],"items_purchased_type":["Relic","Relic","Potion"],"build_version":"2020-12-22","purchased_purges":2,"victory":true,"max_hp_per_floor":[80,80,80,80,83,83,83,86,86,89,92,92,92,95,95,95,95,95,98,98,98,98,98,98,98,98,98,98,101,106,109,109,109,109,117,117,119,121,121,121,126,126,126,131,133,138,138,138,138,138],"card_choices":[{"not_picked":["Pommel Strike","Sword Boomerang"],"picked":"Uppercut","floor":1},{"not_picked":["Shrug It Off","Heavy Blade"],"picked":"Metallicize","floor":2},{"not_picked":["Ghostly Armor","Power Through"],"picked":"Feed","floor":3},{"not_picked":["Twin Strike","Headbutt"],"picked":"Shrug It Off","floor":5},{"not_picked":["Sword Boomerang","Whirlwind"],"picked":"Searing Blow","floor":6},{"not_picked":["Flex","Wild Strike"],"picked":"Shrug It Off","floor":8},{"not_picked":["Rampage","Dropkick"],"picked":"Pommel Strike","floor":10},{"not_picked":["Cleave","Corruption"],"picked":"Battle Trance","floor":11},{"not_picked":["Battle Trance","Shrug It Off"],"picked":"Berserk","floor":13},{"not_picked":["Searing Blow","Body Slam","Pommel Strike"],"picked":"SKIP","floor":14},{"not_picked":["Reaper","Exhume"],"picked":"Feed","floor":16},{"not_picked":["Sever Soul"],"picked":"SKIP","floor":18},{"not_picked":["Dual Wield"],"picked":"SKIP","floor":19},{"not_picked":[],"picked":"Dual Wield","floor":19},{"not_picked":[],"picked":"Flash of Steel","floor":21},{"not_picked":["True Grit"],"picked":"SKIP","floor":29},{"not_picked":[],"picked":"Shrug It Off+1","floor":31},{"not_picked":[],"picked":"Offering","floor":33},{"not_picked":["Burning Pact+1"],"picked":"Singing Bowl","floor":35},{"not_picked":["Rage+1"],"picked":"Singing Bowl","floor":37},{"not_picked":["Entrench"],"picked":"Singing Bowl","floor":38},{"not_picked":["Sentinel"],"picked":"Singing Bowl","floor":41},{"not_picked":["Clothesline"],"picked":"Singing Bowl","floor":44},{"not_picked":["Searing Blow+1"],"picked":"Singing Bowl","floor":45},{"not_picked":["Clothesline+1"],"picked":"Singing Bowl","floor":46}],"player_experience":429465,"relics_obtained":[{"floor":6,"key":"Red Skull"},{"floor":9,"key":"Tiny Chest"},{"floor":10,"key":"Eternal Feather"},{"floor":12,"key":"Du-Vu Doll"},{"floor":13,"key":"Nunchaku"},{"floor":22,"key":"Gremlin Horn"},{"floor":26,"key":"MawBank"},{"floor":29,"key":"Blood Vial"},{"floor":31,"key":"War Paint"},{"floor":39,"key":"Lizard Tail"},{"floor":41,"key":"CeramicFish"},{"floor":43,"key":"HornCleat"},{"floor":45,"key":"StrikeDummy"}],"event_choices":[{"damage_healed":0,"gold_gain":0,"player_choice":" Idol ","damage_taken":49,"relics_obtained":["Bloody Idol"],"max_hp_gain":76,"max_hp_loss":27,"event_name":"betterAltar:BetterAltar","floor":20,"potions_obtained":[],"relics_lost":[],"gold_loss":0},{"damage_healed":0,"gold_gain":2,"player_choice":"1","damage_taken":0,"max_hp_gain":0,"max_hp_loss":0,"event_name":"betterStone:BetterStone","floor":21,"gold_loss":0},{"cards_removed":["Strike_R"],"damage_healed":0,"gold_gain":0,"player_choice":"Gave Gold","damage_taken":0,"max_hp_gain":0,"max_hp_loss":0,"event_name":"Beggar","floor":24,"gold_loss":75},{"damage_healed":0,"gold_gain":0,"player_choice":"Bought 0 Potions","damage_taken":0,"max_hp_gain":0,"max_hp_loss":0,"event_name":"The Woman in Blue","floor":36,"gold_loss":0},{"damage_healed":0,"gold_gain":0,"player_choice":"Embrace Madness","damage_taken":17,"max_hp_gain":0,"max_hp_loss":0,"event_name":"Winding Halls","floor":48,"gold_loss":0,"cards_obtained":["Madness","Madness"]}],"is_beta":false,"boss_relics":[{"not_picked":["Ectoplasm","Runic Dome"],"picked":"Busted Crown"},{"not_picked":["Astrolabe","SacredBark"],"picked":"Sozu"}],"items_purged_floors":[4,30],"is_endless":false,"potions_floor_spawned":[3,6,10,16,19,31,33,35,38,44,45,46],"ascension_level":5}}