{"host":"b0l902yh1rk3g5bq","time":1609233817,"event":{"mods":["AchievementEnabler","Act Like it!","Aspiration","BaseMod","Better Match","Better Sensory Stone","Better Skull","Better Third Choice","BetterRewards","Challenge The Spire","Colored Map","Colored Powertips","Conspire","Downfall","Energized Spire","GifTheSpireLib","Halation","Hubris","Infinite Spire","Minty Spire (QoL Compilation)","Quick Restart","Rare Cards Sparkle","Replay The Spire","StSLib","Stuff the Spire","Trackpad","Virulent Crown","Wandering Minibosses","egg","everything is the same but u backflip on backflip","vexMod"],"gold_per_floor":[99,117,117,117,136,155,155,47,78,94,122,122,122,122,122,122,138,138,138,138],"floor_reached":18,"playtime":856,"items_purged":[],"score":120,"play_id":"57ed46d2-7f9a-4d56-9653-f3664d4760a0","local_time":"20201229102337","is_ascension_mode":false,"campfire_choices":[{"data":"champ:Execute","floor":1,"key":"SMITH"},{"floor":14,"key":"REST"}],"circlet_count":0,"master_deck":["champ:Strike","champ:Strike","champ:Strike","champ:Strike","champ:Defend","champ:Defend","champ:Defend","champ:Defend","champ:Execute+1","champ:Taunt","champ:Duel","expansioncontent:Chronoboost"],"relics":["champ:ChampionCrown","StuffTheSpire:RedRose","hubris:Towel","trackpad:DisasterInABottle","Juzu Bracelet","Kunai"],"acts_visited":["Exordium"],"potions_floor_usage":[18],"damage_taken":[{"damage":10,"enemies":"Small Slimes","floor":2,"turns":5},{"damage":7,"enemies":"2 Louse","floor":5,"turns":3},{"damage":10,"enemies":"Jaw Worm","floor":6,"turns":4},{"damage":6,"enemies":"downfall:FleeingMerchant","floor":8,"turns":4},{"damage":37,"enemies":"3 Sentries","floor":9,"turns":8},{"damage":11,"enemies":"Lots of Slimes","floor":10,"turns":3},{"damage":32,"enemies":"Lagavulin","floor":11,"turns":7},{"damage":9,"enemies":"Gremlin Gang","floor":17,"turns":4},{"damage":24,"enemies":"downfall:Defect","floor":18,"turns":4}],"seed_played":"-7902844494194590368","potions_obtained":[{"floor":6,"key":"Dexterity Potion"},{"floor":11,"key":"sneckomod:MuddlingPotion"}],"is_trial":false,"path_per_floor":["R","M","?","?","M","M","T","$","E","M","E","PTL","PTL","R","?","?","M","B"],"character_chosen":"THE_CHAMP","items_purchased":["expansioncontent:Chronoboost"],"campfire_rested":1,"item_purchase_floors":[8],"current_hp_per_floor":[99,94,94,94,92,87,87,86,49,38,11,11,11,40,40,25,24,0,0,0],"gold":138,"neow_bonus":"TEN_PERCENT_HP_BONUS","is_daily":false,"chose_seed":false,"campfire_upgraded":1,"win_rate":0.0,"timestamp":1609233817,"path_taken":["R","M","?","?","M","M","T","$","E","M","E","PTL","PTL","R","?","?","M","BOSS"],"items_purchased_type":["Card"],"build_version":"2020-12-22","purchased_purges":0,"victory":false,"max_hp_per_floor":[99,99,99,99,99,99,99,99,99,99,99,99,99,99,99,99,99,99,99,99],"card_choices":[{"not_picked":["champ:FocusedBerserking","champ:GutPunch","champ:EndlessRage"],"picked":"SKIP","floor":2},{"not_picked":["champ:Circumvent","champ:CrookedStrike","champ:CheapShot"],"picked":"SKIP","floor":5},{"not_picked":["champ:FocusedBerserking","champ:BerserkersShout"],"picked":"champ:Duel","floor":6},{"not_picked":["champ:AdrenalArmor","champ:FocusedDefense","champ:GladiatorsShout"],"picked":"SKIP","floor":8},{"not_picked":["champ:Duel","champ:BladeFlurry","champ:MurderStrike"],"picked":"SKIP","floor":9},{"not_picked":["champ:TornadoPunch","champ:Backstep","champ:FanOfKnives"],"picked":"SKIP","floor":10},{"not_picked":["champ:EndlessRage","champ:Haymaker","champ:Circumvent"],"picked":"SKIP","floor":11},{"not_picked":["champ:StanceDance","champ:FocusedDefense","champ:FocusedGladiator"],"picked":"SKIP","floor":17}],"player_experience":605720,"relics_obtained":[{"floor":7,"key":"trackpad:DisasterInABottle"},{"floor":9,"key":"Juzu Bracelet"},{"floor":11,"key":"Kunai"}],"event_choices":[{"cards_removed":["Regret"],"damage_healed":0,"gold_gain":0,"player_choice":"Card Removal","damage_taken":0,"max_hp_gain":0,"max_hp_loss":0,"event_name":"The Cleric","floor":15,"gold_loss":0}],"is_beta":false,"boss_relics":[],"items_purged_floors":[],"is_endless":false,"potions_floor_spawned":[6,11],"killed_by":"downfall:Defect","ascension_level":0}}