{"host":"s1vy8rtdj748rey3","time":1609236128,"event":{"mods":["Aspiration","BaseMod","Beaked The Cultist","BetterRewards","Block Reminder","Conspire","Downfall","Friendly Minions","GifTheSpireLib","Halation","Hermit","Hubris","Infinite Spire","Jorbs\u0027s Wanderer Trilogy","Minty Spire (QoL Compilation)","Rare Cards Sparkle","Replay The Spire","Small Relic Pack","StSLib","Stuff the Spire","Transform Curses","Waifu the Spire","vexMod"],"gold_per_floor":[113,133,133,145,155,155,189,189,189,364,364,364,381,408,408,510,510,529,529,529,542,34,34,45,45,98,98,98,25,58,74,74,74,74],"floor_reached":33,"playtime":1822,"items_purged":["StuffTheSpire:CuriosityCurse"],"score":289,"play_id":"438fe976-f0b8-46f7-82e1-ede049a3a905","local_time":"20201229140208","is_ascension_mode":true,"campfire_choices":[{"data":"Apotheosis","floor":6,"key":"SMITH"},{"floor":8,"key":"REST"},{"data":"hermit:FromBeyond","floor":11,"key":"SMITH"},{"data":"hermit:GoldenBullet","floor":15,"key":"SMITH"},{"floor":23,"key":"REST"},{"floor":25,"key":"REST"},{"floor":28,"key":"REST"},{"data":"relicPack:StarPlatinum","floor":32,"key":"SMITH"}],"circlet_count":0,"master_deck":["hermit:Strike_Hermit","hermit:Strike_Hermit","hermit:Strike_Hermit","hermit:Strike_Hermit","hermit:Defend_Hermit","hermit:Defend_Hermit","hermit:Defend_Hermit","hermit:Defend_Hermit","hermit:Snapshot","hermit:Covet","Apotheosis+1","hermit:Quickdraw","hermit:Quickdraw","hermit:TakeAim","Mayhem+1","StuffTheSpire:Recharge","Mayhem","hermit:BodyArmor","hermit:GoldenBullet+1","hermit:Desperado","hermit:Quickdraw","hermit:FromBeyond+1","hermit:DeadMansHand","hermit:Dissolve","hermit:Misfire","hermit:Ricochet","hermit:Grudge","hermit:Vantage+1","hermit:EyeOfTheStorm","relicPack:StarPlatinum+1","hermit:BodyArmor","hermit:GoldenBullet"],"relics":["hermit:Momento","hubris:FunFungus","ReplayTheSpireMod:ShopPack","halation:Jellyphish","StuffTheSpire:ForceGauntlet","conspire:Flyswatter","aspiration:DSix","hubris:GlazedTorus","aspiration:RunicSpoon","aspiration:RitualStick","aspiration:SeaSaltIceCream","m_BurningSludge","halation:Thesaurus","Sling","StuffTheSpire:PointBlank","halation:PromiseList","infinitespire:EmpoweringShard","aspiration:Lifesprig"],"acts_visited":["Exordium","TheCity"],"potions_floor_usage":[7,16,30,30,33],"damage_taken":[{"damage":0,"enemies":"Small Slimes","floor":1,"turns":3},{"damage":0,"enemies":"Cultist","floor":2,"turns":2},{"damage":3,"enemies":"2 Louse","floor":4,"turns":2},{"damage":6,"enemies":"Blue Slaver","floor":5,"turns":2},{"damage":22,"enemies":"Gremlin Nob","floor":7,"turns":4},{"damage":0,"enemies":"3 Louse","floor":13,"turns":2},{"damage":61,"enemies":"The Guardian","floor":16,"turns":8},{"damage":15,"enemies":"Spheric Guardian","floor":18,"turns":4},{"damage":30,"enemies":"2 Thieves","floor":21,"turns":3},{"damage":12,"enemies":"Cultist and Chosen","floor":24,"turns":3},{"damage":15,"enemies":"Book of Stabbing","floor":30,"turns":4},{"damage":0,"enemies":"Shelled Parasite and Fungi","floor":31,"turns":2},{"damage":58,"enemies":"Automaton","floor":33,"turns":6}],"seed_played":"-6954499248692378132","potions_obtained":[{"floor":5,"key":"Strength Potion"},{"floor":13,"key":"Languid Potion"},{"floor":16,"key":"ColorlessPotion"},{"floor":18,"key":"Regen Potion"},{"floor":21,"key":"DistilledChaos"},{"floor":31,"key":"LiquidBronze"}],"is_trial":false,"path_per_floor":["M","M","?","M","M","R","E","R","T","?","R","?","M","T","R","B",null,"M","?","?","M","$","R","M","R","T","?","R","$","E","M","R","B"],"character_chosen":"HERMIT","items_purchased":["ReplayTheSpireMod:ShopPack","Apotheosis","halation:Jellyphish","hermit:Quickdraw","hermit:TakeAim","halation:Thesaurus","StuffTheSpire:PointBlank","hermit:Grudge","hermit:EyeOfTheStorm"],"campfire_rested":4,"item_purchase_floors":[0,0,0,0,0,22,22,22,29],"current_hp_per_floor":[75,75,75,72,66,66,46,68,68,68,68,68,70,70,70,11,75,60,45,45,16,16,38,26,48,48,48,70,70,57,57,57,0,0],"gold":74,"neow_bonus":"","is_daily":false,"chose_seed":false,"campfire_upgraded":4,"win_rate":0.0,"timestamp":1609236128,"path_taken":["M","M","?","?","M","R","E","R","T","?","R","?","M","?","R","BOSS","M","?","?","?","$","R","M","R","T","?","R","?","E","M","R","BOSS"],"items_purchased_type":["Relic","Card","Relic","Card","Card","Relic","Relic","Card","Card"],"build_version":"2020-12-22","purchased_purges":1,"victory":false,"max_hp_per_floor":[75,75,75,75,75,75,75,75,75,75,75,75,75,75,75,75,75,75,75,75,75,75,75,75,75,75,75,75,75,75,75,75,75,75],"card_choices":[{"not_picked":["Poisoned Strike","hubris:EnhanceAbility"],"picked":"Mayhem","floor":0},{"not_picked":["Survey Options","Replay:SS_fish_3"],"picked":"StuffTheSpire:Recharge","floor":0},{"not_picked":["Replay:Sssssssssstrike","ReplayTheSpireMod:Uncanny Aura"],"picked":"Mayhem","floor":0},{"not_picked":["hermit:FullyLoaded","hermit:TakeCover"],"picked":"hermit:BodyArmor","floor":1},{"not_picked":["hermit:EyeOfTheStorm","hermit:Deadeye"],"picked":"hermit:GoldenBullet","floor":2},{"not_picked":["hermit:Dive","hermit:Vantage"],"picked":"hermit:Desperado","floor":4},{"not_picked":["hermit:Snipe","hermit:Coalescence"],"picked":"hermit:Quickdraw","floor":5},{"not_picked":["hermit:BodyArmor","hermit:Shortfuse"],"picked":"hermit:FromBeyond","floor":7},{"not_picked":["hermit:Manifest","hermit:LuckOfTheDraw"],"picked":"hermit:DeadMansHand","floor":13},{"not_picked":["hermit:Roughhouse","hermit:HeroicBravado"],"picked":"hermit:Dissolve","floor":16},{"not_picked":["hermit:Feint","hermit:Manifest"],"picked":"hermit:Misfire","floor":18},{"not_picked":["hermit:CalledShot","hermit:Deadeye"],"picked":"hermit:Ricochet","floor":21},{"not_picked":["hermit:Scavenge","hermit:TakeCover"],"picked":"hermit:Vantage+1","floor":24},{"not_picked":["hermit:Dive","hermit:Quickdraw"],"picked":"hermit:BodyArmor","floor":30},{"not_picked":["Sword Boomerang","hermit:CalledShot"],"picked":"hermit:GoldenBullet","floor":31}],"player_experience":195635,"relics_obtained":[{"floor":7,"key":"StuffTheSpire:ForceGauntlet"},{"floor":9,"key":"conspire:Flyswatter"},{"floor":14,"key":"hubris:GlazedTorus"},{"floor":26,"key":"halation:PromiseList"},{"floor":30,"key":"infinitespire:EmpoweringShard"}],"event_choices":[{"damage_healed":0,"gold_gain":0,"player_choice":"Upgraded","damage_taken":0,"max_hp_gain":0,"max_hp_loss":0,"event_name":"Upgrade Shrine","floor":3,"gold_loss":0,"cards_upgraded":["Mayhem"]},{"damage_healed":0,"gold_gain":175,"player_choice":"AGREE","damage_taken":0,"max_hp_gain":0,"max_hp_loss":0,"event_name":"Liars Game","floor":10,"gold_loss":0,"cards_obtained":["Doubt"]},{"damage_healed":0,"gold_gain":0,"player_choice":"Gave Potion","damage_taken":0,"relics_obtained":["aspiration:SeaSaltIceCream"],"max_hp_gain":0,"max_hp_loss":0,"event_name":"WeMeetAgain","floor":20,"gold_loss":0},{"cards_removed":["Doubt"],"damage_healed":0,"gold_gain":0,"player_choice":"Purged","damage_taken":0,"max_hp_gain":0,"max_hp_loss":0,"event_name":"Purifier","floor":27,"gold_loss":0}],"is_beta":false,"boss_relics":[{"not_picked":["halation:PinkAlligatorPlush","Empty Cage"],"picked":"aspiration:RunicSpoon"}],"items_purged_floors":[22],"is_endless":false,"potions_floor_spawned":[5,13,16,18,21,31],"killed_by":"Automaton","ascension_level":2}}