{"host":"f5gffvlv6a66yqkd","time":1609245405,"event":{"mods":["2.2 Compatiblity","BaseMod","Colored Map","DeckTracker","Keyboard Shortcuts","Minty Spire (QoL Compilation)","Permanent Neow","Quick Restart","Relic Stats","StSLib","SuperFastMode"],"gold_per_floor":[114,15,15,26,44,70,88,120,120,155,168,168,168,183,183,285,285,304,333,333,353,353,353,381,391,414,414,6,17,17,31,31,31,31],"floor_reached":33,"playtime":966,"items_purged":["Strike_B"],"score":359,"play_id":"ae0153b2-ea64-4e7a-ace8-34bc11600fa3","local_time":"20201229213645","is_ascension_mode":true,"campfire_choices":[{"data":"Zap","floor":12.0,"key":"SMITH"},{"data":"Dualcast","floor":15.0,"key":"SMITH"},{"data":"Darkness","floor":23,"key":"SMITH"},{"floor":27,"key":"REST"},{"data":"Seek","floor":30,"key":"SMITH"},{"data":"Barrage","floor":32,"key":"SMITH"}],"circlet_count":0,"master_deck":["Strike_B+1","Defend_B","Defend_B","Defend_B","Zap+1","Dualcast+1","Rip and Tear","Conserve Battery+1","Beam Cell","Hologram","Ball Lightning","Coolheaded","Cold Snap","Glacier","Seek+1","Compile Driver","Darkness+1","Double Energy+1","Barrage+1","Coolheaded+1","Chill","Normality","Rebound+1"],"relics":["Cracked Core","Art of War","Centennial Puzzle","HornCleat","CaptainsWheel","Bird Faced Urn","Cursed Key","Red Mask","Nunchaku","Runic Capacitor","Mummified Hand"],"acts_visited":["Exordium","TheCity"],"potions_floor_usage":[33,33,33],"damage_taken":[{"damage":0.0,"enemies":"2 Louse","floor":1.0,"turns":2.0},{"damage":0.0,"enemies":"Jaw Worm","floor":4.0,"turns":2.0},{"damage":0.0,"enemies":"Cultist","floor":5.0,"turns":2.0},{"damage":12.0,"enemies":"3 Sentries","floor":6.0,"turns":7.0},{"damage":0.0,"enemies":"2 Fungi Beasts","floor":7.0,"turns":3.0},{"damage":16.0,"enemies":"Gremlin Nob","floor":8.0,"turns":3.0},{"damage":5.0,"enemies":"Lagavulin","floor":10.0,"turns":6.0},{"damage":3.0,"enemies":"Gremlin Gang","floor":11.0,"turns":5.0},{"damage":0.0,"enemies":"Looter","floor":14.0,"turns":3.0},{"damage":13.0,"enemies":"Slime Boss","floor":16.0,"turns":7.0},{"damage":0.0,"enemies":"Spheric Guardian","floor":18.0,"turns":4.0},{"damage":0.0,"enemies":"Masked Bandits","floor":19.0,"turns":4.0},{"damage":11.0,"enemies":"2 Thieves","floor":21.0,"turns":3.0},{"damage":31,"enemies":"Gremlin Leader","floor":24,"turns":6},{"damage":7,"enemies":"Shelled Parasite and Fungi","floor":25,"turns":4},{"damage":0,"enemies":"Centurion and Healer","floor":29,"turns":4},{"damage":0,"enemies":"Cultist and Chosen","floor":31,"turns":6},{"damage":38,"enemies":"Collector","floor":33,"turns":7}],"seed_played":"-7325927388476534586","potions_obtained":[{"floor":4.0,"key":"Energy Potion"},{"floor":5.0,"key":"DistilledChaos"},{"floor":6.0,"key":"FearPotion"},{"floor":7.0,"key":"SkillPotion"},{"floor":10.0,"key":"SteroidPotion"},{"floor":16.0,"key":"PotionOfCapacity"},{"floor":24,"key":"Energy Potion"},{"floor":29,"key":"GamblersBrew"},{"floor":31,"key":"Strength Potion"}],"is_trial":false,"path_per_floor":["M","$","?","M","M","E","M","E","T","E","M","R","?","M","R","B",null,"M","?","?","M","?","R","E","M","T","R","$","M","R","M","R","B"],"character_chosen":"DEFECT","items_purchased":["Conserve Battery","Runic Capacitor","Mummified Hand"],"campfire_rested":1,"item_purchase_floors":[2,28,28],"current_hp_per_floor":[75,75,60,60,60,48,48,32,32,27,24,24,17,17,17,4,57,57,57,57,46,46,46,15,8,8,30,30,30,30,30,30,0,0],"gold":31,"neow_bonus":"RANDOM_COMMON_RELIC","is_daily":false,"chose_seed":false,"campfire_upgraded":5,"win_rate":0.0,"timestamp":1609245405,"path_taken":["M","$","?","M","M","E","M","E","T","E","M","R","?","M","R","BOSS","M","?","?","?","?","R","E","?","T","R","$","M","R","M","R","BOSS"],"items_purchased_type":["Card","Relic","Relic"],"build_version":"2020-12-22","purchased_purges":1,"victory":false,"max_hp_per_floor":[75,75,75,75,75,75,75,75,75,75,75,75,75,75,75,75,75,75,75,75,75,75,75,75,75,75,75,75,75,75,75,75,75,75],"relic_stats":{"Centennial Puzzle":[24],"Nunchaku":[3],"counters":[18,78],"Mummified Hand":[0],"Bird Faced Urn":[0],"Art of War":[10],"Cursed Key":1,"obtain_stats":[{"Centennial Puzzle":6,"CaptainsWheel":9,"Nunchaku":24,"HornCleat":8,"Mummified Hand":28,"Bird Faced Urn":10,"Art of War":0,"Red Mask":19,"Runic Capacitor":28,"Cracked Core":0,"Cursed Key":17},{"Centennial Puzzle":4,"CaptainsWheel":6,"Nunchaku":14,"HornCleat":6,"Mummified Hand":15,"Bird Faced Urn":7,"Art of War":0,"Red Mask":12,"Runic Capacitor":15,"Cracked Core":0,"Cursed Key":10},{"Centennial Puzzle":13,"CaptainsWheel":19,"Nunchaku":57,"HornCleat":19,"Mummified Hand":61,"Bird Faced Urn":25,"Art of War":0,"Red Mask":48,"Runic Capacitor":61,"Cracked Core":0,"Cursed Key":40}]},"card_choices":[{"not_picked":["Sweeping Beam","Streamline"],"picked":"Rip and Tear","floor":1.0},{"not_picked":["Skim","White Noise"],"picked":"Beam Cell","floor":4.0},{"not_picked":["Rip and Tear","Static Discharge"],"picked":"Hologram","floor":5.0},{"not_picked":["Sweeping Beam","Hologram"],"picked":"Ball Lightning","floor":6.0},{"not_picked":["Thunder Strike","Loop"],"picked":"Coolheaded","floor":7.0},{"not_picked":["Go for the Eyes","Hologram"],"picked":"Cold Snap","floor":8.0},{"not_picked":["Tempest","Storm"],"picked":"Glacier","floor":10.0},{"not_picked":["Doom and Gloom","Sweeping Beam","Stack"],"picked":"SKIP","floor":11.0},{"not_picked":["Stack","Rebound","Turbo"],"picked":"SKIP","floor":14.0},{"not_picked":["Thunder Strike","Buffer"],"picked":"Seek","floor":16.0},{"not_picked":["Stack","Ball Lightning"],"picked":"Compile Driver","floor":18.0},{"not_picked":["Streamline","Melter"],"picked":"Darkness","floor":19.0},{"not_picked":["Tempest","Chill+1"],"picked":"Double Energy+1","floor":21.0},{"not_picked":["Streamline+1","Doom and Gloom"],"picked":"Coolheaded+1","floor":24},{"not_picked":["Force Field+1","Cold Snap"],"picked":"Chill","floor":25},{"not_picked":["Genetic Algorithm","Hello World","Ball Lightning"],"picked":"SKIP","floor":29},{"not_picked":["Streamline","Go for the Eyes"],"picked":"Rebound+1","floor":31}],"player_experience":1507799,"relics_obtained":[{"floor":6.0,"key":"Centennial Puzzle"},{"floor":8.0,"key":"HornCleat"},{"floor":9.0,"key":"CaptainsWheel"},{"floor":10.0,"key":"Bird Faced Urn"},{"floor":19.0,"key":"Red Mask"},{"floor":24,"key":"Nunchaku"}],"event_choices":[{"damage_healed":0.0,"max_hp_gain":0.0,"max_hp_loss":0.0,"gold_gain":0.0,"event_name":"Shining Light","player_choice":"Entered Light","floor":3.0,"gold_loss":0.0,"damage_taken":15.0,"cards_upgraded":["Conserve Battery","Strike_B"]},{"cards_removed":["Strike_B"],"damage_healed":0.0,"max_hp_gain":0.0,"max_hp_loss":0.0,"gold_gain":0.0,"event_name":"Golden Wing","player_choice":"Card Removal","floor":13.0,"gold_loss":0.0,"damage_taken":7.0},{"damage_healed":0.0,"max_hp_gain":0.0,"max_hp_loss":0.0,"gold_gain":0.0,"event_name":"Masked Bandits","player_choice":"Fought Bandits","floor":19.0,"gold_loss":0.0,"damage_taken":0.0},{"cards_removed":["Strike_B"],"damage_healed":0.0,"max_hp_gain":0.0,"max_hp_loss":0.0,"gold_gain":0.0,"event_name":"Purifier","player_choice":"Purged","floor":20.0,"gold_loss":0.0,"damage_taken":0.0},{"damage_healed":0,"gold_gain":0,"cards_transformed":["Defend_B"],"player_choice":"Transformed","damage_taken":0,"max_hp_gain":0,"max_hp_loss":0,"event_name":"Transmorgrifier","floor":22,"gold_loss":0,"cards_obtained":["Barrage"]}],"is_beta":false,"boss_relics":[{"not_picked":["Busted Crown","Fusion Hammer"],"picked":"Cursed Key"}],"items_purged_floors":[2],"is_endless":false,"potions_floor_spawned":[4,5,6,7,10,16,24,29,31],"killed_by":"Collector","ascension_level":5}}