{"host":"0ydzwspkajt4brzd","time":1609235361,"event":{"mods":["AchievementEnabler","BaseMod","Colored Map","DeckTracker","Googly Eyes","Highlight Path","Minty Spire (QoL Compilation)","Quick Restart","Random Character Button","Rare Cards Sparkle"],"gold_per_floor":[118,118,136,34,47,78,78,78,78,111,125,125,143,172,172,275,275,292,207,227,12,26,26,56,56,56,66,96,96,21,48,48,148,148,167,167,67,86,103,103,118,118,170,170,188,188,217,217,217,217,217,217,47,72,72],"floor_reached":56,"playtime":5521,"items_purged":["Strike_G","Caltrops"],"score":1484,"play_id":"b1efad7d-068e-40a1-a18a-8d974b87083e","local_time":"20201229014921","is_ascension_mode":true,"campfire_choices":[{"data":"Noxious Fumes","floor":8.0,"key":"SMITH"},{"floor":12.0,"key":"REST"},{"data":"Accuracy","floor":15.0,"key":"SMITH"},{"data":"Apotheosis","floor":23.0,"key":"SMITH"},{"data":"Prepared","floor":25.0,"key":"SMITH"},{"data":"Adrenaline","floor":32,"key":"SMITH"},{"floor":40,"key":"RECALL"},{"data":"Wraith Form v2","floor":42,"key":"SMITH"},{"floor":49,"key":"REST"},{"data":"Adrenaline","floor":52,"key":"SMITH"}],"circlet_count":0,"master_deck":["Survivor","Neutralize","Bane","Blade Dance","Bouncing Flask","Leg Sweep","PiercingWail","Accuracy+1","Venomology","Crippling Poison","Concentrate+1","Prepared+1","Expertise","Glass Knife","Wraith Form v2+1","Adrenaline+1","Blur","Dodge and Roll+1","Apotheosis+1","Blade Dance","Accuracy","Calculated Gamble","PiercingWail+1","Apotheosis+1","Storm of Steel","Cloak And Dagger+1","Parasite","Blade Dance+1","Adrenaline+1","Secret Weapon"],"relics":["Ring of the Snake","NeowsBlessing","CaptainsWheel","Question Card","Nunchaku","Bag of Preparation","Pandora\u0027s Box","Dead Branch","Art of War","Mango","Juzu Bracelet","Pen Nib","Busted Crown","Anchor","Orichalcum","Blue Candle"],"acts_visited":["TheCity","TheBeyond","TheEnding"],"potions_floor_usage":[31,33,39,47,50,55],"damage_taken":[{"damage":0.0,"enemies":"Jaw Worm","floor":1.0,"turns":1.0},{"damage":0.0,"enemies":"Small Slimes","floor":3.0,"turns":1.0},{"damage":0.0,"enemies":"Cultist","floor":5.0,"turns":1.0},{"damage":22.0,"enemies":"Lagavulin","floor":6.0,"turns":7.0},{"damage":18.0,"enemies":"Gremlin Nob","floor":10.0,"turns":4.0},{"damage":6.0,"enemies":"Looter","floor":11.0,"turns":3.0},{"damage":0.0,"enemies":"Lots of Slimes","floor":13.0,"turns":3.0},{"damage":7.0,"enemies":"Lagavulin","floor":14.0,"turns":7.0},{"damage":8.0,"enemies":"Hexaghost","floor":16.0,"turns":9.0},{"damage":1.0,"enemies":"Spheric Guardian","floor":18.0,"turns":4.0},{"damage":6.0,"enemies":"Shell Parasite","floor":20.0,"turns":5.0},{"damage":3.0,"enemies":"Shelled Parasite and Fungi","floor":22.0,"turns":3.0},{"damage":0.0,"enemies":"Gremlin Leader","floor":24.0,"turns":3.0},{"damage":1.0,"enemies":"Centurion and Healer","floor":27.0,"turns":5.0},{"damage":3.0,"enemies":"Book of Stabbing","floor":28.0,"turns":3.0},{"damage":7,"enemies":"Gremlin Leader","floor":31,"turns":4},{"damage":26,"enemies":"Collector","floor":33,"turns":5},{"damage":0,"enemies":"3 Darklings","floor":35,"turns":2},{"damage":1,"enemies":"Orb Walker","floor":38,"turns":2},{"damage":3,"enemies":"Writhing Mass","floor":39,"turns":3},{"damage":0,"enemies":"Transient","floor":41,"turns":5},{"damage":0,"enemies":"Spire Growth","floor":45,"turns":2},{"damage":9,"enemies":"Nemesis","floor":47,"turns":5},{"damage":11,"enemies":"Time Eater","floor":50,"turns":7},{"damage":0,"enemies":"Shield and Spear","floor":54,"turns":2},{"damage":58,"enemies":"The Heart","floor":55,"turns":6}],"seed_played":"-5376721641746858645","potions_obtained":[{"floor":1.0,"key":"FairyPotion"},{"floor":3.0,"key":"Dexterity Potion"},{"floor":7.0,"key":"Regen Potion"},{"floor":16.0,"key":"Explosive Potion"},{"floor":33,"key":"AttackPotion"}],"is_trial":false,"path_per_floor":["M","?","M","$","M","E","?","R","T","E","M","R","M","E","R","B",null,"M","?","M","$","M","R","E","R","T","M","E","?","?","E","R","B",null,"M","?","$","M","M","R","M","R","T","?","M","T","E","?","R","B",null,"R","$","E","B",null],"character_chosen":"THE_SILENT","items_purchased":["Bane","Apotheosis","Blade Dance","Secret Weapon"],"campfire_rested":2,"item_purchase_floors":[4,21,21,53],"current_hp_per_floor":[70,56,56,56,56,34,34,34,34,28,22,43,43,36,36,28,70,69,69,63,63,60,60,60,60,74,73,70,70,70,63,63,37,84,84,84,84,83,80,80,80,80,80,84,84,84,75,75,84,73,84,84,84,84,26],"gold":72,"neow_bonus":"THREE_ENEMY_KILL","is_daily":false,"chose_seed":false,"campfire_upgraded":7,"win_rate":0.0,"timestamp":1609235361,"path_taken":["M","?","M","$","M","E","?","R","T","E","?","R","M","E","R","BOSS","M","?","M","$","M","R","E","R","T","M","E","?","?","E","R","BOSS","M","?","$","M","M","R","M","R","T","?","M","?","E","?","R","BOSS","R","$","E","BOSS"],"items_purchased_type":["Card","Card","Card","Card"],"build_version":"2020-12-22","purchased_purges":2,"victory":true,"max_hp_per_floor":[70,70,70,70,70,70,70,70,70,70,70,70,70,70,70,70,70,70,70,70,70,70,70,70,70,84,84,84,84,84,84,84,84,84,84,84,84,84,84,84,84,84,84,84,84,84,84,84,84,84,84,84,84,84,84],"card_choices":[{"not_picked":["Setup","Eviscerate"],"picked":"Caltrops","floor":1.0},{"not_picked":["Expertise","Outmaneuver"],"picked":"Noxious Fumes","floor":3.0},{"not_picked":["All Out Attack","Concentrate"],"picked":"Blade Dance","floor":5.0},{"not_picked":["Finisher","Escape Plan"],"picked":"Bouncing Flask","floor":6.0},{"not_picked":["Footwork","Caltrops","Cloak And Dagger"],"picked":"Leg Sweep","floor":10.0},{"not_picked":["Quick Slash","Dodge and Roll","Deflect"],"picked":"PiercingWail","floor":11.0},{"not_picked":["Underhanded Strike","Bouncing Flask","Escape Plan","Sucker Punch"],"picked":"SKIP","floor":13.0},{"not_picked":["Flying Knee","Dodge and Roll","Outmaneuver"],"picked":"Accuracy","floor":14.0},{"not_picked":["After Image","Grand Finale","Doppelganger"],"picked":"Envenom","floor":16.0},{"not_picked":["Deadly Poison","Dagger Spray","Finisher","Underhanded Strike"],"picked":"SKIP","floor":18.0},{"not_picked":["Acrobatics+1","Flying Knee+1","Bane"],"picked":"Dodge and Roll+1","floor":20.0},{"not_picked":["Blade Dance","Malaise","Underhanded Strike"],"picked":"Accuracy","floor":22.0},{"not_picked":["Dagger Spray","Riddle With Holes+1","Flying Knee","Slice"],"picked":"SKIP","floor":24.0},{"not_picked":["Footwork","Dodge and Roll","Leg Sweep"],"picked":"Calculated Gamble","floor":27.0},{"not_picked":["Acrobatics+1","Riddle With Holes","Slice+1"],"picked":"PiercingWail+1","floor":28.0},{"not_picked":["Underhanded Strike","Sucker Punch","Setup","Phantasmal Killer"],"picked":"SKIP","floor":31},{"not_picked":["Grand Finale","Tools of the Trade","Corpse Explosion"],"picked":"Storm of Steel","floor":33},{"not_picked":["Eviscerate","Backstab"],"picked":"SKIP","floor":35},{"not_picked":["Acrobatics"],"picked":"Cloak And Dagger+1","floor":38},{"not_picked":["Deadly Poison","Dash+1"],"picked":"SKIP","floor":39},{"not_picked":["Expertise","Dagger Spray+1"],"picked":"SKIP","floor":41},{"not_picked":["Quick Slash+1"],"picked":"Blade Dance+1","floor":45},{"not_picked":["Distraction"],"picked":"Adrenaline","floor":47},{"not_picked":["Catalyst","Distraction+1"],"picked":"SKIP","floor":54}],"player_experience":362842,"relics_obtained":[{"floor":6.0,"key":"CaptainsWheel"},{"floor":9.0,"key":"Question Card"},{"floor":10.0,"key":"Nunchaku"},{"floor":14.0,"key":"Bag of Preparation"},{"floor":24.0,"key":"Art of War"},{"floor":26.0,"key":"Mango"},{"floor":28.0,"key":"Juzu Bracelet"},{"floor":31,"key":"Pen Nib"},{"floor":43,"key":"Anchor"},{"floor":47,"key":"Orichalcum"},{"floor":54,"key":"Blue Candle"}],"event_choices":[{"damage_healed":0.0,"max_hp_gain":0.0,"max_hp_loss":0.0,"gold_gain":0.0,"event_name":"Shining Light","player_choice":"Entered Light","floor":2.0,"gold_loss":0.0,"damage_taken":14.0,"cards_upgraded":["Defend_G","Strike_G"]},{"damage_healed":0.0,"max_hp_gain":0.0,"max_hp_loss":0.0,"gold_gain":0.0,"event_name":"Lab","player_choice":"Got Potions","floor":7.0,"gold_loss":0.0,"damage_taken":0.0},{"damage_healed":0.0,"max_hp_gain":0.0,"max_hp_loss":0.0,"gold_gain":0.0,"event_name":"Addict","player_choice":"Obtained Relic","floor":19.0,"gold_loss":85.0,"damage_taken":0.0,"relics_obtained":["Dead Branch"]},{"damage_healed":0.0,"max_hp_gain":0.0,"max_hp_loss":0.0,"gold_gain":0.0,"event_name":"Duplicator","player_choice":"Copied","floor":29.0,"gold_loss":0.0,"damage_taken":0.0,"cards_obtained":["Apotheosis"]},{"cards_removed":["Envenom"],"damage_healed":0,"gold_gain":0,"player_choice":"Gave Gold","damage_taken":0,"max_hp_gain":0,"max_hp_loss":0,"event_name":"Beggar","floor":30,"gold_loss":75},{"damage_healed":0,"gold_gain":0,"player_choice":"Forge","damage_taken":0,"max_hp_gain":0,"max_hp_loss":0,"event_name":"Accursed Blacksmith","floor":36,"gold_loss":0,"cards_upgraded":["Concentrate"]},{"damage_healed":4,"gold_gain":0,"player_choice":"Full Heal","damage_taken":0,"max_hp_gain":0,"max_hp_loss":0,"event_name":"Wheel of Change","floor":44,"gold_loss":0},{"cards_removed":["Noxious Fumes"],"damage_healed":0,"gold_gain":0,"player_choice":"Removed Power","damage_taken":0,"max_hp_gain":0,"max_hp_loss":0,"event_name":"Falling","floor":48,"gold_loss":0}],"is_beta":false,"boss_relics":[{"not_picked":["Tiny House","Runic Dome"],"picked":"Pandora\u0027s Box"},{"not_picked":["Coffee Dripper","Philosopher\u0027s Stone"],"picked":"Busted Crown"}],"items_purged_floors":[4,37],"is_endless":false,"potions_floor_spawned":[1,3,16,22,27,28,31,33,38,41,54],"ascension_level":4}}