{"host":"utqe55yv0jihe4d6","time":1609255338,"event":{"mods":["2.2 Compatiblity","AchievementEnabler","BaseMod","Block Reminder","Colored Map","Colored Powertips","Minty Spire (QoL Compilation)","Quick Restart","Rare Cards Sparkle","Relic Stats","SuperFastMode"],"gold_per_floor":[118,193,206,206,217,217,228,228,305,305,336,349,363,363,363,363,363],"floor_reached":16,"playtime":344,"items_purged":[],"score":204,"play_id":"d98a33aa-b17f-4885-b186-117a2f7f4548","local_time":"20201229102218","is_ascension_mode":true,"campfire_choices":[{"floor":6.0,"key":"REST"},{"data":"Neutralize","floor":8.0,"key":"SMITH"},{"floor":10.0,"key":"REST"},{"floor":15.0,"key":"REST"}],"circlet_count":0,"master_deck":["AscendersBane","Strike_G","Strike_G","Strike_G","Strike_G","Strike_G","Defend_G","Defend_G","Defend_G","Defend_G","Defend_G","Survivor","Neutralize+1","Dagger Spray","Dagger Spray","Poisoned Stab","Burst","Flying Knee","Blade Dance"],"relics":["Ring of the Snake","Lantern","Paper Crane","Incense Burner"],"acts_visited":["Exordium"],"potions_floor_usage":[16],"damage_taken":[{"damage":4.0,"enemies":"Small Slimes","floor":1.0,"turns":6.0},{"damage":0.0,"enemies":"Jaw Worm","floor":3.0,"turns":3.0},{"damage":2.0,"enemies":"2 Louse","floor":5.0,"turns":2.0},{"damage":0.0,"enemies":"Looter","floor":7.0,"turns":2.0},{"damage":34.0,"enemies":"Lagavulin","floor":11.0,"turns":10.0},{"damage":3.0,"enemies":"Blue Slaver","floor":12.0,"turns":4.0},{"damage":16.0,"enemies":"Large Slime","floor":13.0,"turns":5.0},{"damage":26,"enemies":"Hexaghost","floor":16,"turns":11}],"seed_played":"-2952749776734876281","potions_obtained":[{"floor":1.0,"key":"CunningPotion"},{"floor":7.0,"key":"DistilledChaos"},{"floor":13.0,"key":"PowerPotion"}],"is_trial":false,"path_per_floor":["M","?","M","?","M","R","M","R","T","R","E","M","M","?","R","B"],"character_chosen":"THE_SILENT","items_purchased":[],"campfire_rested":3,"item_purchase_floors":[],"current_hp_per_floor":[61,50,50,15,13,34,34,34,34,55,21,18,2,2,23,0,0],"gold":363,"neow_bonus":"TEN_PERCENT_HP_BONUS","is_daily":false,"chose_seed":false,"campfire_upgraded":1,"win_rate":0.0,"timestamp":1609255338,"path_taken":["M","?","M","?","?","R","M","R","T","R","E","M","M","?","R","BOSS"],"items_purchased_type":[],"build_version":"2020-12-22","purchased_purges":0,"victory":false,"max_hp_per_floor":[72,72,72,72,72,72,72,72,72,72,72,72,72,72,72,72,72],"relic_stats":{"counters":[8,43],"obtain_stats":[{"Lantern":4,"Incense Burner":11,"Paper Crane":9,"Ring of the Snake":0},{"Lantern":2,"Incense Burner":5,"Paper Crane":4,"Ring of the Snake":0},{"Lantern":9,"Incense Burner":23,"Paper Crane":13,"Ring of the Snake":0}],"Ring of the Snake":[16]},"card_choices":[{"not_picked":["Finisher","Slice"],"picked":"Dagger Spray","floor":1.0},{"not_picked":["Catalyst","PiercingWail"],"picked":"Dagger Spray","floor":3.0},{"not_picked":["Dodge and Roll","Deflect"],"picked":"Poisoned Stab","floor":5.0},{"not_picked":["Heel Hook","Well Laid Plans"],"picked":"Burst","floor":7.0},{"not_picked":["Deflect","Cloak And Dagger","Finisher"],"picked":"SKIP","floor":11.0},{"not_picked":["Dodge and Roll","Concentrate"],"picked":"Flying Knee","floor":12.0},{"not_picked":["Acrobatics","Prepared"],"picked":"Blade Dance","floor":13.0}],"player_experience":2895469,"relics_obtained":[{"floor":9.0,"key":"Paper Crane"},{"floor":11.0,"key":"Incense Burner"}],"event_choices":[{"damage_healed":0.0,"max_hp_gain":0.0,"max_hp_loss":0.0,"gold_gain":75.0,"event_name":"World of Goop","player_choice":"Gather Gold","floor":2.0,"gold_loss":0.0,"damage_taken":11.0},{"damage_healed":0.0,"max_hp_gain":0.0,"max_hp_loss":0.0,"gold_gain":0.0,"event_name":"Scrap Ooze","player_choice":"Success","floor":4.0,"gold_loss":0.0,"damage_taken":35.0,"relics_obtained":["Lantern"]},{"damage_healed":0.0,"max_hp_gain":0.0,"max_hp_loss":0.0,"gold_gain":0.0,"event_name":"Dead Adventurer","player_choice":"Searched \u00271\u0027 times","floor":14.0,"gold_loss":0.0,"damage_taken":0.0}],"is_beta":false,"boss_relics":[],"items_purged_floors":[],"is_endless":false,"potions_floor_spawned":[1,7,13],"killed_by":"Hexaghost","ascension_level":20}}