{"host":"7pe9xwx78c6nlay8","time":1609269350,"event":{"mods":["BaseMod","Minty Spire (QoL Compilation)"],"gold_per_floor":[111,111,126,142,217,217,252,265,265,265,449,476,485,516,516,516,516],"floor_reached":16,"playtime":473,"items_purged":[],"score":201,"play_id":"371716d7-2586-48c4-87b7-72487866a9e2","local_time":"20201230031550","is_ascension_mode":true,"campfire_choices":[{"floor":6,"key":"DIG"},{"floor":10,"key":"DIG"},{"floor":15,"key":"REST"}],"circlet_count":0,"master_deck":["AscendersBane","Strike_P","Strike_P","Strike_P","Strike_P","Defend_P","Defend_P","Defend_P","Defend_P","Eruption","Vigilance","PathToVictory","Alpha","Trip","PathToVictory","EmptyBody","PathToVictory","Doubt","Parasite"],"relics":["PureWater","Shovel","GoldenEye","Question Card","Singing Bowl","CeramicFish","Bag of Preparation","Toxic Egg 2"],"acts_visited":["Exordium"],"potions_floor_usage":[12,14,16],"damage_taken":[{"damage":1.0,"enemies":"2 Louse","floor":1.0,"turns":3.0},{"damage":6,"enemies":"Cultist","floor":3,"turns":4},{"damage":2,"enemies":"Small Slimes","floor":4,"turns":4},{"damage":12,"enemies":"3 Sentries","floor":7,"turns":4},{"damage":0,"enemies":"Blue Slaver","floor":8,"turns":2},{"damage":22,"enemies":"Gremlin Nob","floor":12,"turns":4},{"damage":17,"enemies":"3 Sentries","floor":14,"turns":8},{"damage":25,"enemies":"Slime Boss","floor":16,"turns":9}],"seed_played":"-646275899008587579","potions_obtained":[{"floor":1.0,"key":"Explosive Potion"},{"floor":8,"key":"Explosive Potion"},{"floor":12,"key":"StancePotion"}],"is_trial":false,"path_per_floor":["M","?","M","M","?","R","E","M","T","R","?","E","?","E","R","B"],"character_chosen":"WATCHER","items_purchased":[],"campfire_rested":1,"item_purchase_floors":[],"current_hp_per_floor":[60,60,54,52,41,41,29,29,29,29,29,9,25,10,29,4,4],"gold":516,"neow_bonus":"ONE_RARE_RELIC","is_daily":false,"chose_seed":false,"campfire_upgraded":0,"win_rate":0.0,"timestamp":1609269350,"path_taken":["M","?","?","M","?","R","E","M","T","R","?","E","?","E","R","BOSS"],"items_purchased_type":[],"build_version":"2020-12-22","purchased_purges":0,"victory":false,"max_hp_per_floor":[62,62,62,62,62,62,62,62,62,62,62,64,64,66,66,66,66],"card_choices":[{"not_picked":["EmptyBody","Crescendo"],"picked":"PathToVictory","floor":1.0},{"not_picked":["Halt","LikeWater"],"picked":"PathToVictory","floor":3},{"not_picked":["Crescendo","CrushJoints"],"picked":"EmptyBody","floor":4},{"not_picked":["Establishment","EmptyFist","Indignation"],"picked":"SKIP","floor":7},{"not_picked":["FlyingSleeves","Collect","ForeignInfluence"],"picked":"PathToVictory","floor":8},{"not_picked":["Pray","FollowUp","Perseverance","Tantrum"],"picked":"Singing Bowl","floor":12},{"not_picked":["Vault+1","ClearTheMind+1","Swivel+1","Wish+1"],"picked":"Singing Bowl","floor":14}],"player_experience":1575096,"relics_obtained":[{"floor":6,"key":"GoldenEye"},{"floor":7,"key":"Question Card"},{"floor":9,"key":"Singing Bowl"},{"floor":10,"key":"CeramicFish"},{"floor":12,"key":"Bag of Preparation"},{"floor":14,"key":"Toxic Egg 2"}],"event_choices":[{"damage_healed":0,"gold_gain":0,"player_choice":"2 cards matched","damage_taken":0,"max_hp_gain":0,"max_hp_loss":0,"event_name":"Match and Keep!","floor":2,"gold_loss":0,"cards_obtained":["Alpha","Trip"]},{"damage_healed":0,"gold_gain":75,"player_choice":"Gather Gold","damage_taken":11,"max_hp_gain":0,"max_hp_loss":0,"event_name":"World of Goop","floor":5,"gold_loss":0},{"damage_healed":0,"gold_gain":175,"player_choice":"AGREE","damage_taken":0,"max_hp_gain":0,"max_hp_loss":0,"event_name":"Liars Game","floor":11,"gold_loss":0,"cards_obtained":["Doubt"]},{"damage_healed":16,"gold_gain":0,"player_choice":"Healed and dodged fight","damage_taken":0,"max_hp_gain":0,"max_hp_loss":0,"event_name":"Mushrooms","floor":13,"gold_loss":0,"cards_obtained":["Parasite"]}],"is_beta":false,"boss_relics":[],"items_purged_floors":[],"is_endless":false,"potions_floor_spawned":[1,8,12],"killed_by":"Slime Boss","ascension_level":14}}