{"host":"iy58fyt9wsbv4cf1","time":1609204334,"event":{"mods":["BaseMod","Better Altar","Better Match","Better Skull","Better Third Choice","BetterRewards","Conspire","Custom Start","Defuse TimeMaze Blight","Hubris","Infinite Spire","Minty Spire (QoL Compilation)","Permanent Neow","Quick Restart","Spicy Shops","StSLib","Thieving Mod"],"gold_per_floor":[113,113,113,39,59,93,168,199,199,214,164,175,195,195,195,292,292,304,317,317,317,317,317,349,349,349,361,375,407,407,436,436,538,538,552,572,572,591,591,616,616,629,699,699,720,720,381,419,419,421,421,421,350,379,405],"floor_reached":56,"playtime":1785,"items_purged":["Strike_R","Strike_R","Carnage","Shrug It Off"],"score":2385,"play_id":"afffd825-dbc9-4c67-823d-074e20934708","local_time":"20201228201214","is_ascension_mode":true,"campfire_choices":[{"data":"Heavy Blade","floor":15.0,"key":"SMITH"},{"data":"1","floor":23,"key":"LIFT"},{"data":"2","floor":25,"key":"LIFT"},{"data":"3","floor":32,"key":"LIFT"},{"data":"Flex","floor":41,"key":"SMITH"},{"floor":44,"key":"RECALL"},{"floor":46,"key":"REST"},{"data":"Inflame","floor":49,"key":"PURGE"},{"data":"Offering","floor":52,"key":"SMITH"}],"circlet_count":0,"master_deck":["Master of Strategy","Flex+1","Heavy Blade+1","Inflame+1","Battle Trance","Thunderclap","Offering+1","Limit Break"],"relics":["Burning Blood","Peace Pipe","Vajra","Membership Card","Bag of Preparation","HandDrill","Lee\u0027s Waffle","Omamori","Question Card","hubris:IronBody","hubris:MobiusCoin","Sling","hubris:Zylophone","Girya","PreservedInsect","Prayer Wheel","Lantern","hubris:ToyBattleship","Centennial Puzzle","hubris:TerracottaHorce","Art of War","Pen Nib","infinitespire:Lucky Rock","infinitespire:CheckeredPen","infinitespire:PuzzleCube","Black Star","infinitespire:Midas Blood","Juzu Bracelet","Chemical X","hubris:MysteriousPyramids","Strange Spoon","Orichalcum","Torii","Anchor"],"acts_visited":["Exordium","TheCity","TheBeyond","TheEnding"],"potions_floor_usage":[16,16,40,55],"damage_taken":[{"damage":5.0,"enemies":"Jaw Worm","floor":1.0,"turns":3.0},{"damage":0.0,"enemies":"infinitespire:Voidling","floor":5.0,"turns":2.0},{"damage":5.0,"enemies":"Lagavulin","floor":6.0,"turns":4.0},{"damage":11.0,"enemies":"Gremlin Nob","floor":8.0,"turns":2.0},{"damage":5.0,"enemies":"Small Slimes","floor":10.0,"turns":2.0},{"damage":0.0,"enemies":"Looter","floor":12.0,"turns":1.0},{"damage":11.0,"enemies":"Lots of Slimes","floor":13.0,"turns":3.0},{"damage":6,"enemies":"Hexaghost","floor":16,"turns":3},{"damage":11,"enemies":"3 Byrds","floor":18,"turns":2},{"damage":12,"enemies":"2 Thieves","floor":19,"turns":3},{"damage":10,"enemies":"Nightmare","floor":24,"turns":3},{"damage":0,"enemies":"Snake Plant","floor":27,"turns":1},{"damage":0,"enemies":"Cultist and Chosen","floor":28,"turns":2},{"damage":11,"enemies":"Slavers","floor":29,"turns":2},{"damage":6,"enemies":"conspire:SneckoGhost","floor":31,"turns":2},{"damage":16,"enemies":"hubris:MusketHawk","floor":33,"turns":3},{"damage":6,"enemies":"Orb Walker","floor":35,"turns":2},{"damage":7,"enemies":"3 Shapes","floor":36,"turns":2},{"damage":6,"enemies":"Maw","floor":38,"turns":3},{"damage":26,"enemies":"Nemesis","floor":40,"turns":3},{"damage":6,"enemies":"Writhing Mass","floor":42,"turns":2},{"damage":16,"enemies":"4 Shapes","floor":45,"turns":2},{"damage":12,"enemies":"Giant Head","floor":48,"turns":1},{"damage":6,"enemies":"Awakened One","floor":50,"turns":3},{"damage":12,"enemies":"Shield and Spear","floor":54,"turns":2},{"damage":18,"enemies":"The Heart","floor":55,"turns":4}],"seed_played":"-753095865752419478","potions_obtained":[{"floor":5.0,"key":"Dexterity Potion"},{"floor":8.0,"key":"SkillPotion"},{"floor":10.0,"key":"Energy Potion"},{"floor":12.0,"key":"DuplicationPotion"},{"floor":18,"key":"Swift Potion"},{"floor":19,"key":"Explosive Potion"},{"floor":40,"key":"SteroidPotion"},{"floor":42,"key":"FairyPotion"},{"floor":54,"key":"BloodPotion"}],"is_trial":false,"path_per_floor":["M","?","?","$","M","E","?","E","T","M","$","M","M","?","R","B",null,"M","M","AVR","?","?","R","NM","R","T","M","M","E","?","E","R","B",null,"M","M","?","M","?","E","R","M","T","R","M","R","$","E","R","B",null,"R","$","E","B",null],"character_chosen":"IRONCLAD","items_purchased":["Peace Pipe","Vajra","Membership Card","Bag of Preparation","HandDrill","Lee\u0027s Waffle","Master of Strategy","Carnage","Omamori","Question Card","hubris:IronBody","Flex","Inflame","Heavy Blade","hubris:MobiusCoin","Shrug It Off","Sling","Inflame","Battle Trance","hubris:Zylophone","Thunderclap","Girya","conspire:Purge","PreservedInsect","Prayer Wheel","Lantern","Chemical X","hubris:MysteriousPyramids","Strange Spoon","Limit Break"],"campfire_rested":1,"item_purchase_floors":[0,0,0,0,0,0,0,0,0,0,0,0,0,0,0,0,0,0,0,0,0,0,0,0,0,4,47,47,47,53],"current_hp_per_floor":[87,87,87,87,87,87,76,71,71,72,72,78,73,73,73,73,84,79,73,73,73,73,73,69,69,69,75,81,76,76,76,76,66,82,82,81,61,61,61,41,41,41,41,41,31,57,57,51,51,51,78,78,78,72,60],"gold":405,"neow_bonus":"","is_daily":false,"chose_seed":false,"campfire_upgraded":3,"win_rate":0.0,"timestamp":1609204334,"path_taken":["M","?","?","$","?","E","?","E","T","M","$","M","M","?","R","BOSS","M","?","AVR","?","?","R","NM","R","T","M","?","E","?","E","R","BOSS","M","?","?","M","?","E","R","M","T","R","M","R","?","E","R","BOSS","R","$","E","BOSS"],"items_purchased_type":["Relic","Relic","Relic","Relic","Relic","Relic","Card","Card","Relic","Relic","Relic","Card","Card","Card","Relic","Card","Relic","Card","Card","Relic","Card","Relic","Card","Relic","Relic","Relic","Relic","Relic","Relic","Card"],"build_version":"2020-12-22","purchased_purges":4,"victory":true,"max_hp_per_floor":[87,87,87,87,87,87,87,87,87,87,87,87,87,87,87,87,87,87,87,87,87,87,87,87,87,87,87,87,87,87,87,87,87,87,87,87,87,87,87,87,87,87,87,87,87,87,87,87,87,87,87,87,87,87,87],"card_choices":[{"not_picked":["Clothesline","hubris:ReadiedAction","Cleave","Shrug It Off"],"picked":"SKIP","floor":1.0},{"not_picked":["hubris:ReadiedAction","Blood for Blood","Clothesline","Flex"],"picked":"SKIP","floor":1.0},{"not_picked":["Havoc","Pommel Strike","Shrug It Off","Burning Pact"],"picked":"SKIP","floor":5.0},{"not_picked":["Burning Pact","hubris:ReadiedAction","Armaments","Sever Soul"],"picked":"SKIP","floor":5.0},{"not_picked":["Seeing Red","infinitespire:OneForAll","Power Through"],"picked":"Offering","floor":6.0},{"not_picked":["Ghostly Armor","Body Slam","Clash","Headbutt"],"picked":"SKIP","floor":8.0},{"not_picked":["Pummel","hubris:CleavingFinish","Dropkick","True Grit"],"picked":"SKIP","floor":10.0},{"not_picked":["Wild Strike","Havoc","Twin Strike","Searing Blow"],"picked":"SKIP","floor":10.0},{"not_picked":["Cleave","Warcry","Brutality","True Grit"],"picked":"SKIP","floor":12.0},{"not_picked":["Disarm","Headbutt","Perfected Strike","Entrench"],"picked":"SKIP","floor":12.0},{"not_picked":["Sword Boomerang","Evolve","Warcry","Ghostly Armor"],"picked":"SKIP","floor":13.0},{"not_picked":["Combust","Havoc","Thunderclap","Seeing Red"],"picked":"SKIP","floor":13.0},{"not_picked":["Metallicize","Clothesline","hubris:CleavingFinish","Armaments"],"picked":"SKIP","floor":18},{"not_picked":["Perfected Strike+1","Clothesline","True Grit","Combust"],"picked":"SKIP","floor":18},{"not_picked":["True Grit+1","Armaments","Berserk","Warcry"],"picked":"SKIP","floor":19},{"not_picked":["conspire:Charge","Rupture","Twin Strike","Headbutt"],"picked":"SKIP","floor":19},{"not_picked":["conspire:Charge+1","Rupture","Dual Wield+1","Bloodletting"],"picked":"SKIP","floor":24},{"not_picked":["Thunderclap","Havoc","Searing Blow+1","True Grit+1"],"picked":"SKIP","floor":27},{"not_picked":["hubris:ReadiedAction","Rupture","Wild Strike+1","Ghostly Armor"],"picked":"SKIP","floor":27},{"not_picked":["Whirlwind","Clothesline","Warcry","Flex+1"],"picked":"SKIP","floor":28},{"not_picked":["Iron Wave","Armaments+1","Perfected Strike+1","Battle Trance"],"picked":"SKIP","floor":28},{"not_picked":["Disarm","Metallicize","Rupture+1","Clash"],"picked":"SKIP","floor":29},{"not_picked":["Iron Wave","Intimidate","Warcry","Havoc"],"picked":"SKIP","floor":31},{"not_picked":["Thunderclap","Dark Embrace+1","Intimidate+1","Armaments+1"],"picked":"SKIP","floor":35},{"not_picked":["Twin Strike+1","Iron Wave","Exhume","Rupture+1"],"picked":"SKIP","floor":35},{"not_picked":["Burning Pact","Spot Weakness","Perfected Strike","Metallicize+1"],"picked":"SKIP","floor":36},{"not_picked":["Heavy Blade","Shrug It Off+1","Cleave","Perfected Strike"],"picked":"SKIP","floor":36},{"not_picked":["Power Through+1","Second Wind+1","Twin Strike","Sever Soul"],"picked":"SKIP","floor":38},{"not_picked":["Pummel+1","Clash","Rampage","Iron Wave+1"],"picked":"SKIP","floor":38},{"not_picked":["Thunderclap","conspire:Charge+1","Blood for Blood+1","Ghostly Armor"],"picked":"SKIP","floor":40},{"not_picked":["Immolate","Clash","Spot Weakness+1","hubris:ReadiedAction"],"picked":"SKIP","floor":42},{"not_picked":["Havoc","True Grit","Carnage","Thunderclap"],"picked":"SKIP","floor":42},{"not_picked":["Iron Wave+1","Rupture+1","Clash","Cleave+1"],"picked":"SKIP","floor":45},{"not_picked":["Flex","Feel No Pain+1","Clash","Perfected Strike+1"],"picked":"SKIP","floor":45},{"not_picked":["Armaments+1","Iron Wave","Rage","Heavy Blade"],"picked":"SKIP","floor":48},{"not_picked":["Iron Wave","Reaper","Battle Trance","Rupture+1"],"picked":"SKIP","floor":54}],"player_experience":34519,"relics_obtained":[{"floor":8.0,"key":"hubris:ToyBattleship"},{"floor":9.0,"key":"Centennial Puzzle"},{"floor":24,"key":"Pen Nib"},{"floor":26,"key":"infinitespire:Lucky Rock"},{"floor":29,"key":"infinitespire:CheckeredPen"},{"floor":31,"key":"infinitespire:PuzzleCube"},{"floor":40,"key":"infinitespire:Midas Blood"},{"floor":40,"key":"Juzu Bracelet"},{"floor":48,"key":"Orichalcum"},{"floor":48,"key":"Torii"},{"floor":54,"key":"Anchor"}],"event_choices":[{"damage_healed":0.0,"max_hp_gain":0.0,"max_hp_loss":0.0,"gold_gain":0.0,"event_name":"Living Wall","player_choice":"Grow","floor":2.0,"gold_loss":0.0,"damage_taken":0.0,"cards_upgraded":["Inflame"]},{"damage_healed":0.0,"max_hp_gain":0.0,"max_hp_loss":0.0,"gold_gain":0.0,"event_name":"The Woman in Blue","player_choice":"Bought 0 Potions","floor":3.0,"gold_loss":0.0,"damage_taken":0.0},{"damage_healed":0.0,"max_hp_gain":1.0,"max_hp_loss":0.0,"gold_gain":75.0,"event_name":"betterThird:BetterGoop","player_choice":"Gold","floor":7.0,"gold_loss":0.0,"damage_taken":11.0},{"cards_removed":["Strike_R"],"damage_healed":0.0,"max_hp_gain":0.0,"max_hp_loss":0.0,"gold_gain":0.0,"event_name":"Bonfire Elementals","player_choice":"Offered Basic","floor":14.0,"gold_loss":0.0,"damage_taken":0.0},{"damage_healed":0,"gold_gain":0,"player_choice":"Opened","damage_taken":0,"relics_obtained":["Art of War"],"max_hp_gain":0,"max_hp_loss":0,"event_name":"The Mausoleum","floor":21,"gold_loss":0,"cards_obtained":["Writhe"]},{"cards_removed":["conspire:Purge"],"damage_healed":0,"gold_gain":0,"player_choice":"Elegance","damage_taken":0,"max_hp_gain":0,"max_hp_loss":0,"event_name":"betterThird:BetterWriting","floor":22,"gold_loss":0},{"damage_healed":0,"gold_gain":0,"player_choice":"Ignored","damage_taken":0,"max_hp_gain":0,"max_hp_loss":0,"event_name":"N\u0027loth","floor":30,"gold_loss":0},{"damage_healed":0,"gold_gain":0,"player_choice":"Ignored","damage_taken":0,"max_hp_gain":0,"max_hp_loss":0,"event_name":"Tomb of Lord Red Mask","floor":39,"gold_loss":0}],"is_beta":false,"boss_relics":[{"not_picked":["infinitespire:Burning Sword","conspire:RunicOctahedron"],"picked":"hubris:TerracottaHorce"},{"not_picked":["Black Blood","Snecko Eye"],"picked":"Black Star"}],"items_purged_floors":[0,11,20,47],"is_endless":false,"potions_floor_spawned":[5,8,10,12,18,19,29,33,35,40,42,45,54],"ascension_level":5}}