{"host":"c95txy58ipbu969e","time":1609244588,"event":{"mods":["Act Like it!","BaseMod","Downfall","Minty Spire (QoL Compilation)","Quick Restart","StSLib"],"gold_per_floor":[349,362,272,272,272,272,296,309,342,354,354,354,354],"floor_reached":11,"playtime":401,"items_purged":["Slimebound:Strike_Slimebound"],"score":89,"play_id":"5f9362d9-0738-4067-a2b1-f50612242714","local_time":"20201229202308","is_ascension_mode":true,"campfire_choices":[{"data":"Slimebound:Split","floor":1.0,"key":"SMITH"}],"circlet_count":0,"master_deck":["Slimebound:Strike_Slimebound","Slimebound:Strike_Slimebound","Slimebound:Tackle","Slimebound:Defend_Slimebound","Slimebound:Defend_Slimebound","Slimebound:Defend_Slimebound","Slimebound:Defend_Slimebound","Slimebound:Split+1","Slimebound:CorrosiveSpit","Slimebound:SplitBruiser","Slimebound:SplitMire"],"relics":["Slimebound:AbsorbEndCombat","Kunai","Slimebound:MaxSlimesRelic","Orichalcum","Gambling Chip"],"acts_visited":[],"potions_floor_usage":[9],"damage_taken":[{"damage":8.0,"enemies":"Cultist","floor":2.0,"turns":4.0},{"damage":15.0,"enemies":"downfall:FleeingMerchant","floor":3.0,"turns":4.0},{"damage":20,"enemies":"Small Slimes","floor":8,"turns":2},{"damage":38,"enemies":"Gremlin Nob","floor":9,"turns":4},{"damage":22,"enemies":"Jaw Worm","floor":10,"turns":3},{"damage":33,"enemies":"3 Sentries","floor":11,"turns":2}],"seed_played":"7706756921306309172","potions_obtained":[{"floor":8,"key":"Fire Potion"},{"floor":9,"key":"EssenceOfSteel"}],"is_trial":false,"path_per_floor":["R","M","$","?","?","T","T","M","E","M","E"],"character_chosen":"SLIMEBOUND","items_purchased":[],"campfire_rested":0,"item_purchase_floors":[],"current_hp_per_floor":[54,54,54,42,42,42,42,44,28,28,0,0,0],"gold":354,"neow_bonus":"TWO_FIFTY_GOLD","is_daily":false,"chose_seed":false,"campfire_upgraded":1,"win_rate":0.0,"timestamp":1609244588,"path_taken":["R","M","?","?","?","?","T","M","E","M","E"],"items_purchased_type":[],"build_version":"2020-12-22","purchased_purges":1,"victory":false,"max_hp_per_floor":[54,54,54,54,54,54,54,54,54,54,54,54,54],"card_choices":[{"not_picked":["Slimebound:GrowthPunch","Slimebound:DivideAndConquer"],"picked":"Slimebound:SplitBruiser","floor":2.0},{"not_picked":["Slimebound:GoopTackle","Slimebound:SplitBruiser"],"picked":"Slimebound:SplitMire","floor":3.0},{"not_picked":["Slimebound:GoopTackle","Slimebound:Chomp","Slimebound:SplitAcid"],"picked":"SKIP","floor":8},{"not_picked":["Slimebound:TongueLash","Slimebound:ServeAndProtect","Slimebound:BestDefense"],"picked":"SKIP","floor":9},{"not_picked":["Slimebound:ServeAndProtect","Slimebound:DisruptingSlam","Slimebound:SlimeSpikes"],"picked":"SKIP","floor":10}],"player_experience":459632,"relics_obtained":[{"floor":6,"key":"Slimebound:MaxSlimesRelic"},{"floor":7,"key":"Orichalcum"},{"floor":9,"key":"Gambling Chip"}],"event_choices":[{"damage_healed":0.0,"max_hp_gain":0.0,"max_hp_loss":0.0,"gold_gain":0.0,"event_name":"Scrap Ooze","player_choice":"Success","floor":4.0,"gold_loss":0.0,"damage_taken":12.0,"relics_obtained":["Kunai"]}],"is_beta":false,"boss_relics":[],"items_purged_floors":[3],"is_endless":false,"potions_floor_spawned":[8,9],"killed_by":"3 Sentries","ascension_level":5}}