{"host":"tder1l6ikse0p2as","time":1609280774,"event":{"mods":["AchievementEnabler","Aspiration","BaseMod","Best Route Mod","Better Third Choice","BetterRewards","CapriCore","Colored Powertips","Dota2Spire","Evolution","Friendly Minions","Grow up Mod","Hubris","Infinite Spire","Luminous","Minty Spire (QoL Compilation)","Relic Stats","Replay The Spire","Shop Mod","StSLib","SuperFastMode","The Alterego","The Bug Knight","The Forsaken","The Marked","The Servant 0.9.4","Treasure Hunter","Uncapped"],"gold_per_floor":[146,162,177,191,208,208,236,236,259,259,294,98,114,133,133,233,233,250,261,211,242,276,276,306,306,333,362,362,381,401,421,421,519,519,529,545,560,309,327,327,360,360,360,380,419,419,419,432,432,432,432],"floor_reached":50,"playtime":3003,"items_purged":[],"score":751,"play_id":"cc98c910-54cf-48f4-8a6d-e85111200781","local_time":"20201229222614","daily_mods":["Vintage","Heirloom","Time Dilation","DeadlyEvents","Elite Swarm","Night Terrors","Terminal"],"is_ascension_mode":false,"campfire_choices":[{"data":"Eruption","floor":6,"key":"SMITH"},{"data":"Vigilance","floor":8,"key":"SMITH"},{"data":"FollowUp","floor":15,"key":"SMITH"},{"data":"Defend_P","floor":23,"key":"SMITH"},{"data":"Defend_P","floor":25,"key":"SMITH"},{"data":"Replay:LoomingThreat","floor":28,"key":"SMITH"},{"data":"Defend_P","floor":32,"key":"SMITH"},{"data":"Strike_P","floor":40,"key":"SMITH"},{"data":"DevaForm","floor":42,"key":"SMITH"},{"data":"DevaForm","floor":49,"key":"SMITH"}],"circlet_count":0,"master_deck":["Strike_P","Strike_P","Strike_P","Defend_P","Defend_P","Defend_P","Defend_P","Eruption+1","Vigilance+1","FollowUp+1","Replay:AtTheReady+1","DeusExMachina+1","Replay:LoomingThreat+1","DeusExMachina+1","DevaForm+1","DevaForm+1"],"relics":["PureWater","EVO:Axolotl","Dota2Spire:EyeOfSkadi","Pen Nib","Strawberry","Mummified Hand","hubris:ToyBattleship","Lantern","Centennial Puzzle","Simple Rune","aspiration:Lifesprig","Lizard Tail","Runic Pyramid","Toxic Egg 2","Dota2Spire:DrumOfEndurance","Red Mask","infinitespire:Beetle Shell","ReplayFunnel","Replay:Multitool","CaptainsWheel","SacredBark","Bronze Scales","infinitespire:Midas Blood","infinitespire:FocusingShard","infinitespire:EmpoweringShard","Singing Bowl","Omamori","Incense Burner","Toolbox","Dota2Spire:ArcaneBoots"],"acts_visited":["Exordium","TheCity","TheBeyond"],"potions_floor_usage":[11,11,11,14],"damage_taken":[{"damage":0,"enemies":"2 Louse","floor":1,"turns":2},{"damage":0,"enemies":"Cultist","floor":2,"turns":2},{"damage":5,"enemies":"Small Slimes","floor":3,"turns":2},{"damage":0,"enemies":"3 Louse","floor":4,"turns":3},{"damage":2,"enemies":"Blue Slaver","floor":5,"turns":4},{"damage":0,"enemies":"HollowMod:MossKnight","floor":7,"turns":3},{"damage":0,"enemies":"Lagavulin","floor":11,"turns":3},{"damage":0,"enemies":"2 Fungi Beasts","floor":13,"turns":2},{"damage":4,"enemies":"Exordium Thugs","floor":14,"turns":3},{"damage":12,"enemies":"Slime Boss","floor":16,"turns":4},{"damage":6,"enemies":"Spheric Guardian","floor":18,"turns":3},{"damage":6,"enemies":"3 Byrds","floor":19,"turns":3},{"damage":31,"enemies":"Gremlin Leader","floor":21,"turns":6},{"damage":10,"enemies":"Masked Bandits","floor":22,"turns":3},{"damage":34,"enemies":"Replay:Snechameleon","floor":24,"turns":6},{"damage":0,"enemies":"Nightmare","floor":27,"turns":6},{"damage":0,"enemies":"Snecko","floor":29,"turns":12},{"damage":0,"enemies":"Chosen and Byrds","floor":30,"turns":5},{"damage":6,"enemies":"Shelled Parasite and Fungi","floor":31,"turns":3},{"damage":20,"enemies":"Collector","floor":33,"turns":11},{"damage":0,"enemies":"3 Shapes","floor":35,"turns":3},{"damage":28,"enemies":"3 Darklings","floor":36,"turns":8},{"damage":3,"enemies":"Spire Growth","floor":37,"turns":5},{"damage":0,"enemies":"Sphere and 2 Shapes","floor":39,"turns":4},{"damage":1,"enemies":"HollowMod:StalkingDevout","floor":41,"turns":6},{"damage":0,"enemies":"Maw","floor":44,"turns":5},{"damage":26,"enemies":"Giant Head","floor":45,"turns":12},{"damage":7,"enemies":"Spire Growth","floor":48,"turns":4},{"damage":0,"enemies":"Replay:Hell Engine","floor":50,"turns":1}],"seed_played":"6430617460560736211","potions_obtained":[{"floor":2,"key":"SteroidPotion"},{"floor":5,"key":"BottledMiracle"},{"floor":7,"key":"SpeedPotion"},{"floor":13,"key":"Explosive Potion"},{"floor":14,"key":"BlessingOfTheForge"},{"floor":18,"key":"SmokeBomb"},{"floor":29,"key":"Languid Potion"},{"floor":31,"key":"Fire Potion"},{"floor":33,"key":"LiquidBronze"},{"floor":37,"key":"Doom Potion"}],"is_trial":true,"path_per_floor":["M","M","M","M","M","R","E","R","T","?","E","$","M","M","R","B",null,"M","M","?","E","?","R","E","R","T","NM","R","M","M","M","R","B",null,"M","M","M","$","M","R","E","R","T","M","E","?","AVR","M","R","B"],"character_chosen":"WATCHER","items_purchased":["Simple Rune","FollowUp","infinitespire:Midas Blood"],"campfire_rested":0,"item_purchase_floors":[12,12,38],"current_hp_per_floor":[95,111,116,126,134,144,154,164,174,183,192,201,210,216,226,224,246,250,254,264,243,243,253,229,239,249,259,269,279,289,293,303,293,399,408,390,397,407,417,427,436,446,458,468,454,464,474,477,487,487,487],"gold":432,"neow_bonus":"","is_daily":false,"chose_seed":false,"campfire_upgraded":10,"win_rate":0.0,"timestamp":1609280774,"path_taken":["M","M","M","M","M","R","E","R","T","?","?","$","M","M","R","BOSS","M","M","?","?","?","R","E","R","T","NM","R","?","M","M","R","BOSS","M","M","M","$","M","R","E","R","T","M","E","?","AVR","M","R","BOSS"],"items_purchased_type":["Relic","Card","Relic"],"build_version":"2020-12-22","purchased_purges":0,"victory":false,"max_hp_per_floor":[95,111,120,129,138,147,156,165,174,183,192,201,210,219,228,237,246,255,264,273,282,291,300,309,318,327,336,345,354,363,372,381,390,399,408,417,426,435,444,453,462,471,482,491,502,511,520,529,538,538,538],"relic_stats":{"Centennial Puzzle":[40],"Lizard Tail":0,"Singing Bowl":4,"counters":[28,133],"Mummified Hand":[18],"Bronze Scales":[63],"Pen Nib":[24],"obtain_stats":[{"ReplayFunnel":27,"Lantern":9,"aspiration:Lifesprig":13,"Singing Bowl":43,"SacredBark":34,"Dota2Spire:DrumOfEndurance":19,"Replay:Multitool":29,"Incense Burner":45,"EVO:Axolotl":0,"Centennial Puzzle":11,"Lizard Tail":14,"Dota2Spire:EyeOfSkadi":0,"Mummified Hand":4,"Strawberry":2,"Toolbox":47,"Red Mask":22,"Dota2Spire:ArcaneBoots":48,"Toxic Egg 2":18,"Runic Pyramid":17,"Pen Nib":1,"infinitespire:Beetle Shell":26,"infinitespire:FocusingShard":39,"Omamori":44,"CaptainsWheel":30,"Bronze Scales":37,"Simple Rune":12,"hubris:ToyBattleship":5,"infinitespire:EmpoweringShard":41,"PureWater":0,"infinitespire:Midas Blood":38},{"ReplayFunnel":16,"Lantern":6,"aspiration:Lifesprig":8,"Singing Bowl":25,"SacredBark":20,"Dota2Spire:DrumOfEndurance":12,"Replay:Multitool":17,"Incense Burner":27,"EVO:Axolotl":0,"Centennial Puzzle":7,"Lizard Tail":9,"Dota2Spire:EyeOfSkadi":0,"Mummified Hand":4,"Strawberry":2,"Toolbox":27,"Red Mask":14,"Dota2Spire:ArcaneBoots":28,"Toxic Egg 2":11,"Runic Pyramid":10,"Pen Nib":1,"infinitespire:Beetle Shell":15,"infinitespire:FocusingShard":24,"Omamori":26,"CaptainsWheel":18,"Bronze Scales":23,"Simple Rune":7,"hubris:ToyBattleship":5,"infinitespire:EmpoweringShard":25,"PureWater":0,"infinitespire:Midas Blood":23},{"ReplayFunnel":55,"Lantern":16,"aspiration:Lifesprig":21,"Singing Bowl":112,"SacredBark":86,"Dota2Spire:DrumOfEndurance":34,"Replay:Multitool":67,"Incense Burner":129,"EVO:Axolotl":0,"Centennial Puzzle":19,"Lizard Tail":24,"Dota2Spire:EyeOfSkadi":0,"Mummified Hand":9,"Strawberry":4,"Toolbox":129,"Red Mask":43,"Dota2Spire:ArcaneBoots":133,"Toxic Egg 2":31,"Runic Pyramid":28,"Pen Nib":2,"infinitespire:Beetle Shell":49,"infinitespire:FocusingShard":106,"Omamori":117,"CaptainsWheel":72,"Bronze Scales":102,"Simple Rune":19,"hubris:ToyBattleship":13,"infinitespire:EmpoweringShard":112,"PureWater":0,"infinitespire:Midas Blood":102}]},"card_choices":[{"not_picked":["TH:Mimic","TH:CopperCoins"],"picked":"SKIP","floor":7},{"not_picked":["Establishment","Judgement","Ragnarok"],"picked":"SKIP","floor":7},{"not_picked":["TH:CopperCoins","TH:BikiniMail"],"picked":"SKIP","floor":9},{"not_picked":["TH:TreasureMap","TH:EnergyPotion"],"picked":"SKIP","floor":11},{"not_picked":["ConjureBlade","Judgement","Alpha"],"picked":"SKIP","floor":11},{"not_picked":["TH:BikiniMail","TH:DeckOfManyThings"],"picked":"SKIP","floor":21},{"not_picked":["DevaForm","Brilliance","Ragnarok"],"picked":"SKIP","floor":21},{"not_picked":["BattleHymn","FlyingSleeves"],"picked":"Replay:AtTheReady+1","floor":22},{"not_picked":["Replay:LoomingThreat","Omniscience+1"],"picked":"DeusExMachina+1","floor":24},{"not_picked":["TH:DeckOfManyThings","TH:PixieDust"],"picked":"SKIP","floor":24},{"not_picked":["TH:Mimic","TH:CursedSword"],"picked":"SKIP","floor":26},{"not_picked":["Vault+1","Omniscience+1"],"picked":"Replay:LoomingThreat","floor":27},{"not_picked":["TH:PixieDust","TH:Mimic"],"picked":"SKIP","floor":27},{"not_picked":["Alpha+1","Devotion"],"picked":"DeusExMachina+1","floor":33},{"not_picked":["Judgement+1","Omniscience+1"],"picked":"DevaForm","floor":41},{"not_picked":["TH:ArmorSpikes","TH:BikiniMail"],"picked":"SKIP","floor":41},{"not_picked":["TH:PixieDust","TH:Mimic"],"picked":"Singing Bowl","floor":43},{"not_picked":["TH:TreasureMap","TH:PixieDust"],"picked":"Singing Bowl","floor":45},{"not_picked":["DeusExMachina+1","Alpha+1"],"picked":"DevaForm","floor":45}],"player_experience":137529,"relics_obtained":[{"floor":1,"key":"Pen Nib"},{"floor":2,"key":"Strawberry"},{"floor":4,"key":"Mummified Hand"},{"floor":5,"key":"hubris:ToyBattleship"},{"floor":9,"key":"Lantern"},{"floor":11,"key":"Centennial Puzzle"},{"floor":13,"key":"aspiration:Lifesprig"},{"floor":14,"key":"Lizard Tail"},{"floor":18,"key":"Toxic Egg 2"},{"floor":19,"key":"Dota2Spire:DrumOfEndurance"},{"floor":22,"key":"Red Mask"},{"floor":26,"key":"infinitespire:Beetle Shell"},{"floor":27,"key":"ReplayFunnel"},{"floor":29,"key":"Replay:Multitool"},{"floor":30,"key":"CaptainsWheel"},{"floor":37,"key":"Bronze Scales"},{"floor":39,"key":"infinitespire:FocusingShard"},{"floor":41,"key":"infinitespire:EmpoweringShard"},{"floor":43,"key":"Singing Bowl"},{"floor":44,"key":"Omamori"},{"floor":45,"key":"Incense Burner"},{"floor":48,"key":"Dota2Spire:ArcaneBoots"}],"event_choices":[{"damage_healed":0,"gold_gain":0,"player_choice":"Ignored","damage_taken":0,"max_hp_gain":0,"max_hp_loss":0,"event_name":"NoteForYourself","floor":10,"gold_loss":0},{"damage_healed":0,"gold_gain":0,"player_choice":"Bet on Owner","damage_taken":0,"max_hp_gain":0,"max_hp_loss":0,"event_name":"The Joust","floor":20,"gold_loss":50},{"damage_healed":0,"gold_gain":0,"player_choice":"Fought Bandits","damage_taken":0,"max_hp_gain":0,"max_hp_loss":0,"event_name":"Masked Bandits","floor":22,"gold_loss":0},{"cards_removed":["Strike_P"],"damage_healed":0,"gold_gain":0,"player_choice":"Removed Attack","damage_taken":0,"max_hp_gain":0,"max_hp_loss":0,"event_name":"Falling","floor":46,"gold_loss":0}],"is_beta":false,"boss_relics":[{"not_picked":["Ectoplasm","Snecko Heart"],"picked":"Runic Pyramid"},{"not_picked":["VioletLotus","Calling Bell"],"picked":"SacredBark"}],"items_purged_floors":[],"is_endless":true,"potions_floor_spawned":[2,5,7,13,14,18,29,31,33,37,39,41],"killed_by":"Replay:Hell Engine","ascension_level":0}}