{"host":"ya94u95moedzeoqz","time":1609234502,"event":{"mods":["2.2 Compatiblity","Abigail Mod","Act Like it!","Arknights The Spire","Aspiration","Bartender","BaseMod","Better Altar","Better Match","Better Note","Better Sensory Stone","Better Skull","Better Third Choice","BetterRewards","ChefMod","Energized Spire","Filter the Spire","GifTheSpireLib","Infinite Spire","KinomotoSakuraMod(????)","Lobotomy","LobotomyExtend","Luminous","Minty Spire (QoL Compilation)","Permanent Neow","Railgun Mod","Replay The Spire","Spicy Shops","StSLib","The Accelerator","The Alterego","The Fake Hero","The Florist","The Forsaken","The Juggle","The Marked","The Senshi","TheArtist","TheSwordswoman","TheVelvet","Yuri Mod"],"gold_per_floor":[116,116,134,134,84,116,116,131,131,131,131,131,131,131,131,229,229,229,229,248,268,268,295,290,290,290,319,319,346,363,377,377,472,472,486,486,486,486,486,518,518,529,555,555,567,578,578,578],"floor_reached":47,"playtime":4545,"items_purged":[],"score":525,"play_id":"6e59713f-6966-489c-8f18-eecf5e6415e9","local_time":"20201229043502","daily_mods":["SealedDeck","Chimera","Diverse","Colorless Cards","Heirloom"],"is_ascension_mode":true,"campfire_choices":[{"floor":10.0,"key":"REST"},{"floor":13.0,"key":"REST"},{"data":"artistmod:ColorCopy","floor":15.0,"key":"SMITH"},{"floor":28.0,"key":"REST"},{"floor":32.0,"key":"REST"}],"circlet_count":0,"master_deck":["Bash+1","Survivor","Zap","Eruption","Strike_R","Strike_G","Strike_B","Defend_R","Defend_G","luka_mod:ThunderThrust","artistmod:ColorfulClobber","artistmod:BlueBurst","Foot_Thrust","Iron Wave","alterego_mod:Santa","Go for the Eyes","hadesmod:Snipe","artistmod:ColorCopy+1","artistmod:GreenGreed","Waterkick","blazmod:FleetingDawn","artistmod:FantasyForm","Jack Of All Trades","Bitters","Master of Strategy","Armaments+1","alterego_mod:IndependentAction+1","AbbyMod:EyesOfMadness+1","theForsaken:Tranquility","Good Instincts","luka_mod:AlicesGuard+1","Dragonkick","Pray","accelerator:Roast+1","ClowCardTheDark","Backflip","artistmod:ContrastingClash","Doubt","Dart+1","Mind Blast+1","AbbyMod:Kuroboshi"],"relics":["Sneakers","Ginger","LetterFromLob","aspiration:Nostalgia","theForsaken:JudgementScales","ats:Originium","Water_Ring","Power_Wrist","aspiration:Nostalgia","TheRailgun:CoinRelic","aspiration:Nostalgia","AbbyMod:Salem_Diary","NeowsBlessing","Sozu","aspiration:Nostalgia","Sizzling Blood","aspiration:Nostalgia","Cracked Core","ats:Originium","Lantern","Du-Vu Doll","ats:Originium","PreservedInsect","ats:Originium","Tiny Chest","Replay:Bronze Core","aspiration:Nostalgia","hadesmod:WeaponCharger","aspiration:Nostalgia","artistmod:BlueBrush","aspiration:Nostalgia","blazmod:Venustas","aspiration:Nostalgia","luka_mod:KeepsakeRing","Protect_Vest","Regal Pillow"],"acts_visited":["Exordium","TheCity","TheBeyond"],"potions_floor_usage":[40],"damage_taken":[{"damage":2.0,"enemies":"2 Louse","floor":1.0,"turns":3.0},{"damage":7.0,"enemies":"Jaw Worm","floor":3.0,"turns":2.0},{"damage":40.0,"enemies":"Replay:BlueRogue","floor":6.0,"turns":4.0},{"damage":0.0,"enemies":"Small Slimes","floor":8.0,"turns":2.0},{"damage":0.0,"enemies":"Hexaghost","floor":16.0,"turns":2.0},{"damage":10.0,"enemies":"Spheric Guardian","floor":20.0,"turns":4.0},{"damage":0.0,"enemies":"Chosen","floor":21.0,"turns":1.0},{"damage":30.0,"enemies":"Slavers","floor":23.0,"turns":5.0},{"damage":17.0,"enemies":"Snecko","floor":24.0,"turns":4.0},{"damage":18.0,"enemies":"Book of Stabbing","floor":27.0,"turns":5.0},{"damage":27.0,"enemies":"Slavers","floor":29.0,"turns":3.0},{"damage":7.0,"enemies":"Centurion and Healer","floor":30.0,"turns":6.0},{"damage":4.0,"enemies":"Shelled Parasite and Fungi","floor":31.0,"turns":4.0},{"damage":36.0,"enemies":"Collector","floor":33.0,"turns":7.0},{"damage":4.0,"enemies":"Orb Walker","floor":35.0,"turns":3.0},{"damage":59,"enemies":"Reptomancer","floor":40,"turns":6},{"damage":8,"enemies":"3 Darklings","floor":42,"turns":5},{"damage":31,"enemies":"Sphere and 2 Shapes","floor":45,"turns":5},{"damage":25,"enemies":"Maw","floor":46,"turns":6},{"damage":23,"enemies":"3 Darklings","floor":47,"turns":2}],"seed_played":"-2199056628159789751","potions_obtained":[{"floor":1.0,"key":"Ancient Potion"},{"floor":6.0,"key":"SneckoOil"},{"floor":16.0,"key":"Weak Potion"}],"is_trial":true,"path_per_floor":["M","?","M","WH","?","E","WH","M","T","R","WH","WH","R","WH","R","B",null,"M","WH","M","M","WH","E","M","WH","T","E","R","E","M","M","R","B",null,"M","WH","WH","WH","WH","E","?","M","T","?","M","M","M"],"character_chosen":"BARTENDER","items_purchased":[],"campfire_rested":4,"item_purchase_floors":[],"current_hp_per_floor":[68,68,61,61,61,21,21,21,21,42,42,42,63,63,63,63,70,70,74,68,72,72,46,33,33,33,19,41,18,15,15,37,5,74,74,74,74,74,74,19,74,70,70,70,43,22,0,0],"gold":578,"neow_bonus":"NOSTALGIA","is_daily":false,"chose_seed":false,"campfire_upgraded":1,"win_rate":0.0,"timestamp":1609234502,"path_taken":["M","?","M","WH","?","E","WH","M","T","R","WH","WH","R","WH","R","BOSS","M","WH","M","M","WH","E","M","WH","T","E","R","E","M","M","R","BOSS","M","WH","WH","WH","WH","E","?","M","T","?","?","M","M"],"items_purchased_type":[],"build_version":"2020-12-22","purchased_purges":0,"victory":false,"max_hp_per_floor":[70,70,70,70,70,70,70,70,70,70,70,70,70,70,70,70,70,70,74,74,74,74,74,74,74,74,74,74,74,74,74,74,74,74,74,74,74,74,74,74,74,74,74,74,74,74,74,74],"card_choices":[{"not_picked":["Leap","ClowCardTheMirror"],"picked":"Waterkick","floor":1.0},{"not_picked":["accelerator:PushOut","luka_mod:FireSlash"],"picked":"blazmod:FleetingDawn","floor":3.0},{"not_picked":["theSenshi:TallSilhouette","theForsaken:ChargeAttack"],"picked":"artistmod:FantasyForm","floor":6.0},{"not_picked":["Blind","Replay:Parry"],"picked":"Jack Of All Trades","floor":7.0},{"not_picked":["theMarked:Parkour","Sucker Punch"],"picked":"Bitters","floor":8.0},{"not_picked":["jugglermod: LosePatience","jugglermod: MagicFingers"],"picked":"Master of Strategy","floor":16.0},{"not_picked":["artistmod:VibrantVision","theSenshi:MoonPower"],"picked":"Armaments+1","floor":20.0},{"not_picked":["Coolheaded","Agrypnos:Replanting"],"picked":"alterego_mod:IndependentAction+1","floor":21.0},{"not_picked":["alterego_mod:Stockings+1","ClowCardTheVoice"],"picked":"AbbyMod:EyesOfMadness+1","floor":23.0},{"not_picked":["accelerator:Pull+1","Shockwave"],"picked":"theForsaken:Tranquility","floor":24.0},{"not_picked":["Replay:Sssssssssstrike","Purity"],"picked":"Good Instincts","floor":25.0},{"not_picked":["Acrobatics","ClowCardTheArrow"],"picked":"luka_mod:AlicesGuard+1","floor":27.0},{"not_picked":["alterego_mod:Skirt","chefmod:SearedScallops+1"],"picked":"Dragonkick","floor":29.0},{"not_picked":["AbbyMod:WitchTrial","TheRailgun:Iron_Dust_Vial"],"picked":"Pray","floor":30.0},{"not_picked":["Agrypnos:Verdancy","ReplayTheSpireMod:The Works"],"picked":"accelerator:Roast+1","floor":31.0},{"not_picked":["artistmod:ArtificialArt","Agrypnos:Lotus"],"picked":"ClowCardTheDark","floor":33.0},{"not_picked":["SashWhip+1","Twin Strike+1"],"picked":"Backflip","floor":35.0},{"not_picked":["blazmod:FancifulFlutter+1","jugglermod: ShowOff+1"],"picked":"artistmod:ContrastingClash","floor":40},{"not_picked":["artistmod:ColorCopy+1","Luminous:Light_Spectral_Light"],"picked":"Dart+1","floor":42},{"not_picked":["ClowCardTheVoice+1","artistmod:ColorfulClobber+1"],"picked":"Mind Blast+1","floor":45},{"not_picked":["accelerator:Exchange+1","blazmod:Observant"],"picked":"AbbyMod:Kuroboshi","floor":46}],"player_experience":543809,"relics_obtained":[{"floor":1.0,"key":"LetterFromLob"},{"floor":6.0,"key":"ats:Originium"},{"floor":6.0,"key":"Water_Ring"},{"floor":9.0,"key":"Power_Wrist"},{"floor":23.0,"key":"ats:Originium"},{"floor":23.0,"key":"Lantern"},{"floor":26.0,"key":"Du-Vu Doll"},{"floor":27.0,"key":"ats:Originium"},{"floor":27.0,"key":"PreservedInsect"},{"floor":29.0,"key":"ats:Originium"},{"floor":29.0,"key":"Tiny Chest"},{"floor":40,"key":"Protect_Vest"},{"floor":43,"key":"Regal Pillow"}],"event_choices":[{"cards_removed":["Defend_P"],"damage_healed":0.0,"max_hp_gain":0.0,"max_hp_loss":0.0,"gold_gain":0.0,"event_name":"The Cleric","player_choice":"Card Removal","floor":5.0,"gold_loss":50.0,"damage_taken":0.0},{"damage_healed":55,"gold_gain":0,"player_choice":"Heal","damage_taken":0,"max_hp_gain":0,"max_hp_loss":0,"event_name":"MindBloom","floor":41,"gold_loss":0,"cards_obtained":["Doubt"]},{"damage_healed":0,"gold_gain":0,"player_choice":"Got Potions","damage_taken":0,"max_hp_gain":0,"max_hp_loss":0,"event_name":"Lab","floor":44,"gold_loss":0}],"is_beta":false,"boss_relics":[{"not_picked":["energizedSpire:SpiderWeb","SlaversCollar"],"picked":"Sozu"},{"not_picked":["Coffee Dripper","aspiration:FutureDiary"],"picked":"Replay:Bronze Core"}],"items_purged_floors":[],"is_endless":false,"potions_floor_spawned":[1,6,16,21,23,30,33,35,45],"killed_by":"3 Darklings","ascension_level":2}}