{"host":"sxnl403xm2xmiyj1","time":1609207529,"event":{"mods":["AchievementEnabler","BaseMod","Colored Map","Keyboard Shortcuts","Minty Spire (QoL Compilation)","Quick Restart","StSLib","SuperFastMode"],"gold_per_floor":[109,109,129,129,140,174,190,222,222,222,255,255,30,45,45,147,147,165,181,106,123,133,133,167,167,167,4,29,29,43,58,58,58,58],"floor_reached":33,"playtime":939,"items_purged":["Strike_R"],"score":393,"play_id":"901874d2-5b16-451c-b5e7-bbf53070d509","local_time":"20201229110529","is_ascension_mode":true,"campfire_choices":[{"data":"Dropkick","floor":10.0,"key":"SMITH"},{"data":"Rampage","floor":15.0,"key":"SMITH"},{"data":"Feed","floor":23.0,"key":"SMITH"},{"data":"Rampage","floor":32,"key":"SMITH"}],"circlet_count":0,"master_deck":["Strike_R","Defend_R","Defend_R","Defend_R+1","Bash","Dropkick+1","Pommel Strike+1","Warcry","Pommel Strike","Burning Pact","Twin Strike","Impervious","Evolve","Metallicize","Rampage+1","Metallicize","Feed+1","Rampage+1","Dark Embrace","Seeing Red","Shrug It Off","Metallicize+1","Battle Trance","Shrug It Off+1"],"relics":["Burning Blood","InkBottle","Art of War","Eternal Feather","Busted Crown","Peace Pipe","Toy Ornithopter","Self Forming Clay"],"acts_visited":["Exordium","TheCity"],"potions_floor_usage":[],"damage_taken":[{"damage":7.0,"enemies":"Jaw Worm","floor":1.0,"turns":3.0},{"damage":6.0,"enemies":"2 Louse","floor":3.0,"turns":2.0},{"damage":1.0,"enemies":"Cultist","floor":5.0,"turns":3.0},{"damage":27.0,"enemies":"3 Sentries","floor":6.0,"turns":10.0},{"damage":11.0,"enemies":"Looter","floor":7.0,"turns":3.0},{"damage":16.0,"enemies":"Gremlin Nob","floor":8.0,"turns":3.0},{"damage":24.0,"enemies":"Lagavulin","floor":11.0,"turns":6.0},{"damage":0.0,"enemies":"Large Slime","floor":14.0,"turns":5.0},{"damage":25.0,"enemies":"Hexaghost","floor":16.0,"turns":9.0},{"damage":0.0,"enemies":"2 Thieves","floor":18.0,"turns":3.0},{"damage":19.0,"enemies":"Spheric Guardian","floor":19.0,"turns":5.0},{"damage":21.0,"enemies":"3 Cultists","floor":21.0,"turns":5.0},{"damage":3.0,"enemies":"Snecko","floor":22.0,"turns":6.0},{"damage":13.0,"enemies":"Book of Stabbing","floor":24.0,"turns":5.0},{"damage":43.0,"enemies":"Gremlin Leader","floor":28.0,"turns":10.0},{"damage":7.0,"enemies":"Cultist and Chosen","floor":30.0,"turns":6.0},{"damage":17,"enemies":"Snake Plant","floor":31,"turns":6},{"damage":45,"enemies":"Automaton","floor":33,"turns":8}],"seed_played":"523232068867836694","potions_obtained":[{"floor":1.0,"key":"AttackPotion"},{"floor":7.0,"key":"Regen Potion"},{"floor":11.0,"key":"GamblersBrew"},{"floor":16.0,"key":"DistilledChaos"},{"floor":18.0,"key":"Weak Potion"},{"floor":19.0,"key":"HeartOfIron"},{"floor":22.0,"key":"FearPotion"}],"is_trial":false,"path_per_floor":["M","?","M","?","M","E","M","E","T","R","E","?","$","M","R","B",null,"M","M","?","M","M","R","E","?","T","$","E","?","M","M","R","B"],"character_chosen":"IRONCLAD","items_purchased":["Metallicize","Rampage","Dark Embrace","Seeing Red","Shrug It Off"],"campfire_rested":0,"item_purchase_floors":[13,13,27,27,27],"current_hp_per_floor":[71,76,76,61,66,45,40,39,39,39,21,21,21,27,36,17,77,80,70,70,58,61,70,67,67,67,67,30,30,33,26,38,0,0],"gold":58,"neow_bonus":"REMOVE_TWO","is_daily":false,"chose_seed":false,"campfire_upgraded":4,"win_rate":0.0,"timestamp":1609207529,"path_taken":["M","?","M","?","M","E","M","E","T","R","E","?","$","?","R","BOSS","M","M","?","M","M","R","E","?","T","$","E","?","M","M","R","BOSS"],"items_purchased_type":["Card","Card","Card","Card","Card"],"build_version":"2020-12-22","purchased_purges":1,"victory":false,"max_hp_per_floor":[72,77,77,77,77,77,77,77,77,77,77,77,77,77,77,77,77,80,83,83,86,86,86,90,90,90,90,90,90,94,98,98,98,98],"card_choices":[{"not_picked":["Bloodletting","Shrug It Off"],"picked":"Dropkick","floor":1.0},{"not_picked":["Headbutt","True Grit"],"picked":"Pommel Strike","floor":3.0},{"not_picked":["Thunderclap","Cleave"],"picked":"Warcry","floor":5.0},{"not_picked":["Twin Strike","Fiend Fire"],"picked":"Pommel Strike","floor":6.0},{"not_picked":["Combust","Clothesline"],"picked":"Burning Pact","floor":7.0},{"not_picked":["Clash","Berserk"],"picked":"Twin Strike","floor":8.0},{"not_picked":["Impervious","Flame Barrier","Exhume"],"picked":"SKIP","floor":11.0},{"not_picked":["Flame Barrier","Exhume"],"picked":"Impervious","floor":11.0},{"not_picked":["Heavy Blade","Blood for Blood"],"picked":"Metallicize","floor":14.0},{"not_picked":["Exhume","Offering"],"picked":"Feed","floor":16.0},{"not_picked":[],"picked":"Rampage","floor":18.0},{"not_picked":["Sword Boomerang+1"],"picked":"SKIP","floor":19.0},{"not_picked":["Flex+1"],"picked":"SKIP","floor":21.0},{"not_picked":["Flex"],"picked":"SKIP","floor":22.0},{"not_picked":["Armaments+1"],"picked":"SKIP","floor":24.0},{"not_picked":[],"picked":"Metallicize+1","floor":28.0},{"not_picked":["Thunderclap"],"picked":"SKIP","floor":30.0},{"not_picked":[],"picked":"Shrug It Off+1","floor":31}],"player_experience":132693,"relics_obtained":[{"floor":6.0,"key":"InkBottle"},{"floor":8.0,"key":"Art of War"},{"floor":11.0,"key":"Eternal Feather"},{"floor":24.0,"key":"Peace Pipe"},{"floor":26.0,"key":"Toy Ornithopter"},{"floor":28.0,"key":"Self Forming Clay"}],"event_choices":[{"damage_healed":0.0,"max_hp_gain":5.0,"max_hp_loss":0.0,"gold_gain":0.0,"event_name":"Big Fish","player_choice":"Donut","floor":2.0,"gold_loss":0.0,"damage_taken":0.0},{"damage_healed":0.0,"max_hp_gain":0.0,"max_hp_loss":0.0,"gold_gain":0.0,"event_name":"Shining Light","player_choice":"Entered Light","floor":4.0,"gold_loss":0.0,"damage_taken":15.0,"cards_upgraded":["Defend_R","Pommel Strike"]},{"damage_healed":0.0,"max_hp_gain":0.0,"max_hp_loss":0.0,"gold_gain":0.0,"cards_transformed":["Strike_R"],"event_name":"Transmorgrifier","player_choice":"Transformed","floor":12.0,"gold_loss":0.0,"damage_taken":0.0,"cards_obtained":["Evolve"]},{"cards_removed":["Strike_R"],"damage_healed":0.0,"max_hp_gain":0.0,"max_hp_loss":0.0,"gold_gain":0.0,"event_name":"Beggar","player_choice":"Gave Gold","floor":20.0,"gold_loss":75.0,"damage_taken":0.0},{"damage_healed":0.0,"max_hp_gain":0.0,"max_hp_loss":0.0,"gold_gain":0.0,"event_name":"The Mausoleum","player_choice":"Ignored","floor":25.0,"gold_loss":0.0,"damage_taken":0.0},{"damage_healed":0.0,"max_hp_gain":0.0,"max_hp_loss":0.0,"gold_gain":0.0,"event_name":"Match and Keep!","player_choice":"1 cards matched","floor":29.0,"gold_loss":0.0,"damage_taken":0.0,"cards_obtained":["Battle Trance"]}],"is_beta":false,"boss_relics":[{"not_picked":["Tiny House","Astrolabe"],"picked":"Busted Crown"}],"items_purged_floors":[13],"is_endless":false,"potions_floor_spawned":[1,7,11,16,18,19,22],"killed_by":"Automaton","ascension_level":4}}