{"host":"fx0jzgznoonhlyo3","time":1609231467,"event":{"mods":["AchievementEnabler","BaseMod","Colored Map","Colored Powertips","FTL Soundtrack","Minty Spire (QoL Compilation)","StSLib","SuperFastMode"],"gold_per_floor":[114,126,138,152,152,152,177,195,244,273,273,286,286,306,306,402,402,420,434,434,5,20,46,46,46,72,72,102,102,116,129,129,226,226,242,65,76,93,93,105,122,122,146,146,163,189,199,216,216,216],"floor_reached":51,"playtime":2566,"items_purged":["Strike_R","Strike_R"],"score":835,"play_id":"02cde751-8864-4200-ae49-d0ae4431e09b","local_time":"20201229034427","is_ascension_mode":false,"campfire_choices":[{"data":"Body Slam","floor":6.0,"key":"SMITH"},{"data":"Rampage","floor":11.0,"key":"SMITH"},{"data":"Barricade","floor":15.0,"key":"SMITH"},{"data":"Shrug It Off","floor":25.0,"key":"SMITH"},{"data":"Shrug It Off","floor":29.0,"key":"SMITH"},{"data":"Seeing Red","floor":32.0,"key":"SMITH"},{"data":"Metallicize","floor":42.0,"key":"SMITH"},{"data":"Bash","floor":44.0,"key":"SMITH"},{"data":"Double Tap","floor":49,"key":"SMITH"}],"circlet_count":0,"master_deck":["Strike_R","Defend_R","Defend_R","Defend_R","Bash+1","Warcry","Barricade+1","Rampage+1","Body Slam+1","Seeing Red+1","Clothesline+1","Iron Wave+1","Iron Wave+1","Shrug It Off+1","Shrug It Off+1","Secret Weapon","Body Slam+1","Shrug It Off+1","Seeing Red+1","Berserk","Metallicize+1","Body Slam+1","Entrench+1","Double Tap+1"],"relics":["Burning Blood","Bottled Flame","Potion Belt","Molten Egg 2","Blood Vial","Sozu","InkBottle","Anchor","Dream Catcher","Pen Nib","Gambling Chip","Runic Pyramid","Lantern","Oddly Smooth Stone"],"acts_visited":["Exordium","TheCity","TheBeyond"],"potions_floor_usage":[50,50],"damage_taken":[{"damage":0.0,"enemies":"Small Slimes","floor":1.0,"turns":4.0},{"damage":1.0,"enemies":"Cultist","floor":2.0,"turns":3.0},{"damage":1.0,"enemies":"Jaw Worm","floor":3.0,"turns":3.0},{"damage":10.0,"enemies":"Looter","floor":4.0,"turns":3.0},{"damage":34.0,"enemies":"Gremlin Nob","floor":7.0,"turns":4.0},{"damage":11.0,"enemies":"Gremlin Gang","floor":8.0,"turns":6.0},{"damage":11.0,"enemies":"Lagavulin","floor":10.0,"turns":7.0},{"damage":0.0,"enemies":"3 Louse","floor":12.0,"turns":2.0},{"damage":6.0,"enemies":"Blue Slaver","floor":14.0,"turns":4.0},{"damage":26.0,"enemies":"The Guardian","floor":16.0,"turns":12.0},{"damage":10.0,"enemies":"3 Byrds","floor":18.0,"turns":6.0},{"damage":9.0,"enemies":"Shell Parasite","floor":19.0,"turns":5.0},{"damage":0.0,"enemies":"Centurion and Healer","floor":22.0,"turns":5.0},{"damage":14.0,"enemies":"Slavers","floor":23.0,"turns":7.0},{"damage":1.0,"enemies":"Gremlin Leader","floor":28.0,"turns":4.0},{"damage":0.0,"enemies":"Shelled Parasite and Fungi","floor":30.0,"turns":3.0},{"damage":0.0,"enemies":"3 Cultists","floor":31.0,"turns":4.0},{"damage":0.0,"enemies":"Automaton","floor":33.0,"turns":8.0},{"damage":0.0,"enemies":"3 Shapes","floor":35.0,"turns":3.0},{"damage":0.0,"enemies":"Orb Walker","floor":37.0,"turns":3.0},{"damage":0.0,"enemies":"Maw","floor":38.0,"turns":5.0},{"damage":0.0,"enemies":"Writhing Mass","floor":40.0,"turns":4.0},{"damage":0.0,"enemies":"Spire Growth","floor":41.0,"turns":3.0},{"damage":0.0,"enemies":"Jaw Worm Horde","floor":45.0,"turns":4.0},{"damage":0,"enemies":"Reptomancer","floor":46,"turns":6},{"damage":21,"enemies":"4 Shapes","floor":47,"turns":4},{"damage":0,"enemies":"Transient","floor":48,"turns":4},{"damage":8,"enemies":"Donu and Deca","floor":50,"turns":7}],"seed_played":"221865193573362130","potions_obtained":[{"floor":1.0,"key":"SkillPotion"},{"floor":3.0,"key":"ElixirPotion"},{"floor":7.0,"key":"ColorlessPotion"},{"floor":14.0,"key":"BloodPotion"}],"is_trial":false,"path_per_floor":["M","M","M","M","?","R","E","M","T","E","R","M","?","M","R","B",null,"M","M","T","$","M","E","?","R","T","?","E","R","M","M","R","B",null,"M","$","M","M","$","M","M","R","T","R","M","E","M","M","R","B",null],"character_chosen":"IRONCLAD","items_purchased":["Anchor","Shrug It Off","Secret Weapon","Metallicize"],"campfire_rested":0,"item_purchase_floors":[21,21,21,36],"current_hp_per_floor":[72,72,72,68,68,68,40,35,35,30,30,36,36,38,38,20,72,68,67,67,67,72,64,64,64,64,64,71,71,72,72,72,72,72,72,72,72,72,72,72,72,72,72,72,72,72,57,65,65,72],"gold":216,"neow_bonus":"TRANSFORM_TWO_CARDS","is_daily":false,"chose_seed":false,"campfire_upgraded":9,"win_rate":0.0,"timestamp":1609231467,"path_taken":["M","M","M","M","?","R","E","M","T","E","R","M","?","M","R","BOSS","M","M","?","$","M","E","?","R","T","?","E","R","M","M","R","BOSS","M","$","M","?","$","M","M","R","T","R","M","E","?","M","R","BOSS"],"items_purchased_type":["Relic","Card","Card","Card"],"build_version":"2020-12-22","purchased_purges":2,"victory":true,"max_hp_per_floor":[72,72,72,72,72,72,72,72,72,72,72,72,72,72,72,72,72,72,72,72,72,72,72,72,72,72,72,72,72,72,72,72,72,72,72,72,72,72,72,72,72,72,72,72,72,72,72,72,72,72],"card_choices":[{"not_picked":["Anger","Flame Barrier"],"picked":"Rampage","floor":1.0},{"not_picked":["Thunderclap","Warcry","Perfected Strike"],"picked":"SKIP","floor":2.0},{"not_picked":["Inflame","Second Wind"],"picked":"Body Slam","floor":3.0},{"not_picked":["Inflame","Perfected Strike"],"picked":"Seeing Red","floor":4.0},{"not_picked":["Thunderclap","Pummel","Iron Wave"],"picked":"SKIP","floor":7.0},{"not_picked":["Twin Strike","Sword Boomerang","Thunderclap"],"picked":"SKIP","floor":8.0},{"not_picked":["Clothesline+1","Pommel Strike+1","Hemokinesis+1"],"picked":"SKIP","floor":10.0},{"not_picked":["Pommel Strike+1","Hemokinesis+1"],"picked":"Clothesline+1","floor":10.0},{"not_picked":["Inflame","Dark Embrace"],"picked":"Iron Wave+1","floor":12.0},{"not_picked":["Power Through","Pommel Strike+1"],"picked":"Iron Wave+1","floor":14.0},{"not_picked":["Sword Boomerang+1","Warcry"],"picked":"Shrug It Off+1","floor":18.0},{"not_picked":["Second Wind","Intimidate","Pummel+1"],"picked":"SKIP","floor":19.0},{"not_picked":["Perfected Strike+1","Armaments+1","True Grit"],"picked":"SKIP","floor":22.0},{"not_picked":["Combust+1","Flex","Sword Boomerang+1"],"picked":"SKIP","floor":23.0},{"not_picked":["Dual Wield","Twin Strike+1"],"picked":"Shrug It Off","floor":28.0},{"not_picked":["Warcry","Perfected Strike+1"],"picked":"Seeing Red+1","floor":30.0},{"not_picked":["Pommel Strike+1","Reckless Charge+1","Dual Wield"],"picked":"SKIP","floor":31.0},{"not_picked":["Fiend Fire+1","Corruption"],"picked":"Berserk","floor":33.0},{"not_picked":["Perfected Strike+1","Sword Boomerang+1","True Grit+1"],"picked":"SKIP","floor":35.0},{"not_picked":["Pummel+1","Pommel Strike+1","Clothesline+1"],"picked":"SKIP","floor":37.0},{"not_picked":["Anger+1","Headbutt+1"],"picked":"Body Slam+1","floor":38.0},{"not_picked":["Iron Wave+1","Brutality","Twin Strike+1"],"picked":"SKIP","floor":40.0},{"not_picked":["Iron Wave+1","Anger+1"],"picked":"Entrench+1","floor":41.0},{"not_picked":["Uppercut+1","Twin Strike+1"],"picked":"Double Tap","floor":45.0},{"not_picked":["Disarm","Sword Boomerang+1","Thunderclap+1"],"picked":"SKIP","floor":46},{"not_picked":["Warcry","Second Wind+1","Pummel+1"],"picked":"SKIP","floor":47},{"not_picked":["True Grit+1","Perfected Strike+1","Clash+1"],"picked":"SKIP","floor":48}],"player_experience":3197,"relics_obtained":[{"floor":7.0,"key":"Bottled Flame"},{"floor":9.0,"key":"Potion Belt"},{"floor":10.0,"key":"Molten Egg 2"},{"floor":13.0,"key":"Blood Vial"},{"floor":20.0,"key":"InkBottle"},{"floor":23.0,"key":"Dream Catcher"},{"floor":26.0,"key":"Pen Nib"},{"floor":28.0,"key":"Gambling Chip"},{"floor":43.0,"key":"Lantern"},{"floor":46,"key":"Oddly Smooth Stone"}],"event_choices":[{"cards_removed":["Strike_R"],"damage_healed":0.0,"max_hp_gain":0.0,"max_hp_loss":0.0,"gold_gain":0.0,"event_name":"Bonfire Elementals","player_choice":"Offered Basic","floor":5.0,"gold_loss":0.0,"damage_taken":0.0},{"damage_healed":0.0,"max_hp_gain":0.0,"max_hp_loss":0.0,"gold_gain":0.0,"event_name":"Wheel of Change","player_choice":"Relic","floor":13.0,"gold_loss":0.0,"damage_taken":0.0},{"damage_healed":0.0,"max_hp_gain":0.0,"max_hp_loss":0.0,"gold_gain":0.0,"event_name":"The Library","player_choice":"Read","floor":24.0,"gold_loss":0.0,"damage_taken":0.0,"cards_obtained":["Body Slam"]},{"damage_healed":0.0,"max_hp_gain":0.0,"max_hp_loss":0.0,"gold_gain":0.0,"event_name":"NoteForYourself","player_choice":"Ignored","floor":27.0,"gold_loss":0.0,"damage_taken":0.0}],"is_beta":false,"boss_relics":[{"not_picked":["Velvet Choker","Cursed Key"],"picked":"Sozu"},{"not_picked":["SlaversCollar","Snecko Eye"],"picked":"Runic Pyramid"}],"items_purged_floors":[21,36],"is_endless":false,"potions_floor_spawned":[1,3,7,14,19,30,31,35,45],"ascension_level":0}}