{"host":"hfbeeaxchx6djfso","time":1609266108,"event":{"mods":["AchievementEnabler","Aspiration","BaseMod","Better Third Choice","Colored Map","Downfall","GungeonMod","Hermit","HololiveMod","Infinite Spire","Marisa????????","Minty Spire (QoL Compilation)","Rare Cards Sparkle","Replay The Spire","StSLib","The Cursed","The Servant 0.9.4","The Wild Card"],"gold_per_floor":[115,190,204,214,257,257,257],"floor_reached":6,"playtime":437,"items_purged":[],"score":36,"play_id":"98018720-42fd-493e-857a-d1400463cc70","local_time":"20201229152148","is_ascension_mode":false,"campfire_choices":[],"circlet_count":0,"master_deck":["theWildCard:BasicStrike","theWildCard:BasicStrike","theWildCard:BasicStrike","theWildCard:BasicStrike","theWildCard:BasicDefend","theWildCard:BasicDefend","theWildCard:BasicDefend","theWildCard:BasicDefend","theWildCard:CallToAdventure","theWildCard:Arsene","theWildCard:PaleRider","theWildCard:SeveringSlash","theWildCard:Safeguard","theWildCard:Alice","theWildCard:ArcaneArts"],"relics":["theWildCard:VelvetContract","aspiration:Nostalgia","m_BurningSludge","Quantum Egg"],"acts_visited":["Exordium"],"potions_floor_usage":[],"damage_taken":[{"damage":1,"enemies":"Jaw Worm","floor":1,"turns":3},{"damage":8,"enemies":"infinitespire:Voidling","floor":3,"turns":4},{"damage":0,"enemies":"Small Slimes","floor":4,"turns":3},{"damage":30,"enemies":"Gremlin Nob","floor":6,"turns":3}],"seed_played":"5201357924916734112","potions_obtained":[{"floor":3,"key":"Dexterity Potion"}],"is_trial":false,"path_per_floor":["M","?","M","M","?","E"],"character_chosen":"THE_WILD_CARD","items_purchased":[],"campfire_rested":0,"item_purchase_floors":[],"current_hp_per_floor":[59,53,52,52,28,0,0],"gold":257,"neow_bonus":"NOSTALGIA","is_daily":false,"chose_seed":false,"campfire_upgraded":0,"win_rate":0.0,"timestamp":1609266108,"path_taken":["M","?","?","M","?","E"],"items_purchased_type":[],"build_version":"2020-12-22","purchased_purges":0,"victory":false,"max_hp_per_floor":[60,60,60,60,60,60,60],"card_choices":[{"not_picked":["theWildCard:SacrificialStroke","theWildCard:ArcaneArts"],"picked":"theWildCard:PaleRider","floor":1},{"not_picked":["theWildCard:IdentityTheft","Twin Strike"],"picked":"theWildCard:SeveringSlash","floor":3},{"not_picked":["theWildCard:PaleRider","theWildCard:Abstinence"],"picked":"theWildCard:Safeguard","floor":4},{"not_picked":["Sword Boomerang","Evolve"],"picked":"theWildCard:Alice","floor":5},{"not_picked":["theWildCard:SeveringSlash","theWildCard:Sakuya"],"picked":"theWildCard:ArcaneArts","floor":5}],"player_experience":122788,"relics_obtained":[{"floor":5,"key":"Quantum Egg"}],"event_choices":[{"damage_healed":0,"gold_gain":75,"player_choice":"Touch","damage_taken":6,"max_hp_gain":0,"max_hp_loss":0,"event_name":"FaceTrader","floor":2,"gold_loss":0}],"is_beta":false,"boss_relics":[],"items_purged_floors":[],"is_endless":false,"potions_floor_spawned":[3],"killed_by":"Gremlin Nob","ascension_level":0}}