{"host":"bxdue9bkfm2khp2x","time":1609215290,"event":{"mods":["ATMod(阿瑾Mod)","Aspiration","BaseMod","Better Vampires","Challenge The Spire","Colored Powertips","Conspire","Decade(王小明)","Dota2Spire","Highlight Path","Minty Spire (QoL Compilation)","MostiFishMod","Replay The Spire","RumiaBox-露米娅的神秘盒子","Spicy Shops","StSLib","Td1madao Mod","The Alterego","The Cursed","WarShipGirlsR/战舰少女R mod","noobMod","vexMod","【功能Mod】混沌之环修复补丁","【遗物卡牌】REMEMod","篝火指南"],"gold_per_floor":[117,117,117,42,62,62,77,77,131,158,158,175,175,194,194,293,293,275,255,272,272,272],"floor_reached":21,"playtime":3433,"items_purged":["rmod:defend"],"score":251,"play_id":"7138b583-39cd-4cce-b01a-db5d2f0b75da","local_time":"20201229121450","is_ascension_mode":true,"campfire_choices":[{"data":"AT_LightSaberMaster","floor":6,"key":"SMITH"},{"data":"rmod:steelsupply","floor":8,"key":"SMITH"},{"floor":13,"key":"REST"},{"data":"rmod:ammunitionsupply","floor":15,"key":"SMITH"}],"circlet_count":0,"master_deck":["rmod:strick","rmod:strick","rmod:strick","rmod:strick","rmod:defend","rmod:defend","rmod:defend","rmod:basicallowance","rmod:maingunfire","rmod:highspeedmaneuver","rmod:steelsupply+1","rmod:launchingtorpedo","rmod:mineteam","rmod:ammunitionsupply+1","Sadistic Nature+1","rmod:firesupport","rmod:smokecover","rmod:seals","rmod:diaomin"],"relics":["rmod:firstchargereward","DaveBox","REME_ComplimentaryCards","ice","AT_ATBox","ChiXiaoBlade","SynthV:TestCard","Blue Doll","Quantum Egg","Runic Pyramid"],"acts_visited":["Exordium","TheCity"],"potions_floor_usage":[16],"damage_taken":[{"damage":5,"enemies":"Small Slimes","floor":1,"turns":4},{"damage":1,"enemies":"conspire:RoseBush","floor":5,"turns":5},{"damage":0,"enemies":"Jaw Worm","floor":7,"turns":4},{"damage":45,"enemies":"3 Sentries","floor":10,"turns":10},{"damage":19,"enemies":"Gremlin Gang","floor":12,"turns":4},{"damage":4,"enemies":"Exordium Wildlife","floor":14,"turns":4},{"damage":16,"enemies":"Fading Forest","floor":16,"turns":12},{"damage":0,"enemies":"2 Thieves","floor":18,"turns":4},{"damage":6,"enemies":"Chosen","floor":20,"turns":6},{"damage":27,"enemies":"Snecko","floor":21,"turns":6}],"seed_played":"6635523114544188125","potions_obtained":[{"floor":10,"key":"DuplicationPotion"},{"floor":14,"key":"SkillPotion"},{"floor":19,"key":"Dota2Spire:Clarity"}],"is_trial":false,"path_per_floor":["M","?","?","$","M","R","M","R","T","E","?","M","R","M","R","B",null,"M","?","M","M"],"character_chosen":"PRAEFECT","items_purchased":[],"campfire_rested":1,"item_purchase_floors":[],"current_hp_per_floor":[63,68,68,68,67,67,67,67,67,22,22,3,27,23,23,15,64,64,64,58,31,31],"gold":272,"neow_bonus":"THREE_CARDS","is_daily":false,"chose_seed":false,"campfire_upgraded":3,"win_rate":0.0,"timestamp":1609215290,"path_taken":["M","?","?","$","?","R","?","R","T","E","?","M","R","M","R","BOSS","M","?","?","M"],"items_purchased_type":[],"build_version":"2020-12-22","purchased_purges":1,"victory":false,"max_hp_per_floor":[75,80,80,80,80,80,80,80,80,80,80,80,80,80,80,80,80,80,80,80,80,80],"card_choices":[{"not_picked":["rmod:supportescort","rmod:victimresponsibility"],"picked":"rmod:steelsupply","floor":1},{"not_picked":["rmod:highspeedshooting","rmod:steelsupply","rmod:diamondstrike","rmod:fletcherpendant"],"picked":"rmod:launchingtorpedo","floor":5},{"not_picked":["rmod:aluminumsupply","rmod:fuelsupply","rmod:slowdown","rmod:diamondstrike"],"picked":"rmod:mineteam","floor":7},{"not_picked":["rmod:lastglory","rmod:openingtorpedo","rmod:fuelsupply","rmod:victimresponsibility"],"picked":"rmod:ammunitionsupply","floor":10},{"not_picked":["rmod:unsinkable","rmod:wolves","rmod:mineteam","rmod:heivgo"],"picked":"rmod:firesupport","floor":12},{"not_picked":["rmod:circuitoustactics","rmod:overbreakdown","rmod:stealaluminum","rmod:supportescort"],"picked":"rmod:smokecover","floor":14},{"not_picked":["rmod:desperatesituation","rmod:stealaluminum","rmod:secretscript","rmod:highspeedmaneuver"],"picked":"rmod:seals","floor":16},{"not_picked":["rmod:diamondstrike","rmod:victimresponsibility","rmod:aluminumsupply+1","rmod:fletcherpendant+1"],"picked":"rmod:diaomin","floor":18},{"not_picked":["rmod:maintain","rmod:ammunitionsupply","rmod:aviationdawn","rmod:diamondstrike","rmod:wasp"],"picked":"SKIP","floor":20}],"player_experience":758737,"relics_obtained":[{"floor":1,"key":"SynthV:TestCard"},{"floor":9,"key":"Blue Doll"},{"floor":10,"key":"Quantum Egg"}],"event_choices":[{"damage_healed":0,"gold_gain":0,"player_choice":"Donut","damage_taken":0,"max_hp_gain":5,"max_hp_loss":0,"event_name":"Big Fish","floor":2,"gold_loss":0},{"damage_healed":0,"gold_gain":0,"player_choice":"Disagree","damage_taken":0,"max_hp_gain":0,"max_hp_loss":0,"event_name":"conspire:LoneGhost","floor":3,"gold_loss":0},{"damage_healed":0,"gold_gain":0,"player_choice":"Bought 1 Potion","damage_taken":0,"max_hp_gain":0,"max_hp_loss":0,"event_name":"The Woman in Blue","floor":19,"gold_loss":0}],"is_beta":false,"boss_relics":[{"not_picked":["Black Star","REME_ChargedStone"],"picked":"Runic Pyramid"}],"items_purged_floors":[4],"is_endless":false,"potions_floor_spawned":[10,14],"killed_by":"Snecko","ascension_level":8}}