{"host":"Zion","time":1609224466,"event":{"mods":["AchievementEnabler","BaseMod","Colored Map","DeckTracker","Minty Spire (QoL Compilation)","Quick Restart","Rare Cards Sparkle"],"gold_per_floor":[113,113,113,3,22,47,66,66,66,83,106,106,134,145,145,249,249,266,292,309,309,309],"floor_reached":21,"playtime":1137,"items_purged":["Strike_R"],"score":268,"play_id":"6ee13e1e-b5dc-49aa-b8f8-1c1c16ad535e","local_time":"20201229154746","is_ascension_mode":true,"campfire_choices":[{"data":"Dark Embrace","floor":8.0,"key":"SMITH"},{"data":"Second Wind","floor":12.0,"key":"SMITH"},{"data":"Shrug It Off","floor":15.0,"key":"SMITH"}],"circlet_count":0,"master_deck":["Strike_R","Strike_R","Defend_R","Defend_R","Defend_R","Defend_R","Bash+1","Cleave","Second Wind+1","Dark Embrace+1","Shrug It Off+1","Dropkick","Immolate","Shrug It Off+1","Sentinel","Clash","Perfected Strike"],"relics":["Black Blood","NeowsBlessing","Thread and Needle","Torii","Du-Vu Doll","Red Mask"],"acts_visited":["Exordium","TheCity"],"potions_floor_usage":[],"damage_taken":[{"damage":0.0,"enemies":"Small Slimes","floor":1.0,"turns":1.0},{"damage":0.0,"enemies":"Cultist","floor":5.0,"turns":1.0},{"damage":0.0,"enemies":"3 Sentries","floor":6.0,"turns":1.0},{"damage":11.0,"enemies":"Jaw Worm","floor":7.0,"turns":4.0},{"damage":0.0,"enemies":"Large Slime","floor":10.0,"turns":5.0},{"damage":14.0,"enemies":"Gremlin Nob","floor":13.0,"turns":4.0},{"damage":2.0,"enemies":"Blue Slaver","floor":14.0,"turns":4.0},{"damage":26.0,"enemies":"The Guardian","floor":16.0,"turns":15.0},{"damage":20.0,"enemies":"Shell Parasite","floor":18.0,"turns":8.0},{"damage":24.0,"enemies":"Masked Bandits","floor":19.0,"turns":4.0},{"damage":44,"enemies":"Spheric Guardian","floor":20,"turns":10}],"seed_played":"2582500469252397028","potions_obtained":[{"floor":5.0,"key":"Fire Potion"},{"floor":7.0,"key":"Weak Potion"},{"floor":14.0,"key":"Strength Potion"}],"is_trial":false,"path_per_floor":["M","?","?","$","M","E","M","R","T","M","T","R","E","M","R","B",null,"M","?","M","?"],"character_chosen":"IRONCLAD","items_purchased":["Second Wind"],"campfire_rested":0,"item_purchase_floors":[4],"current_hp_per_floor":[80,85,85,85,85,85,80,80,80,85,85,85,77,81,81,61,79,71,59,27,27,27],"gold":309,"neow_bonus":"THREE_ENEMY_KILL","is_daily":false,"chose_seed":false,"campfire_upgraded":3,"win_rate":0.0,"timestamp":1609224466,"path_taken":["M","?","?","$","M","E","M","R","T","?","?","R","E","M","R","BOSS","M","?","M","?"],"items_purchased_type":["Card"],"build_version":"2020-12-18","purchased_purges":1,"victory":false,"max_hp_per_floor":[80,85,85,85,85,85,85,85,85,85,85,85,85,85,85,85,85,85,85,85,85,85],"card_choices":[{"not_picked":["Rupture","Headbutt"],"picked":"Cleave","floor":1.0},{"not_picked":["Intimidate","Clash","Sword Boomerang"],"picked":"SKIP","floor":5.0},{"not_picked":["Carnage","Cleave"],"picked":"Dark Embrace","floor":6.0},{"not_picked":["Iron Wave","Havoc","Burning Pact"],"picked":"SKIP","floor":7.0},{"not_picked":["Intimidate","Anger","Limit Break"],"picked":"SKIP","floor":10.0},{"not_picked":["Metallicize","Perfected Strike"],"picked":"Shrug It Off","floor":13.0},{"not_picked":["Flame Barrier","True Grit"],"picked":"Dropkick","floor":14.0},{"not_picked":["Reaper","Fiend Fire"],"picked":"Immolate","floor":16.0},{"not_picked":["Body Slam","Heavy Blade","Pommel Strike"],"picked":"SKIP","floor":18.0},{"not_picked":["Flex","Uppercut"],"picked":"Shrug It Off+1","floor":19.0},{"not_picked":["Twin Strike+1","Metallicize"],"picked":"Sentinel","floor":20}],"player_experience":192806,"relics_obtained":[{"floor":6.0,"key":"Thread and Needle"},{"floor":9.0,"key":"Torii"},{"floor":13.0,"key":"Du-Vu Doll"},{"floor":19.0,"key":"Red Mask"}],"event_choices":[{"damage_healed":0.0,"max_hp_gain":5.0,"max_hp_loss":0.0,"gold_gain":0.0,"event_name":"Big Fish","player_choice":"Donut","floor":2.0,"gold_loss":0.0,"damage_taken":0.0},{"damage_healed":0.0,"max_hp_gain":0.0,"max_hp_loss":0.0,"gold_gain":0.0,"event_name":"Upgrade Shrine","player_choice":"Upgraded","floor":3.0,"gold_loss":0.0,"damage_taken":0.0,"cards_upgraded":["Bash"]},{"damage_healed":0.0,"max_hp_gain":0.0,"max_hp_loss":0.0,"gold_gain":0.0,"event_name":"Masked Bandits","player_choice":"Fought Bandits","floor":19.0,"gold_loss":0.0,"damage_taken":0.0},{"damage_healed":0,"gold_gain":0,"cards_transformed":["Strike_R","Strike_R"],"player_choice":"Became Test Subject","damage_taken":0,"max_hp_gain":0,"max_hp_loss":0,"event_name":"Drug Dealer","floor":21,"gold_loss":0,"cards_obtained":["Clash","Perfected Strike"]}],"is_beta":true,"boss_relics":[{"not_picked":["Snecko Eye","Tiny House"],"picked":"Black Blood"}],"items_purged_floors":[4],"is_endless":false,"potions_floor_spawned":[5,7,14],"ascension_level":5}}