{"host":"9qh03gjyvt0jixwo","time":1609245396,"event":{"mods":["BaseMod","Colored Map","Colored Powertips","Decade(Õı–°√˜)","Friendly Minions","Highlight Path","Koishi","Marisa£®ÏF”Í°°ƒß¿Ì…≥£©","Minty Spire (QoL Compilation)","Reimu£®≤©¿ˆ¡È√Œ£©","Remilia£®¿Ÿ√◊¿Ú—«£©","StSLib","Td1madao Mod","The Cursed","The Hierophant","Youmu£®ªÍ∆«—˝√Œ£©"],"gold_per_floor":[116,136,18,36,56,56,70,70,96,96,96,107,67,67,67,172,172,185,185,197,197,167,167,187,187,240,255,282,282,282,300,300,405,405,423,440,452,72,72,72,72],"floor_reached":40,"playtime":2340,"items_purged":["Koishi:BasicStrike"],"score":398,"play_id":"1ef39eda-66e8-4d9f-8f50-46b4cb8ec1e8","local_time":"20201229203636","is_ascension_mode":false,"campfire_choices":[{"data":"Koishi:HeartAttack","floor":6,"key":"SMITH"},{"floor":11,"key":"REST"},{"data":"Koishi:SpiritedAway","floor":15,"key":"SMITH"},{"floor":23,"key":"REST"},{"floor":25,"key":"REST"},{"floor":30,"key":"REST"},{"floor":32,"key":"REST"}],"circlet_count":0,"master_deck":["Koishi:BasicStrike","Koishi:BasicStrike","Koishi:BasicStrike","Koishi:BasicDefend","Koishi:BasicDefend","Koishi:BasicDefend","Koishi:BasicDefend","Koishi:Provoke+1","Koishi:HauntingSlash","Koishi:SpiritedAway+1","Koishi:SubconsciousSweep+1","Koishi:IdleWhim","Koishi:HeartAttack+1","Koishi:Jaunt","Koishi:RorschachInDanmaku","Koishi:RorschachInDanmaku","Koishi:Prune","Koishi:TerrifyingSpectre","Koishi:ReleaseOfTheId","Koishi:MassHysteria","Koishi:Whimsy","Koishi:ParalyzingFear","Koishi:PhilosophyOfTheDespised+1","Koishi:VengefulSpirit","Koishi:RorschachInDanmaku","Koishi:Heartbroken","Koishi:SpiritedAway","Koishi:FreudianInstinct+1","Koishi:ReleaseOfTheId"],"relics":["Koishi:ImaginaryFriend","NeowsBlessing","Mastiff:ReiMu","PaintedHorse:ReiMu","SlaversCollar","Enchiridion","Happy Flower","MealTicket","Koishi:ColorfulDays","Orichalcum"],"acts_visited":["Exordium","TheCity","TheBeyond"],"potions_floor_usage":[16,27,27,28,28,37,40],"damage_taken":[{"damage":0,"enemies":"Small Slimes","floor":1,"turns":2},{"damage":0,"enemies":"Jaw Worm","floor":2,"turns":1},{"damage":0,"enemies":"Cultist","floor":4,"turns":1},{"damage":3,"enemies":"Large Slime","floor":5,"turns":4},{"damage":6,"enemies":"Looter","floor":7,"turns":3},{"damage":1,"enemies":"Red Slaver","floor":12,"turns":1},{"damage":23,"enemies":"Hexaghost","floor":16,"turns":8},{"damage":12,"enemies":"Spheric Guardian","floor":18,"turns":5},{"damage":8,"enemies":"2 Thieves","floor":20,"turns":4},{"damage":22,"enemies":"Centurion and Healer","floor":24,"turns":5},{"damage":5,"enemies":"3 Cultists","floor":27,"turns":5},{"damage":15,"enemies":"Gremlin Leader","floor":28,"turns":6},{"damage":17,"enemies":"Snake Plant","floor":31,"turns":2},{"damage":19,"enemies":"Champ","floor":33,"turns":9},{"damage":3,"enemies":"Orb Walker","floor":35,"turns":4},{"damage":24,"enemies":"3 Shapes","floor":36,"turns":5},{"damage":25,"enemies":"Jaw Worm Horde","floor":37,"turns":3},{"damage":28,"enemies":"Time Eater","floor":40,"turns":3}],"seed_played":"-7582316283145847406","potions_obtained":[{"floor":4,"key":"Strength Potion"},{"floor":12,"key":"SpeedPotion"},{"floor":20,"key":"PowerPotion"},{"floor":22,"key":"EssenceOfSteel"},{"floor":22,"key":"SteroidPotion"},{"floor":27,"key":"SteroidPotion"},{"floor":33,"key":"ColorlessPotion"}],"is_trial":false,"path_per_floor":["M","M","$","M","M","R","M","$","T","?","R","M","?","$","R","B",null,"M","?","M","?","?","R","M","R","T","M","E","?","R","M","R","B",null,"M","M","M","$","?","B"],"character_chosen":"KOISHI","items_purchased":["Koishi:IdleWhim","Koishi:HeartAttack","Koishi:ReleaseOfTheId","Orichalcum","Regen Potion"],"campfire_rested":5,"item_purchase_floors":[3,3,38,38,38],"current_hp_per_floor":[60,60,60,60,57,57,51,51,51,39,57,56,56,56,56,34,60,48,48,40,24,24,42,20,38,38,33,18,18,36,19,37,19,60,57,34,10,25,25,0,0],"gold":72,"neow_bonus":"THREE_ENEMY_KILL","is_daily":false,"chose_seed":false,"campfire_upgraded":2,"win_rate":0.0,"timestamp":1609245396,"path_taken":["M","M","$","M","M","R","M","$","T","?","R","M","?","$","R","BOSS","M","?","?","?","?","R","M","R","T","?","E","?","R","M","R","BOSS","M","M","?","?","?","BOSS"],"items_purchased_type":["Card","Card","Card","Relic","Potion"],"build_version":"2020-12-22","purchased_purges":1,"victory":false,"max_hp_per_floor":[60,60,60,60,60,60,60,60,60,60,60,60,60,60,60,60,60,60,60,60,60,60,60,60,60,60,60,60,60,60,60,60,60,60,60,60,60,60,60,60,60],"card_choices":[{"not_picked":["Koishi:HeartfeltFancy","Koishi:ParalyzingFear"],"picked":"Koishi:SpiritedAway","floor":1},{"not_picked":["Koishi:FleetingPhantom","Koishi:HeartfeltFancy"],"picked":"Koishi:SubconsciousSweep","floor":2},{"not_picked":["Koishi:UnansweredLove","Koishi:DreadfulBlow"],"picked":"Koishi:Jaunt","floor":4},{"not_picked":["Koishi:BramblyRoseGarden","Koishi:CatchAndRose"],"picked":"Koishi:RorschachInDanmaku","floor":5},{"not_picked":["Koishi:SubconsciousSweep","Koishi:SpiritedAway"],"picked":"Koishi:RorschachInDanmaku","floor":7},{"not_picked":["Koishi:ParalyzingFear","Koishi:FormlessExistence"],"picked":"Koishi:Prune","floor":12},{"not_picked":["Koishi:ConfinedInnocent","Koishi:PerfectMindControl"],"picked":"Koishi:TerrifyingSpectre","floor":16},{"not_picked":["Koishi:ReflexRadar","Koishi:VengefulSpirit"],"picked":"Koishi:ReleaseOfTheId","floor":18},{"not_picked":["Koishi:PhantomBarrier","Koishi:EmbryosDream"],"picked":"Koishi:Whimsy","floor":20},{"not_picked":["Koishi:Jaunt","Koishi:GeneticsOfTheUnconscious+1"],"picked":"Koishi:ParalyzingFear","floor":24},{"not_picked":["Koishi:PhantomBarrier+1","Koishi:ParalyzingFear"],"picked":"Koishi:PhilosophyOfTheDespised+1","floor":27},{"not_picked":["Koishi:EmbryosDream","Koishi:RoseHell"],"picked":"Koishi:VengefulSpirit","floor":28},{"not_picked":["Koishi:StingingMind","Koishi:EmbryosDream+1"],"picked":"Koishi:RorschachInDanmaku","floor":31},{"not_picked":["Koishi:TerrifyingSpectre","Koishi:MentalBreakdown"],"picked":"Koishi:Heartbroken","floor":33},{"not_picked":["Koishi:EmbryosDream","Koishi:SpiritedAway","Koishi:PhantomBarrier"],"picked":"SKIP","floor":35},{"not_picked":["Koishi:ReflexRadar","Koishi:PhantomStrike+1"],"picked":"Koishi:SpiritedAway","floor":36},{"not_picked":["Koishi:FourthEye","Koishi:DNAsFlaw+1"],"picked":"Koishi:FreudianInstinct+1","floor":37}],"player_experience":232063,"relics_obtained":[{"floor":9,"key":"Mastiff:ReiMu"},{"floor":21,"key":"Enchiridion"},{"floor":26,"key":"Happy Flower"},{"floor":28,"key":"MealTicket"}],"event_choices":[{"damage_healed":0,"gold_gain":0,"player_choice":"Entered Light","damage_taken":12,"max_hp_gain":0,"max_hp_loss":0,"event_name":"Shining Light","floor":10,"gold_loss":0,"cards_upgraded":["Koishi:Provoke","Koishi:SubconsciousSweep"]},{"damage_healed":0,"gold_gain":0,"player_choice":"»˚«Æ","damage_taken":0,"relics_obtained":["PaintedHorse:ReiMu"],"max_hp_gain":0,"max_hp_loss":0,"event_name":"yidonshenshe","floor":13,"gold_loss":40},{"damage_healed":0,"gold_gain":0,"player_choice":"1 cards matched","damage_taken":0,"max_hp_gain":0,"max_hp_loss":0,"event_name":"Match and Keep!","floor":19,"gold_loss":0,"cards_obtained":["Koishi:MassHysteria"]},{"damage_healed":0,"gold_gain":0,"player_choice":"Obtained Book","damage_taken":16,"max_hp_gain":0,"max_hp_loss":0,"event_name":"Cursed Tome","floor":21,"gold_loss":0},{"damage_healed":0,"gold_gain":0,"player_choice":"Bought 2 Potions","damage_taken":0,"max_hp_gain":0,"max_hp_loss":0,"event_name":"The Woman in Blue","floor":22,"gold_loss":0},{"damage_healed":0,"gold_gain":0,"player_choice":"Ignored","damage_taken":0,"max_hp_gain":0,"max_hp_loss":0,"event_name":"N\u0027loth","floor":29,"gold_loss":0},{"damage_healed":0,"gold_gain":0,"player_choice":"Took Portal","damage_taken":0,"max_hp_gain":0,"max_hp_loss":0,"event_name":"SecretPortal","floor":39,"gold_loss":0}],"is_beta":false,"boss_relics":[{"not_picked":["Black Star","Ectoplasm"],"picked":"SlaversCollar"},{"not_picked":["Philosopher\u0027s Stone","SacredBark"],"picked":"Koishi:ColorfulDays"}],"items_purged_floors":[38],"is_endless":false,"potions_floor_spawned":[4,12,20,27,33],"killed_by":"Time Eater","ascension_level":0}}