{"host":"8g198xe1n7br41jb","time":1609255483,"event":{"mods":["BaseMod","Downfall","Minty Spire (QoL Compilation)","StSLib","SuperFastMode"],"gold_per_floor":[0,18,35,485,585,608,608,608,651,801,801,825,825,866,884,884,884,884],"floor_reached":16,"playtime":1329,"items_purged":[],"score":121,"play_id":"84c8fdec-ad1a-4256-b5dc-091898a06d22","local_time":"20201229162443","is_ascension_mode":true,"campfire_choices":[{"data":"hexamod:Float","floor":1.0,"key":"SMITH"},{"floor":11.0,"key":"REST"},{"floor":13.0,"key":"REST"}],"circlet_count":0,"master_deck":["hexamod:Strike","hexamod:Strike","hexamod:Defend","hexamod:Defend","hexamod:Defend","hexamod:Defend","hexamod:Sear+1","hexamod:Float+1","hexamod:PhantomFireball","hexamod:SecondSeal","Slimebound:Icky","Slimebound:Icky","hexamod:Toasty","hexamod:FlamesFromBeyond","hexamod:ExtraCrispy+1","hexamod:RadiantFlame","hexamod:VolcanoVisage","hexamod:GhostOfSpirePresent"],"relics":["hexamod:SpiritBrand","Dead Branch","White Beast Statue","Turnip"],"acts_visited":["Exordium"],"potions_floor_usage":[16],"damage_taken":[{"damage":0.0,"enemies":"Cultist","floor":2.0,"turns":3.0},{"damage":2.0,"enemies":"Jaw Worm","floor":3.0,"turns":3.0},{"damage":35.0,"enemies":"downfall:Heads","floor":5.0,"turns":5.0},{"damage":3.0,"enemies":"Small Slimes","floor":6.0,"turns":3.0},{"damage":14.0,"enemies":"3 Sentries","floor":9.0,"turns":6.0},{"damage":15.0,"enemies":"3 Louse","floor":12.0,"turns":3.0},{"damage":4.0,"enemies":"Lagavulin","floor":14.0,"turns":7.0},{"damage":21.0,"enemies":"Exordium Thugs","floor":15.0,"turns":4.0},{"damage":26,"enemies":"downfall:Silent","floor":16,"turns":6}],"seed_played":"6073401574722088805","potions_obtained":[{"floor":2.0,"key":"Strength Potion"},{"floor":12.0,"key":"Fruit Juice"},{"floor":14.0,"key":"Weak Potion"},{"floor":15.0,"key":"SpeedPotion"}],"is_trial":false,"path_per_floor":["R","M","M","?","?","M","T","?","E","?","R","M","R","E","M","B"],"character_chosen":"THE_SPIRIT","items_purchased":[],"campfire_rested":2,"item_purchase_floors":[],"current_hp_per_floor":[70,70,68,68,33,30,30,30,16,16,37,27,49,45,24,0,0,0],"gold":884,"neow_bonus":"ONE_RARE_RELIC","is_daily":false,"chose_seed":false,"campfire_upgraded":1,"win_rate":0.0,"timestamp":1609255483,"path_taken":["R","M","M","?","?","M","T","?","E","?","R","?","R","E","M","BOSS"],"items_purchased_type":[],"build_version":"2020-12-22","purchased_purges":0,"victory":false,"max_hp_per_floor":[70,70,70,70,70,70,70,70,70,70,70,75,75,75,75,75,75,75],"card_choices":[{"not_picked":["hexamod:Rewind","hexamod:HauntingEcho"],"picked":"hexamod:PhantomFireball","floor":2.0},{"not_picked":["hexamod:SpectralAdrenaline","hexamod:Firestarter"],"picked":"hexamod:SecondSeal","floor":3.0},{"not_picked":["hexamod:FastForward","hexamod:PhantomFireball"],"picked":"hexamod:FlamesFromBeyond","floor":5.0},{"not_picked":["hexamod:SpectralSpark","hexamod:Again","hexamod:GhostflameInferno"],"picked":"SKIP","floor":6.0},{"not_picked":["hexamod:NecessarySacrifice","hexamod:SoulSteal"],"picked":"hexamod:ExtraCrispy+1","floor":9.0},{"not_picked":["hexamod:ExtraCrispy","hexamod:SwordOfDarkness"],"picked":"hexamod:RadiantFlame","floor":12.0},{"not_picked":["hexamod:FastForward","hexamod:DynamicBlow"],"picked":"hexamod:VolcanoVisage","floor":14.0},{"not_picked":["hexamod:HauntingEcho","hexamod:Again"],"picked":"hexamod:GhostOfSpirePresent","floor":15.0}],"player_experience":1190464,"relics_obtained":[{"floor":7.0,"key":"Frozen Egg 2"},{"floor":9.0,"key":"White Beast Statue"},{"floor":14.0,"key":"Turnip"}],"event_choices":[],"is_beta":false,"boss_relics":[],"items_purged_floors":[],"is_endless":false,"potions_floor_spawned":[2,12,14,15],"killed_by":"downfall:Silent","ascension_level":2}}