{"host":"4a0aa7b2d8dxohwr","time":1609237951,"event":{"mods":["ATMod(∞¢Ë™Mod)","Act Like it!","BaseMod","Gensokyo","GifTheSpireLib","Marisa£®ÏF”Í°°ƒß¿Ì…≥£©","Minty Spire (QoL Compilation)","Reimu£®≤©¿ˆ¡È√Œ£©","Remilia£®¿Ÿ√◊¿Ú—«£©","Shop Mod","StSLib","Youmu£®ªÍ∆«—˝√Œ£©","[IsaacMod]“‘»ˆº‚À˛"],"gold_per_floor":[114,132,148,61,81,116,67,93,173,173,173,249,274,287,287,361,361,377,387,387,387,398,428,342,372,372,372,392,420,430,59,59,134,134,148,148,148,164,164,164,180,205,205,234,234,234],"floor_reached":45,"playtime":1924,"items_purged":["Strike_RM"],"score":1349,"play_id":"8db38ef4-0b3a-454f-a7f8-2a3d31880afb","local_time":"20201229183231","is_ascension_mode":true,"campfire_choices":[{"data":"Stigmanizer","floor":10.0,"key":"SMITH"},{"data":"AT_FamilyPortrait","floor":15.0,"key":"SMITH"},{"data":"MastersStateliness","floor":27.0,"key":"SMITH"},{"data":"BatForm","floor":32.0,"key":"SMITH"},{"data":"BloodRain","floor":40,"key":"SMITH"}],"circlet_count":0,"master_deck":["AscendersBane","Strike_RM","Strike_RM","Defend_RM+1","Defend_RM+1","Defend_RM","Defend_RM","RedMoon","ScarletShoot","AT_FamilyPortrait+1","MillenniumVampire","BombardNight+1","DiffusionOfMisfortune","ScarletImprint","Stigmanizer+1","BatForm+1","ChainGang","BloodyCatastrophe","MastersStateliness+1","NightDance+1","ScarletDevilSign","BloodRain+1","MillenniumVampire","ScarletSymphony+1","Ultimatum+1"],"relics":["ScarletHat","AT_ATBox","HushsDoor","GuppysTail","Boot","Tiny Chest","Whetstone","Question Card","Gensokyo:YoukaiFlower","White Beast Statue","Orichalcum","Lantern","AT_TrinityForce","GuppysPaw","Gensokyo:DirgeOfMelancholy","EdensBlessing","PreservedInsect","AT_BellDemon","Incense Burner","AT_TimeSand","Anchor","Dream Catcher","GnawedLeaf","Happy Flower","Strawberry","Lee\u0027s Waffle","Damocles","PureWhite:ReiMu","APieceOfRedMist","Eternal Feather","Bag of Marbles","Toxic Egg 2","SteamSale","War Paint","The Courier","Ornamental Fan","Oddly Smooth Stone"],"acts_visited":["Gensokyo:Gensokyo","Gensokyo:Gensokyoer","TheBeyond"],"potions_floor_usage":[],"damage_taken":[{"damage":0.0,"enemies":"Gensokyo:Python","floor":1.0,"turns":3.0},{"damage":0.0,"enemies":"Gensokyo:3_Fairies","floor":2.0,"turns":5.0},{"damage":2.0,"enemies":"Gensokyo:Gryphon","floor":3.0,"turns":4.0},{"damage":0.0,"enemies":"Gensokyo:LivingMonolith","floor":5.0,"turns":3.0},{"damage":22.0,"enemies":"Gensokyo:Aya","floor":6.0,"turns":6.0},{"damage":0.0,"enemies":"Gensokyo:Mamizou","floor":8.0,"turns":7.0},{"damage":0.0,"enemies":"Gensokyo:Aya","floor":13.0,"turns":3.0},{"damage":0.0,"enemies":"Gensokyo:5_Fairies","floor":14.0,"turns":4.0},{"damage":0.0,"enemies":"Gensokyo:Reimu","floor":16.0,"turns":7.0},{"damage":4.0,"enemies":"Gensokyo:2_Gloops","floor":18.0,"turns":3.0},{"damage":4.0,"enemies":"Gensokyo:Chomper","floor":19.0,"turns":4.0},{"damage":4.0,"enemies":"Gensokyo:Slime_Group","floor":22.0,"turns":2.0},{"damage":4.0,"enemies":"Gensokyo:Tenshi","floor":23.0,"turns":1.0},{"damage":0.0,"enemies":"Gensokyo:Koishi","floor":25.0,"turns":3.0},{"damage":22.0,"enemies":"Gensokyo:Wraith","floor":28.0,"turns":3.0},{"damage":4.0,"enemies":"Gensokyo:Tenshi","floor":29.0,"turns":1.0},{"damage":13.0,"enemies":"Gensokyo:Mirror_and_Dog","floor":30.0,"turns":2.0},{"damage":82.0,"enemies":"Gensokyo:Eiki","floor":33.0,"turns":4.0},{"damage":0.0,"enemies":"3 Shapes","floor":35.0,"turns":1.0},{"damage":4,"enemies":"Orb Walker","floor":38,"turns":2},{"damage":4,"enemies":"Writhing Mass","floor":41,"turns":4},{"damage":0,"enemies":"Giant Head","floor":42,"turns":2},{"damage":0,"enemies":"Reptomancer","floor":44,"turns":2},{"damage":0,"enemies":"Transient","floor":45,"turns":3}],"seed_played":"-3196851115873099694","potions_obtained":[{"floor":1.0,"key":"FearPotion"},{"floor":5.0,"key":"SteroidPotion"},{"floor":13.0,"key":"DuplicationPotion"},{"floor":14.0,"key":"Dexterity Potion"},{"floor":18.0,"key":"Explosive Potion"},{"floor":28.0,"key":"Explosive Potion"},{"floor":33.0,"key":"GamblersBrew"},{"floor":38,"key":"Strength Potion"},{"floor":42,"key":"Energy Potion"}],"is_trial":false,"path_per_floor":["M","M","M","COS","M","E","$","E","T","R","?","T","E","M","R","B",null,"M","M","?","T","M","E","COS","E","T","R","M","E","M","$","R","B",null,"M","?","?","M","T","R","M","E","T","E","M"],"character_chosen":"REMILIA","items_purchased":["Stigmanizer","GuppysPaw","Strawberry","Lee\u0027s Waffle"],"campfire_rested":0,"item_purchase_floors":[7,17,31,31],"current_hp_per_floor":[70,70,69,69,70,53,53,53,53,53,53,53,56,56,56,61,66,62,60,60,60,57,53,53,55,55,55,34,30,25,81,81,22,66,66,66,66,64,64,76,80,81,81,81,0,0],"gold":234,"neow_bonus":"TEN_PERCENT_HP_BONUS","is_daily":false,"chose_seed":false,"campfire_upgraded":5,"win_rate":0.0,"timestamp":1609237951,"path_taken":["M","M","M","COS","M","E","$","E","T","R","?","?","E","M","R","BOSS","M","M","?","?","M","E","COS","E","T","R","?","E","M","$","R","BOSS","M","?","?","M","?","R","M","E","T","E","M"],"items_purchased_type":["Card","Relic","Relic","Relic"],"build_version":"2020-12-22","purchased_purges":1,"victory":false,"max_hp_per_floor":[77,77,77,77,77,77,77,77,77,77,77,77,77,77,77,77,67,67,67,67,67,67,67,67,67,67,67,67,67,67,81,81,81,81,81,81,81,81,81,81,81,81,81,81,81,81],"card_choices":[{"not_picked":["Maim","ScarletDevil"],"picked":"MillenniumVampire","floor":1.0},{"not_picked":["UnstableMagic","BloodHunter"],"picked":"BombardNight","floor":2.0},{"not_picked":["ScarletDream","CeilingFear"],"picked":"NightDance","floor":3.0},{"not_picked":["UnderTheZenith","UnstableMagic"],"picked":"DiffusionOfMisfortune","floor":5.0},{"not_picked":["VampirishNight","BadLadyScramble"],"picked":"ScarletImprint","floor":6.0},{"not_picked":["UnderTheZenith","UnstableMagic"],"picked":"BatForm","floor":8.0},{"not_picked":["FavorOfDestiny","VampireKiss","SuperhumanBloodyKnife"],"picked":"ChainGang","floor":13.0},{"not_picked":["VampireKiss","EndlessAdversity","RedRainbow","UnderTheZenith"],"picked":"SKIP","floor":14.0},{"not_picked":["HellCatastrophe","EquivalentExchange","BloodySeventeenLaser"],"picked":"BloodyCatastrophe","floor":16.0},{"not_picked":["UnstableMagic+1","FitfulNightmare","BloodHunter","HunterOfTheNight"],"picked":"SKIP","floor":18.0},{"not_picked":["ForbiddenFruit","RedNightlessCastle+1","UnstableMagic","BombardNight"],"picked":"SKIP","floor":19.0},{"not_picked":["CharismaGuard","ScarletSymphony+1","VampireSweep"],"picked":"MastersStateliness","floor":22.0},{"not_picked":["VampirishNight","EndlessAdversity","BombardNight"],"picked":"NightDance+1","floor":23.0},{"not_picked":["UnderTheZenith","ChainGang","BloodyTrap","EmergencyRegeneration"],"picked":"SKIP","floor":25.0},{"not_picked":["EndlessAdversity","Stigmanizer","Maim","StarOfDavid"],"picked":"SKIP","floor":28.0},{"not_picked":["BatForm","FitfulNightmare","ScarletImprint"],"picked":"ScarletDevilSign","floor":29.0},{"not_picked":["ScarletGensokyo","ForbiddenFruit","FavorOfDestiny","UltimateOffering+1"],"picked":"SKIP","floor":30.0},{"not_picked":["TransientEternity","CurseOfVladTepes","ChaoticDestiny"],"picked":"BloodRain","floor":33.0},{"not_picked":["FitfulNightmare","BloodyMagicSquare","Stigmanizer","VampireClaw"],"picked":"SKIP","floor":35.0},{"not_picked":["FavorOfDestiny","EndlessAdversity+1","Septette"],"picked":"MillenniumVampire","floor":38},{"not_picked":["DiffusionOfMisfortune","Maim+1","NightDance","UnderTheZenith+1"],"picked":"SKIP","floor":41},{"not_picked":["SuperhumanBloodyKnife+1","VampireFantasy+1","AfternoonTea+1"],"picked":"ScarletSymphony+1","floor":42},{"not_picked":["UnderTheZenith+1","FavorOfDestiny+1","EndlessAdversity+1"],"picked":"Ultimatum+1","floor":44}],"player_experience":405444,"relics_obtained":[{"floor":6.0,"key":"Tiny Chest"},{"floor":8.0,"key":"Whetstone"},{"floor":9.0,"key":"Question Card"},{"floor":12.0,"key":"White Beast Statue"},{"floor":13.0,"key":"Lantern"},{"floor":21.0,"key":"EdensBlessing"},{"floor":23.0,"key":"PreservedInsect"},{"floor":25.0,"key":"AT_BellDemon"},{"floor":26.0,"key":"Incense Burner"},{"floor":28.0,"key":"AT_TimeSand"},{"floor":29.0,"key":"Dream Catcher"},{"floor":29.0,"key":"GnawedLeaf"},{"floor":30.0,"key":"Happy Flower"},{"floor":33.0,"key":"PureWhite:ReiMu"},{"floor":35.0,"key":"Eternal Feather"},{"floor":38,"key":"Bag of Marbles"},{"floor":41,"key":"Toxic Egg 2"},{"floor":42,"key":"SteamSale"},{"floor":42,"key":"War Paint"},{"floor":43,"key":"The Courier"},{"floor":44,"key":"Ornamental Fan"},{"floor":44,"key":"Oddly Smooth Stone"}],"event_choices":[{"damage_healed":0,"gold_gain":0,"cards_transformed":["Strike_RM"],"player_choice":"Transformed","damage_taken":0,"max_hp_gain":0,"max_hp_loss":0,"event_name":"Transmorgrifier","floor":36,"gold_loss":0,"cards_obtained":["ScarletDevilSign"]},{"cards_removed":["ScarletDevilSign"],"damage_healed":0,"gold_gain":0,"player_choice":"Removed Attack","damage_taken":0,"max_hp_gain":0,"max_hp_loss":0,"event_name":"Falling","floor":37,"gold_loss":0}],"is_beta":false,"boss_relics":[{"not_picked":["Snecko Eye","RedLine:ReiMu"],"picked":"AT_TrinityForce"},{"not_picked":[]},{"not_picked":["Busted Crown","Calling Bell"],"picked":"APieceOfRedMist"},{"not_picked":[]}],"items_purged_floors":[31],"is_endless":false,"potions_floor_spawned":[1,5,13,14,16,18,19,22,23,25,28,29,30,33,35,38,41,42],"killed_by":"Transient","ascension_level":14}}