{"host":"0ydzwspkajt4brzd","time":1609217876,"event":{"mods":["AchievementEnabler","BaseMod","Colored Map","DeckTracker","Googly Eyes","Highlight Path","Minty Spire (QoL Compilation)","Quick Restart","Random Character Button","Rare Cards Sparkle"],"gold_per_floor":[110,123,123,123,138,170,182,228,240,269,281,327,339,368,380,392,392],"floor_reached":16,"playtime":976,"items_purged":[],"score":168,"play_id":"580f1418-afd7-402e-b319-f4428f09a135","local_time":"20201228205756","is_ascension_mode":true,"campfire_choices":[{"data":"Pommel Strike","floor":7,"key":"SMITH"},{"data":"Bash","floor":11,"key":"SMITH"},{"data":"Cleave","floor":13,"key":"SMITH"},{"data":"True Grit","floor":15,"key":"SMITH"}],"circlet_count":0,"master_deck":["Strike_R","Strike_R","Strike_R","Defend_R","Defend_R","Defend_R","Defend_R","Bash+1","Cleave+1","Shrug It Off","Brutality","Pommel Strike+1","Dropkick","Spot Weakness","True Grit+1"],"relics":["Burning Blood","Pocketwatch","MawBank","Bottled Tornado","Orichalcum","Nunchaku"],"acts_visited":["Exordium"],"potions_floor_usage":[6,14,16,16],"damage_taken":[{"damage":1,"enemies":"Small Slimes","floor":1,"turns":4},{"damage":7,"enemies":"2 Louse","floor":2,"turns":2},{"damage":2,"enemies":"Cultist","floor":5,"turns":4},{"damage":45,"enemies":"Lagavulin","floor":6,"turns":9},{"damage":18,"enemies":"Gremlin Nob","floor":8,"turns":4},{"damage":3,"enemies":"Blue Slaver","floor":10,"turns":4},{"damage":15,"enemies":"Lagavulin","floor":12,"turns":5},{"damage":16,"enemies":"Large Slime","floor":14,"turns":6},{"damage":18,"enemies":"Slime Boss","floor":16,"turns":7}],"seed_played":"3271840247009263021","potions_obtained":[{"floor":1,"key":"Energy Potion"},{"floor":6,"key":"BloodPotion"},{"floor":8,"key":"Swift Potion"},{"floor":10,"key":"SteroidPotion"}],"is_trial":false,"path_per_floor":["M","M","?","?","M","E","R","E","T","M","R","E","R","M","R","B"],"character_chosen":"IRONCLAD","items_purchased":[],"campfire_rested":0,"item_purchase_floors":[],"current_hp_per_floor":[72,71,71,71,72,33,33,21,21,24,24,15,15,19,19,1,1],"gold":392,"neow_bonus":"ONE_RARE_RELIC","is_daily":false,"chose_seed":false,"campfire_upgraded":4,"win_rate":0.0,"timestamp":1609217876,"path_taken":["M","M","?","?","M","E","R","E","T","?","R","E","R","M","R","BOSS"],"items_purchased_type":[],"build_version":"2020-12-22","purchased_purges":0,"victory":false,"max_hp_per_floor":[72,72,72,72,72,72,72,72,72,72,72,72,72,72,72,72,72],"card_choices":[{"not_picked":["Iron Wave","Warcry"],"picked":"Cleave","floor":1},{"not_picked":["Sentinel","Body Slam"],"picked":"Shrug It Off","floor":2},{"not_picked":["Rage","Rampage"],"picked":"Pommel Strike","floor":5},{"not_picked":["Perfected Strike","Corruption"],"picked":"Dropkick","floor":6},{"not_picked":["Clash","Seeing Red","Reckless Charge"],"picked":"SKIP","floor":8},{"not_picked":["Perfected Strike","Iron Wave","Ghostly Armor"],"picked":"SKIP","floor":10},{"not_picked":["Blood for Blood","Clash"],"picked":"Spot Weakness","floor":12},{"not_picked":["Flex","Spot Weakness"],"picked":"True Grit","floor":14}],"player_experience":349024,"relics_obtained":[{"floor":6,"key":"MawBank"},{"floor":8,"key":"Bottled Tornado"},{"floor":9,"key":"Orichalcum"},{"floor":12,"key":"Nunchaku"}],"event_choices":[{"cards_removed":["Strike_R"],"damage_healed":0,"gold_gain":0,"player_choice":"Forget","damage_taken":0,"max_hp_gain":0,"max_hp_loss":0,"event_name":"Living Wall","floor":3,"gold_loss":0},{"damage_healed":0,"gold_gain":0,"cards_transformed":["Strike_R"],"player_choice":"Transformed","damage_taken":0,"max_hp_gain":0,"max_hp_loss":0,"event_name":"Transmorgrifier","floor":4,"gold_loss":0,"cards_obtained":["Brutality"]}],"is_beta":false,"boss_relics":[],"items_purged_floors":[],"is_endless":false,"potions_floor_spawned":[1,6,8,10],"killed_by":"Slime Boss","ascension_level":8}}