{"host":"pfy6u49v5s5r680p","time":1609217905,"event":{"mods":["BaseMod","Colored Map","DeckTracker","Highlight Path","Keyboard Shortcuts","Minty Spire (QoL Compilation)","Permanent Neow","Quick Restart","StSLib","SuperFastMode","everything is the same but u backflip on backflip"],"gold_per_floor":[113,123,133,148,148,182,182,257,281,301,301,318,338,338,338,439,439,449,464,319,319,219,248,248,258,258,285,297,310,327,341,341,341,341],"floor_reached":33,"playtime":1806,"items_purged":["Strike_R","Strike_R"],"score":382,"play_id":"5b3f7f03-1940-4542-af4f-179c9c84c737","local_time":"20201229135825","is_ascension_mode":true,"campfire_choices":[{"data":"Corruption","floor":7.0,"key":"SMITH"},{"data":"Clothesline","floor":11.0,"key":"SMITH"},{"floor":15.0,"key":"REST"},{"floor":24,"key":"REST"},{"floor":32,"key":"REST"}],"circlet_count":0,"master_deck":["Strike_R","Strike_R","Strike_R","Defend_R","Defend_R","Defend_R","Defend_R","Bash","Cleave","Shrug It Off","Clothesline+1","Inflame","Corruption+1","Disarm","Corruption","Seeing Red+1","Whirlwind","Inflame","Sentinel+1","Shockwave+1","Ghostly Armor","Battle Trance","Warcry+1"],"relics":["Burning Blood","Lantern","PreservedInsect","MealTicket","Fusion Hammer","Anchor","Meat on the Bone","Bronze Scales"],"acts_visited":["Exordium","TheCity"],"potions_floor_usage":[33,33],"damage_taken":[{"damage":13.0,"enemies":"Jaw Worm","floor":1.0,"turns":6.0},{"damage":3.0,"enemies":"Cultist","floor":2.0,"turns":4.0},{"damage":10.0,"enemies":"2 Louse","floor":3.0,"turns":2.0},{"damage":23.0,"enemies":"Exordium Thugs","floor":4.0,"turns":4.0},{"damage":0.0,"enemies":"Gremlin Nob","floor":6.0,"turns":2.0},{"damage":1.0,"enemies":"Red Slaver","floor":10.0,"turns":4.0},{"damage":14.0,"enemies":"3 Louse","floor":12.0,"turns":3.0},{"damage":6.0,"enemies":"Blue Slaver","floor":13.0,"turns":4.0},{"damage":57.0,"enemies":"Hexaghost","floor":16.0,"turns":16.0},{"damage":13,"enemies":"Shell Parasite","floor":18,"turns":5},{"damage":32,"enemies":"Spheric Guardian","floor":19,"turns":5},{"damage":25,"enemies":"Book of Stabbing","floor":23,"turns":5},{"damage":15,"enemies":"Centurion and Healer","floor":25,"turns":6},{"damage":14,"enemies":"Slavers","floor":27,"turns":2},{"damage":6,"enemies":"Shelled Parasite and Fungi","floor":28,"turns":5},{"damage":28,"enemies":"Snecko","floor":29,"turns":4},{"damage":15,"enemies":"Snake Plant","floor":30,"turns":5},{"damage":34,"enemies":"Sentry and Sphere","floor":31,"turns":6},{"damage":112,"enemies":"Champ","floor":33,"turns":9}],"seed_played":"-7179052764760567287","potions_obtained":[{"floor":4.0,"key":"Energy Potion"},{"floor":5.0,"key":"Fire Potion"},{"floor":5.0,"key":"EntropicBrew"},{"floor":6.0,"key":"Energy Potion"},{"floor":12.0,"key":"SkillPotion"},{"floor":25,"key":"FearPotion"},{"floor":27,"key":"Explosive Potion"}],"is_trial":false,"path_per_floor":["M","M","M","M","?","E","R","?","T","M","R","M","M","?","R","B",null,"M","M","$","?","$","E","R","M","T","E","M","M","M","M","R","B"],"character_chosen":"IRONCLAD","items_purchased":["Whirlwind"],"campfire_rested":3,"item_purchase_floors":[20],"current_hp_per_floor":[73,76,72,55,55,61,61,50,50,55,55,47,47,47,71,35,80,73,47,62,62,77,58,80,71,71,63,63,53,56,40,64,0,0],"gold":341,"neow_bonus":"THREE_CARDS","is_daily":false,"chose_seed":false,"campfire_upgraded":2,"win_rate":0.0,"timestamp":1609217905,"path_taken":["M","M","M","M","?","E","R","?","T","M","R","M","M","?","R","BOSS","M","M","$","?","$","E","R","M","T","E","M","?","M","M","R","BOSS"],"items_purchased_type":["Card"],"build_version":"2020-12-22","purchased_purges":2,"victory":false,"max_hp_per_floor":[80,80,80,80,80,80,80,80,80,80,80,80,80,80,80,80,80,80,80,80,80,80,80,80,80,80,80,80,80,80,80,80,80,80],"card_choices":[{"not_picked":["Headbutt","Perfected Strike"],"picked":"Cleave","floor":0.0},{"not_picked":["Warcry","Entrench"],"picked":"Shrug It Off","floor":1.0},{"not_picked":["Cleave","Wild Strike","Headbutt"],"picked":"SKIP","floor":2.0},{"not_picked":["Anger","Pummel"],"picked":"Clothesline","floor":3.0},{"not_picked":["Body Slam","Wild Strike"],"picked":"Inflame","floor":4.0},{"not_picked":["Twin Strike","Armaments"],"picked":"Corruption","floor":6.0},{"not_picked":["Flex","Pummel"],"picked":"Disarm","floor":10.0},{"not_picked":["Thunderclap","Iron Wave","Armaments"],"picked":"SKIP","floor":12.0},{"not_picked":["Heavy Blade","Clothesline","Hemokinesis"],"picked":"SKIP","floor":13.0},{"not_picked":["Brutality","Bludgeon"],"picked":"Corruption","floor":16.0},{"not_picked":["Combust","Wild Strike+1","Havoc"],"picked":"SKIP","floor":18},{"not_picked":["Twin Strike","Wild Strike"],"picked":"Seeing Red+1","floor":19},{"not_picked":["Iron Wave+1","Hemokinesis"],"picked":"Sentinel+1","floor":23},{"not_picked":["Entrench","Iron Wave"],"picked":"Shockwave+1","floor":25},{"not_picked":["Sword Boomerang+1","Infernal Blade"],"picked":"Ghostly Armor","floor":27},{"not_picked":["Evolve","Armaments","Shockwave"],"picked":"SKIP","floor":28},{"not_picked":["Havoc","Immolate","Rage"],"picked":"SKIP","floor":29},{"not_picked":["Ghostly Armor","Wild Strike"],"picked":"Battle Trance","floor":30},{"not_picked":["Armaments","True Grit"],"picked":"Warcry+1","floor":31}],"player_experience":48689,"relics_obtained":[{"floor":6.0,"key":"Lantern"},{"floor":9.0,"key":"PreservedInsect"},{"floor":23,"key":"Anchor"},{"floor":26,"key":"Meat on the Bone"},{"floor":27,"key":"Bronze Scales"}],"event_choices":[{"damage_healed":0.0,"max_hp_gain":0.0,"max_hp_loss":0.0,"gold_gain":0.0,"event_name":"Lab","player_choice":"Got Potions","floor":5.0,"gold_loss":0.0,"damage_taken":0.0},{"damage_healed":0.0,"max_hp_gain":0.0,"max_hp_loss":0.0,"gold_gain":75.0,"event_name":"World of Goop","player_choice":"Gather Gold","floor":8.0,"gold_loss":0.0,"damage_taken":11.0},{"damage_healed":0.0,"max_hp_gain":0.0,"max_hp_loss":0.0,"gold_gain":0.0,"event_name":"WeMeetAgain","player_choice":"Gave Potion","floor":14.0,"gold_loss":0.0,"damage_taken":0.0,"relics_obtained":["MealTicket"]},{"damage_healed":0,"gold_gain":0,"player_choice":"Copied","damage_taken":0,"max_hp_gain":0,"max_hp_loss":0,"event_name":"Duplicator","floor":21,"gold_loss":0,"cards_obtained":["Inflame"]}],"is_beta":false,"boss_relics":[{"not_picked":["Snecko Eye","Coffee Dripper"],"picked":"Fusion Hammer"}],"items_purged_floors":[20,22],"is_endless":false,"potions_floor_spawned":[4,6,12,13,25,27,29],"killed_by":"Champ","ascension_level":4}}