{"host":"idmgg8r816nmas40","time":1609238998,"event":{"mods":["AchievementEnabler","AlwaysNeverKeys","BaseMod","BetterRewards","Block Reminder","Colored Map","Colored Powertips","DeckTracker","Googly Eyes","Highlight Path","Hubris","Infinite Spire","Minty Spire (QoL Compilation)","Quick Restart","Relic Stats","Replay The Spire","Shop Mod","StSLib","SuperFastMode","Synergy Search","Transform Curses"],"gold_per_floor":[110,260,312,322,322,361,386,386,412,412,135,155,155,193,193,282,282,312,262,286,22,41,41,78,78,78,106,106,122,122,159,159,167,167],"floor_reached":33,"playtime":1174,"items_purged":["Regret"],"score":772,"play_id":"8f2593dd-3fac-47ad-98d1-cf83dc778524","local_time":"20201229034958","is_ascension_mode":true,"campfire_choices":[{"floor":8,"key":"REST"},{"data":"Go for the Eyes","floor":10,"key":"SMITH"},{"data":"Doubt","floor":13,"key":"PURGE"},{"floor":25,"key":"REST"},{"floor":28,"key":"REST"},{"floor":30,"key":"DIG"}],"circlet_count":0,"master_deck":["AscendersBane","Strike_B","Strike_B","Strike_B","Strike_B","Defend_B","Defend_B","Defend_B","Defend_B","Zap","Dualcast","Storm+1","Ball Lightning+1","Streamline+1","Go for the Eyes+1","Conserve Battery","Defragment+1","Sweeping Beam","Ball Lightning+1","Electrodynamics","Loop","FTL","Stack","Consume","Panic Button","Consume","Conserve Battery+1","White Noise","Stack+1","Barrage+1","ReplayGash","Cold Snap","Storm+1"],"relics":["Cracked Core","Sling","Replay:Accelerometer","Replay:Multitool","infinitespire:Golems Mask","hubris:TenFootPole","Lee\u0027s Waffle","Geode","Replay:Bandana","Replay:Kaleidoscope","hubris:OldNail","Durian","Prayer Wheel","Inserter","Pear","Tiny Chest","hubris:SphereOfDissonance","infinitespire:Lucky Rock","Blue Candle"],"acts_visited":["Exordium","TheCity"],"potions_floor_usage":[6,12,22,27,29,33],"damage_taken":[{"damage":12,"enemies":"Jaw Worm","floor":1,"turns":3},{"damage":2,"enemies":"2 Louse","floor":4,"turns":2},{"damage":27,"enemies":"Gremlin Nob","floor":6,"turns":4},{"damage":1,"enemies":"Cultist","floor":7,"turns":3},{"damage":12,"enemies":"Looter","floor":12,"turns":3},{"damage":23,"enemies":"Lagavulin","floor":14,"turns":5},{"damage":47,"enemies":"Hexaghost","floor":16,"turns":9},{"damage":19,"enemies":"Chosen","floor":18,"turns":4},{"damage":18,"enemies":"3 Byrds","floor":20,"turns":3},{"damage":12,"enemies":"Snake Plant","floor":22,"turns":3},{"damage":52,"enemies":"Slavers","floor":24,"turns":3},{"damage":0,"enemies":"Snecko","floor":27,"turns":3},{"damage":1,"enemies":"Chosen and Byrds","floor":29,"turns":5},{"damage":23,"enemies":"Gremlin Leader","floor":31,"turns":5},{"damage":35,"enemies":"Collector","floor":33,"turns":3}],"seed_played":"6438754811306397505","potions_obtained":[{"floor":4,"key":"EssenceOfSteel"},{"floor":7,"key":"GamblersBrew"},{"floor":12,"key":"SteroidPotion"},{"floor":16,"key":"Block Potion"},{"floor":24,"key":"infinitespire:BlackPotion"},{"floor":27,"key":"Ancient Potion"},{"floor":29,"key":"Venom Potion"}],"is_trial":false,"path_per_floor":["M","?","T","M","?","E","M","R","T","R","$","M","R","E","R","B",null,"M","?","M","$","M","R","E","R","T","M","R","M","R","E","R_BF","B"],"character_chosen":"DEFECT","items_purchased":["Storm","Sling","Replay:Accelerometer","infinitespire:Golems Mask","hubris:TenFootPole","Lee\u0027s Waffle","Defragment+1","Sweeping Beam","Regen Potion","Pear"],"campfire_rested":3,"item_purchase_floors":[0,0,0,0,0,0,11,11,11,21],"current_hp_per_floor":[66,66,66,64,64,37,36,59,59,59,59,56,56,38,62,15,66,47,47,29,39,27,54,2,29,29,29,56,55,55,32,32,0,0],"gold":167,"neow_bonus":"","is_daily":false,"chose_seed":false,"campfire_upgraded":1,"win_rate":0.0,"timestamp":1609238998,"path_taken":["M","?","?","M","?","E","M","R","T","R","$","M","R","E","R","BOSS","M","?","M","$","M","R","E","R","T","M","R","M","R","E","R_BF","BOSS"],"items_purchased_type":["Card","Relic","Relic","Relic","Relic","Relic","Card","Card","Potion","Relic"],"build_version":"2020-12-22","purchased_purges":1,"victory":false,"max_hp_per_floor":[78,78,78,78,78,78,78,78,78,78,78,78,78,83,83,83,83,83,83,83,93,93,93,93,93,93,93,93,93,93,93,93,93,93],"relic_stats":{"Lee\u0027s Waffle":28,"Inserter":[14],"counters":[41,210],"Blue Candle":[6],"Prayer Wheel":5,"Tiny Chest":0,"obtain_stats":[{"Replay:Accelerometer":0,"Lantern":12,"StoneCalendar":17,"Juzu Bracelet":17,"Replay:Multitool":0,"Boot":53,"Sling":0,"Blood Vial":28,"Dream Catcher":26,"Replay:Bandana":5,"Sundial":2,"Pantograph":42,"Strawberry":46,"infinitespire:Golems Mask":0,"Prayer Wheel":16,"Tiny Chest":24,"Kunai":54,"Cracked Core":0,"Potion Belt":9,"Lee\u0027s Waffle":0,"Inserter":17,"Pear":21,"Golden Idol":3,"Blue Candle":27,"Oddly Smooth Stone":0,"hubris:SphereOfDissonance":26,"Geode":3,"Replay:Kaleidoscope":6,"infinitespire:Lucky Rock":30,"Orichalcum":10,"Question Card":0,"MawBank":40,"Cables":17,"WarpedTongs":36,"Calling Bell":0,"Peace Pipe":0,"OrangePellets":0,"SlaversCollar":34,"Cauldron":53,"Shuriken":0,"Orrery":46,"Art of War":43,"hubris:TenFootPole":0,"Durian":14,"Membership Card":22,"Toy Ornithopter":6,"hubris:OldNail":9},{"Replay:Accelerometer":26,"Lantern":9,"StoneCalendar":11,"Juzu Bracelet":11,"Replay:Multitool":26,"Boot":24,"Sling":26,"Blood Vial":15,"Dream Catcher":14,"Replay:Bandana":28,"Sundial":1,"Pantograph":22,"Strawberry":23,"infinitespire:Golems Mask":26,"Prayer Wheel":33,"Tiny Chest":37,"Kunai":25,"Cracked Core":0,"Potion Belt":7,"Lee\u0027s Waffle":3,"Inserter":33,"Pear":35,"Golden Idol":5,"Blue Candle":15,"Oddly Smooth Stone":0,"hubris:SphereOfDissonance":37,"Geode":27,"Replay:Kaleidoscope":29,"infinitespire:Lucky Rock":39,"Orichalcum":8,"Question Card":0,"MawBank":20,"Cables":11,"WarpedTongs":18,"Calling Bell":0,"Peace Pipe":0,"OrangePellets":3,"SlaversCollar":17,"Cauldron":24,"Shuriken":3,"Orrery":23,"Art of War":22,"hubris:TenFootPole":26,"Durian":32,"Membership Card":13,"Toy Ornithopter":7,"hubris:OldNail":30},{"Replay:Accelerometer":152,"Lantern":45,"StoneCalendar":57,"Juzu Bracelet":57,"Replay:Multitool":152,"Boot":141,"Sling":152,"Blood Vial":78,"Dream Catcher":71,"Replay:Bandana":157,"Sundial":4,"Pantograph":125,"Strawberry":132,"infinitespire:Golems Mask":152,"Prayer Wheel":176,"Tiny Chest":194,"Kunai":146,"Cracked Core":0,"Potion Belt":35,"Lee\u0027s Waffle":20,"Inserter":181,"Pear":188,"Golden Idol":28,"Blue Candle":78,"Oddly Smooth Stone":0,"hubris:SphereOfDissonance":194,"Geode":155,"Replay:Kaleidoscope":161,"infinitespire:Lucky Rock":202,"Orichalcum":41,"Question Card":0,"MawBank":113,"Cables":57,"WarpedTongs":101,"Calling Bell":0,"Peace Pipe":0,"OrangePellets":20,"SlaversCollar":94,"Cauldron":141,"Shuriken":20,"Orrery":132,"Art of War":125,"hubris:TenFootPole":152,"Durian":172,"Membership Card":66,"Toy Ornithopter":35,"hubris:OldNail":164}]},"card_choices":[{"not_picked":["Go for the Eyes","Compile Driver"],"picked":"Ball Lightning","floor":1},{"not_picked":["Tempest","Leap"],"picked":"Streamline","floor":4},{"not_picked":["Rebound","Scrape"],"picked":"Go for the Eyes","floor":6},{"not_picked":["Go for the Eyes","Coolheaded"],"picked":"Conserve Battery","floor":7},{"not_picked":["Conserve Battery","Steam"],"picked":"Ball Lightning","floor":12},{"not_picked":["Beam Cell","Gash"],"picked":"ReplayTheSpireMod:Fabricate Wheel","floor":14},{"not_picked":["Reboot","hubris:SpecializedCircuitry"],"picked":"Electrodynamics","floor":16},{"not_picked":["Ball Lightning","Steam"],"picked":"Loop","floor":18},{"not_picked":["Rebound","ReplaySolidLightProjector"],"picked":"FTL","floor":18},{"not_picked":["Barrage","BasicCrystalCard"],"picked":"Stack","floor":20},{"not_picked":["Recycle","Blizzard"],"picked":"Consume","floor":20},{"not_picked":["Leap","Steam Power"],"picked":"Panic Button","floor":22},{"not_picked":["Ball Lightning","BasicCrystalCard"],"picked":"Consume","floor":22},{"not_picked":["Reboot","Force Field+1"],"picked":"Conserve Battery+1","floor":24},{"not_picked":["Gash","Scrape"],"picked":"White Noise","floor":27},{"not_picked":["Beam Cell","Sweeping Beam"],"picked":"Stack+1","floor":27},{"not_picked":["ReplaySort+1","BasicCrystalCard+1"],"picked":"Barrage+1","floor":29},{"not_picked":["Rip and Tear","Self Repair"],"picked":"ReplayGash","floor":29},{"not_picked":["Go for the Eyes","ReplayTheSpireMod:Calculation Training"],"picked":"Cold Snap","floor":31}],"player_experience":1009841,"relics_obtained":[{"floor":3,"key":"Geode"},{"floor":6,"key":"Replay:Kaleidoscope"},{"floor":9,"key":"hubris:OldNail"},{"floor":14,"key":"Durian"},{"floor":24,"key":"Tiny Chest"},{"floor":26,"key":"hubris:SphereOfDissonance"},{"floor":30,"key":"infinitespire:Lucky Rock"},{"floor":31,"key":"Blue Candle"}],"event_choices":[{"damage_healed":0,"gold_gain":150,"player_choice":"AGREE","damage_taken":0,"max_hp_gain":0,"max_hp_loss":0,"event_name":"Liars Game","floor":2,"gold_loss":0,"cards_obtained":["Doubt"]},{"damage_healed":0,"gold_gain":0,"player_choice":"Box","damage_taken":0,"relics_obtained":["Replay:Bandana"],"max_hp_gain":0,"max_hp_loss":0,"event_name":"Big Fish","floor":5,"gold_loss":0,"cards_obtained":["Regret"]},{"damage_healed":0,"gold_gain":0,"player_choice":"Upgraded Two","damage_taken":0,"max_hp_gain":0,"max_hp_loss":0,"event_name":"Designer","floor":19,"gold_loss":50,"cards_upgraded":["Ball Lightning","Ball Lightning"]},{"damage_healed":0,"gold_gain":0,"player_choice":"Copied","damage_taken":0,"max_hp_gain":0,"max_hp_loss":0,"event_name":"Duplicator","floor":32,"gold_loss":0,"cards_obtained":["Storm"]}],"is_beta":false,"boss_relics":[{"not_picked":["hubris:GrandSneckoEye","Empty Cage"],"picked":"Inserter"}],"items_purged_floors":[11],"is_endless":false,"potions_floor_spawned":[4,7,12,16,24,27,29],"killed_by":"Collector","ascension_level":18}}