{"host":"Jackie","time":1609246328,"event":{"mods":["BaseMod","Highlight Path","Minty Spire (QoL Compilation)","Relic Stats","Slay the Relics Exporter","StSLib","Twitch Decklist"],"gold_per_floor":[117,134,151,164,181,216,231,231,231,257,257,257,20,56,56,159,159,59,59,30,30,30,30,30,30,30,30,30,30,30,30,30,30,30,30,30,30,30,30,30,30,30,30,30,30,30,30,30,30,30,30,30,30,30,30,30,30],"floor_reached":56,"playtime":5350,"items_purged":["Strike_G"],"score":2158,"play_id":"aae9188a-4c6b-46b4-a672-6667997d0669","local_time":"20201229045208","is_ascension_mode":true,"campfire_choices":[{"floor":8.0,"key":"REST"},{"data":"Finisher","floor":12.0,"key":"SMITH"},{"data":"Wraith Form v2","floor":15.0,"key":"SMITH"},{"floor":25.0,"key":"REST"},{"floor":32.0,"key":"REST"},{"floor":40.0,"key":"REST"},{"data":"Finisher","floor":42.0,"key":"SMITH"},{"floor":44.0,"key":"REST"},{"floor":47,"key":"RECALL"},{"data":"After Image","floor":49,"key":"SMITH"},{"floor":53,"key":"REST"}],"circlet_count":0,"master_deck":["AscendersBane","Strike_G","Strike_G","Strike_G","Defend_G","Defend_G","Defend_G","Defend_G","Survivor","Neutralize","Dagger Throw","Dagger Spray","Finisher+1","Blade Dance","PiercingWail","Deflect","Wraith Form v2+1","Phantasmal Killer","Acrobatics","Leg Sweep","Slice","Night Terror","PiercingWail","PiercingWail+1","Adrenaline","Terror","Deflect+1","Corpse Explosion","Finisher+1","After Image+1"],"relics":["Runic Pyramid","CeramicFish","Pen Nib","Golden Idol","Gremlin Horn","Ectoplasm","Oddly Smooth Stone","Strawberry","Blue Candle","Snake Skull","Philosopher\u0027s Stone","Ginger","Mercury Hourglass","Mummified Hand","HornCleat"],"acts_visited":["Exordium","TheCity","TheBeyond","TheEnding"],"potions_floor_usage":[46,50,56],"damage_taken":[{"damage":1.0,"enemies":"Cultist","floor":1.0,"turns":4.0},{"damage":1.0,"enemies":"Small Slimes","floor":2.0,"turns":3.0},{"damage":2.0,"enemies":"Jaw Worm","floor":3.0,"turns":4.0},{"damage":9.0,"enemies":"Exordium Thugs","floor":4.0,"turns":4.0},{"damage":1.0,"enemies":"Large Slime","floor":5.0,"turns":5.0},{"damage":30.0,"enemies":"Gremlin Nob","floor":6.0,"turns":4.0},{"damage":3.0,"enemies":"Blue Slaver","floor":7.0,"turns":5.0},{"damage":0.0,"enemies":"2 Fungi Beasts","floor":10.0,"turns":3.0},{"damage":2.0,"enemies":"Lagavulin","floor":14.0,"turns":5.0},{"damage":0.0,"enemies":"Slime Boss","floor":16.0,"turns":7.0},{"damage":15.0,"enemies":"2 Thieves","floor":18.0,"turns":5.0},{"damage":0.0,"enemies":"Chosen","floor":19.0,"turns":4.0},{"damage":3.0,"enemies":"Snake Plant","floor":21.0,"turns":4.0},{"damage":0.0,"enemies":"Snecko","floor":22.0,"turns":5.0},{"damage":9.0,"enemies":"Book of Stabbing","floor":23.0,"turns":5.0},{"damage":0.0,"enemies":"Gremlin Leader","floor":28.0,"turns":3.0},{"damage":0.0,"enemies":"Centurion and Healer","floor":29.0,"turns":7.0},{"damage":10.0,"enemies":"Slavers","floor":30.0,"turns":5.0},{"damage":0.0,"enemies":"Snake Plant","floor":31.0,"turns":8.0},{"damage":11.0,"enemies":"Collector","floor":33.0,"turns":11.0},{"damage":1.0,"enemies":"Orb Walker","floor":35.0,"turns":4.0},{"damage":0.0,"enemies":"Mind Bloom Boss Battle","floor":36.0,"turns":4.0},{"damage":24.0,"enemies":"3 Darklings","floor":38.0,"turns":4.0},{"damage":0.0,"enemies":"Sphere and 2 Shapes","floor":39.0,"turns":7.0},{"damage":19.0,"enemies":"Giant Head","floor":41.0,"turns":7.0},{"damage":0,"enemies":"Nemesis","floor":46,"turns":5},{"damage":0,"enemies":"Jaw Worm Horde","floor":48,"turns":4},{"damage":13,"enemies":"Awakened One","floor":50,"turns":10},{"damage":31,"enemies":"Donu and Deca","floor":51,"turns":6},{"damage":57,"enemies":"Shield and Spear","floor":55,"turns":10},{"damage":23,"enemies":"The Heart","floor":56,"turns":3}],"seed_played":"6744499689623196045","potions_obtained":[{"floor":2.0,"key":"SteroidPotion"},{"floor":3.0,"key":"LiquidBronze"},{"floor":6.0,"key":"Ancient Potion"},{"floor":14.0,"key":"LiquidBronze"},{"floor":16.0,"key":"Strength Potion"},{"floor":31.0,"key":"PowerPotion"},{"floor":39.0,"key":"LiquidMemories"},{"floor":46,"key":"Ancient Potion"}],"is_trial":false,"path_per_floor":["M","M","M","M","M","E","M","R","T","M","?","R","$","E","R","B",null,"M","M","$","M","M","E","?","R","T","$","E","M","E","M","R","B",null,"M","?","$","M","M","R","E","R","T","R","?","E","R","M","R","B","B",null,"R","$","E","B"],"character_chosen":"THE_SILENT","items_purchased":["Wraith Form v2","DuplicationPotion","Slice"],"campfire_rested":6,"item_purchase_floors":[13,13,20],"current_hp_per_floor":[58,57,55,46,45,15,12,31,31,31,31,31,31,29,29,29,52,37,37,37,34,34,25,25,43,50,50,50,50,40,40,60,49,63,62,62,62,38,38,58,39,39,39,59,59,59,59,59,59,46,15,54,67,67,10,0,0],"gold":30,"neow_bonus":"BOSS_RELIC","is_daily":false,"chose_seed":false,"campfire_upgraded":4,"win_rate":0.0,"timestamp":1609246328,"path_taken":["M","M","M","?","M","E","M","R","T","M","?","R","$","E","R","BOSS","M","M","$","M","M","E","?","R","T","?","E","M","E","M","R","BOSS","M","?","$","M","M","R","E","R","T","R","?","E","R","M","R","BOSS","BOSS","R","$","E","BOSS"],"items_purchased_type":["Card","Potion","Card"],"build_version":"2020-12-18","purchased_purges":1,"victory":false,"max_hp_per_floor":[66,66,66,66,66,66,66,66,66,66,60,60,60,60,60,60,60,60,60,60,60,60,60,60,60,67,67,67,67,67,67,67,67,67,67,67,67,67,67,67,67,67,67,67,67,67,67,67,67,67,67,67,67,67,67,67,67],"relic_stats":{"Gremlin Horn":[24,24],"counters":[31,165],"Golden Idol":177,"Mummified Hand":[11],"CeramicFish":36,"Blue Candle":[0],"Pen Nib":[28],"Ectoplasm":864,"Snake Skull":[23],"Ginger":[3],"obtain_stats":[{"Gremlin Horn":14,"Golden Idol":11,"CeramicFish":6,"Blue Candle":28,"Oddly Smooth Stone":23,"Pen Nib":9,"Snake Skull":30,"Ginger":36,"Mercury Hourglass":41,"HornCleat":55,"Mummified Hand":46,"Strawberry":26,"Philosopher\u0027s Stone":34,"Ectoplasm":17,"Ring of the Snake":0,"Runic Pyramid":0},{"Gremlin Horn":9,"Golden Idol":8,"CeramicFish":6,"Blue Candle":16,"Oddly Smooth Stone":15,"Pen Nib":7,"Snake Skull":18,"Ginger":22,"Mercury Hourglass":25,"HornCleat":30,"Mummified Hand":26,"Strawberry":15,"Philosopher\u0027s Stone":20,"Ectoplasm":10,"Ring of the Snake":0,"Runic Pyramid":0},{"Gremlin Horn":37,"Golden Idol":32,"CeramicFish":24,"Blue Candle":70,"Oddly Smooth Stone":67,"Pen Nib":29,"Snake Skull":82,"Ginger":109,"Mercury Hourglass":127,"HornCleat":162,"Mummified Hand":132,"Strawberry":67,"Philosopher\u0027s Stone":101,"Ectoplasm":44,"Ring of the Snake":0,"Runic Pyramid":0}],"Mercury Hourglass":[110]},"card_choices":[{"not_picked":["Outmaneuver","Terror"],"picked":"Dagger Throw","floor":1.0},{"not_picked":["Acrobatics","Backflip","Concentrate"],"picked":"SKIP","floor":2.0},{"not_picked":["Prepared","Flying Knee"],"picked":"Dagger Spray","floor":3.0},{"not_picked":["Blade Dance","Deadly Poison"],"picked":"Finisher","floor":4.0},{"not_picked":["Noxious Fumes","Terror"],"picked":"Blade Dance","floor":5.0},{"not_picked":["Deflect","Acrobatics"],"picked":"PiercingWail","floor":6.0},{"not_picked":["Dash","Outmaneuver","Quick Slash"],"picked":"SKIP","floor":7.0},{"not_picked":["Caltrops","Distraction"],"picked":"Deflect","floor":10.0},{"not_picked":["Flechettes","Dagger Spray","Skewer"],"picked":"SKIP","floor":14.0},{"not_picked":["Unload","Doppelganger"],"picked":"Phantasmal Killer","floor":16.0},{"not_picked":["Concentrate","Blade Dance"],"picked":"Acrobatics","floor":18.0},{"not_picked":["Flying Knee","Quick Slash"],"picked":"Leg Sweep","floor":19.0},{"not_picked":["Deadly Poison+1","Bouncing Flask"],"picked":"Night Terror","floor":21.0},{"not_picked":["Deflect","Leg Sweep","Quick Slash"],"picked":"SKIP","floor":22.0},{"not_picked":["Deflect","Leg Sweep","Quick Slash"],"picked":"SKIP","floor":22.0},{"not_picked":["Poisoned Stab","Flying Knee","Quick Slash"],"picked":"SKIP","floor":23.0},{"not_picked":["Sucker Punch","Setup"],"picked":"PiercingWail+1","floor":28.0},{"not_picked":["Setup","Eviscerate","Accuracy"],"picked":"SKIP","floor":29.0},{"not_picked":["Poisoned Stab+1","Catalyst","Dagger Throw"],"picked":"SKIP","floor":30.0},{"not_picked":["Bane","Skewer+1","PiercingWail"],"picked":"SKIP","floor":31.0},{"not_picked":["Bane","Skewer+1","PiercingWail"],"picked":"SKIP","floor":31.0},{"not_picked":["Doppelganger","Phantasmal Killer"],"picked":"Adrenaline","floor":33.0},{"not_picked":["Blade Dance","Cloak And Dagger"],"picked":"Terror","floor":35.0},{"not_picked":["Bouncing Flask","Quick Slash"],"picked":"Deflect+1","floor":36.0},{"not_picked":["Concentrate","Slice","Well Laid Plans+1"],"picked":"SKIP","floor":38.0},{"not_picked":["Quick Slash","Dodge and Roll"],"picked":"Corpse Explosion","floor":39.0},{"not_picked":["Outmaneuver+1","Bane"],"picked":"Finisher","floor":41.0},{"not_picked":["Bane","Dagger Throw"],"picked":"After Image","floor":46},{"not_picked":["All Out Attack+1","Eviscerate","Deflect"],"picked":"SKIP","floor":48},{"not_picked":["Well Laid Plans","Setup+1","Choke"],"picked":"SKIP","floor":55}],"player_experience":2148626,"relics_obtained":[{"floor":6.0,"key":"CeramicFish"},{"floor":9.0,"key":"Pen Nib"},{"floor":14.0,"key":"Gremlin Horn"},{"floor":23.0,"key":"Oddly Smooth Stone"},{"floor":26.0,"key":"Strawberry"},{"floor":28.0,"key":"Blue Candle"},{"floor":30.0,"key":"Snake Skull"},{"floor":36.0,"key":"Ginger"},{"floor":41.0,"key":"Mercury Hourglass"},{"floor":46,"key":"Mummified Hand"},{"floor":55,"key":"HornCleat"}],"event_choices":[{"damage_healed":0.0,"max_hp_gain":0.0,"max_hp_loss":6.0,"gold_gain":0.0,"event_name":"Golden Idol","player_choice":"Lose Max HP","floor":11.0,"gold_loss":0.0,"damage_taken":0.0,"relics_obtained":["Golden Idol"]},{"damage_healed":0.0,"max_hp_gain":0.0,"max_hp_loss":0.0,"gold_gain":0.0,"cards_transformed":["Strike_G"],"event_name":"Transmorgrifier","player_choice":"Transformed","floor":24.0,"gold_loss":0.0,"damage_taken":0.0,"cards_obtained":["PiercingWail"]},{"damage_healed":0.0,"max_hp_gain":0.0,"max_hp_loss":0.0,"gold_gain":0.0,"event_name":"MindBloom","player_choice":"Fight","floor":36.0,"gold_loss":0.0,"damage_taken":0.0},{"cards_removed":["Defend_G"],"damage_healed":0.0,"max_hp_gain":0.0,"max_hp_loss":0.0,"gold_gain":0.0,"event_name":"Falling","player_choice":"Removed Skill","floor":45.0,"gold_loss":0.0,"damage_taken":0.0}],"is_beta":true,"boss_relics":[{"not_picked":["Snecko Eye","Pandora\u0027s Box"],"picked":"Ectoplasm"},{"not_picked":["Black Star","Astrolabe"],"picked":"Philosopher\u0027s Stone"}],"items_purged_floors":[13],"is_endless":false,"potions_floor_spawned":[2,3,6,14,16,21,22,31,33,39,46,48],"killed_by":"The Heart","ascension_level":20}}