{"host":"grli52lbdph2722t","time":1609209411,"event":{"mods":["AchievementEnabler","BaseMod","Downfall","Minty Spire (QoL Compilation)","Quick Restart","StSLib"],"gold_per_floor":[99,99,99,99,99,99,99,141,141,141,176,251,315,341,362,362,362],"floor_reached":16,"playtime":532,"items_purged":[],"score":228,"play_id":"1c6b0441-8808-49dd-a423-24d5aaa0c55b","local_time":"20201229033651","is_ascension_mode":true,"campfire_choices":[{"floor":1,"key":"RECALL"}],"circlet_count":0,"master_deck":["AscendersBane","sneckomod:Strike","sneckomod:Strike","sneckomod:Defend","sneckomod:Defend","sneckomod:Defend","sneckomod:TailWhip","sneckomod:SnekBite","sneckomod:Unknown","sneckomod:Unknown","sneckomod:UnknownClassRED","sneckomod:Nope","sneckomod:UnknownRareAttack","sneckomod:UnknownUncommonPower","sneckomod:UnknownWeak+1","sneckomod:UnknownRareAttack","sneckomod:UnknownUncommonPower","sneckomod:UnknownUncommonAttack","sneckomod:UnknownClassGREEN+1"],"relics":["sneckomod:SneckoSoul","downfall:HeartsMalice","WarpedTongs","Toxic Egg 2","CeramicFish","Blood Vial","Anchor","White Beast Statue","sneckomod:ConfusingCodex"],"acts_visited":["Exordium"],"potions_floor_usage":[],"damage_taken":[{"damage":0,"enemies":"2 Louse","floor":2,"turns":1},{"damage":0,"enemies":"Cultist","floor":4,"turns":1},{"damage":0,"enemies":"Jaw Worm","floor":6,"turns":1},{"damage":41,"enemies":"Lagavulin","floor":8,"turns":8},{"damage":20,"enemies":"3 Sentries","floor":11,"turns":3},{"damage":13,"enemies":"Lagavulin","floor":13,"turns":6},{"damage":25,"enemies":"Exordium Wildlife","floor":14,"turns":6},{"damage":10,"enemies":"Exordium Thugs","floor":15,"turns":4},{"damage":16,"enemies":"downfall:Defect","floor":16,"turns":4}],"seed_played":"-4594015518229883555","potions_obtained":[{"floor":13,"key":"Strength Potion"},{"floor":14,"key":"Energy Potion"},{"floor":15,"key":"DuplicationPotion"}],"is_trial":false,"path_per_floor":["R","M","?","M","?","M","T","E","?","?","E","T","E","M","M","B"],"character_chosen":"THE_SNECKO","items_purchased":[],"campfire_rested":0,"item_purchase_floors":[],"current_hp_per_floor":[75,76,76,76,77,78,78,42,42,42,25,25,15,20,13,0,0],"gold":362,"neow_bonus":"THREE_ENEMY_KILL","is_daily":false,"chose_seed":false,"campfire_upgraded":0,"win_rate":0.0,"timestamp":1609209411,"path_taken":["R","M","?","?","?","?","T","E","?","?","E","?","E","M","M","BOSS"],"items_purchased_type":[],"build_version":"2020-12-22","purchased_purges":0,"victory":false,"max_hp_per_floor":[83,84,84,84,85,86,86,91,91,91,92,92,93,94,95,95,95],"card_choices":[{"not_picked":["sneckomod:UnknownClassHEXA_GHOST_PURPLE","sneckomod:DiceCrush"],"picked":"sneckomod:UnknownClassRED","floor":2},{"not_picked":["sneckomod:QuickBite","sneckomod:QuickMove"],"picked":"sneckomod:Nope","floor":4},{"not_picked":["sneckomod:UnknownStrength","sneckomod:UnknownClassBLUE"],"picked":"sneckomod:UnknownUncommonPower","floor":6},{"not_picked":["sneckomod:UnknownStrike","sneckomod:DiceCrush"],"picked":"sneckomod:UnknownWeak+1","floor":8},{"not_picked":["sneckomod:UnknownStrength+1","sneckomod:UnknownCommonAttack"],"picked":"sneckomod:UnknownRareAttack","floor":11},{"not_picked":["sneckomod:UnknownVulnerable+1","sneckomod:UnknownUncommonAttack"],"picked":"sneckomod:UnknownUncommonPower","floor":13},{"not_picked":["sneckomod:UnknownWeak+1","sneckomod:SoulRoll+1"],"picked":"sneckomod:UnknownUncommonAttack","floor":14},{"not_picked":["sneckomod:Cheat+1","sneckomod:Nope+1"],"picked":"sneckomod:UnknownClassGREEN+1","floor":15}],"player_experience":4912164,"relics_obtained":[{"floor":7,"key":"Toxic Egg 2"},{"floor":8,"key":"CeramicFish"},{"floor":11,"key":"Anchor"},{"floor":12,"key":"White Beast Statue"},{"floor":13,"key":"sneckomod:ConfusingCodex"}],"event_choices":[{"damage_healed":0,"gold_gain":0,"player_choice":"Rummage","damage_taken":0,"relics_obtained":["WarpedTongs"],"max_hp_gain":0,"max_hp_loss":0,"event_name":"Accursed Blacksmith","floor":3,"gold_loss":0,"cards_obtained":["Pain"]},{"damage_healed":0,"gold_gain":0,"cards_transformed":["sneckomod:Strike"],"player_choice":"Transformed","damage_taken":0,"max_hp_gain":0,"max_hp_loss":0,"event_name":"Transmorgrifier","floor":5,"gold_loss":0,"cards_obtained":["sneckomod:UnknownRareAttack"]},{"cards_removed":["Pain"],"damage_healed":0,"gold_gain":0,"player_choice":"Card Removal","damage_taken":0,"max_hp_gain":0,"max_hp_loss":0,"event_name":"The Cleric","floor":10,"gold_loss":0}],"is_beta":false,"boss_relics":[],"items_purged_floors":[],"is_endless":false,"potions_floor_spawned":[13,14,15],"killed_by":"downfall:Defect","ascension_level":20}}