{"host":"txhhdwa0hqfs4jhb","time":1609264814,"event":{"mods":["AchievementEnabler","BaseMod","Better Third Choice","Downfall","Evolution","Filter the Spire","Minty Spire (QoL Compilation)","Relic Stats","StSLib","Thieving Mod"],"gold_per_floor":[114,130,130,140,90,90,105,105,105,119,34,34,34,65,65,165,165,177,177,30,47,58,58,85,103,103,438,454,454,454,467,467,564,564,583,601,601,119,131,131,149,6,60,60,60,60,60],"floor_reached":46,"playtime":1235,"items_purged":["Pain"],"score":585,"play_id":"1b61502d-4cc2-4e28-9dff-51f7032ba5cf","local_time":"20201229180014","is_ascension_mode":false,"campfire_choices":[{"data":"Neutralize","floor":6,"key":"SMITH"},{"data":"expansioncontent:CaCaw","floor":13,"key":"SMITH"},{"data":"Blade Dance","floor":15,"key":"SMITH"},{"data":"Accuracy","floor":23,"key":"SMITH"},{"floor":32,"key":"REST"},{"floor":40,"key":"REST"},{"floor":44,"key":"REST"}],"circlet_count":0,"master_deck":["Dagger Spray","Dagger Spray","Survivor","Neutralize+1","Poisoned Stab","Quick Slash","Heel Hook","Poisoned Stab","Blade Dance+1","Acrobatics","expansioncontent:CaCaw+1","Venomology","Die Die Die","Heel Hook","Poisoned Stab","Corpse Explosion","Expertise","Wraith Form v2","Blade Dance+1","Accuracy+1","Noxious Fumes+1","Corpse Explosion","Blade Dance+1","Terror+1","Cloak And Dagger+1","Terror+1","Storm of Steel+1","Blur+1","Escape Plan+1","expansioncontent:TimeRipple","Chrysalis+1","PiercingWail+1","Dodge and Roll+1","Choke+1","Dodge and Roll+1"],"relics":["Ring of the Snake","EVO:Axolotl","NeowsBlessing","Strawberry","Ninja Scroll","Vajra","Pandora\u0027s Box","WarpedTongs","Shuriken","Toxic Egg 2","Old Coin","MutagenicStrength","Meat on the Bone","Runic Pyramid","Mercury Hourglass","Medical Kit","Bag of Preparation","Juzu Bracelet","Letter Opener"],"acts_visited":["Exordium","TheCity","TheBeyond"],"potions_floor_usage":[16,16,16,22,25,27,31],"damage_taken":[{"damage":0,"enemies":"Cultist","floor":1,"turns":1},{"damage":0,"enemies":"Small Slimes","floor":2,"turns":1},{"damage":0,"enemies":"Jaw Worm","floor":4,"turns":1},{"damage":5,"enemies":"Exordium Thugs","floor":7,"turns":3},{"damage":0,"enemies":"Blue Slaver","floor":10,"turns":1},{"damage":23,"enemies":"3 Sentries","floor":14,"turns":5},{"damage":0,"enemies":"Hexaghost","floor":16,"turns":6},{"damage":6,"enemies":"Chosen","floor":18,"turns":3},{"damage":20,"enemies":"2 Thieves","floor":21,"turns":2},{"damage":0,"enemies":"Sentry and Sphere","floor":22,"turns":2},{"damage":0,"enemies":"Gremlin Leader","floor":24,"turns":4},{"damage":22,"enemies":"Snake Plant","floor":25,"turns":3},{"damage":7,"enemies":"Slavers","floor":27,"turns":2},{"damage":12,"enemies":"Centurion and Healer","floor":28,"turns":2},{"damage":0,"enemies":"Snecko","floor":31,"turns":2},{"damage":19,"enemies":"Champ","floor":33,"turns":5},{"damage":3,"enemies":"3 Shapes","floor":35,"turns":1},{"damage":0,"enemies":"Orb Walker","floor":36,"turns":1},{"damage":63,"enemies":"Maw","floor":39,"turns":6},{"damage":0,"enemies":"Spire Growth","floor":41,"turns":2},{"damage":13,"enemies":"3 Darklings","floor":46,"turns":2}],"seed_played":"-9041318158841760408","potions_obtained":[{"floor":7,"key":"Slimebound:ThreeZeroPotion"},{"floor":10,"key":"LiquidBronze"},{"floor":14,"key":"Block Potion"},{"floor":22,"key":"Dexterity Potion"},{"floor":31,"key":"Fruit Juice"}],"is_trial":false,"path_per_floor":["M","M","?","M","?","R","M","?","T","M","$","?","R","E","R","B",null,"M","?","$","M","M","R","E","M","T","E","M","?","T","M","R","B",null,"M","M","?","$","M","R","M","$","T","R","T","M"],"character_chosen":"THE_SILENT","items_purchased":["expansioncontent:CaCaw","Accuracy","Mercury Hourglass","PiercingWail+1","Dodge and Roll+1","Medical Kit","Bag of Preparation"],"campfire_rested":3,"item_purchase_floors":[11,20,38,38,38,38,42],"current_hp_per_floor":[70,70,70,70,70,70,65,69,69,69,69,69,69,46,46,46,77,71,71,71,51,51,51,51,29,29,22,10,10,10,27,51,44,82,79,79,69,69,18,42,42,42,42,66,66,53,53],"gold":60,"neow_bonus":"THREE_ENEMY_KILL","is_daily":false,"chose_seed":false,"campfire_upgraded":4,"win_rate":0.0,"timestamp":1609264814,"path_taken":["M","M","?","?","?","R","M","?","T","?","?","?","R","E","R","BOSS","M","?","?","M","?","R","E","?","T","E","M","?","?","M","R","BOSS","M","?","?","$","M","R","M","$","T","R","?","M"],"items_purchased_type":["Card","Card","Relic","Card","Card","Relic","Relic"],"build_version":"2020-12-22","purchased_purges":1,"victory":false,"max_hp_per_floor":[70,70,70,70,70,70,70,77,77,77,77,77,77,77,77,77,77,77,77,77,77,77,77,77,77,77,77,77,77,77,82,82,82,82,82,82,82,82,82,82,82,82,82,82,82,82,82],"relic_stats":{"counters":[21,55],"Shuriken":[33],"Pandora\u0027s Box":["Heel Hook","Poisoned Stab","Corpse Explosion","Expertise","Wraith Form v2"],"Bag of Preparation":[0],"Juzu Bracelet":0,"Letter Opener":[0],"Medical Kit":[0],"obtain_stats":[{"NeowsBlessing":0,"Vajra":14,"Bag of Preparation":42,"Juzu Bracelet":43,"EVO:Axolotl":0,"Letter Opener":45,"Medical Kit":38,"WarpedTongs":19,"Old Coin":27,"Mercury Hourglass":38,"Ninja Scroll":9,"Shuriken":24,"Strawberry":8,"MutagenicStrength":29,"Pandora\u0027s Box":17,"Toxic Egg 2":26,"Ring of the Snake":0,"Meat on the Bone":30,"Runic Pyramid":34},{"NeowsBlessing":0,"Vajra":6,"Bag of Preparation":20,"Juzu Bracelet":20,"EVO:Axolotl":0,"Letter Opener":20,"Medical Kit":18,"WarpedTongs":8,"Old Coin":13,"Mercury Hourglass":18,"Ninja Scroll":4,"Shuriken":11,"Strawberry":4,"MutagenicStrength":14,"Pandora\u0027s Box":7,"Toxic Egg 2":12,"Ring of the Snake":0,"Meat on the Bone":14,"Runic Pyramid":16},{"NeowsBlessing":0,"Vajra":12,"Bag of Preparation":53,"Juzu Bracelet":53,"EVO:Axolotl":0,"Letter Opener":53,"Medical Kit":45,"WarpedTongs":21,"Old Coin":34,"Mercury Hourglass":45,"Ninja Scroll":6,"Shuriken":29,"Strawberry":6,"MutagenicStrength":36,"Pandora\u0027s Box":18,"Toxic Egg 2":32,"Ring of the Snake":0,"Meat on the Bone":36,"Runic Pyramid":43}],"Ring of the Snake":[42],"WarpedTongs":[34],"Meat on the Bone":36,"Mercury Hourglass":[36]},"card_choices":[{"not_picked":["Dodge and Roll","Dash"],"picked":"Poisoned Stab","floor":1},{"not_picked":["Deadly Poison","Cloak And Dagger"],"picked":"Quick Slash","floor":2},{"not_picked":["Flying Knee","Deflect"],"picked":"Poisoned Stab","floor":4},{"not_picked":["Dodge and Roll","Eviscerate"],"picked":"Blade Dance","floor":7},{"not_picked":["Setup","Underhanded Strike"],"picked":"Acrobatics","floor":10},{"not_picked":["Bane","Deflect"],"picked":"Venomology","floor":14},{"not_picked":["After Image","Wraith Form v2"],"picked":"Die Die Die","floor":16},{"not_picked":["Blur","Dagger Throw"],"picked":"Blade Dance+1","floor":18},{"not_picked":["Bane","Heel Hook"],"picked":"Noxious Fumes+1","floor":21},{"not_picked":["Dodge and Roll","PiercingWail"],"picked":"Corpse Explosion","floor":22},{"not_picked":["PiercingWail+1","Finisher"],"picked":"Blade Dance+1","floor":24},{"not_picked":["Underhanded Strike+1","Dagger Spray","Deflect"],"picked":"SKIP","floor":25},{"not_picked":["Underhanded Strike+1","Bullet Time+1"],"picked":"Terror+1","floor":27},{"not_picked":["Backflip+1","Underhanded Strike"],"picked":"Cloak And Dagger+1","floor":28},{"not_picked":["Dagger Throw","PiercingWail+1"],"picked":"Terror+1","floor":31},{"not_picked":["Die Die Die","A Thousand Cuts"],"picked":"Storm of Steel+1","floor":33},{"not_picked":["Outmaneuver+1","Reflex+1"],"picked":"Blur+1","floor":35},{"not_picked":["Terror+1","Dodge and Roll+1"],"picked":"Escape Plan+1","floor":36},{"not_picked":["expansioncontent:HyperBeam","expansioncontent:Torchfire"],"picked":"expansioncontent:TimeRipple","floor":37},{"not_picked":["Magnetism","expansioncontent:Chronoboost"],"picked":"Chrysalis+1","floor":37},{"not_picked":["Acrobatics+1","Underhanded Strike+1"],"picked":"Choke+1","floor":39},{"not_picked":["Bane+1","PiercingWail+1"],"picked":"Dodge and Roll+1","floor":41}],"player_experience":219668,"relics_obtained":[{"floor":9,"key":"Ninja Scroll"},{"floor":14,"key":"Vajra"},{"floor":24,"key":"Shuriken"},{"floor":26,"key":"Toxic Egg 2"},{"floor":27,"key":"Old Coin"},{"floor":30,"key":"Meat on the Bone"},{"floor":43,"key":"Juzu Bracelet"},{"floor":45,"key":"Letter Opener"}],"event_choices":[{"damage_healed":0,"gold_gain":0,"cards_transformed":["Strike_G"],"player_choice":"Transformed","damage_taken":0,"max_hp_gain":0,"max_hp_loss":0,"event_name":"Transmorgrifier","floor":3,"gold_loss":0,"cards_obtained":["Heel Hook"]},{"cards_removed":["Strike_G"],"damage_healed":0,"gold_gain":0,"player_choice":"Card Removal","damage_taken":0,"max_hp_gain":0,"max_hp_loss":0,"event_name":"The Cleric","floor":5,"gold_loss":50},{"damage_healed":0,"gold_gain":0,"player_choice":"Relic ","damage_taken":3,"max_hp_gain":0,"max_hp_loss":0,"event_name":"betterThird:BetterScrap","floor":8,"gold_loss":0,"cards_obtained":["Meteor Strike"]},{"cards_removed":["Dagger Spray"],"damage_healed":0,"gold_gain":0,"player_choice":"Purged","damage_taken":0,"max_hp_gain":0,"max_hp_loss":0,"event_name":"Purifier","floor":12,"gold_loss":0},{"damage_healed":0,"gold_gain":0,"player_choice":"Rummage","damage_taken":0,"relics_obtained":["WarpedTongs"],"max_hp_gain":0,"max_hp_loss":0,"event_name":"Accursed Blacksmith","floor":19,"gold_loss":0,"cards_obtained":["Pain"]},{"damage_healed":0,"gold_gain":0,"player_choice":"Inject Mutagens","damage_taken":0,"relics_obtained":["MutagenicStrength"],"max_hp_gain":0,"max_hp_loss":0,"event_name":"Drug Dealer","floor":29,"gold_loss":0},{"damage_healed":0,"gold_gain":0,"player_choice":"Memory 3","damage_taken":10,"max_hp_gain":0,"max_hp_loss":0,"event_name":"SensoryStone","floor":37,"gold_loss":0}],"is_beta":false,"boss_relics":[{"not_picked":["Snecko Eye","SacredBark"],"picked":"Pandora\u0027s Box"},{"not_picked":["Empty Cage","SlaversCollar"],"picked":"Runic Pyramid"}],"items_purged_floors":[20],"is_endless":false,"potions_floor_spawned":[7,10,14,22,24,31,33,39],"killed_by":"3 Darklings","ascension_level":0}}