{"host":"h7xtspmc2x3i8s2i","time":1609281957,"event":{"mods":["2.2 Compatiblity","AchievementEnabler","Act Like it!","AlwaysNeverKeys","Aspiration","Astrologer","BaseMod","Beaked The Cultist","Bestiary","Better Altar","Better Match","Better Note","Better Sensory Stone","Better Skull","Better Third Choice","Better Vampires","Better-Laid Plans","BetterRewards","Challenge The Spire","Colored Map","Colored Powertips","Colorless Booster Pack","Curses Come First","Defuse TimeMaze Blight","Dio Mod","Disable Question Mark Monsters","Dota2Spire","Downfall","Duelist Mod","EXCEPTION","Emptier Cage","Energized Spire","Evolution","Friendly Minions","GifTheSpireLib","Gold Saver","Gremlin Skip","Halation","Hubris","Ironclad Rager","Jedi Mod","Key Reminder","Marked Mod","Minty Spire (QoL Compilation)","Permanent Neow","Potion Indicator Mod","Quick Restart","Random Character Button","Random Character Mod","Rare Cards Sparkle","Relic Filter","Relic Stats","Replay The Spire","SacredBarkPlus","Shop Mod","Somnambulant","Spicy Shops","Spikes Relics","Spire Birthday Party","StSLib","Steal the Spire","Stuff the Spire","SuperFastMode","The Awakened One except there are too many feathers","The Blue Laboratory","The Cursed","The Death Knight","The Dragon Tamer","The Edgeheg","The Hierophant","The Problem Sleuth","The Runesmith","The Wild Card","TheVelvet","Transform Curses","Uncapped","Unceasing Turn Reminder","Virulent Crown","everything is the same but u backflip on backflip","slay the spire mod where everything is the same but ironclad has a cowboy hat","vexMod"],"gold_per_floor":[999,999,1018,1018,1029,1064,1142,1067,1101,1101,1127,1052,1052,164,178,283,283,383,393,404,422,471,503,577,609,609,609,609,625,645,71,81,177,177,177,191,191,211,224,149,227,240,62,62,62,62,73,86,104,104],"floor_reached":51,"playtime":2517,"items_purged":["champ:Strike","champ:Strike"],"score":980,"play_id":"16db5753-b2d5-4897-b25c-d5dd7d394fa4","local_time":"20201229174557","is_ascension_mode":true,"campfire_choices":[{"floor":8,"key":"REST"},{"floor":12,"key":"REST"},{"floor":27,"key":"REST"},{"floor":35,"key":"RECALL"},{"data":"champ:Balance","floor":40,"key":"SMITH"},{"data":"champ:StanceDance","floor":44,"key":"SMITH"},{"data":"champ:StrikeOfGenius","floor":46,"key":"SMITH"}],"circlet_count":0,"master_deck":["champ:Strike","champ:Defend","champ:Defend","champ:Defend","champ:Defend","champ:Execute","champ:Taunt+1","champ:Backstep+1","champ:FanOfKnives","champ:StrikeOfGenius+1","champ:StrikeOfGenius","champ:GutPunch","champ:FlashCut","champ:GladiatorStyle","champ:GutPunch","champ:Balance+1","champ:Riposte","champ:StanceDance+1","champ:FlashCut","champ:DefensiveStyle","champ:FanOfKnives","champ:FanOfKnives","champ:Riposte+1","champ:FlashCut","champ:Aggression","champ:Backstep","champ:DefensiveStyle","champ:GutPunch","champ:EnchantCrown","champ:Backstep","champ:FlashCut+1","champ:Control","champ:Aggression+1","champ:Backstep+1","champ:IronFortress","champ:Backstep","champ:Backstep+1","Parasite","champ:Backstep+1"],"relics":["champ:ChampionCrown","StuffTheSpire:OccultApparatus","hubris:Towel","Runesmith:Locket","downfall:HeartBlessingBlue","halation:LettersToHer","Guardian:PocketSentry","downfall:HeartBlessingGreen","Dota2Spire:ArcaneBoots","ReplayTheSpireMod:Lightbulb","Gremlin Horn","MerchantsRug","RollingBoulder","jedi:arcanewood","Cracked Core","Dota2Spire:BlackKingBar","Eternal Feather","hubris:PeanutButter","Dota2Spire:Bloodstone","downfall:HeartBlessingRed","SpikesRelics:DaevaFist","Dota2Spire:EtherealBlade"],"acts_visited":["Exordium","TheCity","TheBeyond"],"potions_floor_usage":[9,14,19,23,23,25,33,48,50,50,50],"damage_taken":[{"damage":10,"enemies":"Cultist","floor":3,"turns":4},{"damage":5,"enemies":"2 Louse","floor":5,"turns":3},{"damage":55,"enemies":"Lagavulin","floor":6,"turns":10},{"damage":53,"enemies":"3 Sentries","floor":9,"turns":10},{"damage":12,"enemies":"Lagavulin","floor":11,"turns":7},{"damage":10,"enemies":"downfall:FleeingMerchant","floor":14,"turns":4},{"damage":9,"enemies":"Jaw Worm","floor":15,"turns":3},{"damage":22,"enemies":"downfall:Silent","floor":16,"turns":6},{"damage":5,"enemies":"3 Byrds","floor":19,"turns":3},{"damage":23,"enemies":"Chosen","floor":20,"turns":4},{"damage":14,"enemies":"Snake Plant","floor":21,"turns":4},{"damage":15,"enemies":"theDuelist:KaibaA2","floor":23,"turns":5},{"damage":19,"enemies":"Slavers","floor":25,"turns":4},{"damage":16,"enemies":"Chosen and Byrds","floor":29,"turns":5},{"damage":22,"enemies":"Centurion and Healer","floor":30,"turns":5},{"damage":5,"enemies":"downfall:FleeingMerchant","floor":31,"turns":4},{"damage":0,"enemies":"Snake Plant","floor":32,"turns":2},{"damage":26,"enemies":"downfall:Defect","floor":33,"turns":8},{"damage":22,"enemies":"3 Darklings","floor":36,"turns":4},{"damage":13,"enemies":"3 Shapes","floor":38,"turns":3},{"damage":19,"enemies":"Spire Growth","floor":39,"turns":4},{"damage":18,"enemies":"Maw","floor":42,"turns":7},{"damage":0,"enemies":"downfall:FleeingMerchant","floor":43,"turns":4},{"damage":9,"enemies":"4 Shapes","floor":47,"turns":2},{"damage":5,"enemies":"Spire Growth","floor":48,"turns":5},{"damage":38,"enemies":"Writhing Mass","floor":49,"turns":5},{"damage":57,"enemies":"downfall:Ironclad","floor":50,"turns":9}],"seed_played":"926114685041331216","potions_obtained":[{"floor":5,"key":"blueLaboratory:Moonshine"},{"floor":6,"key":"Dota2Spire:Clarity"},{"floor":11,"key":"blueLaboratory:HorrorPotion"},{"floor":16,"key":"Adrenaline Potion"},{"floor":19,"key":"blueLaboratory:Moonshine"},{"floor":21,"key":"LifebloodPotion"},{"floor":22,"key":"Milkshake"},{"floor":22,"key":"champ:OpenerPotion"},{"floor":29,"key":"Elixir"},{"floor":32,"key":"blueLaboratory:ArtificerPotion"},{"floor":47,"key":"Dota2Spire:HealingSalve"},{"floor":48,"key":"BlessingOfTheForge"},{"floor":49,"key":"jedi:StrikingPotion"}],"is_trial":false,"path_per_floor":["R_BF","?","M","?","M","E","T","R","E","?","E","R","T","$","M","B",null,"R_BF","M","M","M","?","E","T","E","?","R","?","M","M","$","M","B",null,"R","M","?","M","M","R","T","M","$","R","?","R","M","M","M","B",null],"character_chosen":"THE_CHAMP","items_purchased":["ReplayTheSpireMod:Lightbulb","Gremlin Horn","champ:GladiatorStyle","Orrery","MerchantsRug","champ:Backstep","champ:DefensiveStyle","Eternal Feather","hubris:PeanutButter","champ:IronFortress","champ:Backstep"],"campfire_rested":3,"item_purchase_floors":[14,14,14,14,14,31,31,31,31,43,43],"current_hp_per_floor":[90,90,90,90,90,48,48,88,45,45,33,63,63,58,54,57,100,100,100,92,91,51,54,54,40,40,70,70,67,63,63,63,62,100,100,98,98,100,96,96,96,100,100,100,65,65,61,83,76,82],"gold":104,"neow_bonus":"UPGRADE_CARD","is_daily":false,"chose_seed":false,"campfire_upgraded":3,"win_rate":0.0,"timestamp":1609281957,"path_taken":["R_BF","?","M","?","M","E","T","R","E","?","E","R","?","?","M","BOSS","R_BF","M","M","M","?","E","T","E","?","R","?","?","M","?","M","BOSS","R","M","?","M","M","?","T","M","$","R","?","?","M","?","M","BOSS"],"items_purchased_type":["Relic","Relic","Card","Relic","Relic","Card","Card","Relic","Relic","Card","Card"],"build_version":"2020-12-22","purchased_purges":2,"victory":true,"max_hp_per_floor":[90,90,90,90,90,90,90,100,100,100,100,100,100,100,100,100,100,100,100,100,100,100,100,100,100,100,100,100,100,100,100,100,100,100,100,100,100,100,100,100,100,100,100,100,100,100,100,100,100,100],"relic_stats":{"Gremlin Horn":[13,13],"counters":[27,132],"Eternal Feather":0,"obtain_stats":[{"Gremlin Horn":14,"Runesmith:Locket":6,"champ:ChampionCrown":0,"downfall:HeartBlessingGreen":12,"EVO:Axolotl":0,"Dota2Spire:EtherealBlade":41,"StuffTheSpire:OccultApparatus":10,"downfall:HeartBlessingBlue":8,"RollingBoulder":22,"Dota2Spire:ArcaneBoots":13,"halation:LettersToHer":9,"Cracked Core":24,"MerchantsRug":14,"Dota2Spire:BlackKingBar":25,"downfall:HeartBlessingRed":40,"aspiration:Nostalgia":24,"Eternal Feather":31,"Dota2Spire:Bloodstone":34,"Guardian:PocketSentry":11,"hubris:Towel":2,"keyreminder:keyreminder":7,"Orrery":14,"hubris:PeanutButter":31,"SpikesRelics:DaevaFist":41,"ReplayTheSpireMod:Lightbulb":14,"jedi:arcanewood":23},{"Gremlin Horn":6,"Runesmith:Locket":3,"champ:ChampionCrown":0,"downfall:HeartBlessingGreen":5,"EVO:Axolotl":0,"Dota2Spire:EtherealBlade":21,"StuffTheSpire:OccultApparatus":4,"downfall:HeartBlessingBlue":3,"RollingBoulder":11,"Dota2Spire:ArcaneBoots":5,"halation:LettersToHer":4,"Cracked Core":12,"MerchantsRug":6,"Dota2Spire:BlackKingBar":13,"downfall:HeartBlessingRed":21,"aspiration:Nostalgia":12,"Eternal Feather":16,"Dota2Spire:Bloodstone":18,"Guardian:PocketSentry":5,"hubris:Towel":0,"keyreminder:keyreminder":3,"Orrery":6,"hubris:PeanutButter":16,"SpikesRelics:DaevaFist":21,"ReplayTheSpireMod:Lightbulb":6,"jedi:arcanewood":12},{"Gremlin Horn":38,"Runesmith:Locket":17,"champ:ChampionCrown":0,"downfall:HeartBlessingGreen":34,"EVO:Axolotl":0,"Dota2Spire:EtherealBlade":101,"StuffTheSpire:OccultApparatus":27,"downfall:HeartBlessingBlue":17,"RollingBoulder":57,"Dota2Spire:ArcaneBoots":34,"halation:LettersToHer":27,"Cracked Core":62,"MerchantsRug":38,"Dota2Spire:BlackKingBar":66,"downfall:HeartBlessingRed":101,"aspiration:Nostalgia":62,"Eternal Feather":80,"Dota2Spire:Bloodstone":90,"Guardian:PocketSentry":34,"hubris:Towel":0,"keyreminder:keyreminder":17,"Orrery":38,"hubris:PeanutButter":80,"SpikesRelics:DaevaFist":101,"ReplayTheSpireMod:Lightbulb":38,"jedi:arcanewood":62}]},"card_choices":[{"not_picked":["champ:BringItOn","champ:AdrenalArmor"],"picked":"champ:Backstep","floor":3},{"not_picked":["champ:Backstep","champ:Circumvent"],"picked":"champ:FanOfKnives","floor":5},{"not_picked":["champ:Backstep","champ:EndlessRage"],"picked":"champ:StrikeOfGenius","floor":6},{"not_picked":["champ:EndlessRage","champ:CrookedStrike"],"picked":"champ:StrikeOfGenius","floor":9},{"not_picked":["champ:Haymaker","champ:PerfectedStrike"],"picked":"champ:GutPunch","floor":11},{"not_picked":["champ:Circumvent","champ:BerserkersShout"],"picked":"champ:FlashCut","floor":14},{"not_picked":["champ:TornadoPunch","champ:BerserkersShout"],"picked":"champ:GutPunch","floor":14},{"not_picked":["champ:DefensiveShout","champ:Circumvent"],"picked":"champ:Balance","floor":14},{"not_picked":["champ:RapidStrikes","champ:CrookedStrike"],"picked":"champ:Riposte","floor":14},{"not_picked":["champ:CrookedStrike","champ:BerserkersShout"],"picked":"champ:StanceDance","floor":14},{"not_picked":["champ:FocusedBerserking","champ:DefensiveStyle"],"picked":"champ:FlashCut","floor":14},{"not_picked":["champ:ShieldThrow","champ:DefensiveShout"],"picked":"champ:DefensiveStyle","floor":15},{"not_picked":["champ:Shatter","champ:BerserkersShout","champ:Circumvent"],"picked":"SKIP","floor":19},{"not_picked":["champ:FlashCut","champ:BladeFlurry"],"picked":"champ:FanOfKnives","floor":20},{"not_picked":["champ:AdrenalArmor","champ:FocusedBerserking+1"],"picked":"champ:FanOfKnives","floor":21},{"not_picked":["champ:AdrenalArmor+1","champ:TornadoPunch+1"],"picked":"champ:Riposte+1","floor":23},{"not_picked":["champ:RageSigil","champ:ShieldSigil"],"picked":"champ:FlashCut","floor":25},{"not_picked":["champ:FlashCut","champ:Circumvent"],"picked":"champ:Aggression","floor":29},{"not_picked":["champ:ShieldSigil","champ:SwordSigil","champ:RageSigil+1"],"picked":"SKIP","floor":30},{"not_picked":["champ:GladiatorsShout","champ:AdrenalArmor","champ:CrookedStrike"],"picked":"SKIP","floor":31},{"not_picked":["champ:DefensiveStyle","champ:HoldFirm"],"picked":"champ:GutPunch","floor":32},{"not_picked":["champ:Devastate","champ:LastStand"],"picked":"champ:EnchantCrown","floor":33},{"not_picked":["champ:AdrenalArmor+1","champ:Haymaker+1"],"picked":"champ:Backstep","floor":36},{"not_picked":["champ:BringItOn+1","champ:AdrenalArmor+1"],"picked":"champ:FlashCut+1","floor":38},{"not_picked":["champ:GutPunch","champ:CalledShot+1"],"picked":"champ:Control","floor":39},{"not_picked":["champ:Duel","champ:CrookedStrike"],"picked":"champ:Aggression+1","floor":42},{"not_picked":["champ:RageSigil+1","champ:SkillfulDodge+1"],"picked":"champ:Backstep+1","floor":43},{"not_picked":["champ:Duel","champ:RecklessLeap","champ:Haymaker"],"picked":"SKIP","floor":47},{"not_picked":["champ:EndlessRage+1","champ:SkillfulDodge"],"picked":"champ:Backstep+1","floor":48},{"not_picked":["champ:Haymaker+1","champ:GutPunch+1"],"picked":"champ:Backstep+1","floor":49}],"player_experience":619597,"relics_obtained":[{"floor":6,"key":"Runesmith:Locket"},{"floor":9,"key":"halation:LettersToHer"},{"floor":11,"key":"Guardian:PocketSentry"},{"floor":13,"key":"halation:LettersToHer"},{"floor":13,"key":"Dota2Spire:ArcaneBoots"},{"floor":22,"key":"RollingBoulder"},{"floor":23,"key":"jedi:arcanewood"},{"floor":24,"key":"halation:LettersToHer"},{"floor":24,"key":"aspiration:Nostalgia"},{"floor":25,"key":"Dota2Spire:BlackKingBar"},{"floor":41,"key":"SpikesRelics:DaevaFist"},{"floor":41,"key":"Dota2Spire:EtherealBlade"}],"event_choices":[{"damage_healed":0,"gold_gain":0,"player_choice":"Leave","damage_taken":0,"max_hp_gain":0,"max_hp_loss":0,"event_name":"FaceTrader","floor":1,"gold_loss":0},{"cards_removed":["champ:Strike"],"damage_healed":0,"gold_gain":0,"player_choice":"Purged","damage_taken":0,"max_hp_gain":0,"max_hp_loss":0,"event_name":"Purifier","floor":37,"gold_loss":0}],"is_beta":false,"boss_relics":[{"not_picked":["halation:HeavySnake","aspiration:RunicSpoon","vexMod:MegatonBomb"]},{"not_picked":["Snecko Eye","energizedSpire:HugeHouse"],"picked":"Dota2Spire:Bloodstone"}],"items_purged_floors":[14,14],"is_endless":false,"potions_floor_spawned":[5,6,11,16,19,21,29,32,47,48,49],"ascension_level":2}}