{"host":"kos1s9q8ffr8fqos","time":1609211124,"event":{"mods":["BaseMod","Bestiary","Better Altar","Better Match","Better Note","Better Sensory Stone","Better Skull","Better Third Choice","Better Vampires","Colored Map","Colored Powertips","Curses Come First","Downfall","Hermit","Infinite Spire","Minty Spire (QoL Compilation)","Quick Restart","Random Character Button","Relic Stats","Replay The Spire","StSLib","The Blue Laboratory","The Disciple"],"gold_per_floor":[99,110,124,124,124,153,153,31,49,49,75,0,0,15,26,130,130,130,150,165,265,265,265,292,292,292,309,309,320,11,11,30,134,134,134,147,162,162,178,178,258,558,225,225,275,321,346,392,420,432],"floor_reached":51,"playtime":3616,"items_purged":["hexamod:Haunted","Writhe"],"score":1144,"play_id":"0cd23991-6ac8-4a64-8978-01c689b9a93c","local_time":"20201228210524","is_ascension_mode":true,"campfire_choices":[{"floor":1,"key":"DIG"},{"floor":12,"key":"REST"},{"data":"Doubt","floor":18,"key":"PURGE"},{"data":"Guardian:Orbwalk","floor":23,"key":"SMITH"},{"data":"Guardian:StasisField","floor":23,"key":"SMITH"},{"data":"Guardian:BaubleBeam","floor":26,"key":"SMITH"},{"data":"Guardian:Suspension","floor":26,"key":"SMITH"},{"data":"Guardian:Clone","floor":28,"key":"SMITH"},{"data":"Guardian:BronzeOrb","floor":28,"key":"SMITH"},{"data":"Apotheosis","floor":35,"key":"SMITH"},{"data":"Guardian:TimeCapacitor","floor":35,"key":"SMITH"},{"data":"Guardian:Repulse","floor":40,"key":"SMITH"},{"data":"Guardian:TimeBomb","floor":40,"key":"SMITH"}],"circlet_count":0,"master_deck":["Guardian:Strike_Guardian","Guardian:Strike_Guardian","Guardian:Strike_Guardian","Guardian:Strike_Guardian","Guardian:Defend_Guardian","Guardian:Defend_Guardian","Guardian:Defend_Guardian","Guardian:Defend_Guardian","Guardian:CurlUp","Guardian:TwinSlam","Guardian:FastForward+1","Guardian:TimeBomb+1","Guardian:ShieldCharger","Double Tap","Guardian:TimeCapacitor","Guardian:Reroute","Guardian:Planning+1","Guardian:Orbwalk+1","Guardian:StasisField+1","Flash of Steel","Guardian:Suspension+1","Guardian:ShieldCharger","Guardian:BronzeOrb+1","Guardian:BaubleBeam+1","Guardian:StasisStrike","ReplayTheSpireMod:Splinters","Guardian:TimeCapacitor+1","Guardian:Clone+1","Apotheosis+1","Guardian:Repulse+1","Delirium","SwitchThreat","infinitespire:DeathsTouch","Guardian:ExploitGems","Guardian:Preprogram+1","Amnesia","Amnesia","Pot Of Greed","Pot Of Greed","Pot Of Greed","Pot Of Greed","Guardian:Gem_Purple","ReplayTheSpireMod:IOU"],"relics":["Guardian:ModeShifter","infinitespire:Broken Mirror","infinitespire:Satchel","Garlic","downfall:HeartBlessingGreen","Replay:Ancient Bell","PreservedInsect","infinitespire:ShieldingShard","Replay:Arrowhead","Pocketwatch","Darkstone Periapt","downfall:RedIOU","Strawberry","Toolbox","Cursed Key","ChewingGum","Chameleon Ring","Old Coin","Singing Bowl","Ring of Greed","Membership Card","MawBank","Ring of Misfortune","Grinning Jar","FossilizedHelix"],"acts_visited":["Exordium","TheCity","TheBeyond"],"potions_floor_usage":[6,19,30,49,50,50],"damage_taken":[{"damage":0,"enemies":"Jaw Worm","floor":2,"turns":3},{"damage":0,"enemies":"Small Slimes","floor":3,"turns":3},{"damage":18,"enemies":"3 Sentries","floor":6,"turns":6},{"damage":0,"enemies":"downfall:FleeingMerchant","floor":8,"turns":4},{"damage":0,"enemies":"2 Louse","floor":9,"turns":1},{"damage":13,"enemies":"Gremlin Nob","floor":11,"turns":5},{"damage":5,"enemies":"downfall:FleeingMerchant","floor":13,"turns":4},{"damage":11,"enemies":"Exordium Thugs","floor":14,"turns":4},{"damage":0,"enemies":"2 Fungi Beasts","floor":15,"turns":3},{"damage":11,"enemies":"downfall:Ironclad","floor":16,"turns":8},{"damage":18,"enemies":"Spheric Guardian","floor":19,"turns":5},{"damage":19,"enemies":"Chosen and Byrds","floor":20,"turns":10},{"damage":13,"enemies":"downfall:Silent","floor":21,"turns":8},{"damage":0,"enemies":"3 Cultists","floor":27,"turns":5},{"damage":17,"enemies":"Shelled Parasite and Fungi","floor":29,"turns":4},{"damage":0,"enemies":"downfall:FleeingMerchant","floor":30,"turns":4},{"damage":3,"enemies":"Cultist and Chosen","floor":32,"turns":6},{"damage":9,"enemies":"downfall:Defect","floor":33,"turns":7},{"damage":11,"enemies":"3 Darklings","floor":36,"turns":6},{"damage":0,"enemies":"3 Shapes","floor":37,"turns":3},{"damage":15,"enemies":"Writhing Mass","floor":39,"turns":7},{"damage":0,"enemies":"Giant Head","floor":46,"turns":7},{"damage":4,"enemies":"Transient","floor":47,"turns":5},{"damage":0,"enemies":"Nemesis","floor":48,"turns":5},{"damage":10,"enemies":"4 Shapes","floor":49,"turns":3},{"damage":0,"enemies":"downfall:Watcher","floor":50,"turns":6}],"seed_played":"-2018586322162797714","potions_obtained":[{"floor":2,"key":"blueLaboratory:Moonshine"},{"floor":14,"key":"blueLaboratory:ExaltedPotion"},{"floor":16,"key":"blueLaboratory:PolymorphPotion"},{"floor":19,"key":"Dexterity Potion"},{"floor":32,"key":"blueLaboratory:EnragingPotion"},{"floor":33,"key":"Block Potion"},{"floor":39,"key":"Dexterity Potion"},{"floor":47,"key":"LiquidMemories"}],"is_trial":false,"path_per_floor":["R_BF","M","M","?","?","E","T","$","M","?","E","R","$","M","M","B",null,"R_BF","M","M","?","?","R","T","AVR","R","M","R","M","$","?","M","B",null,"R","M","M","?","M","R","T","AVR","?","T","?","E","M","E","M","B",null],"character_chosen":"GUARDIAN","items_purchased":["Guardian:Planning+1","Guardian:Orbwalk","Apotheosis","Guardian:Gem_Lightblue","Guardian:Repulse"],"campfire_rested":1,"item_purchase_floors":[8,8,30,30,30],"current_hp_per_floor":[56,56,56,56,47,29,29,29,29,29,16,40,35,24,24,13,80,80,62,43,30,30,30,37,37,37,37,37,20,28,40,37,28,99,99,88,88,88,73,73,79,79,118,124,130,132,128,136,128,128],"gold":444,"neow_bonus":"THREE_RARE_CARDS","is_daily":false,"chose_seed":false,"campfire_upgraded":10,"win_rate":0.0,"timestamp":1609211124,"path_taken":["R_BF","M","M","?","?","E","T","$","M","?","E","R","$","?","M","BOSS","R_BF","M","M","?","?","R","T","AVR","R","M","R","M","?","?","M","BOSS","R","M","M","?","M","R","T","AVR","?","?","?","E","M","E","M","BOSS"],"items_purchased_type":["Card","Card","Card","Card","Card"],"build_version":"2020-12-22","purchased_purges":2,"victory":true,"max_hp_per_floor":[80,80,80,80,80,80,80,80,80,80,80,80,80,80,80,80,80,80,80,80,80,80,80,87,87,87,87,87,87,87,99,99,99,99,99,99,99,99,99,99,105,105,118,124,130,132,132,140,142,142],"relic_stats":{"Darkstone Periapt":36,"Singing Bowl":6,"counters":[26,132],"PreservedInsect":188,"Cursed Key":2,"MawBank":72,"obtain_stats":[{"Darkstone Periapt":21,"Singing Bowl":44,"downfall:HeartBlessingGreen":12,"Cursed Key":25,"Old Coin":42,"infinitespire:ShieldingShard":17,"Chameleon Ring":41,"Strawberry":24,"Toolbox":25,"downfall:RedIOU":22,"Guardian:ModeShifter":0,"Pen Nib":11,"PreservedInsect":17,"Replay:Ancient Bell":17,"Ring of Greed":45,"MawBank":45,"Replay:Arrowhead":17,"infinitespire:Broken Mirror":1,"Ring of Misfortune":45,"infinitespire:Satchel":6,"ChewingGum":34,"Garlic":7,"Membership Card":45,"Grinning Jar":46,"FossilizedHelix":48,"Pocketwatch":21},{"Darkstone Periapt":13,"Singing Bowl":21,"downfall:HeartBlessingGreen":6,"Cursed Key":13,"Old Coin":21,"infinitespire:ShieldingShard":10,"Chameleon Ring":21,"Strawberry":13,"Toolbox":13,"downfall:RedIOU":13,"Guardian:ModeShifter":0,"Pen Nib":6,"PreservedInsect":10,"Replay:Ancient Bell":10,"Ring of Greed":21,"MawBank":21,"Replay:Arrowhead":10,"infinitespire:Broken Mirror":0,"Ring of Misfortune":21,"infinitespire:Satchel":3,"ChewingGum":18,"Garlic":3,"Membership Card":21,"Grinning Jar":22,"FossilizedHelix":24,"Pocketwatch":13},{"Darkstone Periapt":64,"Singing Bowl":106,"downfall:HeartBlessingGreen":22,"Cursed Key":64,"Old Coin":106,"infinitespire:ShieldingShard":41,"Chameleon Ring":106,"Strawberry":64,"Toolbox":64,"downfall:RedIOU":64,"Guardian:ModeShifter":0,"Pen Nib":22,"PreservedInsect":41,"Replay:Ancient Bell":41,"Ring of Greed":106,"MawBank":106,"Replay:Arrowhead":41,"infinitespire:Broken Mirror":0,"Ring of Misfortune":106,"infinitespire:Satchel":12,"ChewingGum":90,"Garlic":12,"Membership Card":106,"Grinning Jar":113,"FossilizedHelix":123,"Pocketwatch":64}],"Pocketwatch":[8]},"card_choices":[{"not_picked":["Guardian:BaubleBeam","Guardian:SphericShield"],"picked":"Guardian:FastForward","floor":0},{"not_picked":["Guardian:BronzeArmor","Guardian:PiercingHide"],"picked":"Guardian:TimeBomb","floor":2},{"not_picked":["Guardian:TemporalStrike","Guardian:ChargeCore"],"picked":"Guardian:ShieldCharger","floor":3},{"not_picked":["Guardian:Gem_Lightblue","Guardian:Gem_Red"],"picked":"Guardian:TimeCapacitor","floor":6},{"not_picked":["Guardian:Gem_Red","Guardian:PiercingHide"],"picked":"Guardian:Reroute","floor":8},{"not_picked":["Guardian:RollAttack","Guardian:Gem_Cyan"],"picked":"Guardian:StasisField","floor":9},{"not_picked":["expansioncontent:Torchfire","Poisoned Strike"],"picked":"Flash of Steel","floor":10},{"not_picked":["Guardian:PrimingBeam","Guardian:Incinerate"],"picked":"Guardian:Suspension","floor":11},{"not_picked":["Guardian:TimeCapacitor","Guardian:CrystalBeam"],"picked":"Guardian:ShieldCharger","floor":13},{"not_picked":["Guardian:Gem_Lightblue","Guardian:WalkerClaw"],"picked":"Guardian:BronzeOrb","floor":14},{"not_picked":["Guardian:WalkerClaw","Guardian:Gem_Lightblue"],"picked":"Guardian:BaubleBeam","floor":15},{"not_picked":["Guardian:ConstructionForm","Guardian:AncientConstruct"],"picked":"Guardian:StasisStrike","floor":16},{"not_picked":["ReplayTheSpireMod:IOU","Hallucinations"],"picked":"ReplayTheSpireMod:Splinters","floor":17},{"not_picked":["Guardian:Aged","Pain"],"picked":"Doubt","floor":17},{"not_picked":["sneckomod:Bewildered","Shame"],"picked":"hexamod:Haunted","floor":17},{"not_picked":["Guardian:ShieldCharger","Guardian:TemporalShield"],"picked":"Guardian:Gem_Cyan","floor":19},{"not_picked":["Guardian:Gem_Lightblue","Guardian:PrimingBeam"],"picked":"Guardian:TimeCapacitor","floor":20},{"not_picked":["Guardian:Incinerate+1","Guardian:RollAttack+1"],"picked":"Guardian:Gem_Orange","floor":21},{"not_picked":["Guardian:ShieldSpikes","Guardian:ShieldCharger"],"picked":"Guardian:Clone","floor":27},{"not_picked":["Guardian:TemporalShield+1","Guardian:Recover+1"],"picked":"Guardian:Gem_Fragmented","floor":29},{"not_picked":["Guardian:PrismaticBeam","Guardian:ShieldSpikes"],"picked":"Guardian:Gem_Lightblue","floor":30},{"not_picked":["ReplayTheSpireMod:Echoes of Time","infinitespire:Punishment"],"picked":"infinitespire:DeathsTouch","floor":31},{"not_picked":["Guardian:EvasiveProtocol","Guardian:Reroute","Guardian:PrimingBeam"],"picked":"SKIP","floor":32},{"not_picked":["Guardian:ConstructionForm","Guardian:HyperBeam_Guardian"],"picked":"Guardian:ExploitGems","floor":33},{"not_picked":["Guardian:ShieldCharger+1","Guardian:Gem_Lightblue"],"picked":"Guardian:Preprogram+1","floor":36},{"not_picked":["Guardian:Gem_Lightblue","Guardian:SpikerProtocol+1"],"picked":"Guardian:Gem_Red","floor":37},{"not_picked":["Guardian:CrystalBeam+1","Guardian:Planning"],"picked":"Guardian:Gem_Fragmented","floor":39},{"not_picked":["Guardian:PrimingBeam+1","Guardian:Suspension","Guardian:ShieldCharger+1"],"picked":"Singing Bowl","floor":46},{"not_picked":["Guardian:ShieldCharger","Guardian:Gem_Cyan"],"picked":"Guardian:Gem_Purple","floor":47},{"not_picked":["Guardian:Reroute","Guardian:ShieldSpikes","Guardian:ArmoredProtocol"],"picked":"Singing Bowl","floor":48},{"not_picked":["Guardian:SpikerProtocol","Guardian:RollAttack","Guardian:TemporalStrike+1"],"picked":"Singing Bowl","floor":49}],"player_experience":1268711,"relics_obtained":[{"floor":1,"key":"infinitespire:Broken Mirror"},{"floor":6,"key":"infinitespire:Satchel"},{"floor":7,"key":"Garlic"},{"floor":11,"key":"Pen Nib"},{"floor":21,"key":"Pocketwatch"},{"floor":21,"key":"Darkstone Periapt"},{"floor":24,"key":"Strawberry"},{"floor":41,"key":"Chameleon Ring"},{"floor":44,"key":"Singing Bowl"},{"floor":45,"key":"Ring of Greed"},{"floor":45,"key":"Membership Card"},{"floor":45,"key":"MawBank"},{"floor":45,"key":"Ring of Misfortune"},{"floor":46,"key":"Grinning Jar"},{"floor":48,"key":"FossilizedHelix"}],"event_choices":[{"damage_healed":0,"gold_gain":0,"player_choice":"Card ","damage_taken":9,"max_hp_gain":0,"max_hp_loss":0,"event_name":"betterThird:BetterScrap","floor":5,"gold_loss":0,"cards_obtained":["Double Tap"]},{"damage_healed":0,"gold_gain":1,"player_choice":"1","damage_taken":0,"max_hp_gain":0,"max_hp_loss":0,"event_name":"betterStone:BetterStone","floor":10,"gold_loss":0},{"damage_healed":0,"gold_gain":0,"player_choice":"Ignored","damage_taken":0,"max_hp_gain":0,"max_hp_loss":0,"event_name":"Mysterious Sphere","floor":38,"gold_loss":0}],"is_beta":false,"boss_relics":[{"not_picked":["Honey Jar","Calling Bell"],"picked":"Replay:Ancient Bell"},{"not_picked":["Tiny Chest","Juzu Bracelet"],"picked":"PreservedInsect"},{"not_picked":["infinitespire:Bottled Soul","Iron Hammer"],"picked":"infinitespire:ShieldingShard"},{"not_picked":["infinitespire:Golems Mask","Bird Faced Urn"],"picked":"Replay:Arrowhead"},{"not_picked":["Abe\u0027s Treasure","Snecko Eye"],"picked":"ChewingGum"}],"items_purged_floors":[25,42],"is_endless":false,"potions_floor_spawned":[2,14,16,19,32,33,39,47,48],"ascension_level":2}}