{"host":"2b0fqapnd02ydmuo","time":1609266531,"event":{"mods":["AchievementEnabler","Aspiration","BaseMod","Better Altar","Better Match","Better Note","Better Sensory Stone","Better Skull","Better Third Choice","BetterRewards","CCEM","Clawfect","Colored Map","Conspire","GifTheSpireLib","Googly Eyes","Halation","Highlight Path","Hubris","Infinite Spire","Jedi Mod","Jorbs\u0027s Wanderer Trilogy","Marisa????????","Mimic Mod","Minty Spire (QoL Compilation)","Permanent Neow","Replay The Spire","Shade Mod","Shop Mod","Spicy Shops","StSLib","Stuff the Spire","The Blackbeard","The Bug Knight","The Elementalist","The Jungle","Unceasing Turn Reminder","everything is the same but u backflip on backflip","slay the spire mod where everything is the same but ironclad has a cowboy hat"],"gold_per_floor":[117,131,131,56,56,82,82,95,172,191,201,215,243,243,243,343,343,353,366,17,17,37,65,65,94,94,94,133,133,151,151,165,177,177,275,275,292,292,17,36,86,118,118,153,153,153,164,164,264,277,277,277],"floor_reached":53,"playtime":2457,"items_purged":["StuffTheSpire:CuriosityCurse","blackbeard:BlackbeardDefend","Shame","blackbeard:BlackbeardStrike"],"score":774,"play_id":"35033125-009e-4c68-adca-e40f1ecbacb8","local_time":"20201229192851","is_ascension_mode":true,"campfire_choices":[{"data":"blackbeard:Cutlass","floor":7,"key":"SMITH"},{"floor":15,"key":"REST"},{"data":"blackbeard:WeaponProficiency","floor":24,"key":"SMITH"},{"data":"blackbeard:BoostMorale","floor":29,"key":"SMITH"},{"floor":31,"key":"REST"},{"data":"blackbeard:Salvager","floor":34,"key":"SMITH"},{"data":"blackbeard:PirateStrength","floor":43,"key":"SMITH"},{"data":"blackbeard:Rum","floor":46,"key":"SMITH"},{"data":"blackbeard:RearmingStrike","floor":48,"key":"SMITH"},{"floor":51,"key":"REST"}],"circlet_count":0,"master_deck":["blackbeard:BlackbeardStrike","blackbeard:BlackbeardStrike","blackbeard:IntimidatingStrike","blackbeard:BlackbeardDefend","blackbeard:BlackbeardDefend","blackbeard:Cutlass+1","blackbeard:Sword","blackbeard:Spear","blackbeard:DeadlyArsenal","blackbeard:GoldenStrike","blackbeard:Spear","blackbeard:GoldenStrike","blackbeard:BoostMorale+1","blackbeard:TacticalRetreat","blackbeard:GoldenDefense+1","blackbeard:Dagger","blackbeard:RearmingStrike+1","blackbeard:RearmingStrike","blackbeard:WeaponProficiency+1","blackbeard:GoldenDefense","blackbeard:Salvager+1","blackbeard:GoldenStrike","blackbeard:PirateStrength+1","blackbeard:RearmingStrike+1","blackbeard:Rum+1","blackbeard:DeadlyArsenal+1","blackbeard:RearmingStrike+1","blackbeard:RearmingStrike+1"],"relics":["blackbeard:LoadTheCannons","infinitespire:CheckeredPen","halation:EternalFortune","CCEMRelics:Sandal","halation:SelfBoilingWater","StuffTheSpire:Wildfire","conspire:SpecialSausage","halation:Jellyphish","StuffTheSpire:PointBlank","hubris:SlimyHat","halation:SwordOfLegend","StuffTheSpire:EmeraldSignet","aspiration:FutureDiary","Replay:PocketPolymizer","Replay:Ringing Soul","StuffTheSpire:NeowsTribute","infinitespire:Lucky Rock"],"acts_visited":["Exordium","TheCity","TheBeyond"],"potions_floor_usage":[16,23,25,35,42,50,52,52],"damage_taken":[{"damage":7,"enemies":"Small Slimes","floor":1,"turns":3},{"damage":8,"enemies":"Jaw Worm","floor":2,"turns":3},{"damage":26,"enemies":"Lagavulin","floor":6,"turns":6},{"damage":0,"enemies":"2 Louse","floor":8,"turns":1},{"damage":0,"enemies":"Looter","floor":10,"turns":2},{"damage":0,"enemies":"Exordium Wildlife","floor":11,"turns":2},{"damage":1,"enemies":"2 Fungi Beasts","floor":12,"turns":3},{"damage":13,"enemies":"Replay:BlueRogue","floor":13,"turns":4},{"damage":45,"enemies":"The Guardian","floor":16,"turns":9},{"damage":0,"enemies":"Spheric Guardian","floor":18,"turns":3},{"damage":14,"enemies":"Sentry and Sphere","floor":19,"turns":4},{"damage":12,"enemies":"Centurion and Healer","floor":22,"turns":4},{"damage":0,"enemies":"conspire:Head Lice","floor":23,"turns":5},{"damage":17,"enemies":"Book of Stabbing","floor":25,"turns":4},{"damage":7,"enemies":"conspire:HollyBat","floor":28,"turns":4},{"damage":10,"enemies":"conspire:HollyBat","floor":30,"turns":7},{"damage":0,"enemies":"Sentry and Sphere","floor":32,"turns":2},{"damage":1,"enemies":"Centurion and Healer","floor":33,"turns":3},{"damage":48,"enemies":"Automaton","floor":35,"turns":9},{"damage":0,"enemies":"Orb Walker","floor":37,"turns":2},{"damage":16,"enemies":"3 Shapes","floor":40,"turns":3},{"damage":5,"enemies":"Mind Bloom Boss Battle","floor":41,"turns":5},{"damage":40,"enemies":"Nemesis","floor":42,"turns":5},{"damage":0,"enemies":"Giant Head","floor":44,"turns":6},{"damage":6,"enemies":"3 Darklings","floor":47,"turns":4},{"damage":0,"enemies":"Transient","floor":50,"turns":5},{"damage":17,"enemies":"Replay:Hell Engine","floor":52,"turns":6}],"seed_played":"8205479388108599529","potions_obtained":[{"floor":10,"key":"jedi:hoardpotion"},{"floor":12,"key":"Reflective Coating"},{"floor":13,"key":"PowerPotion"},{"floor":16,"key":"BlessingOfTheForge"},{"floor":32,"key":"Dexterity Potion"},{"floor":35,"key":"Explosive Potion"},{"floor":42,"key":"Fruit Juice"},{"floor":44,"key":"Adrenaline Potion"},{"floor":50,"key":"LifebloodPotion"}],"is_trial":false,"path_per_floor":["M","M","?","$","?","E","R","M","T","M","M","M","E","?","R","B",null,"M","M","$","?","M","E","R","E","PTL","PTL","MIM","R","M","R","M","M","R","B",null,"M","?","$","M","?","E","R","E","T","R","M","R","?","M","R","B",null],"character_chosen":"BLACKBEARD_CLASS","items_purchased":["blackbeard:Dagger","blackbeard:RearmingStrike","halation:Jellyphish"],"campfire_rested":3,"item_purchase_floors":[20,20,20],"current_hp_per_floor":[68,60,60,60,63,37,37,37,37,37,40,39,26,26,50,5,81,81,67,67,67,58,58,58,41,41,41,34,33,25,50,50,49,55,7,84,84,84,84,68,66,34,46,55,55,58,52,55,55,58,88,75],"gold":277,"neow_bonus":"RANDOM_EVENT","is_daily":false,"chose_seed":false,"campfire_upgraded":7,"win_rate":0.0,"timestamp":1609266531,"path_taken":["M","M","?","?","?","E","R","?","T","M","M","M","E","?","R","BOSS","M","M","$","?","M","E","R","E","PTL","PTL","MIM","R","?","R","M","M","R","BOSS","M","?","$","M","?","E","R","E","T","R","M","R","?","?","R","BOSS"],"items_purchased_type":["Card","Card","Relic"],"build_version":"2020-12-22","purchased_purges":4,"victory":true,"max_hp_per_floor":[75,75,75,75,78,78,78,78,78,78,81,81,81,81,81,81,81,81,81,81,81,84,84,84,84,84,84,84,84,84,84,84,84,84,84,84,84,84,84,84,87,95,95,98,98,98,98,98,98,101,101,101],"card_choices":[{"not_picked":["blackbeard:WiseDefense","blackbeard:PirateEarring"],"picked":"blackbeard:Sword","floor":1},{"not_picked":["blackbeard:Sharpening","blackbeard:ChaoticDefense"],"picked":"blackbeard:Spear","floor":2},{"not_picked":["blackbeard:Upgrade","blackbeard:GoldenStrike"],"picked":"blackbeard:DeadlyArsenal","floor":6},{"not_picked":["blackbeard:DelayedPain","blackbeard:Toast","blackbeard:Fencing"],"picked":"SKIP","floor":8},{"not_picked":["blackbeard:Shrapnel","blackbeard:CannonballSupply"],"picked":"blackbeard:GoldenStrike","floor":10},{"not_picked":["blackbeard:DoubleBottom","blackbeard:BountyHunter","blackbeard:BeatUp"],"picked":"SKIP","floor":11},{"not_picked":["blackbeard:GoldenStrike","blackbeard:JollyRoger"],"picked":"blackbeard:Spear","floor":12},{"not_picked":["blackbeard:Toast","blackbeard:ReapersScythe"],"picked":"blackbeard:GoldenStrike","floor":13},{"not_picked":["blackbeard:Murder","blackbeard:FinalBarrage"],"picked":"blackbeard:BoostMorale","floor":16},{"not_picked":["blackbeard:Sharpening","blackbeard:TerrorOfTheSeas+1"],"picked":"blackbeard:TacticalRetreat","floor":18},{"not_picked":["blackbeard:Scrap","blackbeard:PirateEarring"],"picked":"blackbeard:GoldenDefense+1","floor":19},{"not_picked":["blackbeard:SwordDance","blackbeard:Fencing"],"picked":"blackbeard:RearmingStrike","floor":22},{"not_picked":["blackbeard:Toast","blackbeard:Scrap+1"],"picked":"blackbeard:WeaponProficiency","floor":23},{"not_picked":["blackbeard:Sword","blackbeard:Eyepatch","blackbeard:FieryDefense"],"picked":"SKIP","floor":25},{"not_picked":["blackbeard:Sword","blackbeard:WiseDefense"],"picked":"blackbeard:GoldenDefense","floor":28},{"not_picked":["blackbeard:Halberd","blackbeard:GoldenGuillotine"],"picked":"blackbeard:Salvager","floor":30},{"not_picked":["blackbeard:Eyepatch","blackbeard:SwordDance","blackbeard:WiseDefense"],"picked":"SKIP","floor":30},{"not_picked":["blackbeard:DoubleBottom","blackbeard:Murder","blackbeard:BeatUp"],"picked":"SKIP","floor":32},{"not_picked":["blackbeard:ArmorUp","blackbeard:WiseDefense"],"picked":"blackbeard:GoldenStrike","floor":33},{"not_picked":["blackbeard:Murder","blackbeard:GoldenGuillotine"],"picked":"blackbeard:PirateStrength","floor":35},{"not_picked":["blackbeard:WiseDefense+1","blackbeard:SwordDance"],"picked":"blackbeard:RearmingStrike+1","floor":37},{"not_picked":["blackbeard:Shrapnel","blackbeard:Dagger"],"picked":"blackbeard:Rum","floor":40},{"not_picked":["blackbeard:PiratesWill","blackbeard:Recklessness"],"picked":"blackbeard:DeadlyArsenal+1","floor":41},{"not_picked":["blackbeard:CannonballSupply","blackbeard:SwordDance","blackbeard:BeatUp+1"],"picked":"SKIP","floor":42},{"not_picked":["blackbeard:GoldenRain","blackbeard:Sharpening"],"picked":"blackbeard:RearmingStrike+1","floor":44},{"not_picked":["blackbeard:DeadlyArsenal+1","blackbeard:CaptainsCabin","blackbeard:BeatUp+1"],"picked":"SKIP","floor":47},{"not_picked":["blackbeard:FishingNets+1","blackbeard:WiseDefense+1"],"picked":"blackbeard:RearmingStrike+1","floor":50}],"player_experience":81746,"relics_obtained":[{"floor":6,"key":"CCEMRelics:Sandal"},{"floor":9,"key":"halation:SelfBoilingWater"},{"floor":11,"key":"halation:EternalFortune"},{"floor":13,"key":"StuffTheSpire:Wildfire"},{"floor":22,"key":"halation:EternalFortune"},{"floor":23,"key":"hubris:SlimyHat"},{"floor":25,"key":"halation:SwordOfLegend"},{"floor":28,"key":"StuffTheSpire:EmeraldSignet"},{"floor":41,"key":"Replay:PocketPolymizer"},{"floor":41,"key":"halation:EternalFortune"},{"floor":42,"key":"halation:EternalFortune"},{"floor":42,"key":"Replay:Ringing Soul"},{"floor":44,"key":"StuffTheSpire:NeowsTribute"},{"floor":45,"key":"infinitespire:Lucky Rock"}],"event_choices":[{"damage_healed":0,"gold_gain":0,"player_choice":"Stole Relic","damage_taken":0,"relics_obtained":["StuffTheSpire:PointBlank"],"max_hp_gain":0,"max_hp_loss":0,"event_name":"Addict","floor":21,"gold_loss":0,"cards_obtained":["Shame"]},{"cards_removed":["blackbeard:BlackbeardDefend"],"damage_healed":0,"gold_gain":0,"player_choice":"Removed Skill","damage_taken":0,"max_hp_gain":0,"max_hp_loss":0,"event_name":"Falling","floor":38,"gold_loss":0},{"damage_healed":0,"gold_gain":0,"player_choice":"Fight","damage_taken":0,"max_hp_gain":0,"max_hp_loss":0,"event_name":"MindBloom","floor":41,"gold_loss":0},{"damage_healed":0,"gold_gain":100,"player_choice":"Pray","damage_taken":0,"max_hp_gain":0,"max_hp_loss":0,"event_name":"Golden Shrine","floor":49,"gold_loss":0}],"is_beta":false,"boss_relics":[{"not_picked":["Empty Cage","blackbeard:SoberMinded"],"picked":"conspire:SpecialSausage"},{"not_picked":["Replay:Fungal Core","hubris:VirtuousBlindfold"],"picked":"aspiration:FutureDiary"}],"items_purged_floors":[4,20,39,39],"is_endless":false,"potions_floor_spawned":[10,12,13,16,18,19,32,35,42,44,50],"ascension_level":1}}