{"host":"xy5qih4nvxccm4rc","time":1609278447,"event":{"mods":["AchievementEnabler","BaseMod","Minty Spire (QoL Compilation)","StSLib"],"gold_per_floor":[114,43,43,43,63,98,98,139,163,206,206,206,206],"floor_reached":12,"playtime":438,"items_purged":[],"score":131,"play_id":"d4ce5a97-b9c8-4725-bb17-184c743e59f2","local_time":"20201229154727","is_ascension_mode":true,"campfire_choices":[{"data":"Catalyst","floor":7,"key":"SMITH"},{"data":"Riddle With Holes","floor":11,"key":"SMITH"}],"circlet_count":0,"master_deck":["Strike_G","Strike_G","Strike_G","Strike_G","Strike_G","Defend_G","Defend_G","Defend_G","Defend_G","Defend_G","Survivor","Neutralize","Caltrops","Riddle With Holes+1","Injury","Poisoned Stab","Catalyst+1","PiercingWail","Dagger Throw"],"relics":["Ring of the Snake","NeowsBlessing","Golden Idol","Turnip","Vajra","Centennial Puzzle","Smiling Mask"],"acts_visited":["Exordium"],"potions_floor_usage":[10,10],"damage_taken":[{"damage":0,"enemies":"Jaw Worm","floor":1,"turns":1},{"damage":0,"enemies":"2 Louse","floor":5,"turns":1},{"damage":0,"enemies":"3 Sentries","floor":6,"turns":1},{"damage":32,"enemies":"Gremlin Nob","floor":8,"turns":5},{"damage":17,"enemies":"Lagavulin","floor":10,"turns":5},{"damage":26,"enemies":"3 Sentries","floor":12,"turns":4}],"seed_played":"2322023538617092895","potions_obtained":[{"floor":1,"key":"PowerPotion"},{"floor":8,"key":"Fire Potion"},{"floor":10,"key":"LiquidMemories"}],"is_trial":false,"path_per_floor":["M","$","?","T","M","E","R","E","T","E","R","E"],"character_chosen":"THE_SILENT","items_purchased":["Riddle With Holes"],"campfire_rested":0,"item_purchase_floors":[2],"current_hp_per_floor":[70,70,70,70,70,70,70,38,38,21,21,0,0],"gold":206,"neow_bonus":"THREE_ENEMY_KILL","is_daily":false,"chose_seed":false,"campfire_upgraded":2,"win_rate":0.0,"timestamp":1609278447,"path_taken":["M","$","?","?","M","E","R","E","T","E","R","E"],"items_purchased_type":["Card"],"build_version":"2020-12-22","purchased_purges":0,"victory":false,"max_hp_per_floor":[70,70,70,70,70,70,70,70,70,70,70,70,70],"card_choices":[{"not_picked":["PiercingWail","Quick Slash"],"picked":"Caltrops","floor":1},{"not_picked":["Endless Agony","Slice"],"picked":"Poisoned Stab","floor":5},{"not_picked":["Sucker Punch","PiercingWail"],"picked":"Catalyst","floor":6},{"not_picked":["All Out Attack","Masterful Stab"],"picked":"PiercingWail","floor":8},{"not_picked":["Malaise","Slice"],"picked":"Dagger Throw","floor":10}],"player_experience":316109,"relics_obtained":[{"floor":6,"key":"Turnip"},{"floor":8,"key":"Vajra"},{"floor":9,"key":"Centennial Puzzle"},{"floor":10,"key":"Smiling Mask"}],"event_choices":[{"damage_healed":0,"gold_gain":0,"player_choice":"Take Wound","damage_taken":0,"relics_obtained":["Golden Idol"],"max_hp_gain":0,"max_hp_loss":0,"event_name":"Golden Idol","floor":3,"gold_loss":0,"cards_obtained":["Injury"]}],"is_beta":false,"boss_relics":[],"items_purged_floors":[],"is_endless":false,"potions_floor_spawned":[1,8,10],"killed_by":"3 Sentries","ascension_level":2}}