{"host":"baiuyraednrljtmn","time":1609228559,"event":{"mods":["BaseMod","Colored Map","Colored Powertips","Current Relic Mod","DeckTracker","Hermit","Keyboard Shortcuts","Minty Spire (QoL Compilation)","Relic Stats","StSLib","SuperFastMode","everything is the same but u backflip on backflip"],"gold_per_floor":[114,39,49,64,75,103,103,103,103],"floor_reached":8,"playtime":292,"items_purged":[],"score":116,"play_id":"a93c9f18-c790-4927-8bcc-9901a28b6b37","local_time":"20201229165559","is_ascension_mode":true,"campfire_choices":[{"floor":7,"key":"REST"}],"circlet_count":0,"master_deck":["AscendersBane","Strike_G","Strike_G","Strike_G","Strike_G","Strike_G","Defend_G","Defend_G","Defend_G","Defend_G","Defend_G","Survivor","Neutralize","Flying Knee","Acrobatics","Underhanded Strike","Infinite Blades","Dagger Throw"],"relics":["Ring of the Snake","Ginger","Tiny Chest"],"acts_visited":["Exordium"],"potions_floor_usage":[6],"damage_taken":[{"damage":0,"enemies":"2 Louse","floor":1,"turns":3},{"damage":10,"enemies":"Small Slimes","floor":3,"turns":4},{"damage":7,"enemies":"Cultist","floor":4,"turns":6},{"damage":4,"enemies":"Blue Slaver","floor":5,"turns":3},{"damage":27,"enemies":"3 Sentries","floor":6,"turns":8},{"damage":32,"enemies":"Lagavulin","floor":8,"turns":7}],"seed_played":"-2760782102846833611","potions_obtained":[{"floor":3,"key":"PowerPotion"},{"floor":5,"key":"PowerPotion"}],"is_trial":false,"path_per_floor":["M","?","M","M","M","E","R","E"],"character_chosen":"THE_SILENT","items_purchased":[],"campfire_rested":1,"item_purchase_floors":[],"current_hp_per_floor":[59,59,49,42,38,11,30,0,0],"gold":103,"neow_bonus":"ONE_RARE_RELIC","is_daily":false,"chose_seed":false,"campfire_upgraded":0,"win_rate":0.0,"timestamp":1609228559,"path_taken":["M","?","M","M","M","E","R","E"],"items_purchased_type":[],"build_version":"2020-12-22","purchased_purges":0,"victory":false,"max_hp_per_floor":[66,66,66,66,66,66,66,66,66],"relic_stats":{"counters":[6,31],"Tiny Chest":0,"Ginger":[5],"obtain_stats":[{"Tiny Chest":6,"Ginger":0,"Ring of the Snake":0},{"Tiny Chest":5,"Ginger":0,"Ring of the Snake":0},{"Tiny Chest":24,"Ginger":0,"Ring of the Snake":0}],"Ring of the Snake":[12]},"card_choices":[{"not_picked":["Leg Sweep","Deflect"],"picked":"Flying Knee","floor":1},{"not_picked":["Prepared","Choke"],"picked":"Acrobatics","floor":3},{"not_picked":["Dagger Spray","Cloak And Dagger"],"picked":"Underhanded Strike","floor":4},{"not_picked":["Underhanded Strike","Caltrops"],"picked":"Infinite Blades","floor":5},{"not_picked":["Endless Agony","Terror"],"picked":"Dagger Throw","floor":6}],"player_experience":1433719,"relics_obtained":[{"floor":6,"key":"Tiny Chest"}],"event_choices":[{"cards_removed":["Decay"],"damage_healed":0,"gold_gain":0,"player_choice":"Card Removal","damage_taken":0,"max_hp_gain":0,"max_hp_loss":0,"event_name":"The Cleric","floor":2,"gold_loss":75}],"is_beta":false,"boss_relics":[],"items_purged_floors":[],"is_endless":false,"potions_floor_spawned":[3,5],"killed_by":"Lagavulin","ascension_level":20}}