{"host":"h7xtspmc2x3i8s2i","time":1609201370,"event":{"mods":["2.2 Compatiblity","AchievementEnabler","Act Like it!","AlwaysNeverKeys","Aspiration","Astrologer","BaseMod","Beaked The Cultist","Bestiary","Better Altar","Better Match","Better Note","Better Sensory Stone","Better Skull","Better Third Choice","Better Vampires","Better-Laid Plans","BetterRewards","Challenge The Spire","Colored Map","Colored Powertips","Colorless Booster Pack","Curses Come First","Defuse TimeMaze Blight","Dio Mod","Disable Question Mark Monsters","Downfall","Duelist Mod","EXCEPTION","Emptier Cage","Energized Spire","Friendly Minions","GifTheSpireLib","Gold Saver","Gremlin Skip","Halation","Hubris","Ironclad Rager","Jedi Mod","Key Reminder","Marked Mod","Minty Spire (QoL Compilation)","Permanent Neow","Potion Indicator Mod","Quick Restart","Random Character Button","Random Character Mod","Rare Cards Sparkle","Relic Filter","Relic Stats","Replay The Spire","SacredBarkPlus","Shop Mod","Somnambulant","Spicy Shops","Spikes Relics","Spire Birthday Party","StSLib","Steal the Spire","Stuff the Spire","SuperFastMode","The Awakened One except there are too many feathers","The Blue Laboratory","The Cursed","The Death Knight","The Dragon Tamer","The Edgeheg","The Hierophant","The Problem Sleuth","The Runesmith","The Wild Card","TheVelvet","Transform Curses","Uncapped","Unceasing Turn Reminder","Virulent Crown","everything is the same but u backflip on backflip","slay the spire mod where everything is the same but ironclad has a cowboy hat","vexMod"],"gold_per_floor":[415,428,517,528,545,562,588,599,634,18,34,44,44,61,73,170,170,45,64,84,103,119,119,193,207,227,257,268,10,23,42,58,153,153,28,76,93,104,118,118,118,130,140,240,256,131,131,131,131],"floor_reached":47,"playtime":2343,"items_purged":["Slimebound:Strike_Slimebound"],"score":540,"play_id":"5e882fcb-5e4e-435d-b395-52ff18573305","local_time":"20201228192250","is_ascension_mode":false,"campfire_choices":[{"floor":1,"key":"DIG"},{"floor":18,"key":"RECALL"},{"data":"Slimebound:MegaLick","floor":35,"key":"SMITH"},{"data":"Slimebound:Dissolve","floor":46,"key":"SMITH"}],"circlet_count":0,"master_deck":["Slimebound:Strike_Slimebound","Slimebound:Strike_Slimebound","Slimebound:Tackle","Slimebound:Defend_Slimebound","Slimebound:Defend_Slimebound","Slimebound:Defend_Slimebound","Slimebound:Defend_Slimebound","Slimebound:Split","Slimebound:CorrosiveSpit+1","Slimebound:SplitMire","Slimebound:SamplingLick+1","Slimebound:LeechingTouch","Slimebound:Schlurp","Slimebound:MegaLick+1","Slimebound:LeechEnergy","Slimebound:GrowthPunch","Slimebound:PressTheAttack","Slimebound:Dissolve+1","Slimebound:Nibble","Slimebound:RainOfGoop","Slimebound:HauntingLick","Slimebound:LeechEnergy","Slimebound:GoopSpray","Slimebound:TongueLash","Slimebound:WasteNot","Slimebound:GrowthPunch+1","Slimebound:Nibble","Slimebound:SamplingLick","Slimebound:RejuvenatingLick+1","Slimebound:AcidTongue","Slimebound:LeechLife","Slimebound:LeadByExample","Slimebound:SamplingLick","Slimebound:AcidTongue+1","Slimebound:Dissolve","Slimebound:WasteNot","Slimebound:Gluttony","Slimebound:LeechEnergy+1","Slimebound:SplitMire+1","Slimebound:MegaLick","Slimebound:SamplingLick+1","Slimebound:PressTheAttack+1"],"relics":["Slimebound:AbsorbEndCombat","SpikesRelics:DaevaFist","GiantMaggot","DeathKnight:PutricidesVial","vexMod:HeadHunter","MerchantsRug","Simple Rune","Membership Card","Slimebound:GreedOozeRelic","aspiration:SecretTechniqueScroll","downfall:HeartBlessingGreen","Replay:Wax Seal","jedi:arcanewood","StuffTheSpire:EmeraldSignet","downfall:HeartBlessingRed","hubris:MedicalManual","jedi:heavyjacket","aspiration:EmptySkull","downfall:HeartBlessingBlue"],"acts_visited":["Exordium","TheCity","TheBeyond"],"potions_floor_usage":[8,10,14,19,20,25,27,28,32,33,36,38],"damage_taken":[{"damage":12,"enemies":"Jaw Worm","floor":2,"turns":4},{"damage":8,"enemies":"Cultist","floor":4,"turns":4},{"damage":8,"enemies":"2 Louse","floor":5,"turns":3},{"damage":10,"enemies":"Blue Slaver","floor":6,"turns":2},{"damage":23,"enemies":"Gremlin Gang","floor":8,"turns":3},{"damage":30,"enemies":"Lagavulin","floor":9,"turns":5},{"damage":11,"enemies":"downfall:FleeingMerchant","floor":10,"turns":4},{"damage":8,"enemies":"Red Slaver","floor":11,"turns":2},{"damage":4,"enemies":"Lots of Slimes","floor":12,"turns":2},{"damage":4,"enemies":"Large Slime","floor":14,"turns":4},{"damage":0,"enemies":"Blue Slaver","floor":15,"turns":2},{"damage":28,"enemies":"downfall:Defect","floor":16,"turns":5},{"damage":7,"enemies":"Spheric Guardian","floor":19,"turns":3},{"damage":6,"enemies":"Shell Parasite","floor":20,"turns":3},{"damage":13,"enemies":"Snecko","floor":21,"turns":4},{"damage":17,"enemies":"3 Cultists","floor":22,"turns":4},{"damage":9,"enemies":"Snake Plant","floor":25,"turns":3},{"damage":22,"enemies":"Centurion and Healer","floor":26,"turns":4},{"damage":12,"enemies":"Book of Stabbing","floor":27,"turns":3},{"damage":18,"enemies":"Snecko","floor":28,"turns":4},{"damage":14,"enemies":"downfall:FleeingMerchant","floor":29,"turns":4},{"damage":8,"enemies":"Sentry and Sphere","floor":30,"turns":3},{"damage":8,"enemies":"Centurion and Healer","floor":31,"turns":3},{"damage":17,"enemies":"Snake Plant","floor":32,"turns":2},{"damage":62,"enemies":"downfall:Ironclad","floor":33,"turns":6},{"damage":30,"enemies":"2 Orb Walkers","floor":36,"turns":4},{"damage":7,"enemies":"3 Shapes","floor":37,"turns":4},{"damage":16,"enemies":"3 Darklings","floor":38,"turns":4},{"damage":66,"enemies":"Jaw Worm Horde","floor":39,"turns":4},{"damage":19,"enemies":"Maw","floor":42,"turns":6},{"damage":33,"enemies":"Spire Growth","floor":43,"turns":4},{"damage":13,"enemies":"Jaw Worm Horde","floor":45,"turns":3},{"damage":0,"enemies":"downfall:Watcher","floor":47,"turns":1}],"seed_played":"1127289257290243733","potions_obtained":[{"floor":6,"key":"Swift Potion"},{"floor":9,"key":"champ:CounterPotion"},{"floor":11,"key":"jedi:StrikingPotion"},{"floor":12,"key":"LifebloodPotion"},{"floor":14,"key":"blueLaboratory:ForbiddenFruitJuice"},{"floor":15,"key":"Energy Potion"},{"floor":22,"key":"Block Potion"},{"floor":26,"key":"Slimebound:ThreeZeroPotion"},{"floor":27,"key":"blueLaboratory:HorrorPotion"},{"floor":31,"key":"SkillPotion"},{"floor":32,"key":"blueLaboratory:PyrophylliteBrew"},{"floor":33,"key":"Languid Potion"},{"floor":36,"key":"blueLaboratory:NullPotion"},{"floor":37,"key":"sneckomod:MuddlingPotion"},{"floor":45,"key":"SteroidPotion"}],"is_trial":false,"path_per_floor":["R_BF","M","?","M","M","M","T","M","E","$","M","M","?","M","M","B",null,"R_BF","M","M","M","M","?","T","M","M","E","M","$","M","M","M","B",null,"R","?","M","M","M","T","T","M","M","?","M","R","M"],"character_chosen":"SLIMEBOUND","items_purchased":["MerchantsRug","Simple Rune","War Paint","Membership Card","Slimebound:Nibble","Slimebound:RainOfGoop","Slimebound:SamplingLick","jedi:arcanewood","StuffTheSpire:EmeraldSignet"],"campfire_rested":0,"item_purchase_floors":[10,10,10,10,10,10,29,29,29],"current_hp_per_floor":[60,57,33,37,45,47,47,48,50,60,60,60,60,60,60,49,60,60,60,60,59,60,60,60,60,60,60,59,60,60,60,55,50,50,50,50,50,50,29,29,29,50,41,41,50,60,56,56,56],"gold":131,"neow_bonus":"RANDOM_COMMON_RELIC","is_daily":false,"chose_seed":false,"campfire_upgraded":2,"win_rate":0.0,"timestamp":1609201370,"path_taken":["R_BF","M","?","M","?","?","T","M","E","?","M","M","?","M","M","BOSS","R_BF","M","M","M","M","?","T","?","M","E","M","$","M","?","M","BOSS","R","?","M","M","M","?","T","M","?","?","M","R","?","BOSS"],"items_purchased_type":["Relic","Relic","Relic","Relic","Card","Card","Card","Relic","Relic"],"build_version":"2020-12-22","purchased_purges":1,"victory":false,"max_hp_per_floor":[60,60,60,60,60,60,60,60,60,60,60,60,60,60,60,60,60,60,60,60,60,60,60,60,60,60,60,60,60,60,60,60,50,50,50,50,50,50,50,50,50,50,50,50,50,60,60,60,60],"relic_stats":{"counters":[34,116],"obtain_stats":[{"MerchantsRug":10,"downfall:HeartBlessingRed":35,"GiantMaggot":1,"downfall:HeartBlessingGreen":18,"StuffTheSpire:EmeraldSignet":29,"hubris:MedicalManual":36,"aspiration:SecretTechniqueScroll":17,"War Paint":10,"keyreminder:keyreminder":9,"Slimebound:GreedOozeRelic":13,"jedi:heavyjacket":40,"aspiration:EmptySkull":41,"downfall:HeartBlessingBlue":46,"vexMod:HeadHunter":9,"DeathKnight:PutricidesVial":7,"Simple Rune":10,"Slimebound:AbsorbEndCombat":0,"SpikesRelics:DaevaFist":0,"Membership Card":10,"Replay:Wax Seal":27,"jedi:arcanewood":29},{"MerchantsRug":7,"downfall:HeartBlessingRed":25,"GiantMaggot":0,"downfall:HeartBlessingGreen":12,"StuffTheSpire:EmeraldSignet":21,"hubris:MedicalManual":26,"aspiration:SecretTechniqueScroll":12,"War Paint":7,"keyreminder:keyreminder":6,"Slimebound:GreedOozeRelic":9,"jedi:heavyjacket":29,"aspiration:EmptySkull":29,"downfall:HeartBlessingBlue":32,"vexMod:HeadHunter":6,"DeathKnight:PutricidesVial":4,"Simple Rune":7,"Slimebound:AbsorbEndCombat":0,"SpikesRelics:DaevaFist":0,"Membership Card":7,"Replay:Wax Seal":19,"jedi:arcanewood":21},{"MerchantsRug":24,"downfall:HeartBlessingRed":85,"GiantMaggot":0,"downfall:HeartBlessingGreen":39,"StuffTheSpire:EmeraldSignet":71,"hubris:MedicalManual":89,"aspiration:SecretTechniqueScroll":39,"War Paint":24,"keyreminder:keyreminder":20,"Slimebound:GreedOozeRelic":28,"jedi:heavyjacket":101,"aspiration:EmptySkull":101,"downfall:HeartBlessingBlue":114,"vexMod:HeadHunter":20,"DeathKnight:PutricidesVial":12,"Simple Rune":24,"Slimebound:AbsorbEndCombat":0,"SpikesRelics:DaevaFist":0,"Membership Card":24,"Replay:Wax Seal":63,"jedi:arcanewood":71}]},"card_choices":[{"not_picked":["Slimebound:RollThrough","Slimebound:Chomp"],"picked":"Slimebound:SplitMire","floor":2},{"not_picked":["Slimebound:FinishingTackle","Slimebound:RollThrough"],"picked":"Slimebound:SamplingLick","floor":3},{"not_picked":["Slimebound:LevelUp","Slimebound:MassFeed"],"picked":"Slimebound:LeechingTouch","floor":3},{"not_picked":["Slimebound:SlimeBrawl","Slimebound:Replication"],"picked":"Slimebound:Schlurp","floor":3},{"not_picked":["Slimebound:LeechEnergy","Slimebound:Replication"],"picked":"Slimebound:MegaLick","floor":4},{"not_picked":["Slimebound:SlimeSpikes","Slimebound:FinishingTackle","Slimebound:Teamwork"],"picked":"SKIP","floor":5},{"not_picked":["Slimebound:GrowthPunch","Slimebound:LeechingTouch"],"picked":"Slimebound:LeechEnergy","floor":6},{"not_picked":["Slimebound:ProtectTheBoss","Slimebound:RollThrough"],"picked":"Slimebound:GrowthPunch","floor":8},{"not_picked":["Slimebound:Overexert","Slimebound:GrowthPunch"],"picked":"Slimebound:PressTheAttack","floor":9},{"not_picked":["Slimebound:DisruptingSlam","Slimebound:DivideAndConquer"],"picked":"Slimebound:Dissolve","floor":10},{"not_picked":["Slimebound:DivideAndConquer","Slimebound:SlimeBrawl"],"picked":"Slimebound:HauntingLick","floor":11},{"not_picked":["Slimebound:RollThrough","Slimebound:PressTheAttack"],"picked":"Slimebound:LeechEnergy","floor":12},{"not_picked":["Slimebound:SlimeSpikes","Slimebound:ComboTackle"],"picked":"Slimebound:GoopSpray","floor":14},{"not_picked":["Slimebound:Nibble","Slimebound:ServeAndProtect"],"picked":"Slimebound:TongueLash","floor":15},{"not_picked":["Slimebound:DuplicatedForm","Slimebound:SelfFormingGoo"],"picked":"Slimebound:WasteNot","floor":16},{"not_picked":["Slimebound:FormOfPuddle","Slimebound:ComboTackle+1"],"picked":"Slimebound:GrowthPunch+1","floor":19},{"not_picked":["Slimebound:SplitLeeching","Slimebound:GoopSpray","Slimebound:ServeAndProtect"],"picked":"SKIP","floor":20},{"not_picked":["Slimebound:LevelUp","Slimebound:Chomp"],"picked":"Slimebound:Nibble","floor":21},{"not_picked":["Slimebound:PressTheAttack","Slimebound:ComboTackle"],"picked":"Slimebound:SamplingLick","floor":22},{"not_picked":["Slimebound:SlimeBarrage","Slimebound:GoopSpray+1"],"picked":"Slimebound:RejuvenatingLick+1","floor":25},{"not_picked":["Slimebound:RollThrough","Slimebound:Schlurp"],"picked":"Slimebound:AcidTongue","floor":26},{"not_picked":["Slimebound:PrepareCrush","Slimebound:TagTeam"],"picked":"Slimebound:LeechLife","floor":27},{"not_picked":["Slimebound:ServeAndProtect+1","Slimebound:DuplicatedForm","Slimebound:FlameTackle"],"picked":"SKIP","floor":27},{"not_picked":["Slimebound:FlameTackle","Slimebound:SlimeSpikes"],"picked":"Slimebound:LeadByExample","floor":28},{"not_picked":["Slimebound:DisruptingSlam","Slimebound:SelfFormingGoo","Slimebound:RollThrough+1"],"picked":"SKIP","floor":29},{"not_picked":["Slimebound:SplitAcid","Slimebound:Repurpose","Slimebound:SlimeSpikes"],"picked":"SKIP","floor":30},{"not_picked":["Slimebound:LivingWall","Slimebound:ServeAndProtect+1"],"picked":"Slimebound:AcidTongue+1","floor":31},{"not_picked":["Slimebound:ForwardTackle","Slimebound:ProtectTheBoss"],"picked":"Slimebound:Dissolve","floor":32},{"not_picked":["Slimebound:RallyTheTroops","Slimebound:DouseInSlime"],"picked":"Slimebound:WasteNot","floor":33},{"not_picked":["Slimebound:LeechingTouch","Slimebound:ComboTackle"],"picked":"Slimebound:Gluttony","floor":37},{"not_picked":["Slimebound:ServeAndProtect+1","Slimebound:RollThrough+1"],"picked":"Slimebound:LeechEnergy+1","floor":38},{"not_picked":["Slimebound:ComboTackle","Slimebound:SlimeSpikes+1"],"picked":"Slimebound:SplitMire+1","floor":39},{"not_picked":["Slimebound:SplitBruiser+1","Slimebound:SplitLeeching+1"],"picked":"Slimebound:MegaLick","floor":42},{"not_picked":["Slimebound:FinishingTackle","Slimebound:Schlurp+1"],"picked":"Slimebound:SamplingLick+1","floor":43},{"not_picked":["Slimebound:ViciousTackle","Slimebound:LivingWall"],"picked":"Slimebound:PressTheAttack+1","floor":45}],"player_experience":609131,"relics_obtained":[{"floor":1,"key":"GiantMaggot"},{"floor":7,"key":"DeathKnight:PutricidesVial"},{"floor":9,"key":"vexMod:HeadHunter"},{"floor":27,"key":"Replay:Wax Seal"},{"floor":36,"key":"hubris:MedicalManual"},{"floor":40,"key":"jedi:heavyjacket"},{"floor":41,"key":"aspiration:EmptySkull"}],"event_choices":[{"damage_healed":0,"gold_gain":0,"player_choice":"Ignored","damage_taken":0,"max_hp_gain":0,"max_hp_loss":0,"event_name":"betterNote:BetterNote","floor":23,"gold_loss":0,"cards_obtained":["Noxious Fumes"]},{"damage_healed":0,"gold_gain":0,"player_choice":"Fight","damage_taken":0,"max_hp_gain":0,"max_hp_loss":0,"event_name":"Mysterious Sphere","floor":36,"gold_loss":0}],"is_beta":false,"boss_relics":[{"not_picked":["StuffTheSpire:RunicConfusion","Runic Dome"],"picked":"aspiration:SecretTechniqueScroll"},{"not_picked":["StuffTheSpire:Kangaroo","aspiration:FutureDiary","vexMod:DeviousBotling"]}],"items_purged_floors":[29],"is_endless":false,"potions_floor_spawned":[6,9,11,12,14,15,22,26,27,31,32,33,36,37,45],"killed_by":"downfall:Watcher","ascension_level":0}}