{"host":"qxeepl7ydvsgmfdb","time":1609261863,"event":{"mods":["AchievementEnabler","BaseMod","Colored Powertips","Minty Spire (QoL Compilation)","Quick Restart","slay the spire mod where everything is the same but ironclad has a cowboy hat"],"gold_per_floor":[115,42,42,42,56,86,86,86,111,124,124,124,124,154,154,259,259,278,278,278,278,278,278,292,42,69,94,113,123,142,159,159,159,159],"floor_reached":33,"playtime":907,"items_purged":[],"score":387,"play_id":"c9f45451-0c36-48be-b0ff-c6cee7d4b708","local_time":"20201229121103","is_ascension_mode":true,"campfire_choices":[{"data":"Backstab","floor":7.0,"key":"SMITH"},{"data":"Dagger Spray","floor":11.0,"key":"SMITH"},{"floor":15.0,"key":"REST"},{"floor":23.0,"key":"REST"},{"floor":32,"key":"REST"}],"circlet_count":0,"master_deck":["Strike_G","Strike_G","Strike_G","Strike_G","Defend_G","Defend_G","Defend_G","Defend_G","Defend_G","Survivor","Neutralize","Cloak And Dagger","Backstab+1","Backflip","Noxious Fumes+1","Dagger Spray+1","Heel Hook","Adrenaline","RitualDagger","Necronomicurse","Sucker Punch","Dagger Throw","Deadly Poison","Backstab","Deadly Poison"],"relics":["Ring of the Snake","NeowsBlessing","Tiny Chest","Pocketwatch","Bag of Marbles","Dream Catcher","InkBottle","Boot","Necronomicon","Bottled Lightning","Meat on the Bone","Art of War","Snake Skull"],"acts_visited":["Exordium","TheCity"],"potions_floor_usage":[],"damage_taken":[{"damage":0.0,"enemies":"Jaw Worm","floor":1.0,"turns":1.0},{"damage":0.0,"enemies":"2 Louse","floor":5.0,"turns":1.0},{"damage":0.0,"enemies":"Lagavulin","floor":6.0,"turns":1.0},{"damage":1.0,"enemies":"Small Slimes","floor":10.0,"turns":2.0},{"damage":20.0,"enemies":"Gremlin Nob","floor":14.0,"turns":4.0},{"damage":39.0,"enemies":"Hexaghost","floor":16.0,"turns":11.0},{"damage":13.0,"enemies":"3 Byrds","floor":18.0,"turns":4.0},{"damage":1.0,"enemies":"Chosen","floor":24.0,"turns":3.0},{"damage":21.0,"enemies":"Book of Stabbing","floor":27.0,"turns":5.0},{"damage":20.0,"enemies":"3 Cultists","floor":28.0,"turns":4.0},{"damage":15.0,"enemies":"Centurion and Healer","floor":29.0,"turns":4.0},{"damage":14,"enemies":"Shelled Parasite and Fungi","floor":30,"turns":3},{"damage":1,"enemies":"3 Cultists","floor":31,"turns":3},{"damage":0,"enemies":"Champ","floor":33,"turns":1}],"seed_played":"2443092285159650151","potions_obtained":[{"floor":5.0,"key":"BlessingOfTheForge"},{"floor":10.0,"key":"LiquidBronze"},{"floor":16.0,"key":"Explosive Potion"},{"floor":28.0,"key":"Poison Potion"},{"floor":29.0,"key":"SmokeBomb"},{"floor":30,"key":"Weak Potion"}],"is_trial":false,"path_per_floor":["M","$","?","T","M","E","R","?","T","M","R","?","T","E","R","B",null,"M","?","?","?","T","R","M","$","T","E","M","M","M","M","R","B"],"character_chosen":"THE_SILENT","items_purchased":["Backstab","Meat on the Bone"],"campfire_rested":3,"item_purchase_floors":[2,25],"current_hp_per_floor":[63,63,51,51,51,51,51,51,51,50,50,50,50,30,51,12,56,43,37,21,21,21,42,41,41,41,32,24,21,19,30,51,51,51],"gold":159,"neow_bonus":"THREE_ENEMY_KILL","is_daily":false,"chose_seed":false,"campfire_upgraded":2,"win_rate":0.0,"timestamp":1609261863,"path_taken":["M","$","?","?","M","E","R","?","T","M","R","?","?","E","R","BOSS","M","?","?","?","?","R","M","$","T","E","M","?","M","M","R","BOSS"],"items_purchased_type":["Card","Relic"],"build_version":"2020-12-22","purchased_purges":0,"victory":false,"max_hp_per_floor":[70,70,70,70,70,70,70,70,70,70,70,70,70,70,70,70,70,70,70,70,70,70,70,70,70,70,70,70,70,70,70,70,70,70],"card_choices":[{"not_picked":["Slice","Outmaneuver"],"picked":"Cloak And Dagger","floor":1.0},{"not_picked":["Sucker Punch","Bane"],"picked":"Backflip","floor":5.0},{"not_picked":["Flying Knee","Underhanded Strike"],"picked":"Noxious Fumes","floor":6.0},{"not_picked":["Escape Plan","Riddle With Holes"],"picked":"Dagger Spray","floor":10.0},{"not_picked":["Footwork","Heel Hook","Terror"],"picked":"SKIP","floor":14.0},{"not_picked":["Tools of the Trade","Bullet Time"],"picked":"Adrenaline","floor":16.0},{"not_picked":["Underhanded Strike","Dash","Crippling Poison"],"picked":"SKIP","floor":18.0},{"not_picked":["Bane","Deflect+1"],"picked":"Sucker Punch","floor":23.0},{"not_picked":["Footwork","Infinite Blades"],"picked":"Dagger Throw","floor":24.0},{"not_picked":["Sucker Punch","Dagger Throw"],"picked":"Deadly Poison","floor":27.0},{"not_picked":["Phantasmal Killer","Dodge and Roll"],"picked":"Backstab","floor":28.0},{"not_picked":["Prepared","Cloak And Dagger","Dash+1"],"picked":"SKIP","floor":29.0},{"not_picked":["Outmaneuver","Backflip+1"],"picked":"Deadly Poison","floor":30},{"not_picked":["PiercingWail+1","Poisoned Stab","Prepared"],"picked":"SKIP","floor":31}],"player_experience":298829,"relics_obtained":[{"floor":4.0,"key":"Pocketwatch"},{"floor":6.0,"key":"Bag of Marbles"},{"floor":9.0,"key":"Dream Catcher"},{"floor":13.0,"key":"InkBottle"},{"floor":14.0,"key":"Boot"},{"floor":20.0,"key":"Necronomicon"},{"floor":22.0,"key":"Bottled Lightning"},{"floor":26.0,"key":"Art of War"},{"floor":27.0,"key":"Snake Skull"}],"event_choices":[{"damage_healed":0.0,"max_hp_gain":0.0,"max_hp_loss":0.0,"gold_gain":0.0,"event_name":"Scrap Ooze","player_choice":"Success","floor":3.0,"gold_loss":0.0,"damage_taken":12.0,"relics_obtained":["Tiny Chest"]},{"damage_healed":0.0,"max_hp_gain":0.0,"max_hp_loss":0.0,"gold_gain":0.0,"event_name":"Living Wall","player_choice":"Grow","floor":8.0,"gold_loss":0.0,"damage_taken":0.0,"cards_upgraded":["Noxious Fumes"]},{"damage_healed":0.0,"max_hp_gain":0.0,"max_hp_loss":0.0,"gold_gain":0.0,"cards_transformed":["Strike_G"],"event_name":"Transmorgrifier","player_choice":"Transformed","floor":12.0,"gold_loss":0.0,"damage_taken":0.0,"cards_obtained":["Heel Hook"]},{"damage_healed":0.0,"max_hp_gain":0.0,"max_hp_loss":0.0,"gold_gain":0.0,"event_name":"Nest","player_choice":"Joined the Cult","floor":19.0,"gold_loss":0.0,"damage_taken":6.0,"cards_obtained":["RitualDagger"]},{"damage_healed":0.0,"max_hp_gain":0.0,"max_hp_loss":0.0,"gold_gain":0.0,"event_name":"Cursed Tome","player_choice":"Obtained Book","floor":20.0,"gold_loss":0.0,"damage_taken":16.0},{"damage_healed":0.0,"max_hp_gain":0.0,"max_hp_loss":0.0,"gold_gain":0.0,"event_name":"Vampires","player_choice":"Ignored","floor":21.0,"gold_loss":0.0,"damage_taken":0.0}],"is_beta":false,"boss_relics":[{"not_picked":["Busted Crown","Coffee Dripper","Runic Dome"]}],"items_purged_floors":[],"is_endless":false,"potions_floor_spawned":[5,10,16,28,29,30,31],"killed_by":"Champ","ascension_level":6}}