{"host":"lreod2rejfd0az5i","time":1609218970,"event":{"mods":["AchievementEnabler","Aspiration","BaseMod","Colored Powertips","Conspire","Downfall","Highlight Path","Hubris","Infinite Spire","Mad Scientist","Minty Spire (QoL Compilation)","Rare Cards Sparkle","Relic Stats","Replay The Spire","StSLib","The Bug Knight","The Jungle"],"gold_per_floor":[115,115,133,148,128,128,148,166,166,166,91,91,91,91,91,104,104,179,179,194,194,194],"floor_reached":21,"playtime":470,"items_purged":["Defend_B"],"score":330,"play_id":"3b4467b0-774e-472d-9db2-9f1fc1ed7b25","local_time":"20201228221610","is_ascension_mode":true,"campfire_choices":[{"data":"Streamline","floor":6.0,"key":"SMITH"},{"floor":10.0,"key":"DIG"},{"floor":14.0,"key":"DIG"},{"floor":17.0,"key":"REST"}],"circlet_count":0,"master_deck":["AscendersBane","Strike_B","Strike_B","Strike_B","Defend_B","Defend_B","Defend_B","Zap","Dualcast","Cold Snap","Streamline+1","Conserve Battery","Echo Form+1"],"relics":["Cracked Core","NeowsBlessing","Shovel","Blood Vial","Golden Egg","Inserter"],"acts_visited":["Exordium","TheCity"],"potions_floor_usage":[],"damage_taken":[{"damage":0.0,"enemies":"Small Slimes","floor":1.0,"turns":1.0},{"damage":0.0,"enemies":"Cultist","floor":3.0,"turns":1.0},{"damage":0.0,"enemies":"2 Louse","floor":4.0,"turns":1.0},{"damage":7.0,"enemies":"Red Slaver","floor":7.0,"turns":3.0},{"damage":12.0,"enemies":"3 Louse","floor":8.0,"turns":3.0},{"damage":0.0,"enemies":"Gremlin Gang","floor":16.0,"turns":1.0},{"damage":29.0,"enemies":"The Guardian","floor":18.0,"turns":11.0},{"damage":42.0,"enemies":"2 Thieves","floor":20.0,"turns":4.0},{"damage":27,"enemies":"3 Byrds","floor":21,"turns":4}],"seed_played":"-3414241493413184478","potions_obtained":[{"floor":1.0,"key":"Weak Potion"},{"floor":5.0,"key":"LiquidMemories"},{"floor":8.0,"key":"PowerPotion"},{"floor":15.0,"key":"infinitespire:BlackPotion"},{"floor":18.0,"key":"Dexterity Potion"},{"floor":20,"key":"Elixir"}],"is_trial":false,"path_per_floor":["M","?","M","M","?","R","M","M","T","R","$","PTL","PTL","R","?","M","R","B",null,"M","M"],"character_chosen":"DEFECT","items_purchased":[],"campfire_rested":1,"item_purchase_floors":[],"current_hp_per_floor":[64,64,64,64,64,64,57,45,45,45,45,45,45,45,45,47,68,41,64,24,0,0],"gold":194,"neow_bonus":"THREE_ENEMY_KILL","is_daily":false,"chose_seed":false,"campfire_upgraded":1,"win_rate":0.0,"timestamp":1609218970,"path_taken":["M","?","?","?","?","R","M","?","T","R","$","PTL","PTL","R","?","M","R","BOSS","M","?"],"items_purchased_type":[],"build_version":"2020-12-22","purchased_purges":1,"victory":false,"max_hp_per_floor":[71,71,71,71,71,71,71,71,71,71,71,71,71,71,71,71,71,71,71,71,71,71],"relic_stats":{"Blood Vial":8,"Shovel":2,"Inserter":[4],"counters":[9,29],"obtain_stats":[{"Blood Vial":10,"Golden Egg":14,"Shovel":9,"Inserter":19,"NeowsBlessing":0,"Cracked Core":0},{"Blood Vial":5,"Golden Egg":5,"Shovel":5,"Inserter":7,"NeowsBlessing":0,"Cracked Core":0},{"Blood Vial":9,"Golden Egg":9,"Shovel":9,"Inserter":21,"NeowsBlessing":0,"Cracked Core":0}]},"card_choices":[{"not_picked":["Reprogram","Streamline"],"picked":"Cold Snap","floor":1.0},{"not_picked":["Barrage","Hologram"],"picked":"Streamline","floor":3.0},{"not_picked":["BasicCrystalCard","Hologram"],"picked":"Conserve Battery","floor":4.0},{"not_picked":["Steam","conspire:SharedLibrary","All For One"],"picked":"SKIP","floor":7.0},{"not_picked":["BasicCrystalCard","Streamline","Go for the Eyes"],"picked":"SKIP","floor":8.0},{"not_picked":["Sweeping Beam","Turbo","Rainbow"],"picked":"SKIP","floor":16.0},{"not_picked":["ReplayRNGCard","Amplify"],"picked":"Echo Form","floor":18.0},{"not_picked":["ReplayTheSpireMod:System Scan","Hologram","Redo"],"picked":"SKIP","floor":20}],"player_experience":872149,"relics_obtained":[{"floor":9.0,"key":"Shovel"},{"floor":10.0,"key":"Blood Vial"},{"floor":14.0,"key":"Golden Egg"}],"event_choices":[{"cards_removed":["Strike_B"],"damage_healed":0.0,"max_hp_gain":0.0,"max_hp_loss":0.0,"gold_gain":0.0,"event_name":"Bonfire Elementals","player_choice":"Offered Basic","floor":2.0,"gold_loss":0.0,"damage_taken":0.0},{"damage_healed":0.0,"max_hp_gain":0.0,"max_hp_loss":0.0,"gold_gain":0.0,"event_name":"The Woman in Blue","player_choice":"Bought 1 Potion","floor":5.0,"gold_loss":0.0,"damage_taken":0.0},{"damage_healed":0.0,"max_hp_gain":0.0,"max_hp_loss":0.0,"gold_gain":0.0,"event_name":"Lab","player_choice":"Got Potions","floor":15.0,"gold_loss":0.0,"damage_taken":0.0}],"is_beta":false,"boss_relics":[{"not_picked":["hubris:ScarierMask","Ring of Chaos"],"picked":"Inserter"}],"items_purged_floors":[11],"is_endless":false,"potions_floor_spawned":[1,8,18,20],"killed_by":"3 Byrds","ascension_level":19}}