{"host":"mjmsgaxkb56jw5c5","time":1609268227,"event":{"mods":["Aspiration","BaseMod","Colored Powertips","Conspire","Downfall","Hubris","Minty Spire (QoL Compilation)","Replay The Spire","StSLib","The Jungle"],"gold_per_floor":[214,214,139,152,152,152,482,0,55,82,82,100,100,111,111,214,214,232,232,3,23,23,23,49,49,49,67,87,105,211,223,223,327,327,337,349,48,48,61,61,79,95,146,146,165,215,227,259,259,259,259],"floor_reached":50,"playtime":2271,"items_purged":["Strike_B","Strike_B","Defend_B"],"score":806,"play_id":"bafa98c2-9339-41cd-a0a2-bd654c087266","local_time":"20201229195707","is_ascension_mode":true,"campfire_choices":[{"data":"Zap","floor":6,"key":"SMITH"},{"floor":15,"key":"REST"},{"data":"Seek","floor":23,"key":"SMITH"},{"data":"Scrape","floor":25,"key":"SMITH"},{"data":"Infernal Blade","floor":32,"key":"SMITH"},{"data":"FTL","floor":40,"key":"SMITH"},{"floor":49,"key":"REST"}],"circlet_count":0,"master_deck":["Strike_B+1","Defend_B+1","Defend_B+2","Defend_B+1","Zap+1","Dualcast+1","White Noise+1","Scrape+1","Scrape+1","Steam","Ball Lightning","Seek+1","FTL+1","Beam Cell+1","Scrape+1","Brutality","Infernal Blade+1","Streamline+1","Demon Form","hubris:ReadiedAction+1","Anger+1"],"relics":["Cracked Core","aspiration:EnhancedActuators","Old Coin","DollysMirror","War Paint","Blue Doll","Simple Rune","aspiration:IroncladSkillbook","Replay:Antivirus Software","Peace Pipe","conspire:RunicOctahedron","Replay:Bottled Eggs","Juzu Bracelet","conspire:GiftBox","hubris:SlimyHat"],"acts_visited":["Exordium","TheCity","TheBeyond"],"potions_floor_usage":[10,12,16,16,16,18,28,33,42,48,48,48,48,50,50,50],"damage_taken":[{"damage":1,"enemies":"Cultist","floor":1,"turns":3},{"damage":0,"enemies":"2 Louse","floor":4,"turns":2},{"damage":42,"enemies":"3 Sentries","floor":7,"turns":10},{"damage":0,"enemies":"Gremlin Nob","floor":10,"turns":3},{"damage":1,"enemies":"Small Slimes","floor":12,"turns":2},{"damage":0,"enemies":"Exordium Wildlife","floor":14,"turns":2},{"damage":14,"enemies":"Hexaghost","floor":16,"turns":6},{"damage":5,"enemies":"2 Thieves","floor":18,"turns":2},{"damage":0,"enemies":"Spheric Guardian","floor":21,"turns":2},{"damage":18,"enemies":"Gremlin Leader","floor":24,"turns":5},{"damage":0,"enemies":"Centurion and Healer","floor":27,"turns":3},{"damage":20,"enemies":"Snake Plant","floor":28,"turns":3},{"damage":0,"enemies":"Shelled Parasite and Fungi","floor":29,"turns":3},{"damage":1,"enemies":"Cultist and Chosen","floor":31,"turns":2},{"damage":16,"enemies":"Pondfish","floor":33,"turns":5},{"damage":1,"enemies":"Orb Walker","floor":35,"turns":2},{"damage":1,"enemies":"3 Darklings","floor":36,"turns":2},{"damage":6,"enemies":"Jaw Worm Horde","floor":39,"turns":2},{"damage":0,"enemies":"Sphere and 2 Shapes","floor":41,"turns":2},{"damage":3,"enemies":"Maw","floor":42,"turns":4},{"damage":3,"enemies":"Transient","floor":45,"turns":5},{"damage":0,"enemies":"Mind Bloom Boss Battle","floor":46,"turns":1},{"damage":18,"enemies":"Jaw Worm Horde","floor":47,"turns":3},{"damage":20,"enemies":"R_Hoarder","floor":48,"turns":5},{"damage":71,"enemies":"Replay:Hell Engine","floor":50,"turns":5}],"seed_played":"4328388040063512442","potions_obtained":[{"floor":1,"key":"Weak Potion"},{"floor":11,"key":"Weak Potion"},{"floor":11,"key":"SteroidPotion"},{"floor":11,"key":"Slimebound:ThreeZeroPotion"},{"floor":12,"key":"Strength Potion"},{"floor":16,"key":"Toxic Potion"},{"floor":21,"key":"Swift Potion"},{"floor":29,"key":"Strength Potion"},{"floor":35,"key":"BlessingOfTheForge"},{"floor":39,"key":"DistilledChaos"},{"floor":42,"key":"EntropicBrew"},{"floor":48,"key":"Weak Potion"}],"is_trial":false,"path_per_floor":["M","T","$","M","?","R","E","$","T","E","?","M","?","M","R","B",null,"M","?","$","M","$","R","E","R","T","M","M","M","?","M","R","B",null,"M","M","$","?","M","R","M","M","T","?","M","?","M","E","R","B"],"character_chosen":"DEFECT","items_purchased":["Scrape","DollysMirror","War Paint","Ball Lightning","Seek","Replay:Bottled Eggs","Weak Potion"],"campfire_rested":2,"item_purchase_floors":[8,8,8,20,20,37,37],"current_hp_per_floor":[74,74,74,74,59,59,17,17,17,17,17,16,16,16,38,24,75,74,74,74,75,75,75,61,61,61,65,49,53,53,56,56,44,75,75,75,75,75,73,73,75,75,75,71,71,71,57,41,62,0,0],"gold":259,"neow_bonus":"HUNDRED_GOLD","is_daily":false,"chose_seed":false,"campfire_upgraded":5,"win_rate":0.0,"timestamp":1609268227,"path_taken":["M","?","$","M","?","R","E","$","T","E","?","?","?","M","R","BOSS","M","?","$","M","$","R","E","R","T","?","M","M","?","M","R","BOSS","M","M","$","?","M","R","M","M","T","?","M","?","M","E","R","BOSS"],"items_purchased_type":["Card","Relic","Relic","Card","Card","Relic","Potion"],"build_version":"2020-12-22","purchased_purges":3,"victory":false,"max_hp_per_floor":[75,75,75,75,75,75,75,75,75,75,75,75,75,75,75,75,75,75,75,75,75,75,75,75,75,75,75,75,75,75,75,75,75,75,75,75,75,75,75,75,75,75,75,71,71,71,71,71,71,71,71],"card_choices":[{"not_picked":["ReplayTheSpireMod:System Scan","BasicCrystalCard","ReplaySort"],"picked":"SKIP","floor":1},{"not_picked":["Fusion","Hologram","Barrage"],"picked":"SKIP","floor":4},{"not_picked":["Turbo","Conserve Battery"],"picked":"White Noise","floor":7},{"not_picked":["Go for the Eyes","Scrape"],"picked":"Steam","floor":10},{"not_picked":["Stack","Leap","Rebound"],"picked":"SKIP","floor":12},{"not_picked":["ReplayTheSpireMod:Calculation Training","ReplayTheSpireMod:Repulse","Cold Snap"],"picked":"SKIP","floor":14},{"not_picked":["Redo","Headbutt","Combust","Iron Wave"],"picked":"SKIP","floor":18},{"not_picked":["Leap","Coolheaded","aspiration:Polymerization","Rupture"],"picked":"SKIP","floor":21},{"not_picked":["Turbo","Heatsinks+1","Second Wind","Recycle"],"picked":"SKIP","floor":24},{"not_picked":["Pommel Strike","hubris:Prefetch","Clothesline"],"picked":"FTL","floor":27},{"not_picked":["Flex+1","Ball Lightning+1","Rebound"],"picked":"Beam Cell+1","floor":28},{"not_picked":["Clash","Havoc+1","ReplayTheSpireMod:Dual Polarity","ReplayTheSpireMod:Limb From Limb"],"picked":"SKIP","floor":29},{"not_picked":["Steam","Hologram","Conserve Battery"],"picked":"Scrape","floor":30},{"not_picked":["Turbo","Twin Strike","Shrug It Off+1"],"picked":"Brutality","floor":30},{"not_picked":["ReplayTheSpireMod:Limb From Limb","Bloodletting","Hologram+1"],"picked":"Infernal Blade","floor":31},{"not_picked":["Leap+1","Rampage+1","Clothesline+1","Dual Wield+1"],"picked":"SKIP","floor":35},{"not_picked":["Whirlwind+1","True Grit","Compile Driver","Redo"],"picked":"SKIP","floor":36},{"not_picked":["Undo","Stack","Wild Strike+1"],"picked":"Streamline+1","floor":39},{"not_picked":["Havoc+1","Entrench","hubris:SharpeningStone+1","Armaments"],"picked":"SKIP","floor":41},{"not_picked":["Perfected Strike","Headbutt","Loop+1","Sword Boomerang"],"picked":"SKIP","floor":42},{"not_picked":["Rampage+1","Run Through+1","Leap","ReplayTheSpireMod:Dual Polarity"],"picked":"SKIP","floor":45},{"not_picked":["ReplayTheSpireMod:Omega Cannon","conspire:Purge"],"picked":"Demon Form","floor":46},{"not_picked":["ReplayTheSpireMod:LeadingStrike","Heavy Blade+1","Blizzard+1"],"picked":"hubris:ReadiedAction+1","floor":47},{"not_picked":["hubris:PowerSurge","ReplayReversal+1","Buffer"],"picked":"Anger+1","floor":48}],"player_experience":229995,"relics_obtained":[{"floor":2,"key":"aspiration:EnhancedActuators"},{"floor":7,"key":"Old Coin"},{"floor":9,"key":"Blue Doll"},{"floor":10,"key":"Simple Rune"},{"floor":24,"key":"Replay:Antivirus Software"},{"floor":26,"key":"Peace Pipe"},{"floor":43,"key":"Juzu Bracelet"},{"floor":46,"key":"conspire:GiftBox"},{"floor":48,"key":"hubris:SlimyHat"}],"event_choices":[{"damage_healed":0,"gold_gain":0,"player_choice":"Entered Light","damage_taken":15,"max_hp_gain":0,"max_hp_loss":0,"event_name":"Shining Light","floor":5,"gold_loss":0,"cards_upgraded":["Defend_B","Dualcast"]},{"damage_healed":0,"gold_gain":0,"player_choice":"Got Potions","damage_taken":0,"max_hp_gain":0,"max_hp_loss":0,"event_name":"Lab","floor":11,"gold_loss":0},{"cards_removed":["Strike_B"],"damage_healed":0,"gold_gain":0,"player_choice":"Purged","damage_taken":0,"max_hp_gain":0,"max_hp_loss":0,"event_name":"Purifier","floor":19,"gold_loss":0},{"damage_healed":0,"gold_gain":0,"player_choice":"Leave","damage_taken":0,"max_hp_gain":0,"max_hp_loss":0,"event_name":"conspire:Investor","floor":38,"gold_loss":0},{"damage_healed":0,"gold_gain":0,"player_choice":"Max HP","damage_taken":0,"max_hp_gain":0,"max_hp_loss":4,"event_name":"Winding Halls","floor":44,"gold_loss":0},{"damage_healed":0,"gold_gain":0,"player_choice":"Fight","damage_taken":0,"max_hp_gain":0,"max_hp_loss":0,"event_name":"MindBloom","floor":46,"gold_loss":0}],"is_beta":false,"boss_relics":[{"not_picked":["ReplayTheSpireMod:DimensionalGlitch","Inserter"],"picked":"aspiration:IroncladSkillbook"},{"not_picked":["aspiration:Stellarator","SacredBark"],"picked":"conspire:RunicOctahedron"}],"items_purged_floors":[3,8,20],"is_endless":false,"potions_floor_spawned":[1,12,14,16,21,29,35,39,42,46,48],"killed_by":"Replay:Hell Engine","ascension_level":3}}