{"host":"kh1j1cf337zr4nij","time":1609231422,"event":{"mods":["2.2 Compatiblity","AchievementEnabler","Act Like it!","Aspiration","BaseMod","Beaked The Cultist","Bestiary","CCEM","Colored Map","Colored Powertips","Conspire","Downfall","Energized Spire","Fireblade Mod","Friendly Minions","FruityMod","GifTheSpireLib","Glutton Mod","Halation","Hermit","Highlight Path","Hubris","Jedi Mod","JesterMod","Mad Scientist","Marisa????????","Melee Mod","Minty Spire (QoL Compilation)","Quick Restart","Random Character Button","Relic Stats","Replay The Spire","Shade Mod","Slumbering Mod","Spikes Relics","StSLib","Stuff the Spire","SuperFastMode","Synergy Search","The Blackbeard","The Clintock","The Construct","The Cursed","The Disciple","The Druid","The Forsaken","The Hierophant","The Judge","The Juggle","The Mystic","The Necromancer","The Runesmith","The Servant 0.9.4","The Spell Scribe","The Valiant","TheFirefly","Trackpad","vexMod"],"gold_per_floor":[349,367,367,128,147,163,163,174,149,182,195,11,11,30,45,146,146,71,90,90,52,52,67,67,67,287,137,155,80,95,110,110,110],"floor_reached":32,"playtime":1546,"items_purged":["Pain","theDruid:Strike_O","theDruid:Defend_O","theDruid:Strike_O"],"score":269,"play_id":"0d9328c4-626c-4700-b6ef-5dd282140011","local_time":"20201229034342","is_ascension_mode":false,"campfire_choices":[{"floor":1,"key":"RECALL"},{"data":"theDruid:TearOpen","floor":13,"key":"SMITH"},{"floor":18,"key":"DIG"},{"data":"theDruid:BriarArmor","floor":29,"key":"SMITH"}],"circlet_count":0,"master_deck":["theDruid:Strike_O+1","theDruid:Strike_O","theDruid:BriarArmor+1","theDruid:Defend_O+1","theDruid:Defend_O+1","theDruid:WildSlash+1","theDruid:ExposingSlash+1","theDruid:TearOpen+1","theDruid:Recoil+1","theDruid:Defend_O","theDruid:BlessedStrike+1","theDruid:BrambleLash+1","theDruid:TakeShelter+1","theDruid:Entangle+1","theDruid:ThornStrike+1","theDruid:Eclipse+1","theDruid:SpiritCall+1","theDruid:Resupply","theDruid:Entangle+1"],"relics":["theDruid:CrownOfTheWilds","WarpedTongs","Bag of Marbles","CCEMRelics:DissonantTune","theSlumbering:CursedAnvil","downfall:HeartBlessingBlue","Replay:Baseball","StuffTheSpire:Gunfinga","downfall:HeartBlessingRed"],"acts_visited":["Exordium","TheCity"],"potions_floor_usage":[10,16,28,32,32],"damage_taken":[{"damage":1,"enemies":"Jaw Worm","floor":2,"turns":4},{"damage":9,"enemies":"downfall:FleeingMerchant","floor":4,"turns":4},{"damage":0,"enemies":"theSlumbering:NewCultist","floor":5,"turns":2},{"damage":0,"enemies":"2 Louse","floor":6,"turns":1},{"damage":0,"enemies":"Blue Slaver","floor":8,"turns":1},{"damage":27,"enemies":"3 Sentries","floor":10,"turns":5},{"damage":3,"enemies":"theSlumbering:NewSlaver","floor":11,"turns":2},{"damage":0,"enemies":"downfall:FleeingMerchant","floor":12,"turns":4},{"damage":3,"enemies":"3 Louse","floor":14,"turns":6},{"damage":2,"enemies":"Large Slime","floor":15,"turns":3},{"damage":20,"enemies":"downfall:Silent","floor":16,"turns":16},{"damage":7,"enemies":"conspire:FuzzyDice","floor":19,"turns":5},{"damage":3,"enemies":"downfall:FleeingMerchant","floor":21,"turns":4},{"damage":26,"enemies":"3 Byrds","floor":23,"turns":4},{"damage":0,"enemies":"downfall:FleeingMerchant","floor":26,"turns":4},{"damage":19,"enemies":"Sentry and Sphere","floor":28,"turns":4},{"damage":23,"enemies":"Chosen and Byrds","floor":30,"turns":7},{"damage":13,"enemies":"Centurion and Healer","floor":31,"turns":5},{"damage":10,"enemies":"Snecko","floor":32,"turns":3}],"seed_played":"-455096009373228263","potions_obtained":[{"floor":5,"key":"Dexterity Potion"},{"floor":8,"key":"Swift Potion"},{"floor":14,"key":"Ancient Potion"},{"floor":16,"key":"Venom Potion"},{"floor":30,"key":"Strength Potion"}],"is_trial":false,"path_per_floor":["R","M","?","$","M","M","T","M","?","E","M","$","R","M","M","B",null,"R_BF","M","?","$","?","M","T","?","$","$","M","R","M","M","M"],"character_chosen":"DRUID","items_purchased":["Bag of Marbles","theDruid:Entangle","theDruid:Resupply"],"campfire_rested":0,"item_purchase_floors":[4,12,21],"current_hp_per_floor":[68,67,67,58,58,58,58,58,58,31,28,32,32,33,31,25,68,78,71,71,68,68,42,42,42,42,42,27,27,12,3,0,0],"gold":110,"neow_bonus":"TWO_FIFTY_GOLD","is_daily":false,"chose_seed":false,"campfire_upgraded":2,"win_rate":0.0,"timestamp":1609231422,"path_taken":["R","M","?","$","M","M","T","?","?","E","M","?","R","M","M","BOSS","R_BF","M","?","$","?","M","T","?","?","$","M","R","?","M","M"],"items_purchased_type":["Relic","Card","Card"],"build_version":"2020-12-22","purchased_purges":4,"victory":false,"max_hp_per_floor":[68,68,68,68,68,68,68,68,68,68,68,68,68,68,68,68,68,78,78,78,78,78,78,78,78,78,78,78,78,78,78,78,78],"relic_stats":{"counters":[19,84],"obtain_stats":[{"Replay:Baseball":18,"StuffTheSpire:Gunfinga":24,"downfall:HeartBlessingRed":29,"downfall:HeartBlessingBlue":18,"CCEMRelics:DissonantTune":10,"Bag of Marbles":4,"theSlumbering:CursedAnvil":17,"theDruid:CrownOfTheWilds":0,"WarpedTongs":3},{"Replay:Baseball":11,"StuffTheSpire:Gunfinga":14,"downfall:HeartBlessingRed":16,"downfall:HeartBlessingBlue":11,"CCEMRelics:DissonantTune":6,"Bag of Marbles":2,"theSlumbering:CursedAnvil":11,"theDruid:CrownOfTheWilds":0,"WarpedTongs":1},{"Replay:Baseball":48,"StuffTheSpire:Gunfinga":61,"downfall:HeartBlessingRed":69,"downfall:HeartBlessingBlue":48,"CCEMRelics:DissonantTune":17,"Bag of Marbles":8,"theSlumbering:CursedAnvil":48,"theDruid:CrownOfTheWilds":0,"WarpedTongs":4}],"WarpedTongs":[65]},"card_choices":[{"not_picked":["theDruid:TwilightsCall","theDruid:FelineGrace"],"picked":"theDruid:ExposingSlash","floor":2},{"not_picked":["theDruid:Starfall","theDruid:FelineGrace"],"picked":"theDruid:TearOpen","floor":4},{"not_picked":["theDruid:PouncingStrike","theDruid:Swipe"],"picked":"theDruid:Recoil","floor":5},{"not_picked":["theDruid:Fortitude","theDruid:ThickHide"],"picked":"theDruid:BlessedStrike","floor":6},{"not_picked":["theDruid:Resupply","theDruid:Gore"],"picked":"theDruid:BrambleLash","floor":8},{"not_picked":["theDruid:BrambleLash","theDruid:Gore","theDruid:FullMoon"],"picked":"SKIP","floor":10},{"not_picked":["theDruid:Impale","theDruid:Slingshot"],"picked":"theDruid:TakeShelter","floor":11},{"not_picked":["theDruid:BrambleLash","theDruid:Resupply","theDruid:ExposingSlash"],"picked":"SKIP","floor":12},{"not_picked":["theDruid:MysticBarrier","theDruid:TwilightsCall"],"picked":"theDruid:ThornStrike","floor":14},{"not_picked":["theDruid:AstralShield","theDruid:BloodiedFur"],"picked":"theDruid:Eclipse","floor":15},{"not_picked":["theDruid:HailofThorns","theDruid:SurvivalInstincts"],"picked":"theDruid:SpiritCall","floor":16},{"not_picked":["theDruid:BrambleLash","theDruid:Recoil","theDruid:Swipe"],"picked":"SKIP","floor":19},{"not_picked":["theDruid:BlessedStrike+1","theDruid:BrambleLash+1","theDruid:IronClaw"],"picked":"SKIP","floor":21},{"not_picked":["theDruid:PouncingStrike","theDruid:WildArmor","theDruid:Starfall+1"],"picked":"SKIP","floor":23},{"not_picked":["theDruid:Earthquake","theDruid:BloodiedFur","theDruid:Thornburst"],"picked":"SKIP","floor":26},{"not_picked":["theDruid:Prowl","theDruid:Moonbeam","theDruid:FeralPlants+1"],"picked":"SKIP","floor":28},{"not_picked":["theDruid:PrimalStrength","theDruid:IronClaw"],"picked":"theDruid:Entangle+1","floor":30},{"not_picked":["theDruid:BrambleLash","theDruid:Recoil","theDruid:Stampede+1"],"picked":"SKIP","floor":31}],"player_experience":32289,"relics_obtained":[{"floor":10,"key":"CCEMRelics:DissonantTune"},{"floor":18,"key":"Replay:Baseball"},{"floor":24,"key":"StuffTheSpire:Gunfinga"}],"event_choices":[{"damage_healed":0,"gold_gain":0,"player_choice":"Rummage","damage_taken":0,"relics_obtained":["WarpedTongs"],"max_hp_gain":0,"max_hp_loss":0,"event_name":"Accursed Blacksmith","floor":3,"gold_loss":0,"cards_obtained":["Pain"]},{"damage_healed":0,"gold_gain":0,"player_choice":"Ignored","damage_taken":0,"max_hp_gain":0,"max_hp_loss":0,"event_name":"Ghosts","floor":20,"gold_loss":0},{"damage_healed":0,"gold_gain":0,"player_choice":"Ignored","damage_taken":0,"max_hp_gain":0,"max_hp_loss":0,"event_name":"Vampires","floor":22,"gold_loss":0}],"is_beta":false,"boss_relics":[{"not_picked":["conspire:SpecialSausage","halation:PlatinumPhoenix"],"picked":"theSlumbering:CursedAnvil"}],"items_purged_floors":[4,12,26,27],"is_endless":false,"potions_floor_spawned":[5,8,14,16,30],"killed_by":"Snecko","ascension_level":0}}