{"host":"qxeepl7ydvsgmfdb","time":1609236267,"event":{"mods":["AchievementEnabler","BaseMod","Colored Powertips","Minty Spire (QoL Compilation)","Quick Restart","slay the spire mod where everything is the same but ironclad has a cowboy hat"],"gold_per_floor":[115,115,63,77,77,77,77,120,120,120,97,122,146,177,177,303,303,326,326,326,80,99,99,118,118,187,187,187,211,264,285,285,410,410,423,423,423,423],"floor_reached":37,"playtime":1821,"items_purged":[],"score":465,"play_id":"00f92f7c-d0f7-4555-a0ab-cd1d22339b74","local_time":"20201229050427","is_ascension_mode":false,"campfire_choices":[{"data":"Zap","floor":6,"key":"SMITH"},{"data":"Chaos","floor":10,"key":"SMITH"},{"data":"Defragment","floor":15,"key":"SMITH"},{"data":"RitualDagger","floor":23,"key":"SMITH"},{"data":"Chaos","floor":28,"key":"SMITH"},{"data":"Genetic Algorithm","floor":32,"key":"SMITH"}],"circlet_count":0,"master_deck":["Strike_B","Strike_B","Defend_B","Defend_B","Defend_B","Defend_B","Zap+1","Dualcast","Machine Learning","Cold Snap","Cold Snap","Chaos+1","Leap","Defragment+1","Genetic Algorithm+1","RitualDagger+1","Chaos+1","Darkness","Ball Lightning"],"relics":["Cracked Core","NeowsBlessing","Golden Idol","Mango","MealTicket","Odd Mushroom","Inserter","Pantograph","Eternal Feather","Boot"],"acts_visited":["Exordium","TheCity","TheBeyond"],"potions_floor_usage":[16,16,37,37,37],"damage_taken":[{"damage":0,"enemies":"2 Louse","floor":1,"turns":1},{"damage":0,"enemies":"Cultist","floor":4,"turns":1},{"damage":0,"enemies":"Gremlin Nob","floor":8,"turns":1},{"damage":2,"enemies":"Small Slimes","floor":12,"turns":3},{"damage":10,"enemies":"Looter","floor":13,"turns":3},{"damage":5,"enemies":"The Mushroom Lair","floor":14,"turns":5},{"damage":0,"enemies":"Slime Boss","floor":16,"turns":12},{"damage":10,"enemies":"3 Byrds","floor":18,"turns":5},{"damage":3,"enemies":"Chosen","floor":22,"turns":4},{"damage":0,"enemies":"Centurion and Healer","floor":24,"turns":10},{"damage":13,"enemies":"Shelled Parasite and Fungi","floor":29,"turns":7},{"damage":13,"enemies":"Chosen and Byrds","floor":31,"turns":7},{"damage":62,"enemies":"Automaton","floor":33,"turns":12},{"damage":7,"enemies":"3 Shapes","floor":35,"turns":7},{"damage":96,"enemies":"Donu and Deca","floor":37,"turns":9}],"seed_played":"3459874605782556410","potions_obtained":[{"floor":1,"key":"Swift Potion"},{"floor":4,"key":"DuplicationPotion"},{"floor":8,"key":"LiquidMemories"},{"floor":18,"key":"Energy Potion"},{"floor":24,"key":"SteroidPotion"},{"floor":33,"key":"EssenceOfDarkness"}],"is_trial":false,"path_per_floor":["M","?","$","M","?","R","?","E","T","R","$","M","M","?","R","B",null,"M","?","?","$","M","R","M","$","T","$","R","M","T","M","R","B",null,"M","?","B"],"character_chosen":"DEFECT","items_purchased":["Cold Snap","Leap","Pantograph"],"campfire_rested":0,"item_purchase_floors":[3,11,21],"current_hp_per_floor":[75,75,75,75,68,68,50,64,64,64,79,77,67,62,62,62,89,79,62,56,71,68,68,68,83,83,94,94,81,81,68,77,32,94,87,87,0,0],"gold":423,"neow_bonus":"THREE_ENEMY_KILL","is_daily":false,"chose_seed":false,"campfire_upgraded":6,"win_rate":0.0,"timestamp":1609236267,"path_taken":["M","?","?","M","?","R","?","E","T","R","?","M","?","?","R","BOSS","M","?","?","$","M","R","M","?","T","$","R","M","?","M","R","BOSS","M","?","BOSS"],"items_purchased_type":["Card","Card","Relic"],"build_version":"2020-12-22","purchased_purges":0,"victory":false,"max_hp_per_floor":[75,75,75,75,75,75,75,89,89,89,89,89,89,89,89,89,89,89,94,94,94,94,94,94,94,94,94,94,94,94,94,94,94,94,94,94,94,94],"card_choices":[{"not_picked":["Glacier","Tempest","Rebound"],"picked":"SKIP","floor":1},{"not_picked":["Steam","Go for the Eyes"],"picked":"Cold Snap","floor":4},{"not_picked":["Hello World","Self Repair"],"picked":"Chaos","floor":8},{"not_picked":["Sweeping Beam","Auto Shields"],"picked":"Defragment","floor":12},{"not_picked":["Compile Driver","Hello World","Go for the Eyes"],"picked":"SKIP","floor":13},{"not_picked":["Cold Snap","Aggregate"],"picked":"Genetic Algorithm","floor":14},{"not_picked":["Undo","FTL","Loop"],"picked":"SKIP","floor":18},{"not_picked":["Ball Lightning","Go for the Eyes"],"picked":"Chaos","floor":22},{"not_picked":["Double Energy+1","Doom and Gloom","Hello World"],"picked":"SKIP","floor":24},{"not_picked":["Chaos","Gash"],"picked":"Darkness","floor":29},{"not_picked":["Leap","Compile Driver"],"picked":"Ball Lightning","floor":31},{"not_picked":["Hologram","Consume+1","Coolheaded+1"],"picked":"SKIP","floor":35}],"player_experience":289730,"relics_obtained":[{"floor":8,"key":"Mango"},{"floor":9,"key":"MealTicket"},{"floor":14,"key":"Odd Mushroom"},{"floor":26,"key":"Eternal Feather"},{"floor":30,"key":"Boot"}],"event_choices":[{"damage_healed":0,"gold_gain":0,"cards_transformed":["Strike_B"],"player_choice":"Transformed","damage_taken":0,"max_hp_gain":0,"max_hp_loss":0,"event_name":"Transmorgrifier","floor":2,"gold_loss":0,"cards_obtained":["Machine Learning"]},{"cards_removed":["Strike_B"],"damage_healed":0,"gold_gain":0,"player_choice":"Card Removal","damage_taken":7,"max_hp_gain":0,"max_hp_loss":0,"event_name":"Golden Wing","floor":5,"gold_loss":0},{"damage_healed":0,"gold_gain":0,"player_choice":"Take Damage","damage_taken":18,"relics_obtained":["Golden Idol"],"max_hp_gain":0,"max_hp_loss":0,"event_name":"Golden Idol","floor":7,"gold_loss":0},{"damage_healed":0,"gold_gain":0,"player_choice":"Fought Mushrooms","damage_taken":0,"max_hp_gain":0,"max_hp_loss":0,"event_name":"Mushrooms","floor":14,"gold_loss":0},{"damage_healed":0,"gold_gain":0,"player_choice":"Shed Blood","damage_taken":22,"max_hp_gain":5,"max_hp_loss":0,"event_name":"Forgotten Altar","floor":19,"gold_loss":0},{"damage_healed":0,"gold_gain":0,"player_choice":"Joined the Cult","damage_taken":6,"max_hp_gain":0,"max_hp_loss":0,"event_name":"Nest","floor":20,"gold_loss":0,"cards_obtained":["RitualDagger"]},{"damage_healed":0,"gold_gain":0,"player_choice":"Took Portal","damage_taken":0,"max_hp_gain":0,"max_hp_loss":0,"event_name":"SecretPortal","floor":36,"gold_loss":0}],"is_beta":false,"boss_relics":[{"not_picked":["FrozenCore","Philosopher\u0027s Stone"],"picked":"Inserter"},{"not_picked":["Coffee Dripper","Astrolabe","Runic Pyramid"]}],"items_purged_floors":[],"is_endless":false,"potions_floor_spawned":[1,4,8,13,18,24,31,33,35],"killed_by":"Donu and Deca","ascension_level":0}}