{"host":"pynofkhbweftzsaw","time":1609233509,"event":{"mods":["BaseMod","Colored Map","Marisa????????","Minty Spire (QoL Compilation)","StSLib","The Servant 0.9.4"],"gold_per_floor":[115,23,49,79,79,79,132,132,132,146,197,227,302,343,343,472,472,515,515,515,614,614,641,641,165,243,286,25,44,44,95,95,215,215,229,245,259,259,279,335,335,359,359,388,388,348,374,390,390,390,390,390,155,210,210],"floor_reached":56,"playtime":4924,"items_purged":["Writhe","Defend_MRS"],"score":1431,"play_id":"c2681de2-51b8-4af8-9238-4fab2ea68908","local_time":"20201229171829","is_ascension_mode":false,"campfire_choices":[{"data":"LuminesStrike","floor":6.0,"key":"SMITH"},{"data":"MasterSpark","floor":8.0,"key":"SMITH"},{"data":"BinaryStars","floor":15.0,"key":"SMITH"},{"data":"JA","floor":24,"key":"SMITH"},{"data":"ManaConvection","floor":32,"key":"SMITH"},{"floor":41,"key":"RECALL"},{"data":"JA","floor":45,"key":"SMITH"},{"data":"MilkyWay","floor":49,"key":"SMITH"},{"data":"UltimateShortwave","floor":52,"key":"SMITH"}],"circlet_count":0,"master_deck":["Strike_MRS","Strike_MRS","Strike_MRS","Strike_MRS+1","Defend_MRS+1","Defend_MRS","Defend_MRS","MasterSpark+1","UpSweep+1","WitchOfGreed+1","SuperPerseids","ManaConvection+1","LuminesStrike+1","MilkyWay+1","MilkyWay+1","MeteoricShower+1","Parasite","Parasite","BinaryStars+1","RefractionSpark","JA+1","Acceleration+1","Necronomicurse","DoubleSpark+1","UltimateShortwave+1","JA+1","OortCloud+1","OortCloud+1","Enlightenment","ManaConvection"],"relics":["MiniHakkero","NeowsBlessing","Shuriken","War Paint","Ornamental Fan","ShroomBag","SlaversCollar","Lantern","MutagenicStrength","Necronomicon","Bottled Lightning","Vajra","AmplifyWand","Singing Bowl","Frozen Egg 2","White Beast Statue","Coffee Dripper","HornCleat","Bag of Marbles","Du-Vu Doll","Centennial Puzzle","Mango"],"acts_visited":["Exordium","TheCity","TheBeyond","TheEnding"],"potions_floor_usage":[36,54,55,55],"damage_taken":[{"damage":0.0,"enemies":"Cultist","floor":1.0,"turns":1.0},{"damage":0.0,"enemies":"2 Louse","floor":3.0,"turns":1.0},{"damage":0.0,"enemies":"Small Slimes","floor":4.0,"turns":2.0},{"damage":8.0,"enemies":"3 Sentries","floor":7.0,"turns":5.0},{"damage":8.0,"enemies":"Blue Slaver","floor":10.0,"turns":2.0},{"damage":11.0,"enemies":"Gremlin Nob","floor":11.0,"turns":3.0},{"damage":16.0,"enemies":"The Mushroom Lair","floor":12.0,"turns":3.0},{"damage":0.0,"enemies":"Large Slime","floor":14.0,"turns":5.0},{"damage":9.0,"enemies":"Slime Boss","floor":16.0,"turns":8.0},{"damage":7,"enemies":"3 Byrds","floor":18,"turns":4},{"damage":10,"enemies":"Book of Stabbing","floor":23,"turns":3},{"damage":0,"enemies":"Shell Parasite","floor":27,"turns":2},{"damage":0,"enemies":"Centurion and Healer","floor":29,"turns":1},{"damage":0,"enemies":"Gremlin Leader","floor":31,"turns":2},{"damage":8,"enemies":"Collector","floor":33,"turns":3},{"damage":0,"enemies":"3 Shapes","floor":35,"turns":1},{"damage":0,"enemies":"3 Darklings","floor":36,"turns":1},{"damage":12,"enemies":"Maw","floor":37,"turns":4},{"damage":0,"enemies":"4 Shapes","floor":39,"turns":2},{"damage":0,"enemies":"Nemesis","floor":40,"turns":3},{"damage":0,"enemies":"Giant Head","floor":44,"turns":2},{"damage":0,"enemies":"Nemesis","floor":47,"turns":1},{"damage":0,"enemies":"Jaw Worm Horde","floor":48,"turns":1},{"damage":24,"enemies":"Awakened One","floor":50,"turns":5},{"damage":3,"enemies":"Shield and Spear","floor":54,"turns":3},{"damage":69,"enemies":"The Heart","floor":55,"turns":5}],"seed_played":"6127321159196078118","potions_obtained":[{"floor":3.0,"key":"Energy Potion"},{"floor":4.0,"key":"SneckoOil"},{"floor":4.0,"key":"DuplicationPotion"},{"floor":7.0,"key":"EssenceOfSteel"},{"floor":10.0,"key":"SkillPotion"},{"floor":14.0,"key":"FairyPotion"},{"floor":14.0,"key":"EntropicBrew"},{"floor":16.0,"key":"BlessingOfTheForge"},{"floor":18,"key":"BottledSpark"},{"floor":36,"key":"BottledSpark"},{"floor":47,"key":"BottledSpark"},{"floor":54,"key":"LiquidBronze"}],"is_trial":false,"path_per_floor":["M","$","M","M","?","R","E","R","T","M","E","?","?","M","R","B",null,"M","?","?","?","?","E","R","$","T","M","$","M","$","E","R","B",null,"M","M","M","?","M","E","R","T","T","E","R","?","E","M","R","B",null,"R","$","E","B",null],"character_chosen":"MARISA","items_purchased":["WitchOfGreed","SuperPerseids","Vajra","AmplifyWand","Frozen Egg 2","Enlightenment","ManaConvection"],"campfire_rested":0,"item_purchase_floors":[2,2,25,25,28,53,53],"current_hp_per_floor":[75,75,75,75,60,60,52,52,52,44,33,17,6,10,10,5,75,68,68,68,68,52,46,46,46,46,50,50,54,54,58,58,54,79,81,83,73,73,75,77,77,77,77,79,79,79,83,85,85,65,93,93,93,106,40],"gold":210,"neow_bonus":"THREE_ENEMY_KILL","is_daily":false,"chose_seed":false,"campfire_upgraded":8,"win_rate":0.0,"timestamp":1609233509,"path_taken":["M","$","M","M","?","R","E","R","T","M","E","?","?","M","R","BOSS","M","?","?","?","?","E","R","?","T","?","$","M","?","E","R","BOSS","M","M","M","?","?","E","R","?","T","E","R","?","E","?","R","BOSS","R","$","E","BOSS"],"items_purchased_type":["Card","Card","Relic","Relic","Relic","Card","Card"],"build_version":"2020-12-22","purchased_purges":2,"victory":true,"max_hp_per_floor":[75,75,75,75,75,75,75,75,75,75,75,75,75,75,75,75,75,75,75,75,75,75,75,75,75,75,77,77,77,77,79,79,79,79,81,83,83,83,85,87,87,87,87,89,89,89,91,93,93,93,93,93,93,109,109],"card_choices":[{"not_picked":["AsteroidBelt","IllusionStar","SprinkleStarSeal"],"picked":"SKIP","floor":1.0},{"not_picked":["StarlightTyphoon","EnergyRecoil"],"picked":"ManaConvection","floor":3.0},{"not_picked":["6A","PropBag"],"picked":"LuminesStrike","floor":4.0},{"not_picked":["DragonMeteor","GrandCross"],"picked":"MilkyWay","floor":7.0},{"not_picked":["UnstableBomb","MagicChant"],"picked":"MilkyWay","floor":10.0},{"not_picked":["GravityBeat","MysteriousBeam"],"picked":"MeteoricShower","floor":11.0},{"not_picked":["DC","DoubleSpark"],"picked":"BinaryStars","floor":12.0},{"not_picked":["DragonMeteor","Acceleration"],"picked":"RefractionSpark","floor":14.0},{"not_picked":["SuperNova","StarDustReverie"],"picked":"JA","floor":16.0},{"not_picked":["ShootingEcho","MilkyWay+1"],"picked":"Acceleration+1","floor":18},{"not_picked":["NonDirectionalLaser","ShootingEcho"],"picked":"DoubleSpark+1","floor":23},{"not_picked":["UnstableBomb+1","MilkyWay","WitchOfGreed"],"picked":"Singing Bowl","floor":27},{"not_picked":["WitchOfGreed+1","LuminesStrike"],"picked":"UltimateShortwave","floor":29},{"not_picked":["MagicAbsorber","RefractionSpark","PowerUp"],"picked":"Singing Bowl","floor":31},{"not_picked":["StarDustReverie","BlazingStar"],"picked":"JA","floor":33},{"not_picked":["PowerUp+1","Orbital","MysteriousBeam+1"],"picked":"Singing Bowl","floor":35},{"not_picked":["PowerUp+1","MysteriousBeam+1","MagicChant"],"picked":"Singing Bowl","floor":36},{"not_picked":["NonDirectionalLaser+1","DC+1"],"picked":"OortCloud+1","floor":37},{"not_picked":["OneTimeOff","MagicChant+1","MysteriousBeam+1"],"picked":"Singing Bowl","floor":39},{"not_picked":["WitchOfGreed+1","NonDirectionalLaser","Acceleration"],"picked":"Singing Bowl","floor":40},{"not_picked":["AsteroidBelt","UnstableBomb+1","MaximisePower"],"picked":"Singing Bowl","floor":44},{"not_picked":["WitchOfGreed+1","SuperPerseids","DoubleSpark"],"picked":"Singing Bowl","floor":47},{"not_picked":["6A+1","DoubleSpark","AsteroidBelt+1"],"picked":"Singing Bowl","floor":48},{"not_picked":["NonDirectionalLaser","IllusionStar+1","6A"],"picked":"Singing Bowl","floor":54}],"player_experience":73908,"relics_obtained":[{"floor":7.0,"key":"Shuriken"},{"floor":9.0,"key":"War Paint"},{"floor":11.0,"key":"Ornamental Fan"},{"floor":12.0,"key":"ShroomBag"},{"floor":22,"key":"Necronomicon"},{"floor":23,"key":"Bottled Lightning"},{"floor":26,"key":"Singing Bowl"},{"floor":31,"key":"White Beast Statue"},{"floor":40,"key":"HornCleat"},{"floor":42,"key":"Bag of Marbles"},{"floor":44,"key":"Du-Vu Doll"},{"floor":47,"key":"Centennial Puzzle"},{"floor":54,"key":"Mango"}],"event_choices":[{"damage_healed":0.0,"max_hp_gain":0.0,"max_hp_loss":0.0,"gold_gain":0.0,"event_name":"Shining Light","player_choice":"Entered Light","floor":5.0,"gold_loss":0.0,"damage_taken":15.0,"cards_upgraded":["UpSweep","WitchOfGreed"]},{"damage_healed":0.0,"max_hp_gain":0.0,"max_hp_loss":0.0,"gold_gain":0.0,"event_name":"Mushrooms_MRS","player_choice":"Fought Mushrooms","floor":12.0,"gold_loss":0.0,"damage_taken":0.0},{"damage_healed":0.0,"max_hp_gain":0.0,"max_hp_loss":0.0,"gold_gain":75.0,"event_name":"World of Goop","player_choice":"Gather Gold","floor":13.0,"gold_loss":0.0,"damage_taken":11.0},{"damage_healed":0,"gold_gain":0,"player_choice":"Opened","damage_taken":0,"relics_obtained":["Lantern"],"max_hp_gain":0,"max_hp_loss":0,"event_name":"The Mausoleum","floor":19,"gold_loss":0,"cards_obtained":["Writhe"]},{"damage_healed":0,"gold_gain":0,"player_choice":"Inject Mutagens","damage_taken":0,"relics_obtained":["MutagenicStrength"],"max_hp_gain":0,"max_hp_loss":0,"event_name":"Drug Dealer","floor":20,"gold_loss":0},{"damage_healed":0,"gold_gain":99,"player_choice":"Stole From Cult","damage_taken":0,"max_hp_gain":0,"max_hp_loss":0,"event_name":"Nest","floor":21,"gold_loss":0},{"damage_healed":0,"gold_gain":0,"player_choice":"Obtained Book","damage_taken":16,"max_hp_gain":0,"max_hp_loss":0,"event_name":"Cursed Tome","floor":22,"gold_loss":0},{"damage_healed":0,"gold_gain":0,"player_choice":"Copied","damage_taken":0,"max_hp_gain":0,"max_hp_loss":0,"event_name":"Duplicator","floor":38,"gold_loss":0,"cards_obtained":["OortCloud"]},{"damage_healed":0,"gold_gain":0,"player_choice":"Upgraded Two","damage_taken":0,"max_hp_gain":0,"max_hp_loss":0,"event_name":"Designer","floor":46,"gold_loss":40,"cards_upgraded":["MeteoricShower","Strike_MRS"]}],"is_beta":false,"boss_relics":[{"not_picked":["Busted Crown","Snecko Eye"],"picked":"SlaversCollar"},{"not_picked":["Calling Bell","Runic Dome"],"picked":"Coffee Dripper"}],"items_purged_floors":[25,53],"is_endless":false,"potions_floor_spawned":[4,7,10,14,27,29,33,35,36,37,39,40,44,47,48,54],"ascension_level":0}}