{"host":"ayh4nqhr0ddw4ozv","time":1609212949,"event":{"mods":["BaseMod","Minty Spire (QoL Compilation)","Relic Stats","Robot Space Explorer","StSLib"],"gold_per_floor":[112,128,140,140,140,173,16,50,99,99,112,138,138,151,151,226,226,243,243,243,243,260,260,287,287,312,334,346,346],"floor_reached":28,"playtime":1160,"items_purged":[],"score":447,"play_id":"46d97e2b-30a9-433f-baf4-4bb22ba34be9","local_time":"20201228193549","is_ascension_mode":true,"campfire_choices":[{"floor":10,"key":"REST"},{"data":"RobotSpaceExplorer:ImprovisedAttack","floor":13,"key":"SMITH"},{"data":"RobotSpaceExplorer:ShovelStrike","floor":15,"key":"SMITH"},{"data":"RobotSpaceExplorer:IronShell","floor":23,"key":"SMITH"},{"floor":25,"key":"REST"}],"circlet_count":0,"master_deck":["AscendersBane","RobotSpaceExplorer:Scan","RobotSpaceExplorer:MiniLasers","RobotSpaceExplorer:ShovelStrike+1","RobotSpaceExplorer:LuckyStrike","RobotSpaceExplorer:ImprovisedAttack+1","RobotSpaceExplorer:TrailblazerForm","RobotSpaceExplorer:StunGrenade","RobotSpaceExplorer:Autoloader","RobotSpaceExplorer:LaserBurst","RobotSpaceExplorer:FrostMissile","RobotSpaceExplorer:Arsenal","RobotSpaceExplorer:IronShell+1","RobotSpaceExplorer:Counterblock"],"relics":["Empty Cage","HornCleat","Vajra","Omamori","MealTicket","Lantern","Pandora\u0027s Box","Strawberry","MawBank"],"acts_visited":["Exordium","TheCity"],"potions_floor_usage":[8,12,16,24],"damage_taken":[{"damage":1.0,"enemies":"2 Louse","floor":1.0,"turns":3.0},{"damage":7.0,"enemies":"Jaw Worm","floor":2.0,"turns":6.0},{"damage":1.0,"enemies":"Cultist","floor":3.0,"turns":3.0},{"damage":30.0,"enemies":"Gremlin Nob","floor":6.0,"turns":5.0},{"damage":16,"enemies":"Lagavulin","floor":8,"turns":4},{"damage":0,"enemies":"Large Slime","floor":11,"turns":5},{"damage":6,"enemies":"3 Sentries","floor":12,"turns":6},{"damage":0,"enemies":"3 Louse","floor":14,"turns":2},{"damage":31,"enemies":"Slime Boss","floor":16,"turns":10},{"damage":6,"enemies":"3 Byrds","floor":18,"turns":4},{"damage":0,"enemies":"Spheric Guardian","floor":22,"turns":1},{"damage":36,"enemies":"Book of Stabbing","floor":24,"turns":6},{"damage":37,"enemies":"Chosen and Byrds","floor":27,"turns":6},{"damage":2,"enemies":"Gremlin Leader","floor":28,"turns":4}],"seed_played":"-7833593064074073593","potions_obtained":[{"floor":6.0,"key":"Strength Potion"},{"floor":8,"key":"DistilledChaos"},{"floor":14,"key":"GamblersBrew"},{"floor":16,"key":"PowerPotion"},{"floor":24,"key":"AttackPotion"}],"is_trial":false,"path_per_floor":["M","M","M","?","?","E","$","E","T","R","M","E","R","M","R","B",null,"M","?","?","?","M","R","E","R","T","M","E"],"character_chosen":"RobotSpaceExplorer","items_purchased":["Vajra"],"campfire_rested":2,"item_purchase_floors":[7],"current_hp_per_floor":[67,60,59,59,64,34,34,18,18,42,42,36,36,36,36,5,61,55,55,55,40,40,40,11,38,38,1,0,0],"gold":346,"neow_bonus":"BOSS_RELIC","is_daily":false,"chose_seed":false,"campfire_upgraded":3,"win_rate":0.0,"timestamp":1609212949,"path_taken":["M","M","M","?","?","E","?","E","T","R","?","E","R","M","R","BOSS","M","?","?","?","M","R","E","R","T","?","E"],"items_purchased_type":["Relic"],"build_version":"2020-12-22","purchased_purges":0,"victory":false,"max_hp_per_floor":[75,75,75,75,80,80,80,80,80,80,80,80,80,80,80,80,80,80,80,80,85,85,85,92,92,92,92,92,92],"relic_stats":{"counters":[14,65],"MealTicket":0,"Pandora\u0027s Box":["RobotSpaceExplorer:LaserBurst","RobotSpaceExplorer:FrostMissile","RobotSpaceExplorer:PowerCollector","RobotSpaceExplorer:Arsenal","RobotSpaceExplorer:IronShell"],"MawBank":24,"obtain_stats":[{"Lantern":12,"HornCleat":6,"Strawberry":24,"Vajra":7,"RobotSpaceExplorer:RoboCore":0,"MealTicket":9,"Pandora\u0027s Box":17,"Omamori":8,"Empty Cage":0,"MawBank":26},{"Lantern":7,"HornCleat":4,"Strawberry":12,"Vajra":4,"RobotSpaceExplorer:RoboCore":0,"MealTicket":5,"Pandora\u0027s Box":9,"Omamori":5,"Empty Cage":0,"MawBank":12},{"Lantern":32,"HornCleat":17,"Strawberry":55,"Vajra":17,"RobotSpaceExplorer:RoboCore":0,"MealTicket":21,"Pandora\u0027s Box":44,"Omamori":21,"Empty Cage":0,"MawBank":55}]},"card_choices":[{"not_picked":["RobotSpaceExplorer:DoubleBlock","RobotSpaceExplorer:SurgingShield"],"picked":"RobotSpaceExplorer:ShovelStrike","floor":1.0},{"not_picked":["RobotSpaceExplorer:SlimeMissile","RobotSpaceExplorer:ScrapMissile"],"picked":"RobotSpaceExplorer:LuckyStrike","floor":2.0},{"not_picked":["RobotSpaceExplorer:FranticSearch","RobotSpaceExplorer:SlimeMissile","RobotSpaceExplorer:ShockKick"],"picked":"SKIP","floor":3.0},{"not_picked":["RobotSpaceExplorer:DoubleFind","RobotSpaceExplorer:ShockKick"],"picked":"RobotSpaceExplorer:ImprovisedAttack","floor":6.0},{"not_picked":["RobotSpaceExplorer:BigMissile","RobotSpaceExplorer:SelfCleaning"],"picked":"RobotSpaceExplorer:TrailblazerForm","floor":8},{"not_picked":["RobotSpaceExplorer:MetalStrike","RobotSpaceExplorer:SurgingShield"],"picked":"RobotSpaceExplorer:StunGrenade","floor":11},{"not_picked":["RobotSpaceExplorer:FreezeRay","RobotSpaceExplorer:ScrapMissile","RobotSpaceExplorer:Counterblock"],"picked":"SKIP","floor":12},{"not_picked":["RobotSpaceExplorer:Counterblock","RobotSpaceExplorer:FrostMissile","RobotSpaceExplorer:SlimeMissile"],"picked":"SKIP","floor":14},{"not_picked":["RobotSpaceExplorer:TrailblazerForm","RobotSpaceExplorer:Arsenal"],"picked":"RobotSpaceExplorer:Autoloader","floor":16},{"not_picked":["RobotSpaceExplorer:DoubleFind","RobotSpaceExplorer:Pulsar","RobotSpaceExplorer:SurgingShield"],"picked":"SKIP","floor":18},{"not_picked":["RobotSpaceExplorer:ScrapMissile","RobotSpaceExplorer:FrostMissile"],"picked":"RobotSpaceExplorer:Counterblock","floor":22},{"not_picked":["RobotSpaceExplorer:GlueSpray","RobotSpaceExplorer:MiniDrones","RobotSpaceExplorer:ShockKick"],"picked":"SKIP","floor":24},{"not_picked":["RobotSpaceExplorer:FrostMissile","RobotSpaceExplorer:PowerCollector","RobotSpaceExplorer:Fix"],"picked":"SKIP","floor":27}],"player_experience":265054,"relics_obtained":[{"floor":6.0,"key":"HornCleat"},{"floor":8,"key":"Omamori"},{"floor":9,"key":"MealTicket"},{"floor":12,"key":"Lantern"},{"floor":24,"key":"Strawberry"},{"floor":26,"key":"MawBank"}],"event_choices":[{"cards_removed":["RobotSpaceExplorer:Defend"],"damage_healed":0.0,"max_hp_gain":0.0,"max_hp_loss":0.0,"gold_gain":0.0,"event_name":"Living Wall","player_choice":"Forget","floor":4.0,"gold_loss":0.0,"damage_taken":0.0},{"damage_healed":0.0,"max_hp_gain":5.0,"max_hp_loss":0.0,"gold_gain":0.0,"event_name":"Big Fish","player_choice":"Donut","floor":5.0,"gold_loss":0.0,"damage_taken":0.0},{"cards_removed":["RobotSpaceExplorer:PowerCollector"],"damage_healed":0,"gold_gain":0,"player_choice":"Elegance","damage_taken":0,"max_hp_gain":0,"max_hp_loss":0,"event_name":"Back to Basics","floor":19,"gold_loss":0},{"damage_healed":0,"gold_gain":0,"player_choice":"Ignored","damage_taken":0,"max_hp_gain":0,"max_hp_loss":0,"event_name":"Ghosts","floor":20,"gold_loss":0},{"damage_healed":0,"gold_gain":0,"player_choice":"Shed Blood","damage_taken":20,"max_hp_gain":5,"max_hp_loss":0,"event_name":"Forgotten Altar","floor":21,"gold_loss":0}],"is_beta":false,"boss_relics":[{"not_picked":["Sozu","Busted Crown"],"picked":"Pandora\u0027s Box"}],"items_purged_floors":[],"is_endless":false,"potions_floor_spawned":[6,8,14,16,24],"killed_by":"Gremlin Leader","ascension_level":13}}