{"host":"r3d3rfw8zyydmocx","time":1609236518,"event":{"mods":["Aspiration","BaseMod","Better Third Choice","Colored Powertips","Conspire","Downfall","Hermit","Highlight Path","Hubris","Minty Spire (QoL Compilation)","StSLib","The Hierophant","The Servant 0.9.4"],"gold_per_floor":[112,122,122,139,157,157,82,82,82,97,97,26,38,55,55,151,151,167,92,92,108,108,108,139,139,139,173,173,206,226,243,243,344,344,362,11,11,61,61,61,61],"floor_reached":40,"playtime":2554,"items_purged":["Defend_S","Strike_S"],"score":561,"play_id":"2f12ffa0-2b19-4342-9599-1095b1aabbcd","local_time":"20201229020838","is_ascension_mode":true,"campfire_choices":[{"data":"Barrier","floor":6,"key":"SMITH"},{"data":"Moondial","floor":11,"key":"SMITH"},{"data":"Desolation","floor":15,"key":"SMITH"},{"data":"InstantArmor","floor":23,"key":"SMITH"},{"data":"TheWorld","floor":25,"key":"SMITH"},{"data":"GearUp","floor":28,"key":"SMITH"},{"data":"TrueSight","floor":32,"key":"SMITH"}],"circlet_count":0,"master_deck":["Strike_S","KidneyShot","Exchange","Moondial+1","BottledTime","Barrier+1","GearUp+1","Alleviate","Desolation+1","MurderousAura","FlawlessForm+1","Moonlight+1","Read+1","InstantArmor+1","DualDimension+1","TheWorld+1","Rearm+1","TrueSight+1","Snipe+1","MurderousAura","StarChef+1","Sadistic Nature","Deadline"],"relics":["Uniform","aspiration:Nostalgia","PureWater","conspire:Flyswatter","Astrolabe","Sundial","aspiration:StickyExplosives_weak","Lantern","conspire:RunicOctahedron","hubris:Icosahedron","Ice Cream"],"acts_visited":["Exordium","TheCity","TheBeyond"],"potions_floor_usage":[16,24,33,40],"damage_taken":[{"damage":2,"enemies":"2 Louse","floor":1,"turns":4},{"damage":0,"enemies":"Cultist","floor":2,"turns":4},{"damage":1,"enemies":"Jaw Worm","floor":4,"turns":4},{"damage":0,"enemies":"Looter","floor":5,"turns":3},{"damage":0,"enemies":"Large Slime","floor":10,"turns":6},{"damage":0,"enemies":"2 Fungi Beasts","floor":13,"turns":2},{"damage":0,"enemies":"Exordium Thugs","floor":14,"turns":9},{"damage":49,"enemies":"Slime Boss","floor":16,"turns":45},{"damage":2,"enemies":"3 Byrds","floor":18,"turns":7},{"damage":0,"enemies":"Spheric Guardian","floor":21,"turns":6},{"damage":0,"enemies":"Book of Stabbing","floor":24,"turns":9},{"damage":1,"enemies":"Slavers","floor":27,"turns":10},{"damage":0,"enemies":"Book of Stabbing","floor":29,"turns":8},{"damage":0,"enemies":"3 Cultists","floor":30,"turns":5},{"damage":0,"enemies":"Snecko","floor":31,"turns":7},{"damage":0,"enemies":"Champ","floor":33,"turns":19},{"damage":0,"enemies":"3 Shapes","floor":35,"turns":11},{"damage":0,"enemies":"Mind Bloom Boss Battle","floor":38,"turns":6},{"damage":71,"enemies":"Reptomancer","floor":40,"turns":9}],"seed_played":"1304796703383064865","potions_obtained":[{"floor":4,"key":"BlessingOfTheForge"},{"floor":13,"key":"champ:CounterPotion"},{"floor":16,"key":"EssenceOfSteel"},{"floor":18,"key":"AttackPotion"},{"floor":24,"key":"SmokeBomb"},{"floor":35,"key":"champ:CounterPotion"}],"is_trial":false,"path_per_floor":["M","M","?","M","M","R","$","?","T","M","R","$","M","M","R","B",null,"M","?","?","M","?","R","E","R","T","E","R","E","M","M","R","B",null,"M","$","?","?","?","E"],"character_chosen":"THE_SERVANT","items_purchased":["GearUp","Sadistic Nature","Deadline"],"campfire_rested":0,"item_purchase_floors":[12,36,36],"current_hp_per_floor":[63,63,63,62,62,62,62,55,55,55,55,55,55,55,55,6,65,63,63,63,63,63,63,63,63,63,62,62,62,62,62,62,62,65,65,65,65,65,65,0,0],"gold":61,"neow_bonus":"NOSTALGIA","is_daily":false,"chose_seed":false,"campfire_upgraded":7,"win_rate":0.0,"timestamp":1609236518,"path_taken":["M","M","?","M","?","R","?","?","T","M","R","$","M","M","R","BOSS","M","?","?","M","?","R","E","R","T","E","R","E","M","?","R","BOSS","M","$","?","?","?","E"],"items_purchased_type":["Card","Card","Card"],"build_version":"2020-12-22","purchased_purges":2,"victory":false,"max_hp_per_floor":[65,65,65,65,65,65,65,65,65,65,65,65,65,65,65,65,65,65,65,65,65,65,65,65,65,65,65,65,65,65,65,65,65,65,65,65,65,65,65,65,65],"card_choices":[{"not_picked":["Unruled","Revamp"],"picked":"Moondial","floor":1},{"not_picked":["Spin","Starlight"],"picked":"BottledTime","floor":2},{"not_picked":["SurpressingFire","FastForward"],"picked":"Barrier","floor":4},{"not_picked":["ShatteredReality","DoubleEdge","Comet"],"picked":"SKIP","floor":5},{"not_picked":["Moondial","BestPractice","Moonlight"],"picked":"SKIP","floor":10},{"not_picked":["BottledTime","Revamp"],"picked":"Alleviate","floor":13},{"not_picked":["ShatteredReality","FastForward"],"picked":"Desolation","floor":14},{"not_picked":["FloweringNight","Dilation"],"picked":"MurderousAura","floor":16},{"not_picked":["Contraction","Spin"],"picked":"Read+1","floor":18},{"not_picked":["Unruled","FastForward"],"picked":"DualDimension+1","floor":21},{"not_picked":["Revamp+1","Gouge"],"picked":"TheWorld","floor":24},{"not_picked":["ReturningBlade","FanOfKnives"],"picked":"Rearm+1","floor":27},{"not_picked":["TimeWarp","ReturningBlade","Defy"],"picked":"SKIP","floor":29},{"not_picked":["Potential","Spin"],"picked":"TrueSight","floor":30},{"not_picked":["Moondial+1","Rearm"],"picked":"Snipe+1","floor":31},{"not_picked":["PendulumOfEternity","FloweringNight"],"picked":"MurderousAura","floor":33},{"not_picked":["ShatteredReality+1","Unruled+1"],"picked":"StarChef+1","floor":35}],"player_experience":552460,"relics_obtained":[{"floor":9,"key":"conspire:Flyswatter"},{"floor":24,"key":"Sundial"},{"floor":27,"key":"aspiration:StickyExplosives_weak"},{"floor":29,"key":"Lantern"},{"floor":38,"key":"Ice Cream"}],"event_choices":[{"cards_removed":["Strike_S"],"damage_healed":0,"gold_gain":0,"player_choice":"Offered Basic","damage_taken":0,"max_hp_gain":0,"max_hp_loss":0,"event_name":"Bonfire Elementals","floor":3,"gold_loss":0},{"cards_removed":["Strike_S"],"damage_healed":0,"gold_gain":0,"player_choice":"Card Removal","damage_taken":7,"max_hp_gain":0,"max_hp_loss":0,"event_name":"Golden Wing","floor":8,"gold_loss":0},{"cards_removed":["PendulumOfEternity"],"damage_healed":0,"gold_gain":0,"player_choice":"Gave Gold","damage_taken":0,"max_hp_gain":0,"max_hp_loss":0,"event_name":"Beggar","floor":19,"gold_loss":75},{"damage_healed":0,"gold_gain":0,"player_choice":"Fight","damage_taken":0,"max_hp_gain":0,"max_hp_loss":0,"event_name":"MindBloom","floor":38,"gold_loss":0},{"damage_healed":0,"gold_gain":0,"player_choice":"Leave","damage_taken":0,"max_hp_gain":0,"max_hp_loss":0,"event_name":"conspire:Investor","floor":39,"gold_loss":0}],"is_beta":false,"boss_relics":[{"not_picked":["Fusion Hammer","hubris:CrackedHourglass"],"picked":"Astrolabe"},{"not_picked":["hubris:BlackHole","aspiration:IroncladSkillbook"],"picked":"conspire:RunicOctahedron"}],"items_purged_floors":[7,36],"is_endless":false,"potions_floor_spawned":[4,13,16,18,24,29,30,31,35],"killed_by":"Reptomancer","ascension_level":1}}