{"host":"etr9f2q07ig588e0","time":1609232053,"event":{"mods":["BaseMod","Downfall","Googly Eyes","Hubris","Minty Spire (QoL Compilation)","Replay The Spire","StSLib","SuperFastMode"],"gold_per_floor":[116,132,132,74,74,74,74,74,74,88,103,117,144,109,109,209,209,222,222,235,251,265,265,283,94,120,60,60,60,90,90,90,90,90],"floor_reached":33,"playtime":1751,"items_purged":[],"score":318,"play_id":"9bf88b76-0921-47da-9cb6-42a78ede9da2","local_time":"20201229115413","is_ascension_mode":true,"campfire_choices":[{"floor":6,"key":"REST"},{"data":"Rampage","floor":8,"key":"SMITH"},{"floor":15,"key":"REST"},{"floor":23,"key":"REST"},{"floor":28,"key":"REST"},{"floor":32,"key":"REST"}],"circlet_count":0,"master_deck":["Strike_R+1","Strike_R","Strike_R","Strike_R","Strike_R","Defend_R","Defend_R","Defend_R","Defend_R","Bash","Shrug It Off","Flex","Rampage+1","Rampage+1","Clothesline","Run Through","Double Tap","Anger+1","Hemogenesis+1","CurseOfTheBell","Cleave+1","Anger+1","Heavy Blade+1","Seeing Red","Pommel Strike+1","Mind Blast+1","Shrug It Off"],"relics":["Burning Blood","hubris:Towel","Replay:Kaleidoscope","Molten Egg 2","MealTicket","The Courier","Magic Flower","Juzu Bracelet","Blood Vial","ReplayTheSpireMod:TigerMarble","Nloth\u0027s Gift"],"acts_visited":["Exordium","TheCity"],"potions_floor_usage":[16,21,21,30,30,33,33],"damage_taken":[{"damage":25,"enemies":"Small Slimes","floor":1,"turns":4},{"damage":9,"enemies":"2 Louse","floor":2,"turns":4},{"damage":6,"enemies":"Cultist","floor":10,"turns":3},{"damage":2,"enemies":"2 Fungi Beasts","floor":11,"turns":3},{"damage":11,"enemies":"Looter","floor":12,"turns":2},{"damage":36,"enemies":"Lagavulin","floor":13,"turns":6},{"damage":69,"enemies":"Fading Forest","floor":16,"turns":11},{"damage":20,"enemies":"Spheric Guardian","floor":18,"turns":4},{"damage":35,"enemies":"3 Byrds","floor":20,"turns":7},{"damage":24,"enemies":"Sentry and Sphere","floor":21,"turns":5},{"damage":38,"enemies":"Snecko","floor":22,"turns":6},{"damage":60,"enemies":"Snake Plant","floor":24,"turns":6},{"damage":33,"enemies":"Book of Stabbing","floor":30,"turns":3},{"damage":74,"enemies":"hubris:MusketHawk","floor":33,"turns":8}],"seed_played":"-3072775323911109122","potions_obtained":[{"floor":0,"key":"hexamod:EctoCoolerPotion"},{"floor":0,"key":"AttackPotion"},{"floor":0,"key":"Ancient Potion"},{"floor":10,"key":"Adrenaline Potion"},{"floor":16,"key":"Explosive Potion"},{"floor":21,"key":"champ:CounterPotion"},{"floor":22,"key":"SteroidPotion"},{"floor":30,"key":"Weak Potion"}],"is_trial":false,"path_per_floor":["M","M","?","$","?","R","?","R","T","M","M","M","E","?","R","B",null,"M","?","M","M","M","R","M","$","T","?","R","?","E","?","R","B"],"character_chosen":"IRONCLAD","items_purchased":["Rampage","Juzu Bracelet","Mind Blast+1"],"campfire_rested":5,"item_purchase_floors":[4,25,25],"current_hp_per_floor":[61,58,58,58,58,80,80,80,80,80,80,75,45,65,80,25,80,69,69,55,64,47,71,29,44,44,44,68,68,47,47,71,0,0],"gold":90,"neow_bonus":"THREE_SMALL_POTIONS","is_daily":false,"chose_seed":false,"campfire_upgraded":1,"win_rate":0.0,"timestamp":1609232053,"path_taken":["M","M","?","$","?","R","?","R","T","?","M","M","E","?","R","BOSS","M","?","M","?","M","R","M","?","T","?","R","?","E","?","R","BOSS"],"items_purchased_type":["Card","Relic","Card"],"build_version":"2020-12-22","purchased_purges":0,"victory":false,"max_hp_per_floor":[80,80,80,80,80,80,80,80,80,80,80,80,80,80,80,80,80,80,80,80,80,80,80,80,80,80,80,80,80,80,80,80,80,80],"card_choices":[{"not_picked":["Inflame","hubris:ReadiedAction"],"picked":"Shrug It Off","floor":1},{"not_picked":["Pommel Strike","hubris:CleavingFinish"],"picked":"Flex","floor":2},{"not_picked":["ReplayTheSpireMod:Stacked","Shrug It Off"],"picked":"Clothesline","floor":10},{"not_picked":["ReplayTheSpireMod:Muscle Training","Uppercut"],"picked":"Run Through","floor":11},{"not_picked":["True Grit","Thunderclap"],"picked":"Double Tap","floor":12},{"not_picked":["Eclipse","Fiend Fire+1"],"picked":"Anger+1","floor":13},{"not_picked":["Demon Form","Fiend Fire+1"],"picked":"Hemogenesis+1","floor":16},{"not_picked":["Sword Boomerang+1","Run Through+1"],"picked":"Cleave+1","floor":18},{"not_picked":["ReplayTheSpireMod:Strike From Hell+1","Dual Wield"],"picked":"Anger+1","floor":20},{"not_picked":["Cleave+1","Offering"],"picked":"Heavy Blade+1","floor":21},{"not_picked":["Warcry+1","Body Slam+1"],"picked":"Seeing Red","floor":22},{"not_picked":["hubris:ReadiedAction","Disarm"],"picked":"Pommel Strike+1","floor":24},{"not_picked":["Replay:Many Hands","Dual Wield"],"picked":"Shrug It Off","floor":30}],"player_experience":416514,"relics_obtained":[{"floor":9,"key":"Replay:Kaleidoscope"},{"floor":13,"key":"Molten Egg 2"},{"floor":17,"key":"MealTicket"},{"floor":17,"key":"The Courier"},{"floor":17,"key":"Magic Flower"},{"floor":26,"key":"Blood Vial"},{"floor":30,"key":"ReplayTheSpireMod:TigerMarble"}],"event_choices":[{"damage_healed":0,"gold_gain":0,"player_choice":"Upgraded","damage_taken":0,"max_hp_gain":0,"max_hp_loss":0,"event_name":"Upgrade Shrine","floor":7,"gold_loss":0,"cards_upgraded":["Rampage"]},{"damage_healed":20,"gold_gain":0,"player_choice":"Healed","damage_taken":0,"max_hp_gain":0,"max_hp_loss":0,"event_name":"The Cleric","floor":14,"gold_loss":35},{"damage_healed":0,"gold_gain":0,"player_choice":"Bought 0 Potions","damage_taken":0,"max_hp_gain":0,"max_hp_loss":0,"event_name":"The Woman in Blue","floor":19,"gold_loss":0},{"damage_healed":0,"gold_gain":0,"player_choice":"Traded Relic","damage_taken":0,"relics_obtained":["Nloth\u0027s Gift"],"max_hp_gain":0,"max_hp_loss":0,"event_name":"N\u0027loth","floor":31,"relics_lost":["Calling Bell"],"gold_loss":0}],"is_beta":false,"boss_relics":[{"not_picked":["hubris:GrandSneckoEye","Tiny House"],"picked":"Calling Bell"}],"items_purged_floors":[],"is_endless":false,"potions_floor_spawned":[10,11,12,16,21,22,30],"killed_by":"hubris:MusketHawk","ascension_level":4}}