{"host":"jpcy2bclvs7juczu","time":1609285938,"event":{"mods":["AchievementEnabler","BaseMod","Block Reminder","Colored Powertips","Minty Spire (QoL Compilation)","Quick Restart","Relic Stats","ojb\u0027s Better Paths Mod","ojb\u0027s Info Mod","slay the spire mod where everything is the same but ironclad has a cowboy hat"],"gold_per_floor":[363,19,51,65,65,65,94,94,94,126,143,156,183,203,203,303,303,303],"floor_reached":17,"playtime":998,"items_purged":["Strike_G"],"score":222,"play_id":"2c050fe4-8c70-4358-95c8-33fa2cde52de","local_time":"20201229235218","is_ascension_mode":true,"campfire_choices":[{"data":"Wraith Form v2","floor":6.0,"key":"SMITH"},{"data":"Poisoned Stab","floor":8.0,"key":"SMITH"},{"data":"Noxious Fumes","floor":15,"key":"SMITH"}],"circlet_count":0,"master_deck":["Strike_G","Strike_G","Strike_G","Defend_G","Defend_G","Defend_G","Defend_G","Defend_G","Survivor","Neutralize","Deadly Poison","Malaise","Poisoned Stab+1","Wraith Form v2+1","Footwork","Acrobatics","Tactician","All Out Attack","Blur","Deadly Poison","Noxious Fumes+1"],"relics":["Ring of the Snake","Toolbox","Mercury Hourglass","Matryoshka","Blue Candle","Akabeko","Cursed Key"],"acts_visited":["Exordium","TheCity"],"potions_floor_usage":[13,13],"damage_taken":[{"damage":1.0,"enemies":"Small Slimes","floor":1.0,"turns":5.0},{"damage":5.0,"enemies":"Cultist","floor":3.0,"turns":4.0},{"damage":0.0,"enemies":"2 Louse","floor":4.0,"turns":3.0},{"damage":6.0,"enemies":"3 Sentries","floor":7.0,"turns":8.0},{"damage":6.0,"enemies":"Lagavulin","floor":10.0,"turns":7.0},{"damage":2,"enemies":"Blue Slaver","floor":11,"turns":3},{"damage":0,"enemies":"Lots of Slimes","floor":12,"turns":3},{"damage":0,"enemies":"Gremlin Nob","floor":13,"turns":4},{"damage":1,"enemies":"Looter","floor":14,"turns":3},{"damage":3,"enemies":"Hexaghost","floor":16,"turns":9}],"seed_played":"-778725878351593687","potions_obtained":[{"floor":1.0,"key":"LiquidMemories"},{"floor":4.0,"key":"AttackPotion"},{"floor":7.0,"key":"SteroidPotion"},{"floor":11,"key":"DistilledChaos"}],"is_trial":false,"path_per_floor":["M","$","M","M","?","R","E","R","T","E","M","M","E","M","R","B",null],"character_chosen":"THE_SILENT","items_purchased":["Toolbox","Malaise","Poisoned Stab"],"campfire_rested":0,"item_purchase_floors":[2,2,2],"current_hp_per_floor":[48,48,43,43,43,43,37,37,37,31,29,29,29,28,28,25,70,70],"gold":303,"neow_bonus":"TWO_FIFTY_GOLD","is_daily":false,"chose_seed":false,"campfire_upgraded":3,"win_rate":0.0,"timestamp":1609285938,"path_taken":["M","$","M","M","?","R","E","R","T","E","M","M","E","M","R","BOSS"],"items_purchased_type":["Relic","Card","Card"],"build_version":"2020-12-22","purchased_purges":1,"victory":false,"max_hp_per_floor":[70,70,70,70,70,70,70,70,70,70,70,70,70,70,70,70,70,70],"relic_stats":{"counters":[10,48],"Blue Candle":[0],"Cursed Key":0,"obtain_stats":[{"Matryoshka":9,"Blue Candle":10,"Toolbox":2,"Cursed Key":17,"Akabeko":13,"Ring of the Snake":0,"Mercury Hourglass":7},{"Matryoshka":4,"Blue Candle":5,"Toolbox":1,"Cursed Key":10,"Akabeko":8,"Ring of the Snake":0,"Mercury Hourglass":4},{"Matryoshka":20,"Blue Candle":26,"Toolbox":5,"Cursed Key":48,"Akabeko":36,"Ring of the Snake":0,"Mercury Hourglass":20}],"Ring of the Snake":[20],"Mercury Hourglass":[113]},"card_choices":[{"not_picked":["Cloak And Dagger","Dodge and Roll"],"picked":"Deadly Poison","floor":1.0},{"not_picked":["Underhanded Strike","Terror"],"picked":"Wraith Form v2","floor":3.0},{"not_picked":["PiercingWail","Prepared"],"picked":"Footwork","floor":4.0},{"not_picked":["Grand Finale","Concentrate"],"picked":"Acrobatics","floor":7.0},{"not_picked":["Underhanded Strike","Infinite Blades"],"picked":"Tactician","floor":10.0},{"not_picked":["Distraction","Dagger Spray"],"picked":"All Out Attack","floor":11},{"not_picked":["Outmaneuver","Venomology"],"picked":"Blur","floor":12},{"not_picked":["Deflect","Backstab"],"picked":"Deadly Poison","floor":13},{"not_picked":["Skewer","Quick Slash"],"picked":"Noxious Fumes","floor":14}],"player_experience":179792,"relics_obtained":[{"floor":7.0,"key":"Mercury Hourglass"},{"floor":9.0,"key":"Matryoshka"},{"floor":10.0,"key":"Blue Candle"},{"floor":13,"key":"Akabeko"}],"event_choices":[{"cards_removed":["Strike_G"],"damage_healed":0.0,"max_hp_gain":0.0,"max_hp_loss":0.0,"gold_gain":0.0,"event_name":"Purifier","player_choice":"Purged","floor":5.0,"gold_loss":0.0,"damage_taken":0.0}],"is_beta":false,"boss_relics":[{"not_picked":["HoveringKite","Busted Crown"],"picked":"Cursed Key"}],"items_purged_floors":[2],"is_endless":false,"potions_floor_spawned":[1,4,7,11],"ascension_level":2}}