{"host":"4sgoj70bvr8ov3jh","time":1609201414,"event":{"mods":["2.2 Compatiblity","AchievementEnabler","BaseMod","Chen","GifTheSpireLib","Hero for Fun","Marisa????????","Minty Spire (QoL Compilation)","Permanent Neow","Remilia_Scarlet Moed?????·?????3.3.5","StSLib","The Alterego","The Servant 0.9.4"],"gold_per_floor":[118,6,81,98,111,111,124,136,136,136,146,146,172,190,190,288,288,303,333,333,34,34,50,70,70,146,146,165,165,175,187,187,291,291,310,327,327,327],"floor_reached":37,"playtime":2130,"items_purged":[],"score":400,"play_id":"2d0f0c94-9557-4d4a-8914-619ae00fb462","local_time":"20201228162334","is_ascension_mode":false,"campfire_choices":[{"data":"Rainbow","floor":6,"key":"SMITH"},{"data":"Dualcast","floor":10,"key":"SMITH"},{"data":"Echo Form","floor":15,"key":"SMITH"},{"floor":25,"key":"REST"},{"floor":27,"key":"REST"},{"floor":29,"key":"REST"},{"floor":32,"key":"REST"}],"circlet_count":0,"master_deck":["Strike_B","Strike_B","Defend_B","Defend_B","Defend_B","Zap","Dualcast+1","Rainbow+1","Double Energy","FTL","Self Repair","Compile Driver","Beam Cell","FTL","Heatsinks","Echo Form+1","Parasite","Melter","Machine Learning","Fusion+1","Skim+1","White Noise+1","Fusion+1","Chill","Chrysalis","Static Discharge","Beam Cell","Chrysalis","Stack","Steam","Machine Learning","Double Energy","Fission","Go for the Eyes+1","Go for the Eyes+1"],"relics":["FrozenCore","White Beast Statue","TungstenRod","Astrolabe","Red Mask","Bottled Tornado"],"acts_visited":["Exordium","TheCity","TheBeyond"],"potions_floor_usage":[7,13,13,16,16,24,24,31,33,33,33,36,37],"damage_taken":[{"damage":1,"enemies":"Jaw Worm","floor":1,"turns":4},{"damage":4,"enemies":"2 Louse","floor":4,"turns":2},{"damage":5,"enemies":"Small Slimes","floor":5,"turns":4},{"damage":0,"enemies":"Blue Slaver","floor":7,"turns":1},{"damage":9,"enemies":"3 Louse","floor":8,"turns":3},{"damage":12,"enemies":"Exordium Thugs","floor":11,"turns":4},{"damage":30,"enemies":"Gremlin Nob","floor":13,"turns":4},{"damage":7,"enemies":"Looter","floor":14,"turns":3},{"damage":29,"enemies":"Slime Boss","floor":16,"turns":6},{"damage":16,"enemies":"3 Byrds","floor":18,"turns":5},{"damage":72,"enemies":"Masked Bandits","floor":19,"turns":6},{"damage":17,"enemies":"Shell Parasite","floor":23,"turns":5},{"damage":51,"enemies":"Cultist and Chosen","floor":24,"turns":8},{"damage":31,"enemies":"Snake Plant","floor":28,"turns":6},{"damage":31,"enemies":"Snecko","floor":30,"turns":7},{"damage":11,"enemies":"Cultist and Chosen","floor":31,"turns":8},{"damage":44,"enemies":"Automaton","floor":33,"turns":9},{"damage":53,"enemies":"Orb Walker","floor":35,"turns":5},{"damage":13,"enemies":"3 Shapes","floor":36,"turns":10},{"damage":25,"enemies":"Transient","floor":37,"turns":2}],"seed_played":"6948469994407294280","potions_obtained":[{"floor":1,"key":"DistilledChaos"},{"floor":8,"key":"GamblersBrew"},{"floor":11,"key":"FocusPotion"},{"floor":13,"key":"Strength Potion"},{"floor":14,"key":"DuplicationPotion"},{"floor":16,"key":"Ancient Potion"},{"floor":18,"key":"FairyPotion"},{"floor":19,"key":"Strength Potion"},{"floor":24,"key":"Fruit Juice"},{"floor":28,"key":"Regen Potion"},{"floor":30,"key":"SkillPotion"},{"floor":31,"key":"EssenceOfDarkness"},{"floor":33,"key":"Ancient Potion"},{"floor":35,"key":"AttackPotion"},{"floor":36,"key":"AttackPotion"}],"is_trial":false,"path_per_floor":["M","$","?","M","M","R","M","M","T","R","M","?","E","M","R","B",null,"M","?","?","$","?","M","M","R","T","R","M","R","M","M","R","B",null,"M","M","M"],"character_chosen":"DEFECT","items_purchased":["FTL","Self Repair","Chrysalis","Static Discharge","Beam Cell"],"campfire_rested":4,"item_purchase_floors":[2,2,21,21,21],"current_hp_per_floor":[74,74,63,66,68,68,68,66,66,66,61,75,59,59,59,44,75,73,15,40,40,40,30,24,48,48,72,55,79,55,58,80,65,80,27,21,0,0],"gold":327,"neow_bonus":"ONE_RANDOM_RARE_CARD","is_daily":false,"chose_seed":false,"campfire_upgraded":3,"win_rate":0.0,"timestamp":1609201414,"path_taken":["M","$","?","M","M","R","M","M","T","R","M","?","E","M","R","BOSS","M","?","?","$","?","M","M","R","T","R","?","R","M","M","R","BOSS","M","M","M"],"items_purchased_type":["Card","Card","Card","Card","Card"],"build_version":"2020-12-22","purchased_purges":0,"victory":false,"max_hp_per_floor":[75,75,75,75,75,75,75,75,75,75,75,75,75,75,75,75,75,75,75,75,75,75,75,80,80,80,80,80,80,80,80,80,80,80,80,80,80,80],"card_choices":[{"not_picked":["Steam","Coolheaded"],"picked":"Double Energy","floor":1},{"not_picked":["Cold Snap","Undo"],"picked":"Compile Driver","floor":4},{"not_picked":["Go for the Eyes","Barrage"],"picked":"Beam Cell","floor":5},{"not_picked":["Cold Snap","Barrage"],"picked":"FTL","floor":7},{"not_picked":["Darkness","Leap"],"picked":"Heatsinks","floor":8},{"not_picked":["Cold Snap","Barrage"],"picked":"Echo Form","floor":11},{"not_picked":["Core Surge","Barrage"],"picked":"Melter","floor":13},{"not_picked":["Rebound","Heatsinks","Melter"],"picked":"SKIP","floor":14},{"not_picked":["Echo Form","Meteor Strike"],"picked":"Machine Learning","floor":16},{"not_picked":["Coolheaded+1","Tempest"],"picked":"Fusion+1","floor":18},{"not_picked":["Sweeping Beam","Streamline+1"],"picked":"Chill","floor":19},{"not_picked":["Ball Lightning","Rebound"],"picked":"Stack","floor":23},{"not_picked":["Rebound","Barrage"],"picked":"Steam","floor":24},{"not_picked":["Rebound","Stack","Hello World"],"picked":"SKIP","floor":28},{"not_picked":["Conserve Battery","Sweeping Beam"],"picked":"Machine Learning","floor":30},{"not_picked":["Streamline","Compile Driver"],"picked":"Double Energy","floor":31},{"not_picked":["Thunder Strike","Buffer"],"picked":"Fission","floor":33},{"not_picked":["Compile Driver+1","Conserve Battery"],"picked":"Go for the Eyes+1","floor":35},{"not_picked":["Undo+1","Ball Lightning"],"picked":"Go for the Eyes+1","floor":36}],"player_experience":168815,"relics_obtained":[{"floor":9,"key":"White Beast Statue"},{"floor":13,"key":"TungstenRod"},{"floor":19,"key":"Red Mask"},{"floor":26,"key":"Bottled Tornado"}],"event_choices":[{"damage_healed":0,"gold_gain":75,"player_choice":"Gather Gold","damage_taken":11,"max_hp_gain":0,"max_hp_loss":0,"event_name":"World of Goop","floor":3,"gold_loss":0},{"damage_healed":18,"gold_gain":0,"player_choice":"Healed and dodged fight","damage_taken":0,"max_hp_gain":0,"max_hp_loss":0,"event_name":"Mushrooms","floor":12,"gold_loss":0,"cards_obtained":["Parasite"]},{"damage_healed":0,"gold_gain":0,"player_choice":"Fought Bandits","damage_taken":0,"max_hp_gain":0,"max_hp_loss":0,"event_name":"Masked Bandits","floor":19,"gold_loss":0},{"damage_healed":25,"gold_gain":0,"player_choice":"Heal","damage_taken":0,"max_hp_gain":0,"max_hp_loss":0,"event_name":"The Library","floor":20,"gold_loss":0},{"damage_healed":0,"gold_gain":0,"player_choice":"Copied","damage_taken":0,"max_hp_gain":0,"max_hp_loss":0,"event_name":"Duplicator","floor":22,"gold_loss":0,"cards_obtained":["Chrysalis"]}],"is_beta":false,"boss_relics":[{"not_picked":["Coffee Dripper","Runic Dome"],"picked":"Astrolabe"},{"not_picked":["Busted Crown","Philosopher\u0027s Stone"],"picked":"FrozenCore"}],"items_purged_floors":[],"is_endless":false,"potions_floor_spawned":[1,8,11,13,14,16,18,19,23,24,28,30,31,33,35,36],"killed_by":"Transient","ascension_level":0}}