{"host":"zpql4quw4g2j1hsh","time":1609249925,"event":{"mods":["Act Like it!","BaseMod","Better-Laid Plans","Challenge The Spire","Highlight Path","Minty Spire (QoL Compilation)","Permanent Neow","Quick Restart","Relic Stats","Shop Mod","Spicy Shops","StSLib","SuperFastMode","The Poker Player","Waifu the Spire","¡¾ÒÅÎï¿¨ÅÆ¡¿REMEMod","óô»ðÖ¸ÄÏ"],"gold_per_floor":[210,223,242,114,131,131,131,131,131],"floor_reached":7,"playtime":391,"items_purged":["PokerPlayerMod:Spade1"],"score":43,"play_id":"f442ec53-8a23-4a88-a91c-0b0775c6defe","local_time":"20201229215205","is_ascension_mode":false,"metric_token":1110,"campfire_choices":[{"data":"PokerPlayerMod:Diamond5","floor":6,"key":"SMITH"}],"circlet_count":0,"master_deck":["PokerPlayerMod:Diamond1","PokerPlayerMod:Diamond2","PokerPlayerMod:Diamond3","PokerPlayerMod:Diamond4","PokerPlayerMod:Diamond5","PokerPlayerMod:Spade2","PokerPlayerMod:Spade3","PokerPlayerMod:Spade4","PokerPlayerMod:Club1","PokerPlayerMod:Club2","PokerPlayerMod:Heart2","PokerPlayerMod:TrumpStrike","PokerPlayerMod:BadJoker","PokerPlayerMod:Mulligan","PokerPlayerMod:WildCard","PokerPlayerMod:Diamond6","PokerPlayerMod:Diamond3","PokerPlayerMod:ClubsClub","PokerPlayerMod:Diamond9"],"relics":["PokerPlayerMod:DeckCase","REME_ComplimentaryCards"],"acts_visited":["Exordium"],"potions_floor_usage":[],"damage_taken":[{"damage":0,"enemies":"2 Louse","floor":1,"turns":4},{"damage":0,"enemies":"Cultist","floor":2,"turns":3},{"damage":3,"enemies":"Small Slimes","floor":3,"turns":2},{"damage":5,"enemies":"Looter","floor":5,"turns":2},{"damage":19,"enemies":"3 Sentries","floor":7,"turns":3}],"seed_played":"-2016667160270450588","potions_obtained":[{"floor":1,"key":"AttackPotion"}],"is_trial":false,"path_per_floor":["M","M","M","$","M","R","E"],"character_chosen":"THE_POKER_PLAYER","items_purchased":["PokerPlayerMod:ClubsClub"],"campfire_rested":0,"item_purchase_floors":[4],"current_hp_per_floor":[52,52,49,49,47,47,30,30,30],"gold":131,"neow_bonus":"HUNDRED_GOLD","is_daily":false,"chose_seed":false,"campfire_upgraded":1,"win_rate":0.0,"timestamp":1609249925,"path_taken":["M","M","M","$","M","R","E"],"items_purchased_type":["Card"],"build_version":"2020-12-22","purchased_purges":1,"victory":false,"max_hp_per_floor":[52,52,52,52,52,52,52,52,52],"relic_stats":{"counters":[5,14],"obtain_stats":[{"PokerPlayerMod:DeckCase":0,"REME_ComplimentaryCards":0},{"PokerPlayerMod:DeckCase":0,"REME_ComplimentaryCards":0},{"PokerPlayerMod:DeckCase":0,"REME_ComplimentaryCards":0}]},"card_choices":[{"not_picked":["PokerPlayerMod:Club5","PokerPlayerMod:PoorCopy"],"picked":"PokerPlayerMod:Diamond5","floor":1},{"not_picked":["PokerPlayerMod:DartThrow","PokerPlayerMod:JackOfSpades"],"picked":"PokerPlayerMod:Diamond3","floor":2},{"not_picked":["PokerPlayerMod:PoorCopy","PokerPlayerMod:ClubDance","PokerPlayerMod:Sharpen"],"picked":"SKIP","floor":3},{"not_picked":["PokerPlayerMod:DartThrow","PokerPlayerMod:Diamond3"],"picked":"PokerPlayerMod:Diamond9","floor":5}],"player_experience":836,"relics_obtained":[],"event_choices":[],"is_beta":false,"boss_relics":[],"items_purged_floors":[4],"is_endless":false,"potions_floor_spawned":[1],"killed_by":"3 Sentries","ascension_level":0}}