{"host":"zpql4quw4g2j1hsh","time":1609248885,"event":{"mods":["Act Like it!","BaseMod","Better-Laid Plans","Challenge The Spire","Highlight Path","Marisa£¨ìFÓê¡¡Ä§ÀíÉ³£©","Minty Spire (QoL Compilation)","Permanent Neow","Quick Restart","Relic Stats","Spicy Shops","StSLib","SuperFastMode","Waifu the Spire","¡¾ÒÅÎï¿¨ÅÆ¡¿REMEMod","óô»ðÖ¸ÄÏ"],"gold_per_floor":[114,114,132,150,176,236,236,264,264,306,306,318,318,332,332,332,332],"floor_reached":16,"playtime":743,"items_purged":[],"score":114,"play_id":"dde5350e-8688-41a4-87ca-592a4030a167","local_time":"20201229213445","is_ascension_mode":false,"campfire_choices":[{"data":"MysteriousBeam","floor":7,"key":"SMITH"},{"floor":13,"key":"REST"},{"data":"ChargingUp","floor":15,"key":"SMITH"}],"circlet_count":0,"master_deck":["Strike_MRS","Strike_MRS","Strike_MRS","Defend_MRS","Defend_MRS","Defend_MRS","Defend_MRS","MasterSpark","UpSweep","JA","MysteriousBeam+1","Die Die Die","ManaConvection","WitchOfGreed","Acceleration","DC","AlicesGift","CasketOfStar+1","MilkyWay","ChargingUp+1"],"relics":["MiniHakkero","REME_ComplimentaryCards","Strawberry","Eternal Feather","Sundial"],"acts_visited":["Exordium"],"potions_floor_usage":[6,10,16,16,16],"damage_taken":[{"damage":10,"enemies":"2 Louse","floor":1,"turns":2},{"damage":0,"enemies":"Cultist","floor":3,"turns":2},{"damage":0,"enemies":"Small Slimes","floor":4,"turns":1},{"damage":15,"enemies":"Gremlin Gang","floor":5,"turns":4},{"damage":12,"enemies":"3 Sentries","floor":6,"turns":3},{"damage":8,"enemies":"Exordium Wildlife","floor":8,"turns":3},{"damage":7,"enemies":"Gremlin Nob","floor":10,"turns":3},{"damage":22,"enemies":"Large Slime","floor":12,"turns":5},{"damage":10,"enemies":"Looter","floor":14,"turns":2},{"damage":43,"enemies":"The Guardian","floor":16,"turns":3}],"seed_played":"2090201088836582616","potions_obtained":[{"floor":5,"key":"REME_GoldPotion"},{"floor":6,"key":"SteroidPotion"},{"floor":8,"key":"ColorlessPotion"},{"floor":10,"key":"SteroidPotion"},{"floor":12,"key":"LiquidBronze"}],"is_trial":false,"path_per_floor":["M","?","M","M","M","E","R","M","T","E","?","M","R","M","R","B"],"character_chosen":"MARISA","items_purchased":[],"campfire_rested":1,"item_purchase_floors":[],"current_hp_per_floor":[65,65,65,65,50,45,45,37,37,30,30,8,41,31,43,0,0],"gold":332,"neow_bonus":"TRANSFORM_CARD","is_daily":false,"chose_seed":false,"campfire_upgraded":2,"win_rate":0.0,"timestamp":1609248885,"path_taken":["M","?","M","?","M","E","R","M","T","E","?","?","R","M","R","BOSS"],"items_purchased_type":[],"build_version":"2020-12-22","purchased_purges":0,"victory":false,"max_hp_per_floor":[75,75,75,75,75,82,82,82,82,82,82,82,82,82,82,82,82],"relic_stats":{"counters":[10,28],"Sundial":[0],"Eternal Feather":21,"obtain_stats":[{"Sundial":10,"Strawberry":6,"Eternal Feather":9,"MiniHakkero":0,"REME_ComplimentaryCards":0},{"Sundial":7,"Strawberry":5,"Eternal Feather":6,"MiniHakkero":0,"REME_ComplimentaryCards":0},{"Sundial":18,"Strawberry":12,"Eternal Feather":15,"MiniHakkero":0,"REME_ComplimentaryCards":0}]},"card_choices":[{"not_picked":["PowerUp","DC"],"picked":"MysteriousBeam","floor":1},{"not_picked":["DoubleSpark","Singularity"],"picked":"ManaConvection","floor":3},{"not_picked":["ChargingUp","FairyDestructionRay"],"picked":"WitchOfGreed","floor":4},{"not_picked":["GravityBeat","WitchLeyline"],"picked":"Acceleration","floor":5},{"not_picked":["StarBarrage","MagicAbsorber"],"picked":"DC","floor":6},{"not_picked":["PowerUp","EventHorizon"],"picked":"AlicesGift","floor":8},{"not_picked":["MagicChant","AlicesGift"],"picked":"CasketOfStar","floor":10},{"not_picked":["MysteriousBeam","DC"],"picked":"MilkyWay","floor":12},{"not_picked":["MysteriousBeam","MilkyWay"],"picked":"ChargingUp","floor":14}],"player_experience":1984,"relics_obtained":[{"floor":6,"key":"Strawberry"},{"floor":9,"key":"Eternal Feather"},{"floor":10,"key":"Sundial"}],"event_choices":[{"damage_healed":0,"gold_gain":0,"player_choice":"Bought 0 Potions","damage_taken":0,"max_hp_gain":0,"max_hp_loss":0,"event_name":"The Woman in Blue","floor":2,"gold_loss":0},{"damage_healed":0,"gold_gain":0,"player_choice":"Upgraded","damage_taken":0,"max_hp_gain":0,"max_hp_loss":0,"event_name":"Upgrade Shrine","floor":11,"gold_loss":0,"cards_upgraded":["CasketOfStar"]}],"is_beta":false,"boss_relics":[],"items_purged_floors":[],"is_endless":false,"potions_floor_spawned":[5,6,10,12],"killed_by":"The Guardian","ascension_level":0}}