{"host":"Qube","time":1609283132,"event":{"mods":["AchievementEnabler","BaseMod","Colored Powertips","Minty Spire (QoL Compilation)","Quick Restart","Random Character Button"],"gold_per_floor":[12,25,37,57,68,68,100,100,100,130,150,150,150],"floor_reached":12,"playtime":526,"items_purged":[],"score":156,"play_id":"0ee4e825-26af-44a5-845a-8f57df6769ba","local_time":"20201229150532","is_ascension_mode":true,"campfire_choices":[{"data":"Body Slam","floor":6.0,"key":"SMITH"},{"data":"True Grit","floor":8.0,"key":"SMITH"}],"circlet_count":0,"master_deck":["AscendersBane","Strike_R","Strike_R","Strike_R","Strike_R","Strike_R","Defend_R","Defend_R","Defend_R+1","Defend_R","Bash","Double Tap+1","Headbutt","Wild Strike","Body Slam+1","True Grit+1","Cleave","Rampage","Fire Breathing"],"relics":["Burning Blood","Orichalcum","MealTicket","War Paint"],"acts_visited":["Exordium"],"potions_floor_usage":[12],"damage_taken":[{"damage":6.0,"enemies":"Cultist","floor":1.0,"turns":3.0},{"damage":0.0,"enemies":"Small Slimes","floor":2.0,"turns":3.0},{"damage":2.0,"enemies":"2 Louse","floor":3.0,"turns":2.0},{"damage":19.0,"enemies":"Lots of Slimes","floor":4.0,"turns":5.0},{"damage":14.0,"enemies":"Exordium Wildlife","floor":5.0,"turns":4.0},{"damage":18.0,"enemies":"Gremlin Nob","floor":7.0,"turns":3.0},{"damage":18,"enemies":"3 Sentries","floor":10,"turns":7},{"damage":8,"enemies":"Blue Slaver","floor":11,"turns":3},{"damage":21,"enemies":"Lagavulin","floor":12,"turns":7}],"seed_played":"2812749098485899557","potions_obtained":[{"floor":5.0,"key":"Fire Potion"},{"floor":7.0,"key":"Dexterity Potion"}],"is_trial":false,"path_per_floor":["M","M","M","M","M","R","E","R","T","E","M","E"],"character_chosen":"IRONCLAD","items_purchased":[],"campfire_rested":0,"item_purchase_floors":[],"current_hp_per_floor":[68,74,75,62,54,54,42,42,42,30,28,7,7],"gold":150,"neow_bonus":"THREE_RARE_CARDS","is_daily":false,"chose_seed":false,"campfire_upgraded":2,"win_rate":0.0,"timestamp":1609283132,"path_taken":["M","M","?","M","M","R","E","R","T","E","M","E"],"items_purchased_type":[],"build_version":"2020-12-18","purchased_purges":0,"victory":false,"max_hp_per_floor":[75,75,75,75,75,75,75,75,75,75,75,75,75],"card_choices":[{"not_picked":["Exhume","Brutality"],"picked":"Double Tap","floor":0.0},{"not_picked":["Anger","Shockwave"],"picked":"Headbutt","floor":1.0},{"not_picked":["Shockwave","Warcry"],"picked":"Wild Strike","floor":2.0},{"not_picked":["Combust","Twin Strike"],"picked":"Body Slam","floor":3.0},{"not_picked":["Double Tap","Carnage"],"picked":"True Grit","floor":4.0},{"not_picked":["Clash","True Grit"],"picked":"Cleave","floor":5.0},{"not_picked":["Clash","Cleave"],"picked":"Rampage","floor":7.0},{"not_picked":["Cleave","Shockwave"],"picked":"Fire Breathing","floor":10},{"not_picked":["Pommel Strike","Heavy Blade","Flex"],"picked":"SKIP","floor":11}],"player_experience":734282,"relics_obtained":[{"floor":7.0,"key":"Orichalcum"},{"floor":9.0,"key":"MealTicket"},{"floor":10,"key":"War Paint"}],"event_choices":[],"is_beta":true,"boss_relics":[],"items_purged_floors":[],"is_endless":false,"potions_floor_spawned":[5,7],"killed_by":"Lagavulin","ascension_level":14}}