{"host":"5fasz840ryq7obdf","time":1609262264,"event":{"mods":["AchievementEnabler","BaseMod","Bestiary","Better Altar","Better Skull","Better Third Choice","BetterRewards","Block Reminder","Colored Powertips","Curses Come First","Highlight Path","Minty Spire (QoL Compilation)","Quick Restart","Rare Cards Sparkle","Relic Sorter","Relic Stats","Shop Mod","Slay-I","Spicy Shops","StSLib","SuperFastMode"],"gold_per_floor":[34,34,55,83,83,128,150,192,192,192,117,141,141,169,169,274,283,313,313,313,322,351,391,391,55,55,64,92,126,175,203,203,203,203],"floor_reached":33,"playtime":2854,"items_purged":["Defend_P"],"score":694,"play_id":"a4d8fc39-ae92-4ec9-be8b-f0f7b239ac8a","local_time":"20201229171744","is_ascension_mode":true,"campfire_choices":[{"floor":10,"key":"REST"},{"floor":13,"key":"REST"},{"data":"DeusExMachina","floor":15,"key":"SMITH"},{"data":"Writhe","floor":24,"key":"PURGE"},{"floor":32,"key":"REST"}],"circlet_count":0,"master_deck":["AscendersBane","Eruption+1","Vigilance","LessonLearned+1","ThirdEye+1","Wireheading+1","Protect+1","MentalFortress+1","BattleHymn","Halt","SandsOfTime","Wireheading+1","ThirdEye","CrushJoints+1","Blasphemy+1","JustLucky+1","DeusExMachina+1","FlurryOfBlows","Protect","Protect+1","Protect+1","ClearTheMind","CutThroughFate","ConjureBlade","JustLucky","Weave+1","Omniscience","CurseOfTheBell","Wireheading","Meditate","Consecrate","DeusExMachina+1","CutThroughFate+1","Tantrum+1","Swivel","EmptyBody"],"relics":["PureWater","Shuriken","Vajra","OrangePellets","CeramicFish","Orrery","Bag of Marbles","Anchor","Happy Flower","Golden Idol","Toy Ornithopter","TeardropLocket","Kunai","Calling Bell","Ancient Tea Set","Letter Opener","Torii","Peace Pipe","Darkstone Periapt","Art of War","PreservedInsect","The Courier","Nunchaku"],"acts_visited":["Exordium","TheCity"],"potions_floor_usage":[14,16,23,31],"damage_taken":[{"damage":0.0,"enemies":"Jaw Worm","floor":1.0,"turns":5.0},{"damage":0.0,"enemies":"2 Louse","floor":3.0,"turns":4.0},{"damage":0.0,"enemies":"Small Slimes","floor":4.0,"turns":4.0},{"damage":0.0,"enemies":"3 Sentries","floor":6.0,"turns":8.0},{"damage":8,"enemies":"Exordium Thugs","floor":7,"turns":3},{"damage":8,"enemies":"Gremlin Nob","floor":8,"turns":3},{"damage":0,"enemies":"Gremlin Gang","floor":12,"turns":3},{"damage":2,"enemies":"Exordium Wildlife","floor":14,"turns":2},{"damage":3,"enemies":"The Guardian","floor":16,"turns":8},{"damage":1,"enemies":"Shell Parasite","floor":18,"turns":4},{"damage":0,"enemies":"Spheric Guardian","floor":22,"turns":3},{"damage":49,"enemies":"Slavers","floor":23,"turns":7},{"damage":1,"enemies":"Snecko","floor":28,"turns":6},{"damage":3,"enemies":"Centurion and Healer","floor":29,"turns":7},{"damage":1,"enemies":"Gremlin Leader","floor":30,"turns":4},{"damage":0,"enemies":"3 Cultists","floor":31,"turns":4},{"damage":44,"enemies":"Automaton","floor":33,"turns":8}],"seed_played":"8994038742692635902","potions_obtained":[{"floor":1.0,"key":"Block Potion"},{"floor":8,"key":"ColorlessPotion"},{"floor":12,"key":"DuplicationPotion"},{"floor":14,"key":"Fruit Juice"},{"floor":16,"key":"CultistPotion"},{"floor":28,"key":"PowerPotion"},{"floor":29,"key":"BlessingOfTheForge"},{"floor":30,"key":"LiquidMemories"}],"is_trial":false,"path_per_floor":["M","?","M","M","?","E","M","E","T","R","$","M","R","M","R","B",null,"M","?","?","?","M","E","R","$","T","?","M","M","E","M","R","B"],"character_chosen":"WATCHER","items_purchased":["LessonLearned","Shuriken","Vajra","OrangePellets","ThirdEye","Wireheading","CeramicFish","Orrery","Wireheading","ThirdEye","CrushJoints","Bag of Marbles","Blasphemy","JustLucky","Anchor","DeusExMachina","Happy Flower","FlurryOfBlows","Art of War","PreservedInsect"],"campfire_rested":3,"item_purchase_floors":[0,0,0,0,0,0,0,0,0,0,0,0,0,0,0,0,0,0,25,25],"current_hp_per_floor":[19,19,19,19,19,19,11,3,3,21,21,21,39,47,47,49,63,62,62,62,62,62,18,18,18,18,18,17,14,13,18,38,0,0],"gold":203,"neow_bonus":"","is_daily":false,"chose_seed":false,"campfire_upgraded":1,"win_rate":0.0,"timestamp":1609262264,"path_taken":["M","?","M","M","?","E","M","E","T","R","$","M","R","M","R","BOSS","M","?","?","?","M","E","R","$","T","?","M","M","E","?","R","BOSS"],"items_purchased_type":["Card","Relic","Relic","Relic","Card","Card","Relic","Relic","Card","Card","Card","Relic","Card","Card","Relic","Card","Relic","Card","Relic","Relic"],"build_version":"2020-12-22","purchased_purges":1,"victory":false,"max_hp_per_floor":[68,68,68,68,62,62,62,62,62,62,62,62,62,67,67,67,67,67,67,67,67,67,67,67,67,67,67,67,67,67,67,67,67,67],"relic_stats":{"Darkstone Periapt":0,"Happy Flower":[79],"Torii":11,"counters":[73,346],"Golden Idol":78,"CeramicFish":279,"PreservedInsect":891,"Letter Opener":[85],"Peace Pipe":1,"OrangePellets":[2],"Nunchaku":[30],"Shuriken":[26],"Art of War":[5],"Kunai":[18],"obtain_stats":[{"Gremlin Horn":0,"CeramicFish":0,"Vajra":0,"Whetstone":55,"Bottled Tornado":28,"Boot":38,"Blood Vial":8,"Prayer Wheel":42,"MealTicket":6,"VioletLotus":17,"HandDrill":0,"Kunai":22,"Happy Flower":42,"Oddly Smooth Stone":22,"Pen Nib":6,"Letter Opener":44,"Akabeko":41,"SlaversCollar":34,"OrangePellets":0,"Shuriken":0,"MutagenicStrength":22,"Black Star":34,"StrikeDummy":10,"Meat on the Bone":23,"Darkstone Periapt":44,"Lantern":9,"Torii":17,"Incense Burner":22,"TeardropLocket":0,"Smiling Mask":25,"Ancient Tea Set":17,"Dream Catcher":13,"Nunchaku":0,"Runic Pyramid":17,"Potion Belt":40,"Golden Idol":5,"Damaru":26,"The Courier":10,"PreservedInsect":25,"Omamori":48,"Frozen Egg 2":48,"Orichalcum":4,"Calling Bell":17,"Peace Pipe":21,"Strange Spoon":0,"Anchor":40,"Ornamental Fan":31,"Orrery":46,"Turnip":30,"Bag of Marbles":0,"Art of War":25,"Membership Card":0,"PureWater":0,"Toy Ornithopter":6},{"Gremlin Horn":0,"CeramicFish":0,"Vajra":0,"Whetstone":55,"Bottled Tornado":44,"Boot":49,"Blood Vial":36,"Prayer Wheel":26,"MealTicket":35,"VioletLotus":38,"HandDrill":32,"Kunai":14,"Happy Flower":26,"Oddly Smooth Stone":14,"Pen Nib":4,"Letter Opener":27,"Akabeko":50,"SlaversCollar":47,"OrangePellets":56,"Shuriken":56,"MutagenicStrength":40,"Black Star":20,"StrikeDummy":6,"Meat on the Bone":41,"Darkstone Periapt":27,"Lantern":5,"Torii":65,"Incense Burner":14,"TeardropLocket":32,"Smiling Mask":16,"Ancient Tea Set":65,"Dream Catcher":9,"Nunchaku":32,"Runic Pyramid":11,"Potion Belt":25,"Golden Idol":59,"Damaru":16,"The Courier":37,"PreservedInsect":68,"Omamori":30,"Frozen Egg 2":30,"Orichalcum":34,"Calling Bell":65,"Peace Pipe":66,"Strange Spoon":0,"Anchor":25,"Ornamental Fan":46,"Orrery":51,"Turnip":18,"Bag of Marbles":0,"Art of War":68,"Membership Card":0,"PureWater":0,"Toy Ornithopter":60},{"Gremlin Horn":0,"CeramicFish":0,"Vajra":0,"Whetstone":255,"Bottled Tornado":196,"Boot":225,"Blood Vial":160,"Prayer Wheel":103,"MealTicket":155,"VioletLotus":169,"HandDrill":142,"Kunai":41,"Happy Flower":103,"Oddly Smooth Stone":41,"Pen Nib":9,"Letter Opener":110,"Akabeko":231,"SlaversCollar":216,"OrangePellets":263,"Shuriken":263,"MutagenicStrength":179,"Black Star":74,"StrikeDummy":15,"Meat on the Bone":184,"Darkstone Periapt":110,"Lantern":11,"Torii":303,"Incense Burner":41,"TeardropLocket":142,"Smiling Mask":48,"Ancient Tea Set":303,"Dream Catcher":24,"Nunchaku":142,"Runic Pyramid":32,"Potion Belt":96,"Golden Idol":276,"Damaru":48,"The Courier":164,"PreservedInsect":317,"Omamori":126,"Frozen Egg 2":126,"Orichalcum":149,"Calling Bell":303,"Peace Pipe":307,"Strange Spoon":0,"Anchor":96,"Ornamental Fan":208,"Orrery":233,"Turnip":59,"Bag of Marbles":0,"Art of War":317,"Membership Card":0,"PureWater":0,"Toy Ornithopter":284}],"Toy Ornithopter":20},"card_choices":[{"not_picked":["Prostrate","SashWhip"],"picked":"Protect","floor":0.0},{"not_picked":["Protect","Collect"],"picked":"MentalFortress","floor":0.0},{"not_picked":["BowlingBash","EmptyFist"],"picked":"BattleHymn","floor":0.0},{"not_picked":["Perseverance","JustLucky"],"picked":"Halt","floor":0.0},{"not_picked":["Collect","Adaptation"],"picked":"SandsOfTime","floor":0.0},{"not_picked":["FollowUp","SandsOfTime"],"picked":"Protect","floor":1.0},{"not_picked":["Swivel","Evaluate"],"picked":"Protect","floor":3.0},{"not_picked":["Evaluate","Halt"],"picked":"Protect","floor":4.0},{"not_picked":["PathToVictory","WaveOfTheHand"],"picked":"ClearTheMind","floor":6.0},{"not_picked":["ClearTheMind","Study"],"picked":"CutThroughFate","floor":7},{"not_picked":["BowlingBash","PathToVictory"],"picked":"ConjureBlade","floor":8},{"not_picked":["ClearTheMind","Protect"],"picked":"JustLucky","floor":12},{"not_picked":["ClearTheMind","SashWhip"],"picked":"Weave","floor":14},{"not_picked":["Judgement","Scrawl"],"picked":"Omniscience","floor":16},{"not_picked":["PathToVictory","Crescendo"],"picked":"Wireheading","floor":18},{"not_picked":["EmptyMind","WindmillStrike"],"picked":"Meditate","floor":22},{"not_picked":["Protect","Wireheading"],"picked":"Consecrate","floor":23},{"not_picked":["Halt","SashWhip"],"picked":"CutThroughFate+1","floor":28},{"not_picked":["Crescendo+1","FollowUp"],"picked":"Tantrum+1","floor":29},{"not_picked":["Protect","Meditate"],"picked":"Swivel","floor":30},{"not_picked":["Wireheading","Adaptation"],"picked":"EmptyBody","floor":31}],"player_experience":1262633,"relics_obtained":[{"floor":6.0,"key":"Toy Ornithopter"},{"floor":8,"key":"TeardropLocket"},{"floor":9,"key":"Kunai"},{"floor":17,"key":"Ancient Tea Set"},{"floor":17,"key":"Letter Opener"},{"floor":17,"key":"Torii"},{"floor":23,"key":"Darkstone Periapt"},{"floor":26,"key":"The Courier"},{"floor":30,"key":"Nunchaku"}],"event_choices":[{"damage_healed":0.0,"max_hp_gain":0.0,"max_hp_loss":0.0,"gold_gain":1.0,"event_name":"betterThird:BetterScrap","player_choice":"LEAVE","floor":2.0,"gold_loss":0.0,"damage_taken":0.0,"cards_obtained":["Flame Barrier"]},{"damage_healed":0.0,"max_hp_gain":0.0,"max_hp_loss":6.0,"gold_gain":0.0,"event_name":"Golden Idol","player_choice":"Lose Max HP","floor":5.0,"gold_loss":0.0,"damage_taken":0.0,"relics_obtained":["Golden Idol"]},{"damage_healed":0,"gold_gain":0,"player_choice":"Ignored","damage_taken":0,"max_hp_gain":0,"max_hp_loss":0,"event_name":"Ghosts","floor":19,"gold_loss":0},{"damage_healed":0,"gold_gain":0,"player_choice":"Materialism","damage_taken":0,"max_hp_gain":0,"max_hp_loss":7,"event_name":"betterThird:BetterWriting","floor":20,"gold_loss":0},{"damage_healed":0,"gold_gain":0,"player_choice":"Opened","damage_taken":0,"relics_obtained":["Peace Pipe"],"max_hp_gain":0,"max_hp_loss":0,"event_name":"The Mausoleum","floor":21,"gold_loss":0,"cards_obtained":["Writhe"]},{"damage_healed":0,"gold_gain":0,"player_choice":"Copied","damage_taken":0,"max_hp_gain":0,"max_hp_loss":0,"event_name":"Duplicator","floor":27,"gold_loss":0,"cards_obtained":["DeusExMachina"]}],"is_beta":false,"boss_relics":[{"not_picked":["Runic Pyramid","Snecko Eye"],"picked":"Calling Bell"}],"items_purged_floors":[11],"is_endless":false,"potions_floor_spawned":[1,8,12,14,16,28,29,30],"killed_by":"Automaton","ascension_level":20}}