{"host":"cxizwatl5v7zq6a5","time":1609251111,"event":{"mods":["AchievementEnabler","Act Like it!","BaseMod","Colored Map","Colored Powertips","Downfall","Friendly Minions","Gensokyo","Hermit","Hubris","Infinite Spire","Marisa????????","Minty Spire (QoL Compilation)","Quick Restart","READ ME - Guardian Mod","Rare Cards Sparkle","Remilia??????","Replay The Spire","StSLib","The Cursed","The Jungle","The Servant 0.9.4"],"gold_per_floor":[110,110,110,385,450,538,538,599,599,614,614],"floor_reached":10,"playtime":497,"items_purged":[],"score":91,"play_id":"4fd7140f-c7a3-4293-96c2-186d1d179a49","local_time":"20201229221151","is_ascension_mode":false,"campfire_choices":[{"data":"hermit:LowProfile","floor":7,"key":"SMITH"}],"circlet_count":0,"master_deck":["hermit:Strike_Hermit","hermit:Strike_Hermit","hermit:Strike_Hermit","hermit:Strike_Hermit","hermit:Defend_Hermit","hermit:Defend_Hermit","hermit:Defend_Hermit","hermit:Defend_Hermit","hermit:Snapshot","hermit:Covet","hermit:ItchyTrigger","Injury","Regret","hermit:Grudge","hermit:LowProfile+1","hermit:Headshot","Pot Of Greed","Pot Of Greed"],"relics":["hermit:Momento","NeowsBlessing","Ring of Hypnosis","ReplayTheSpireMod:Ring of Challenge","Golden Idol","Mirror","Grinning Jar"],"acts_visited":["Exordium"],"potions_floor_usage":[],"damage_taken":[{"damage":0,"enemies":"Cultist","floor":1,"turns":1},{"damage":1,"enemies":"Jaw Worm","floor":5,"turns":1},{"damage":0,"enemies":"Lagavulin","floor":6,"turns":2},{"damage":17,"enemies":"2 Louse","floor":8,"turns":6},{"damage":35,"enemies":"3 Sentries","floor":10,"turns":7}],"seed_played":"8515732533390034500","potions_obtained":[{"floor":1,"key":"SteroidPotion"},{"floor":6,"key":"sneckomod:MuddlingPotion"}],"is_trial":false,"path_per_floor":["M","?","?","?","M","E","R","M","T","E"],"character_chosen":"HERMIT","items_purchased":[],"campfire_rested":0,"item_purchase_floors":[],"current_hp_per_floor":[75,75,75,75,74,74,74,57,57,22,22],"gold":614,"neow_bonus":"THREE_ENEMY_KILL","is_daily":false,"chose_seed":false,"campfire_upgraded":1,"win_rate":0.0,"timestamp":1609251111,"path_taken":["M","?","?","?","M","E","R","?","T","E"],"items_purchased_type":[],"build_version":"2020-12-22","purchased_purges":0,"victory":false,"max_hp_per_floor":[75,75,75,75,75,75,75,75,75,75,75],"card_choices":[{"not_picked":["hermit:Maintenance","hermit:WideOpen"],"picked":"hermit:ItchyTrigger","floor":1},{"not_picked":["hermit:LoneWolf","hermit:SprayPray"],"picked":"hermit:Grudge","floor":5},{"not_picked":["hermit:FinalCanter","hermit:Dive"],"picked":"hermit:LowProfile","floor":6},{"not_picked":["hermit:TrackingShot","hermit:PistolWhip"],"picked":"hermit:Headshot","floor":8}],"player_experience":113564,"relics_obtained":[{"floor":2,"key":"Ring of Hypnosis"},{"floor":2,"key":"ReplayTheSpireMod:Ring of Challenge"},{"floor":6,"key":"Mirror"},{"floor":9,"key":"Grinning Jar"}],"event_choices":[{"damage_healed":0,"gold_gain":0,"player_choice":"Take Wound","damage_taken":0,"relics_obtained":["Golden Idol"],"max_hp_gain":0,"max_hp_loss":0,"event_name":"Golden Idol","floor":3,"gold_loss":0,"cards_obtained":["Injury"]},{"damage_healed":0,"gold_gain":275,"player_choice":"Desecrate","damage_taken":0,"max_hp_gain":0,"max_hp_loss":0,"event_name":"Golden Shrine","floor":4,"gold_loss":0,"cards_obtained":["Regret"]}],"is_beta":false,"boss_relics":[],"items_purged_floors":[],"is_endless":false,"potions_floor_spawned":[1,6],"killed_by":"3 Sentries","ascension_level":0}}