{"host":"a5zr8hf2yymwt50u","time":1609247288,"event":{"mods":["BaseMod","Colored Map","Minty Spire (QoL Compilation)","StSLib","The Bug Knight"],"gold_per_floor":[117,117,117,137,237,270,270,289,289,135,145,14,14,31,31,130,130,145,162,28,28,28,53,79,96,96,21,31,57,83,101,101,203,203,215,234,284,298,298,298,316,46,46,46,46],"floor_reached":44,"playtime":4409,"items_purged":["HollowMod:NailStrikeStart","HollowMod:QuickDashStart","HollowMod:QuickDashStart"],"score":523,"play_id":"f3ee24fc-6a91-4298-b932-49d225677984","local_time":"20201229220808","is_ascension_mode":false,"campfire_choices":[{"data":"HollowMod:FocusHealStart","floor":7.0,"key":"SMITH"},{"data":"HollowMod:GrimmsGift","floor":13.0,"key":"SMITH"},{"data":"HollowMod:HornetsHelp","floor":15.0,"key":"SMITH"},{"data":"HollowMod:MothsMistake","floor":32.0,"key":"SMITH"},{"data":"HollowMod:SoulStrike","floor":40,"key":"SMITH"}],"circlet_count":0,"master_deck":["HollowMod:NailStrikeStart","HollowMod:NailStrikeStart","HollowMod:QuickDashStart+1","HollowMod:FocusHealStart+1","HollowMod:PogoStrike+1","HollowMod:CloakDash","HollowMod:ChannelNail","HollowMod:SoulSplash","HollowMod:ChannelNail","HollowMod:DashSlash","HollowMod:GrimmsGift+1","HollowMod:LifebloodCocoon","HollowMod:HornetsHelp+1","HollowMod:CycloneSlash","HollowMod:NewJinnsSoul","HollowMod:NewInfectedGuardian","HollowMod:DesolateDive+1","HollowMod:MothsMistake+1","HollowMod:HeavyBlow","HollowMod:InfectionAssault","HollowMod:DashSlash+1","HollowMod:SoulStrike+1","HollowMod:InfectedAttack","HollowMod:HornetsHelp","HollowMod:SiblingsSouls+1","HollowMod:InfectedCysts+1","HollowMod:DoubleDash","HollowMod:GoodIntentions+1","HollowMod:InfectedAttack+1","HollowMod:NewInfectedGuardian"],"relics":["HollowMod:VesselMask","NeowsBlessing","Thread and Needle","Philosopher\u0027s Stone","Kunai","HollowMod:GreatKnightMask","Question Card","Blood Vial","Bottled Flame","Sozu","Dead Branch","HollowMod:MantisClawRelic"],"acts_visited":["Exordium","TheCity","TheBeyond"],"potions_floor_usage":[],"damage_taken":[{"damage":0.0,"enemies":"Jaw Worm","floor":1.0,"turns":1.0},{"damage":0.0,"enemies":"Cultist","floor":4.0,"turns":1.0},{"damage":0.0,"enemies":"3 Sentries","floor":6.0,"turns":2.0},{"damage":0.0,"enemies":"Small Slimes","floor":8.0,"turns":4.0},{"damage":1.0,"enemies":"Exordium Thugs","floor":11.0,"turns":5.0},{"damage":0.0,"enemies":"Red Slaver","floor":14.0,"turns":3.0},{"damage":24.0,"enemies":"Slime Boss","floor":16.0,"turns":13.0},{"damage":18.0,"enemies":"Spheric Guardian","floor":18.0,"turns":7.0},{"damage":0.0,"enemies":"HollowMod:HuskSentry","floor":19.0,"turns":8.0},{"damage":27.0,"enemies":"Book of Stabbing","floor":23.0,"turns":6.0},{"damage":0.0,"enemies":"HollowMod:Zote","floor":24.0,"turns":2.0},{"damage":40.0,"enemies":"Cultist and Chosen","floor":25.0,"turns":7.0},{"damage":0.0,"enemies":"Centurion and Healer","floor":28.0,"turns":6.0},{"damage":0.0,"enemies":"HollowMod:Nosk","floor":30.0,"turns":9.0},{"damage":7.0,"enemies":"Snake Plant","floor":31.0,"turns":4.0},{"damage":34.0,"enemies":"HollowMod:NKGrimm","floor":33.0,"turns":9.0},{"damage":1.0,"enemies":"Orb Walker","floor":35.0,"turns":4.0},{"damage":20.0,"enemies":"3 Darklings","floor":36.0,"turns":7.0},{"damage":4,"enemies":"Mind Bloom Boss Battle","floor":37,"turns":7},{"damage":57,"enemies":"Jaw Worm Horde","floor":38,"turns":5},{"damage":10,"enemies":"Sphere and 2 Shapes","floor":41,"turns":5},{"damage":45,"enemies":"Giant Head","floor":44,"turns":6}],"seed_played":"1745774033029826686","potions_obtained":[{"floor":1.0,"key":"EssenceOfSteel"},{"floor":4.0,"key":"CultistPotion"},{"floor":16.0,"key":"Swift Potion"},{"floor":19.0,"key":"Explosive Potion"},{"floor":24.0,"key":"GamblersBrew"},{"floor":31.0,"key":"Swift Potion"}],"is_trial":false,"path_per_floor":["M","?","?","M","?","E","R","M","T","$","M","$","R","M","R","B",null,"M","M","$","?","?","E","?","M","T","?","M","T","E","M","R","B",null,"M","M","?","M","?","R","M","$","T","E"],"character_chosen":"THE_BUGKNIGHT","items_purchased":["HollowMod:GrimmsGift","HollowMod:HornetsHelp","HollowMod:CycloneSlash","HollowMod:MothsMistake","HollowMod:NewInfectedGuardian"],"campfire_rested":0,"item_purchase_floors":[10,12,12,20,42],"current_hp_per_floor":[75,60,60,60,60,60,60,70,70,70,74,74,74,74,74,50,75,67,75,75,75,75,48,48,20,20,20,26,26,38,33,33,13,75,74,65,69,14,14,14,15,15,15,0,0],"gold":46,"neow_bonus":"THREE_ENEMY_KILL","is_daily":false,"chose_seed":false,"campfire_upgraded":5,"win_rate":0.0,"timestamp":1609247288,"path_taken":["M","?","?","?","?","E","R","M","T","?","?","$","R","M","R","BOSS","M","M","$","?","?","E","?","M","T","?","M","?","E","M","R","BOSS","M","M","?","M","?","R","M","$","T","E"],"items_purchased_type":["Card","Card","Card","Card","Card"],"build_version":"2020-12-22","purchased_purges":3,"victory":false,"max_hp_per_floor":[75,75,75,75,75,75,75,75,75,75,75,75,75,75,75,75,75,75,75,75,75,75,75,75,75,75,75,75,75,75,75,75,75,75,75,75,75,75,75,75,75,75,75,75,75],"card_choices":[{"not_picked":["HollowMod:InfectedCysts","HollowMod:CornifersMapStart"],"picked":"HollowMod:CloakDash","floor":1.0},{"not_picked":["HollowMod:VengefulVoid","HollowMod:HeavyBlow"],"picked":"HollowMod:SoulSplash","floor":4.0},{"not_picked":["HollowMod:ShadowDash","HollowMod:ElderbugsWisdom"],"picked":"HollowMod:ChannelNail","floor":6.0},{"not_picked":["HollowMod:DreamGate","HollowMod:SiblingsShadow"],"picked":"HollowMod:DashSlash","floor":8.0},{"not_picked":["HollowMod:NewJinnsSoul","HollowMod:DungDefenderAura"],"picked":"HollowMod:LifebloodCocoon","floor":11.0},{"not_picked":["HollowMod:SoulStrike","HollowMod:CornifersMapStart"],"picked":"HollowMod:NewJinnsSoul","floor":14.0},{"not_picked":["HollowMod:ElderbugsWisdom","HollowMod:Hiveblood"],"picked":"HollowMod:NewInfectedGuardian","floor":16.0},{"not_picked":["HollowMod:SoulSplash","HollowMod:DescendingDark","HollowMod:VengefulVoid"],"picked":"SKIP","floor":18.0},{"not_picked":["HollowMod:DescendingDark","HollowMod:SoulSplash"],"picked":"HollowMod:DesolateDive+1","floor":19.0},{"not_picked":["HollowMod:DescendingDark","HollowMod:Grubsong"],"picked":"HollowMod:HeavyBlow","floor":23.0},{"not_picked":["HollowMod:FastStrike+1","HollowMod:NewLittleFool"],"picked":"HollowMod:BlackTendrils","floor":24.0},{"not_picked":["HollowMod:DungDefenderAura+1","HollowMod:PerfectDash"],"picked":"HollowMod:InfectionAssault","floor":25.0},{"not_picked":["HollowMod:FallenFury","HollowMod:SiblingsSouls","HollowMod:SoulShaman+1"],"picked":"HollowMod:DashSlash+1","floor":28.0},{"not_picked":["HollowMod:WraithStrike","HollowMod:ZotesMagnificence","HollowMod:ShadowDash"],"picked":"HollowMod:SoulStrike","floor":30.0},{"not_picked":["HollowMod:ChannelNail","HollowMod:HowlingWraiths+1","HollowMod:DescendingDark"],"picked":"HollowMod:InfectedAttack","floor":31.0},{"not_picked":["HollowMod:SoulMaster","HollowMod:VoidDash","HollowMod:ElderbugsWisdom"],"picked":"HollowMod:HornetsHelp","floor":33.0},{"not_picked":["HollowMod:ShadowDash+1","HollowMod:SiblingsShadow+1","HollowMod:SoulSplash"],"picked":"HollowMod:SiblingsSouls+1","floor":35.0},{"not_picked":["HollowMod:CornifersMapStart","HollowMod:SoulStrike+1","HollowMod:NewLittleFool"],"picked":"HollowMod:InfectedCysts+1","floor":36.0},{"not_picked":["HollowMod:DreamGate+1","HollowMod:ShapeofUnn","HollowMod:InfectedCysts"],"picked":"HollowMod:DoubleDash","floor":37},{"not_picked":["HollowMod:MonarchWings+1","HollowMod:SoulStrike","HollowMod:HeavyBlow"],"picked":"HollowMod:GoodIntentions+1","floor":38},{"not_picked":["HollowMod:GoodIntentions+1","HollowMod:MantisMark","HollowMod:ShadowDash"],"picked":"HollowMod:InfectedAttack+1","floor":41}],"player_experience":210678,"relics_obtained":[{"floor":6.0,"key":"Thread and Needle"},{"floor":23.0,"key":"Kunai"},{"floor":24.0,"key":"HollowMod:GreatKnightMask"},{"floor":26.0,"key":"Question Card"},{"floor":29.0,"key":"Blood Vial"},{"floor":30.0,"key":"Bottled Flame"},{"floor":37,"key":"Dead Branch"},{"floor":43,"key":"HollowMod:MantisClawRelic"}],"event_choices":[{"damage_healed":0.0,"max_hp_gain":0.0,"max_hp_loss":0.0,"gold_gain":0.0,"event_name":"Shining Light","player_choice":"Entered Light","floor":2.0,"gold_loss":0.0,"damage_taken":15.0,"cards_upgraded":["HollowMod:QuickDashStart","HollowMod:PogoStrike"]},{"damage_healed":0.0,"max_hp_gain":0.0,"max_hp_loss":0.0,"gold_gain":0.0,"cards_transformed":["HollowMod:QuickDashStart"],"event_name":"Transmorgrifier","player_choice":"Transformed","floor":3.0,"gold_loss":0.0,"damage_taken":0.0,"cards_obtained":["HollowMod:ChannelNail"]},{"damage_healed":0.0,"max_hp_gain":0.0,"max_hp_loss":0.0,"gold_gain":100.0,"event_name":"Golden Shrine","player_choice":"Pray","floor":5.0,"gold_loss":0.0,"damage_taken":0.0},{"cards_removed":["HollowMod:BlackTendrils"],"damage_healed":0.0,"max_hp_gain":0.0,"max_hp_loss":0.0,"gold_gain":0.0,"event_name":"Beggar","player_choice":"Gave Gold","floor":27.0,"gold_loss":75.0,"damage_taken":0.0},{"damage_healed":0,"gold_gain":0,"player_choice":"Fight","damage_taken":0,"max_hp_gain":0,"max_hp_loss":0,"event_name":"MindBloom","floor":37,"gold_loss":0},{"cards_removed":["HollowMod:NailStrikeStart"],"damage_healed":0,"gold_gain":0,"player_choice":"Purged","damage_taken":0,"max_hp_gain":0,"max_hp_loss":0,"event_name":"Purifier","floor":39,"gold_loss":0}],"is_beta":false,"boss_relics":[{"not_picked":["Ectoplasm","SlaversCollar"],"picked":"Philosopher\u0027s Stone"},{"not_picked":["Runic Pyramid","Pandora\u0027s Box"],"picked":"Sozu"}],"items_purged_floors":[10,20,42],"is_endless":false,"potions_floor_spawned":[1,4,16,19,24,31,37,41],"killed_by":"Giant Head","ascension_level":0}}