{"host":"bydnmyvf669xu6ab","time":1609201654,"event":{"mods":["Aspiration","BaseMod","Better Note","BetterRewards","Colored Map","Colored Powertips","Minty Spire (QoL Compilation)","Rare Cards Sparkle","Relic Stats","Shop Mod","StSLib","SuperFastMode","Virulent Crown"],"gold_per_floor":[115,128,143,143,153,187,187,187,187,215,232,263,263,278,278,382,382,402,402,402,414,424,436,465,477,531,531,531,548,571,421,421,421,421],"floor_reached":33,"playtime":2050,"items_purged":[],"score":398,"play_id":"4d500e6a-3e5e-4ba9-aa4e-dee1d913f67c","local_time":"20201228162734","is_ascension_mode":true,"campfire_choices":[{"data":"Inflame","floor":8,"key":"SMITH"},{"data":"Armaments","floor":13,"key":"SMITH"},{"floor":15,"key":"REST"},{"floor":28,"key":"RECALL"},{"data":"Berserk","floor":32,"key":"SMITH"}],"circlet_count":0,"master_deck":["Strike_R","Strike_R","Strike_R","Strike_R","Strike_R","Defend_R","Defend_R","Defend_R","Defend_R","Bash","Inflame+1","Shrug It Off","Battle Trance","Clothesline","Heavy Blade","Flame Barrier+1","Shrug It Off","Armaments+1","Power Through","Impervious","Body Slam","Flex+1","Berserk+1","Perfected Strike+1","Twin Strike+1","True Grit+1","Cleave+1"],"relics":["Burning Blood","Boot","Sling","Odd Mushroom","Bag of Preparation","Sozu","Nloth\u0027s Gift","Self Forming Clay","Art of War","Vajra","Strawberry"],"acts_visited":["Exordium","TheCity"],"potions_floor_usage":[12,12,16,16],"damage_taken":[{"damage":2,"enemies":"Cultist","floor":1,"turns":4},{"damage":4,"enemies":"2 Louse","floor":2,"turns":3},{"damage":8,"enemies":"Jaw Worm","floor":3,"turns":4},{"damage":12,"enemies":"Large Slime","floor":5,"turns":6},{"damage":6,"enemies":"Gremlin Nob","floor":6,"turns":3},{"damage":49,"enemies":"The Mushroom Lair","floor":10,"turns":5},{"damage":15,"enemies":"Exordium Wildlife","floor":11,"turns":7},{"damage":15,"enemies":"3 Sentries","floor":12,"turns":7},{"damage":11,"enemies":"Lots of Slimes","floor":14,"turns":5},{"damage":8,"enemies":"Slime Boss","floor":16,"turns":9},{"damage":0,"enemies":"3 Byrds","floor":18,"turns":5},{"damage":24,"enemies":"Spheric Guardian","floor":21,"turns":4},{"damage":20,"enemies":"Centurion and Healer","floor":22,"turns":5},{"damage":0,"enemies":"Snecko","floor":23,"turns":4},{"damage":6,"enemies":"Slavers","floor":24,"turns":6},{"damage":5,"enemies":"3 Cultists","floor":25,"turns":7},{"damage":19,"enemies":"Chosen and Byrds","floor":29,"turns":7},{"damage":55,"enemies":"Automaton","floor":33,"turns":8}],"seed_played":"-3935053076539848200","potions_obtained":[{"floor":2,"key":"BloodPotion"},{"floor":3,"key":"SkillPotion"},{"floor":10,"key":"SmokeBomb"},{"floor":12,"key":"Strength Potion"},{"floor":14,"key":"ColorlessPotion"}],"is_trial":false,"path_per_floor":["M","M","M","$","M","E","?","R","T","?","M","E","R","M","R","B",null,"M","?","?","M","M","M","E","M","T","$","R","M","T","$","R","B"],"character_chosen":"IRONCLAD","items_purchased":["Boot","Sling","Inflame","Shrug It Off","Strawberry"],"campfire_rested":1,"item_purchase_floors":[0,0,0,0,31],"current_hp_per_floor":[70,72,70,70,64,64,69,69,69,28,21,31,31,28,53,53,85,85,85,85,67,53,59,59,60,60,60,60,47,47,54,54,0,0],"gold":421,"neow_bonus":"","is_daily":false,"chose_seed":false,"campfire_upgraded":3,"win_rate":0.0,"timestamp":1609201654,"path_taken":["M","M","M","$","M","E","?","R","T","?","M","E","R","M","R","BOSS","M","?","?","M","M","M","E","M","T","?","R","?","?","$","R","BOSS"],"items_purchased_type":["Relic","Relic","Card","Card","Relic"],"build_version":"2020-12-22","purchased_purges":0,"victory":false,"max_hp_per_floor":[80,80,80,80,80,80,85,85,85,85,85,85,85,85,85,85,85,85,85,85,85,85,85,85,85,85,85,85,85,85,92,92,92,92],"relic_stats":{"Sozu":4,"counters":[1139,5798],"Self Forming Clay":[30],"Bag of Preparation":[22],"Nloth\u0027s Gift":4,"Art of War":[0],"Boot":[29],"obtain_stats":[{"Whetstone":19,"Ginger":24,"Boot":9,"Sling":0,"Old Coin":43,"Blood Vial":4,"MealTicket":19,"Fusion Hammer":17,"Kunai":31,"aspiration:DSix":10,"Pear":7,"Blue Candle":44,"Eternal Feather":44,"Pen Nib":9,"SlaversCollar":17,"Bird Faced Urn":22,"MutagenicStrength":30,"Mark of Pain":34,"Unceasing Top":5,"Regal Pillow":0,"Lantern":24,"aspiration:Lifesprig":13,"Singing Bowl":26,"Magic Flower":0,"Bag of Preparation":38,"Cursed Key":17,"Ancient Tea Set":26,"Burning Blood":0,"Shovel":38,"aspiration:AnachronicSnailShell":12,"Toolbox":0,"WingedGreaves":36,"InkBottle":11,"Paper Frog":45,"Potion Belt":38,"Self Forming Clay":26,"The Courier":12,"PreservedInsect":0,"Omamori":0,"MawBank":8,"Busted Crown":17,"Orrery":0,"Turnip":38,"Art of War":26,"Champion Belt":24,"Bottled Lightning":14,"Ice Cream":49,"Calipers":10,"Tiny House":34,"Gremlin Horn":29,"Vajra":30,"Sozu":17,"HornCleat":10,"DollysMirror":0,"Strawberry":10,"Philosopher\u0027s Stone":17,"Toxic Egg 2":19,"Happy Flower":22,"Oddly Smooth Stone":10,"Charon\u0027s Ashes":37,"aspiration:SeaSaltIceCream":25,"Letter Opener":40,"War Paint":26,"aspiration:HiddenCompartment":9,"Question Card":19,"Bottled Flame":24,"Shuriken":30,"Bronze Scales":28,"Black Star":17,"Nloth\u0027s Gift":20,"aspiration:HatOfInfinitePower":12,"Meat on the Bone":24,"Pocketwatch":29,"Enchiridion":19,"Black Blood":17,"Mango":45,"Incense Burner":38,"Juzu Bracelet":40,"PrismaticShard":22,"ClockworkSouvenir":19,"Nunchaku":0,"Dream Catcher":9,"Mummified Hand":31,"Pantograph":26,"Gambling Chip":17,"Red Skull":0,"aspiration:HummingbirdHeart":9,"aspiration:SecretTechniqueScroll":17,"Odd Mushroom":10,"Calling Bell":17,"Strange Spoon":0,"Anchor":0,"Bag of Marbles":20,"Membership Card":38,"aspiration:RitualDagger":17,"TungstenRod":42,"FossilizedHelix":10},{"Whetstone":964,"Ginger":1051,"Boot":983,"Sling":1121,"Old Coin":975,"Blood Vial":1032,"MealTicket":1003,"Fusion Hammer":1049,"Kunai":970,"aspiration:DSix":1067,"Pear":983,"Blue Candle":976,"Eternal Feather":976,"Pen Nib":936,"SlaversCollar":985,"Bird Faced Urn":951,"MutagenicStrength":1087,"Mark of Pain":971,"Unceasing Top":945,"Regal Pillow":956,"Lantern":1051,"aspiration:Lifesprig":1094,"Singing Bowl":1017,"Magic Flower":1073,"Bag of Preparation":973,"Cursed Key":941,"Ancient Tea Set":953,"Burning Blood":0,"Shovel":973,"aspiration:AnachronicSnailShell":949,"Toolbox":943,"WingedGreaves":1022,"InkBottle":1067,"Paper Frog":976,"Potion Belt":1022,"Self Forming Clay":966,"The Courier":961,"PreservedInsect":1043,"Omamori":979,"MawBank":960,"Busted Crown":1081,"Orrery":1007,"Turnip":973,"Art of War":1137,"Champion Belt":952,"Bottled Lightning":1048,"Ice Cream":978,"Calipers":937,"Tiny House":1020,"Gremlin Horn":968,"Vajra":1138,"Sozu":1131,"HornCleat":983,"DollysMirror":979,"Strawberry":983,"Philosopher\u0027s Stone":1013,"Toxic Egg 2":942,"Happy Flower":1051,"Oddly Smooth Stone":1010,"Charon\u0027s Ashes":1056,"aspiration:SeaSaltIceCream":1017,"Letter Opener":1058,"War Paint":1070,"aspiration:HiddenCompartment":1009,"Question Card":1014,"Bottled Flame":1100,"Shuriken":1019,"Bronze Scales":1017,"Black Star":963,"Nloth\u0027s Gift":986,"aspiration:HatOfInfinitePower":1011,"Meat on the Bone":966,"Pocketwatch":1119,"Enchiridion":951,"Black Blood":1002,"Mango":1060,"Incense Burner":973,"Juzu Bracelet":974,"PrismaticShard":1116,"ClockworkSouvenir":964,"Nunchaku":979,"Dream Catcher":1033,"Mummified Hand":970,"Pantograph":1051,"Gambling Chip":1096,"Red Skull":1029,"aspiration:HummingbirdHeart":960,"aspiration:SecretTechniqueScroll":950,"Odd Mushroom":1127,"Calling Bell":1096,"Strange Spoon":956,"Anchor":992,"Bag of Marbles":1097,"Membership Card":973,"aspiration:RitualDagger":1068,"TungstenRod":975,"FossilizedHelix":999},{"Whetstone":4842,"Ginger":5310,"Boot":4940,"Sling":5699,"Old Coin":4895,"Blood Vial":5197,"MealTicket":5053,"Fusion Hammer":5300,"Kunai":4872,"aspiration:DSix":5389,"Pear":4940,"Blue Candle":4903,"Eternal Feather":4903,"Pen Nib":4716,"SlaversCollar":4957,"Bird Faced Urn":4777,"MutagenicStrength":5515,"Mark of Pain":4879,"Unceasing Top":4749,"Regal Pillow":4807,"Lantern":5310,"aspiration:Lifesprig":5548,"Singing Bowl":5129,"Magic Flower":5436,"Bag of Preparation":4886,"Cursed Key":4734,"Ancient Tea Set":4790,"Burning Blood":0,"Shovel":4886,"aspiration:AnachronicSnailShell":4761,"Toolbox":4741,"WingedGreaves":5152,"InkBottle":5389,"Paper Frog":4903,"Potion Belt":5152,"Self Forming Clay":4851,"The Courier":4824,"PreservedInsect":5276,"Omamori":4922,"MawBank":4819,"Busted Crown":5473,"Orrery":5076,"Turnip":4886,"Art of War":5783,"Champion Belt":4786,"Bottled Lightning":5292,"Ice Cream":4914,"Calipers":4722,"Tiny House":5142,"Gremlin Horn":4863,"Vajra":5790,"Sozu":5752,"HornCleat":4940,"DollysMirror":4922,"Strawberry":4940,"Philosopher\u0027s Stone":5111,"Toxic Egg 2":4738,"Happy Flower":5310,"Oddly Smooth Stone":5090,"Charon\u0027s Ashes":5339,"aspiration:SeaSaltIceCream":5129,"Letter Opener":5349,"War Paint":5411,"aspiration:HiddenCompartment":5083,"Question Card":5113,"Bottled Flame":5588,"Shuriken":5135,"Bronze Scales":5129,"Black Star":4835,"Nloth\u0027s Gift":4962,"aspiration:HatOfInfinitePower":5094,"Meat on the Bone":4851,"Pocketwatch":5689,"Enchiridion":4777,"Black Blood":5048,"Mango":5360,"Incense Burner":4886,"Juzu Bracelet":4891,"PrismaticShard":5672,"ClockworkSouvenir":4842,"Nunchaku":4922,"Dream Catcher":5203,"Mummified Hand":4872,"Pantograph":5310,"Gambling Chip":5565,"Red Skull":5186,"aspiration:HummingbirdHeart":4819,"aspiration:SecretTechniqueScroll":4773,"Odd Mushroom":5724,"Calling Bell":5565,"Strange Spoon":4807,"Anchor":5001,"Bag of Marbles":5570,"Membership Card":4886,"aspiration:RitualDagger":5400,"TungstenRod":4895,"FossilizedHelix":5030}],"Burning Blood":259},"card_choices":[{"not_picked":["Clash","Pommel Strike"],"picked":"Battle Trance","floor":1},{"not_picked":["Evolve","Disarm","Warcry"],"picked":"SKIP","floor":2},{"not_picked":["Intimidate","Bludgeon"],"picked":"Clothesline","floor":3},{"not_picked":["Second Wind","Clash"],"picked":"Heavy Blade","floor":5},{"not_picked":["Cleave","Iron Wave"],"picked":"Flame Barrier","floor":6},{"not_picked":["Anger","Sword Boomerang"],"picked":"Shrug It Off","floor":11},{"not_picked":["Pommel Strike","Flame Barrier"],"picked":"Armaments","floor":12},{"not_picked":["True Grit","Twin Strike"],"picked":"Power Through","floor":14},{"not_picked":["Brutality","Fiend Fire"],"picked":"Impervious","floor":16},{"not_picked":["Disarm","Shockwave"],"picked":"Body Slam","floor":18},{"not_picked":["Pommel Strike","Body Slam"],"picked":"Flex+1","floor":21},{"not_picked":["Sever Soul","Reaper"],"picked":"Berserk","floor":22},{"not_picked":["Shrug It Off+1","Combust"],"picked":"Perfected Strike+1","floor":23},{"not_picked":["Fiend Fire","Shrug It Off"],"picked":"Twin Strike+1","floor":24},{"not_picked":["Power Through","Anger"],"picked":"True Grit+1","floor":25},{"not_picked":["Bludgeon","Clothesline"],"picked":"Cleave+1","floor":29}],"player_experience":2075706,"relics_obtained":[{"floor":6,"key":"Blood Vial"},{"floor":10,"key":"Odd Mushroom"},{"floor":12,"key":"Bag of Preparation"},{"floor":24,"key":"Self Forming Clay"},{"floor":26,"key":"Art of War"},{"floor":30,"key":"Vajra"}],"event_choices":[{"damage_healed":0,"gold_gain":0,"player_choice":"Donut","damage_taken":0,"max_hp_gain":5,"max_hp_loss":0,"event_name":"Big Fish","floor":7,"gold_loss":0},{"damage_healed":0,"gold_gain":0,"player_choice":"Fought Mushrooms","damage_taken":0,"max_hp_gain":0,"max_hp_loss":0,"event_name":"Mushrooms","floor":10,"gold_loss":0},{"damage_healed":0,"gold_gain":0,"player_choice":"Traded Relic","damage_taken":0,"relics_obtained":["Nloth\u0027s Gift"],"max_hp_gain":0,"max_hp_loss":0,"event_name":"N\u0027loth","floor":19,"relics_lost":["Blood Vial"],"gold_loss":0},{"damage_healed":0,"gold_gain":0,"player_choice":"Upgraded","damage_taken":0,"max_hp_gain":0,"max_hp_loss":0,"event_name":"Upgrade Shrine","floor":20,"gold_loss":0,"cards_upgraded":["Flame Barrier"]}],"is_beta":false,"boss_relics":[{"not_picked":["Coffee Dripper","aspiration:RitualDagger"],"picked":"Sozu"}],"items_purged_floors":[],"is_endless":false,"potions_floor_spawned":[2,3,10,12,14,21,22,24,29],"killed_by":"Automaton","ascension_level":1}}