{"host":"kev6uqotw4tlyx8l","time":1609245638,"event":{"mods":["Act Like it!","Aspiration","BaseMod","Colored Powertips","Dota2Spire","Downfall","Hallownest","Infinite Spire","Marisa????????","Minty Spire (QoL Compilation)","Quick Restart","Remilia??????","Replay The Spire","StSLib","The Cursed","The Marked","The Mystic","The Servant 0.9.4"],"gold_per_floor":[118,118,118,131,38,73,73,73,118,144,144,176,190,206,206,308,308,327,27,27,44,58,83,96,107,107,120,132,132,132],"floor_reached":29,"playtime":1153,"items_purged":["hexamod:Haunted"],"score":333,"play_id":"0547b3b2-a397-4a41-a69d-0c7eaea85ab9","local_time":"20201229194038","is_ascension_mode":true,"campfire_choices":[{"data":"Reprogram","floor":8,"key":"SMITH"},{"data":"Streamline","floor":11,"key":"SMITH"},{"floor":15,"key":"REST"}],"circlet_count":0,"master_deck":["Strike_B","Strike_B","Strike_B","Strike_B","Defend_B","Defend_B","Defend_B","Defend_B","Dualcast","Rip and Tear","Streamline+1","Reprogram+1","Conserve Battery","Go for the Eyes","Fusion","Steam","Stack","Stack","Reboot","ReplayGash+1","Scrape","expansioncontent:PolyBeam","Panic Button","Beam Cell","Machine Learning","ReplayGash","Reprogram+1","Genetic Algorithm+1"],"relics":["Cracked Core","NeowsBlessing","Gremlin Horn","ReplayTheSpireMod:CursedCoin","Dota2Spire:HeartOfTarrasque","Dream Catcher","Ancient Tea Set","Omamori","aspiration:FutureDiary","Dota2Spire:BladeMail","Replay:Arrowhead","Matryoshka"],"acts_visited":["Exordium","TheCity"],"potions_floor_usage":[10,16,16,22,23,23,25,28],"damage_taken":[{"damage":0,"enemies":"Small Slimes","floor":1,"turns":1},{"damage":0,"enemies":"Cultist","floor":4,"turns":1},{"damage":0,"enemies":"Gremlin Nob","floor":6,"turns":1},{"damage":17,"enemies":"Lagavulin","floor":10,"turns":4},{"damage":11,"enemies":"Replay:BlueRogue","floor":12,"turns":5},{"damage":0,"enemies":"2 Louse","floor":13,"turns":2},{"damage":12,"enemies":"Exordium Thugs","floor":14,"turns":4},{"damage":12,"enemies":"Fading Forest","floor":16,"turns":11},{"damage":14,"enemies":"Spheric Guardian","floor":18,"turns":4},{"damage":1,"enemies":"Chosen","floor":21,"turns":4},{"damage":22,"enemies":"Shelled Parasite and Fungi","floor":22,"turns":7},{"damage":0,"enemies":"Gremlin Leader","floor":23,"turns":4},{"damage":9,"enemies":"Snecko","floor":24,"turns":4},{"damage":0,"enemies":"3 Cultists","floor":25,"turns":4},{"damage":10,"enemies":"Cultist and Chosen","floor":27,"turns":5},{"damage":26,"enemies":"Chosen and Byrds","floor":28,"turns":7},{"damage":18,"enemies":"3 Cultists","floor":29,"turns":2}],"seed_played":"-7002834697040101301","potions_obtained":[{"floor":1,"key":"Block Potion"},{"floor":7,"key":"FearPotion"},{"floor":7,"key":"CultistPotion"},{"floor":7,"key":"Dota2Spire:Clarity"},{"floor":10,"key":"hexamod:EctoCoolerPotion"},{"floor":13,"key":"infinitespire:BlackPotion"},{"floor":18,"key":"Toxic Potion"},{"floor":21,"key":"Reflective Coating"},{"floor":24,"key":"Fire Potion"},{"floor":27,"key":"GamblersBrew"}],"is_trial":false,"path_per_floor":["M","?","T","M","$","E","?","R","T","E","R","E","M","M","R","B",null,"M","$","?","M","M","E","M","M","T","M","M","M"],"character_chosen":"DEFECT","items_purchased":["ReplayTheSpireMod:CursedCoin","Reprogram","Conserve Battery","Go for the Eyes","Dota2Spire:BladeMail","Scrape","expansioncontent:PolyBeam"],"campfire_rested":1,"item_purchase_floors":[5,5,5,5,19,19,19],"current_hp_per_floor":[75,75,75,75,75,83,83,83,83,66,66,55,55,43,67,69,83,69,69,69,68,46,50,41,45,45,35,13,0,0],"gold":132,"neow_bonus":"THREE_ENEMY_KILL","is_daily":false,"chose_seed":false,"campfire_upgraded":2,"win_rate":0.0,"timestamp":1609245638,"path_taken":["M","?","?","M","$","E","?","R","T","E","R","E","M","M","R","BOSS","M","?","?","?","M","E","M","M","T","M","?","M"],"items_purchased_type":["Relic","Card","Card","Card","Relic","Card","Card"],"build_version":"2020-12-22","purchased_purges":1,"victory":false,"max_hp_per_floor":[75,75,75,75,75,83,83,83,83,83,83,83,83,83,83,83,83,83,83,83,83,83,83,83,83,83,83,83,83,83],"card_choices":[{"not_picked":["Leap","Cold Snap"],"picked":"Rip and Tear","floor":1},{"not_picked":["White Noise","Cold Snap"],"picked":"Streamline","floor":4},{"not_picked":["Chill","Heatsinks","Cold Snap"],"picked":"SKIP","floor":6},{"not_picked":["Leap","Sweeping Beam"],"picked":"Fusion","floor":10},{"not_picked":["Barrage","Glacier"],"picked":"Steam","floor":12},{"not_picked":["Ball Lightning","Undo","ReplayTheSpireMod:System Scan"],"picked":"SKIP","floor":13},{"not_picked":["Beam Cell","Skim"],"picked":"Stack","floor":14},{"not_picked":["ReplayTheSpireMod:Reroute Power","Ball Lightning"],"picked":"Stack","floor":15},{"not_picked":["Multi-Cast","Amplify"],"picked":"Reboot","floor":16},{"not_picked":["Go for the Eyes","Hello World"],"picked":"ReplayGash+1","floor":18},{"not_picked":["Double Energy","Cold Snap"],"picked":"Beam Cell","floor":21},{"not_picked":["Heatsinks+1","Hologram"],"picked":"Machine Learning","floor":22},{"not_picked":["ReplayTheSpireMod:System Scan","Lockon+1","Coolheaded"],"picked":"SKIP","floor":23},{"not_picked":["Auto Shields","Redo"],"picked":"ReplayGash","floor":24},{"not_picked":["BasicCrystalCard","Self Repair"],"picked":"Reprogram+1","floor":25},{"not_picked":["Cold Snap+1","Doom and Gloom","Static Discharge+1"],"picked":"SKIP","floor":27},{"not_picked":["Steam","ReplayTheSpireMod:Repulse"],"picked":"Genetic Algorithm+1","floor":28}],"player_experience":46323,"relics_obtained":[{"floor":3,"key":"Gremlin Horn"},{"floor":6,"key":"Dota2Spire:HeartOfTarrasque"},{"floor":9,"key":"Dream Catcher"},{"floor":10,"key":"Ancient Tea Set"},{"floor":12,"key":"Omamori"},{"floor":23,"key":"Replay:Arrowhead"},{"floor":26,"key":"Matryoshka"}],"event_choices":[{"damage_healed":0,"gold_gain":0,"player_choice":"Got Potions","damage_taken":0,"max_hp_gain":0,"max_hp_loss":0,"event_name":"Lab","floor":7,"gold_loss":0},{"damage_healed":0,"gold_gain":0,"cards_transformed":["Zap"],"player_choice":"Transformed","damage_taken":0,"max_hp_gain":0,"max_hp_loss":0,"event_name":"Transmorgrifier","floor":20,"gold_loss":0,"cards_obtained":["Panic Button"]}],"is_beta":false,"boss_relics":[{"not_picked":["Empty Cage","SacredBark"],"picked":"aspiration:FutureDiary"}],"items_purged_floors":[5],"is_endless":false,"potions_floor_spawned":[1,10,13,18,21,24,27],"killed_by":"3 Cultists","ascension_level":1}}