{"host":"cyh4fejqtcjbfr7k","time":1609221090,"event":{"mods":["2.2 Compatiblity","AchievementEnabler","BaseMod","Colored Map","Colored Powertips","DeckTracker","Downfall","Googly Eyes","Hubris","Infinite Spire","Minty Spire (QoL Compilation)","Replay The Spire","Shop Mod","StSLib","SuperFastMode","Unceasing Turn Reminder"],"gold_per_floor":[119,119,119,135,135,135,171,171,171,196,237,237,237,8,8,134,197,221,240,240,240,240,240,240,240],"floor_reached":24,"playtime":567,"items_purged":["Strike_R"],"score":270,"play_id":"d2c1bec8-97e2-49d5-99b7-f97c292a4a3c","local_time":"20201228225130","is_ascension_mode":true,"campfire_choices":[{"data":"Flex","floor":6,"key":"SMITH"},{"data":"Iron Wave","floor":8,"key":"SMITH"},{"floor":12,"key":"REST"},{"floor":15,"key":"REST"},{"floor":23,"key":"REST"}],"circlet_count":0,"master_deck":["Strike_R","Strike_R","Strike_R","Strike_R+1","Defend_R","Defend_R","Defend_R","Defend_R","Bash","Flex+1","Pommel Strike","Iron Wave+1","Barricade","Entrench","Offering","Anger","Sword Boomerang","Body Slam","infinitespire:Gouge"],"relics":["Burning Blood","NeowsBlessing","Golden Idol","hubris:MobiusCoin","Darkstone Periapt","infinitespire:Beetle Shell","hubris:DeckOfHolding","Replay:Baseball","Tiny House","Replay:Bottled Steam","hubris:Towel"],"acts_visited":["Exordium","TheCity"],"potions_floor_usage":[11,11,18],"damage_taken":[{"damage":0,"enemies":"Small Slimes","floor":1,"turns":1},{"damage":0,"enemies":"2 Louse","floor":4,"turns":1},{"damage":0,"enemies":"Replay:BlueRogue","floor":7,"turns":1},{"damage":7,"enemies":"Jaw Worm","floor":10,"turns":3},{"damage":41,"enemies":"Lagavulin","floor":11,"turns":9},{"damage":68,"enemies":"Fading Forest","floor":16,"turns":11},{"damage":20,"enemies":"Spheric Guardian","floor":18,"turns":4},{"damage":18,"enemies":"Chosen","floor":19,"turns":7},{"damage":92,"enemies":"Slavers","floor":24,"turns":6}],"seed_played":"2568812581039429917","potions_obtained":[{"floor":1,"key":"Cursed Concoction"},{"floor":7,"key":"sneckomod:MuddlingPotion"},{"floor":17,"key":"Explosive Potion"}],"is_trial":false,"path_per_floor":["M","?","?","M","$","R","E","R","T","M","E","R","T","$","R","B",null,"M","M","AVR","?","?","R","E"],"character_chosen":"IRONCLAD","items_purchased":["Replay:Baseball"],"campfire_rested":3,"item_purchase_floors":[14],"current_hp_per_floor":[80,60,60,66,66,66,72,72,72,71,36,60,60,60,80,18,85,71,59,59,59,59,84,0,0],"gold":240,"neow_bonus":"THREE_ENEMY_KILL","is_daily":false,"chose_seed":false,"campfire_upgraded":2,"win_rate":0.0,"timestamp":1609221090,"path_taken":["M","?","?","M","$","R","E","R","T","M","E","R","?","$","R","BOSS","M","?","AVR","?","?","R","E"],"items_purchased_type":["Relic"],"build_version":"2020-12-22","purchased_purges":1,"victory":false,"max_hp_per_floor":[80,80,80,80,80,80,80,80,80,80,80,80,80,80,80,80,85,85,85,85,85,85,85,85,85],"card_choices":[{"not_picked":["Heavy Blade","Abandon"],"picked":"Flex","floor":1},{"not_picked":["Iron Wave","ReplayTheSpireMod:Strike From Hell"],"picked":"Pommel Strike","floor":4},{"not_picked":["ReplayTheSpireMod:Strike From Hell","Reckless Charge"],"picked":"Iron Wave","floor":7},{"not_picked":["Body Slam","Anger"],"picked":"Barricade","floor":10},{"not_picked":["Sever Soul","ReplayTheSpireMod:Muscle Training"],"picked":"Entrench","floor":11},{"not_picked":["Corruption","hubris:StunningStrike"],"picked":"Offering","floor":16},{"not_picked":["hubris:ReadiedAction","Iron Wave"],"picked":"Anger","floor":17},{"not_picked":["Cleave+1","Shrug It Off"],"picked":"Sword Boomerang","floor":18},{"not_picked":["Cleave","Uppercut"],"picked":"Body Slam","floor":19}],"player_experience":618671,"relics_obtained":[{"floor":7,"key":"hubris:MobiusCoin"},{"floor":9,"key":"Darkstone Periapt"},{"floor":11,"key":"infinitespire:Beetle Shell"},{"floor":13,"key":"hubris:DeckOfHolding"}],"event_choices":[{"damage_healed":0,"gold_gain":0,"player_choice":"Take Damage","damage_taken":20,"relics_obtained":["Golden Idol"],"max_hp_gain":0,"max_hp_loss":0,"event_name":"Golden Idol","floor":2,"gold_loss":0},{"damage_healed":0,"gold_gain":0,"player_choice":"Ignored","damage_taken":0,"max_hp_gain":0,"max_hp_loss":0,"event_name":"Shining Light","floor":3,"gold_loss":0}],"is_beta":false,"boss_relics":[{"not_picked":["Velvet Choker","Fusion Hammer"],"picked":"Tiny House"}],"items_purged_floors":[14],"is_endless":false,"potions_floor_spawned":[1,7],"killed_by":"Slavers","ascension_level":4}}