{"host":"k6qwgpygxbgz06bg","time":1609278180,"event":{"mods":["BaseMod","Beaked The Cultist","Better Third Choice","BetterRewards","Clockwork Mod","Colored Map","Downfall","Friendly Minions","Infinite Spire","Marisa????????","Minty Spire (QoL Compilation)","Replay The Spire","StSLib","The Administrix","The Bug Knight","The Cursed","The Gatherer","The Mystic","The Senshi","The Witch"],"gold_per_floor":[119,119,131,145,164,164,14,42,42,59,59,79,89,89,89,185,185,195,195,195,195,208,208,208,237,237,237,237,237],"floor_reached":28,"playtime":1475,"items_purged":["HollowMod:SiblingsShadow+1"],"score":238,"play_id":"1056ee1d-7ddb-4884-9bba-e11cd736fa62","local_time":"20201229224300","is_ascension_mode":false,"campfire_choices":[{"data":"HollowMod:MantisMark","floor":6,"key":"SMITH"},{"data":"HollowMod:InfectedCysts","floor":11,"key":"SMITH"},{"data":"HollowMod:RecoilStrike","floor":15,"key":"SMITH"},{"data":"HollowMod:Weaversong","floor":23,"key":"SMITH"},{"floor":27,"key":"REST"}],"circlet_count":0,"master_deck":["HollowMod:NailStrikeStart+1","HollowMod:NailStrikeStart+1","HollowMod:NailStrikeStart+1","HollowMod:NailStrikeStart+1","HollowMod:QuickDashStart","HollowMod:QuickDashStart","HollowMod:QuickDashStart","HollowMod:QuickDashStart","HollowMod:FocusHealStart","HollowMod:PogoStrike","HollowMod:SoulShaman+1","HollowMod:Hiveblood","HollowMod:HuntersJournal","HollowMod:MidwifesHunger","HollowMod:InfectedCysts+1","HollowMod:RecoilStrike+1","HollowMod:FallenFury","HollowMod:Weaversong+1","HollowMod:DreamGate","HollowMod:DesolateDive+1","HollowMod:DashSlash+1","Pain"],"relics":["HollowMod:VesselMask","Unceasing Top","HollowMod:StagPassRelic","Replay:Bottled Eggs","Durian","Cursed Key","HollowMod:QueensCombRelic","Calipers","infinitespire:FocusingShard"],"acts_visited":["Exordium","TheCity"],"potions_floor_usage":[16,16,25],"damage_taken":[{"damage":1,"enemies":"Cultist","floor":1,"turns":3},{"damage":6,"enemies":"Jaw Worm","floor":3,"turns":4},{"damage":1,"enemies":"2 Louse","floor":4,"turns":3},{"damage":18,"enemies":"Blue Slaver","floor":5,"turns":5},{"damage":38,"enemies":"3 Sentries","floor":8,"turns":13},{"damage":30,"enemies":"Exordium Wildlife","floor":10,"turns":5},{"damage":19,"enemies":"Exordium Thugs","floor":12,"turns":4},{"damage":16,"enemies":"Large Slime","floor":13,"turns":5},{"damage":44,"enemies":"HollowMod:FalseKnight","floor":16,"turns":9},{"damage":34,"enemies":"3 Byrds","floor":18,"turns":5},{"damage":0,"enemies":"Chosen","floor":22,"turns":3},{"damage":49,"enemies":"Book of Stabbing","floor":25,"turns":5},{"damage":26,"enemies":"Slavers","floor":28,"turns":1}],"seed_played":"5092987097394382135","potions_obtained":[{"floor":1,"key":"Reflective Coating"},{"floor":13,"key":"Block Potion"},{"floor":16,"key":"PowerPotion"},{"floor":25,"key":"FearPotion"}],"is_trial":false,"path_per_floor":["M","?","M","M","M","R","?","E","T","M","R","M","M","?","R","B",null,"M","?","?","?","M","R","AVR","E","T","R","E"],"character_chosen":"THE_BUGKNIGHT","items_purchased":[],"campfire_rested":1,"item_purchase_floors":[],"current_hp_per_floor":[59,59,59,64,68,68,68,55,60,42,42,29,33,33,33,4,80,64,64,64,49,49,49,49,4,4,20,0,0],"gold":237,"neow_bonus":"ONE_RARE_RELIC","is_daily":false,"chose_seed":false,"campfire_upgraded":4,"win_rate":0.0,"timestamp":1609278180,"path_taken":["M","?","M","?","M","R","?","E","T","M","R","M","M","?","R","BOSS","M","?","?","?","M","R","AVR","E","T","R","E"],"items_purchased_type":[],"build_version":"2020-12-22","purchased_purges":1,"victory":false,"max_hp_per_floor":[75,75,75,75,75,75,75,75,80,80,80,80,80,80,80,80,80,80,80,80,85,85,85,56,56,56,56,56,56],"card_choices":[{"not_picked":["HollowMod:ChannelNail","HollowMod:SoulStrike"],"picked":"HollowMod:SoulShaman","floor":1},{"not_picked":["HollowMod:LifebloodCocoon","HollowMod:ShadowDash"],"picked":"HollowMod:Hiveblood","floor":3},{"not_picked":["HollowMod:DashSlash","HollowMod:ShadowDash"],"picked":"HollowMod:MantisMark","floor":4},{"not_picked":["HollowMod:InfectionAssault","HollowMod:GreatSlash"],"picked":"HollowMod:HuntersJournal","floor":5},{"not_picked":["HollowMod:NewLittleFool","HollowMod:ChannelNail"],"picked":"HollowMod:MidwifesHunger","floor":8},{"not_picked":["HollowMod:SiblingsSouls","HollowMod:CycloneSlash"],"picked":"HollowMod:InfectedCysts","floor":10},{"not_picked":["HollowMod:VengefulVoid","HollowMod:SoulStrike"],"picked":"HollowMod:RecoilStrike","floor":12},{"not_picked":["HollowMod:InfectedCysts","HollowMod:SiblingsSouls"],"picked":"HollowMod:FallenFury","floor":13},{"not_picked":["HollowMod:Hiveblood","HollowMod:VoidDash"],"picked":"HollowMod:Weaversong","floor":16},{"not_picked":["HollowMod:FallenFury","HollowMod:SiblingsShadow"],"picked":"HollowMod:DreamGate","floor":18},{"not_picked":["HollowMod:CycloneSlash","HollowMod:WraithStrike"],"picked":"HollowMod:DesolateDive+1","floor":22},{"not_picked":["HollowMod:BrokenVessel+1","HollowMod:CrystalDash"],"picked":"HollowMod:DashSlash+1","floor":25}],"player_experience":237080,"relics_obtained":[{"floor":8,"key":"Replay:Bottled Eggs"},{"floor":9,"key":"Durian"},{"floor":25,"key":"Calipers"},{"floor":26,"key":"infinitespire:FocusingShard"}],"event_choices":[{"damage_healed":0,"gold_gain":0,"player_choice":"Upgraded","damage_taken":0,"max_hp_gain":0,"max_hp_loss":0,"event_name":"Upgrade Shrine","floor":2,"gold_loss":0,"cards_upgraded":["HollowMod:SoulShaman"]},{"damage_healed":0,"gold_gain":0,"player_choice":"Ignored","damage_taken":0,"max_hp_gain":0,"max_hp_loss":0,"event_name":"Ghosts","floor":20,"gold_loss":0},{"damage_healed":0,"gold_gain":0,"player_choice":"Shed Blood","damage_taken":20,"max_hp_gain":5,"max_hp_loss":0,"event_name":"Forgotten Altar","floor":21,"gold_loss":0}],"is_beta":false,"boss_relics":[{"not_picked":["Sozu","Fusion Hammer"],"picked":"Cursed Key"}],"items_purged_floors":[24],"is_endless":false,"potions_floor_spawned":[1,13,16,25],"killed_by":"Slavers","ascension_level":0}}