{"host":"r0vmyty6lrh6xfm3","time":1609245463,"event":{"mods":["BaseMod","Colored Map","Minty Spire (QoL Compilation)","StSLib"],"gold_per_floor":[117,137,212,212,227,227,239,273,273,292,312,312,329,329,329,403,403,414,386,386,163,179,179,214,226,226,39,69,83,83,83],"floor_reached":30,"playtime":2904,"items_purged":[],"score":505,"play_id":"dc774d2b-efff-4c81-938a-37e413635e83","local_time":"20201229063743","is_ascension_mode":true,"campfire_choices":[{"data":"Deadly Poison","floor":6,"key":"SMITH"},{"floor":12,"key":"REST"},{"data":"Doppelganger","floor":15,"key":"SMITH"},{"data":"Adrenaline","floor":23,"key":"SMITH"}],"circlet_count":0,"master_deck":["AscendersBane","Strike_G","Strike_G","Defend_G","Defend_G","Defend_G","Defend_G","Survivor","Neutralize","Deadly Poison+1","Leg Sweep","Heel Hook","Doppelganger+1","PiercingWail","Night Terror","Caltrops","Terror","Adrenaline+1","Terror+1","Well Laid Plans+1","Backstab+1","Calculated Gamble","Eviscerate+1","Setup+1","Noxious Fumes","After Image","Poisoned Stab+1","Heel Hook+1","Escape Plan","Acrobatics","Deadly Poison","Deadly Poison","Reflex","Dodge and Roll+1","Footwork","Bullet Time","Masterful Stab"],"relics":["Ring of the Snake","NeowsBlessing","Sundial","Prayer Wheel","Astrolabe","Calipers","Orrery","Snake Skull","Art of War","Lee\u0027s Waffle","Gremlin Horn"],"acts_visited":["Exordium","TheCity"],"potions_floor_usage":[7,24,24,29],"damage_taken":[{"damage":0,"enemies":"Cultist","floor":1,"turns":1},{"damage":0,"enemies":"Small Slimes","floor":2,"turns":1},{"damage":0,"enemies":"2 Louse","floor":5,"turns":1},{"damage":0,"enemies":"Large Slime","floor":7,"turns":8},{"damage":28,"enemies":"Lagavulin","floor":8,"turns":8},{"damage":6,"enemies":"Exordium Thugs","floor":10,"turns":6},{"damage":16,"enemies":"Gremlin Gang","floor":11,"turns":8},{"damage":1,"enemies":"Blue Slaver","floor":13,"turns":5},{"damage":2,"enemies":"Hexaghost","floor":16,"turns":10},{"damage":1,"enemies":"Chosen","floor":18,"turns":4},{"damage":21,"enemies":"2 Thieves","floor":19,"turns":5},{"damage":4,"enemies":"Shelled Parasite and Fungi","floor":22,"turns":6},{"damage":3,"enemies":"Gremlin Leader","floor":24,"turns":7},{"damage":0,"enemies":"Snake Plant","floor":25,"turns":4},{"damage":51,"enemies":"Slavers","floor":28,"turns":7},{"damage":2,"enemies":"Centurion and Healer","floor":29,"turns":5},{"damage":29,"enemies":"3 Cultists","floor":30,"turns":7}],"seed_played":"8480836586595844090","potions_obtained":[{"floor":2,"key":"SkillPotion"},{"floor":5,"key":"Ancient Potion"},{"floor":10,"key":"SpeedPotion"},{"floor":11,"key":"Energy Potion"},{"floor":28,"key":"ColorlessPotion"}],"is_trial":false,"path_per_floor":["M","M","?","?","M","R","M","E","T","M","M","R","M","?","R","B",null,"M","M","?","$","M","R","E","M","T","$","E","M","M"],"character_chosen":"THE_SILENT","items_purchased":["Noxious Fumes","Orrery","Lee\u0027s Waffle","Footwork"],"campfire_rested":1,"item_purchase_floors":[21,21,27,27],"current_hp_per_floor":[59,59,48,53,53,53,53,25,25,19,3,24,23,23,23,21,59,58,37,37,37,33,33,30,30,30,78,27,25,0,0],"gold":83,"neow_bonus":"THREE_ENEMY_KILL","is_daily":false,"chose_seed":false,"campfire_upgraded":3,"win_rate":0.0,"timestamp":1609245463,"path_taken":["M","M","?","?","M","R","M","E","T","M","M","R","M","?","R","BOSS","M","M","?","$","M","R","E","M","T","$","E","M","M"],"items_purchased_type":["Card","Relic","Relic","Card"],"build_version":"2020-12-22","purchased_purges":0,"victory":false,"max_hp_per_floor":[66,66,66,71,71,71,71,71,71,71,71,71,71,71,71,71,71,71,71,71,71,71,71,71,71,71,78,78,78,78,78],"card_choices":[{"not_picked":["Backflip","Escape Plan","Dagger Throw"],"picked":"SKIP","floor":1},{"not_picked":["Bane","Catalyst"],"picked":"Deadly Poison","floor":2},{"not_picked":["Dagger Throw","Choke"],"picked":"Leg Sweep","floor":5},{"not_picked":["Prepared","Flechettes"],"picked":"Heel Hook","floor":7},{"not_picked":["Dagger Spray","Eviscerate"],"picked":"Doppelganger","floor":8},{"not_picked":["Blur","Outmaneuver"],"picked":"PiercingWail","floor":10},{"not_picked":["Cloak And Dagger","Tactician","Concentrate"],"picked":"SKIP","floor":10},{"not_picked":["Infinite Blades","Quick Slash"],"picked":"Night Terror","floor":11},{"not_picked":["Cloak And Dagger","Bane","Quick Slash"],"picked":"SKIP","floor":11},{"not_picked":["Masterful Stab","Deflect"],"picked":"Caltrops","floor":13},{"not_picked":["Setup","Outmaneuver","Flechettes"],"picked":"SKIP","floor":13},{"not_picked":["Storm of Steel","Die Die Die"],"picked":"Adrenaline","floor":16},{"not_picked":["Blade Dance","Leg Sweep"],"picked":"Calculated Gamble","floor":18},{"not_picked":["Expertise","Calculated Gamble"],"picked":"Eviscerate+1","floor":18},{"not_picked":["Cloak And Dagger","Flying Knee"],"picked":"Setup+1","floor":19},{"not_picked":["Underhanded Strike","Blade Dance","Bane"],"picked":"SKIP","floor":19},{"not_picked":["Dagger Throw","Slice+1"],"picked":"After Image","floor":21},{"not_picked":["Backflip","Accuracy"],"picked":"Poisoned Stab+1","floor":21},{"not_picked":["Blade Dance","Catalyst"],"picked":"Heel Hook+1","floor":21},{"not_picked":["PiercingWail","Poisoned Stab"],"picked":"Escape Plan","floor":21},{"not_picked":["Cloak And Dagger","Leg Sweep"],"picked":"Acrobatics","floor":21},{"not_picked":["Blade Dance+1","Quick Slash"],"picked":"Deadly Poison","floor":22},{"not_picked":["Dagger Throw","Slice"],"picked":"Deadly Poison","floor":22},{"not_picked":["Sucker Punch","Well Laid Plans"],"picked":"Reflex","floor":24},{"not_picked":["Eviscerate","Dagger Throw"],"picked":"Dodge and Roll+1","floor":25},{"not_picked":["Outmaneuver","Flechettes","Caltrops"],"picked":"SKIP","floor":25},{"not_picked":["Flechettes","Bouncing Flask"],"picked":"Bullet Time","floor":28},{"not_picked":["Acrobatics","Riddle With Holes"],"picked":"Masterful Stab","floor":29},{"not_picked":["Riddle With Holes","Blade Dance","Finisher"],"picked":"SKIP","floor":29}],"player_experience":290001,"relics_obtained":[{"floor":8,"key":"Sundial"},{"floor":9,"key":"Prayer Wheel"},{"floor":20,"key":"Calipers"},{"floor":24,"key":"Snake Skull"},{"floor":26,"key":"Art of War"},{"floor":28,"key":"Gremlin Horn"}],"event_choices":[{"damage_healed":0,"gold_gain":75,"player_choice":"Gather Gold","damage_taken":11,"max_hp_gain":0,"max_hp_loss":0,"event_name":"World of Goop","floor":3,"gold_loss":0},{"damage_healed":0,"gold_gain":0,"player_choice":"Donut","damage_taken":0,"max_hp_gain":5,"max_hp_loss":0,"event_name":"Big Fish","floor":4,"gold_loss":0},{"damage_healed":0,"gold_gain":0,"cards_transformed":["Strike_G"],"player_choice":"Change","damage_taken":0,"max_hp_gain":0,"max_hp_loss":0,"event_name":"Living Wall","floor":14,"gold_loss":0,"cards_obtained":["Terror"]},{"damage_healed":0,"gold_gain":0,"player_choice":"Relic","damage_taken":0,"max_hp_gain":0,"max_hp_loss":0,"event_name":"Wheel of Change","floor":20,"gold_loss":0}],"is_beta":false,"boss_relics":[{"not_picked":["Fusion Hammer","Snecko Eye"],"picked":"Astrolabe"}],"items_purged_floors":[],"is_endless":false,"potions_floor_spawned":[2,5,10,11,18,19,28],"killed_by":"3 Cultists","ascension_level":15}}