{"host":"wy5pcbg592uilh9l","time":1609212582,"event":{"mods":["AchievementEnabler","BaseMod","BetterRewards","Hubris","Infinite Spire","Minty Spire (QoL Compilation)","Permanent Neow","Replay The Spire","StSLib","The Servant 0.9.4"],"gold_per_floor":[113,113,113,17,17,49,65,76,76,88,99,116,116,161,161,261,261,271,290,290,305,316,341,354,365,365,365,400,400,426,441,441,538,538,552,552,569,569,258,290,325,347,359,400,462,474,536,567,579,591],"floor_reached":51,"playtime":3881,"items_purged":[],"score":1342,"play_id":"a55f5a9e-ade5-4422-8314-e94b8de1dbc7","local_time":"20201228212942","is_ascension_mode":true,"campfire_choices":[{"data":"ForeignInfluence","floor":13,"key":"SMITH"},{"data":"Eruption","floor":15,"key":"SMITH"},{"data":"Wallop","floor":29,"key":"SMITH"},{"data":"DeusExMachina","floor":32,"key":"SMITH"},{"data":"infinitespire:TheBestDefense","floor":49,"key":"SMITH"}],"circlet_count":0,"master_deck":["Strike_P","Strike_P","Strike_P","Strike_P","Defend_P","Defend_P","Defend_P","Defend_P","Eruption+1","Vigilance","Tantrum","Replay:AllIn","Tantrum","Regret","FollowUp","ClearTheMind+1","CrushJoints","ForeignInfluence+1","FollowUp","Adaptation","Crescendo+1","DeusExMachina+1","CutThroughFate","FlyingSleeves","Wallop+1","FlyingSleeves+1","WheelKick+1","FlyingSleeves","EmptyMind","Ragnarok","BowlingBash","Scrawl","EmptyBody","infinitespire:TheBestDefense+1","Writhe","Transmutation+1","EmptyFist+1","Indignation+1","EmptyMind+1","ForeignInfluence","FlyingSleeves"],"relics":["PureWater","Strawberry","Toy Ornithopter","hubris:TenFootPole","Akabeko","hubris:Icosahedron","infinitespire:WardingShard","infinitespire:ShieldingShard","infinitespire:Bottled Soul","Anchor","Replay:Rubber Ducky","Black Star","ReplayTheSpireMod:TigerMarble","Orichalcum","Matryoshka","Darkstone Periapt","Lantern","Tiny Chest","infinitespire:Eraser","Philosopher\u0027s Stone","Golden Egg","HolyWater","hubris:ToyBattleship","MawBank","Juzu Bracelet","Gremlin Food","Art of War","Replay:Bottled Flurry","Mirror","Omamori","Replay:Kaleidoscope","FossilizedHelix","Incense Burner"],"acts_visited":["Exordium","TheCity","TheBeyond"],"potions_floor_usage":[10,11,14,14,16,16,23,30,30,33,44,45,50],"damage_taken":[{"damage":0,"enemies":"Small Slimes","floor":1,"turns":1},{"damage":0,"enemies":"Gremlin Nob","floor":6,"turns":2},{"damage":0,"enemies":"Jaw Worm","floor":7,"turns":1},{"damage":0,"enemies":"2 Louse","floor":8,"turns":1},{"damage":4,"enemies":"Exordium Thugs","floor":10,"turns":3},{"damage":0,"enemies":"Large Slime","floor":11,"turns":1},{"damage":0,"enemies":"3 Louse","floor":12,"turns":2},{"damage":13,"enemies":"3 Sentries","floor":14,"turns":3},{"damage":61,"enemies":"The Guardian","floor":16,"turns":5},{"damage":0,"enemies":"Shell Parasite","floor":18,"turns":1},{"damage":0,"enemies":"2 Thieves","floor":19,"turns":3},{"damage":1,"enemies":"Snake Plant","floor":21,"turns":4},{"damage":0,"enemies":"Sentry and Sphere","floor":22,"turns":2},{"damage":4,"enemies":"Book of Stabbing","floor":23,"turns":4},{"damage":0,"enemies":"3 Cultists","floor":24,"turns":3},{"damage":1,"enemies":"Snake Plant","floor":25,"turns":4},{"damage":7,"enemies":"Gremlin Leader","floor":28,"turns":3},{"damage":0,"enemies":"Slavers","floor":30,"turns":2},{"damage":1,"enemies":"Snecko","floor":31,"turns":3},{"damage":46,"enemies":"Champ","floor":33,"turns":5},{"damage":0,"enemies":"3 Shapes","floor":35,"turns":1},{"damage":0,"enemies":"Orb Walker","floor":37,"turns":1},{"damage":0,"enemies":"R_Hoarder","floor":40,"turns":5},{"damage":0,"enemies":"Sphere and 2 Shapes","floor":42,"turns":2},{"damage":0,"enemies":"Giant Head","floor":44,"turns":1},{"damage":0,"enemies":"2 Orb Walkers","floor":45,"turns":3},{"damage":0,"enemies":"Mind Bloom Boss Battle","floor":47,"turns":2},{"damage":0,"enemies":"Writhing Mass","floor":48,"turns":1},{"damage":0,"enemies":"Donu and Deca","floor":50,"turns":4}],"seed_played":"-2560763519698701875","potions_obtained":[{"floor":8,"key":"Explosive Potion"},{"floor":10,"key":"BottledMiracle"},{"floor":12,"key":"Explosive Potion"},{"floor":14,"key":"Block Potion"},{"floor":16,"key":"BottledMiracle"},{"floor":18,"key":"Block Potion"},{"floor":21,"key":"StancePotion"},{"floor":25,"key":"SpeedPotion"},{"floor":27,"key":"FearPotion"},{"floor":28,"key":"DuplicationPotion"},{"floor":40,"key":"SpeedPotion"},{"floor":42,"key":"BottledMiracle"},{"floor":45,"key":"Reflective Coating"}],"is_trial":false,"path_per_floor":["M","?","?","$","?","E","M","M","T","M","M","M","R","E","R","B",null,"M","M","?","M","M","E","M","M","T","?","E","R","E","M","R","B",null,"M","AVR","M","?","$","E","T","M","T","E","?","$","?","M","R","B",null],"character_chosen":"WATCHER","items_purchased":["Tantrum","Strawberry","Toy Ornithopter","hubris:TenFootPole","Akabeko","Adrenaline Potion","ColorlessPotion","hubris:ToyBattleship","Transmutation"],"campfire_rested":0,"item_purchase_floors":[0,0,0,0,0,4,4,39,39],"current_hp_per_floor":[58,58,58,58,58,58,58,58,58,59,64,64,64,61,61,10,79,79,79,79,78,78,76,76,75,75,75,68,68,78,77,77,36,79,79,79,79,85,85,85,85,85,85,85,85,85,85,85,85,85],"gold":603,"neow_bonus":"","is_daily":false,"chose_seed":false,"campfire_upgraded":5,"win_rate":0.0,"timestamp":1609212582,"path_taken":["M","?","?","$","?","E","M","?","T","M","M","M","R","E","R","BOSS","M","M","?","M","?","E","M","M","T","?","E","R","E","?","R","BOSS","M","AVR","?","?","$","E","?","M","T","E","?","?","?","M","R","BOSS"],"items_purchased_type":["Card","Relic","Relic","Relic","Relic","Potion","Potion","Relic","Card"],"build_version":"2020-12-22","purchased_purges":0,"victory":true,"max_hp_per_floor":[79,79,79,79,79,79,79,79,79,79,79,79,79,79,79,79,79,79,79,79,79,79,79,79,79,79,79,79,79,79,79,79,79,79,79,79,79,85,85,85,85,85,85,85,85,85,85,85,85,85],"card_choices":[{"not_picked":["Replay:BluntJabs","Replay:DivineShield"],"picked":"Tantrum","floor":1},{"not_picked":["ClearTheMind","Sanctity"],"picked":"FollowUp","floor":6},{"not_picked":["Evaluate","Replay:Anticipation"],"picked":"ClearTheMind","floor":7},{"not_picked":["Study","ForeignInfluence"],"picked":"CrushJoints","floor":8},{"not_picked":["Worship","Prostrate"],"picked":"ForeignInfluence","floor":10},{"not_picked":["JustLucky","Replay:BluntJabs"],"picked":"FollowUp","floor":11},{"not_picked":["DeceiveReality","Replay:ManipulateFuture"],"picked":"Adaptation","floor":12},{"not_picked":["FlyingSleeves","Replay:LoomingThreat"],"picked":"Crescendo","floor":14},{"not_picked":["SpiritShield","Establishment"],"picked":"DeusExMachina","floor":16},{"not_picked":["SashWhip+1","Replay:BluntJabs"],"picked":"CutThroughFate","floor":18},{"not_picked":["SashWhip","TalkToTheHand"],"picked":"FlyingSleeves","floor":19},{"not_picked":["Halt","Worship+1"],"picked":"Wallop","floor":21},{"not_picked":["JustLucky+1","Study"],"picked":"FlyingSleeves+1","floor":22},{"not_picked":["Sanctity","JustLucky"],"picked":"WheelKick+1","floor":23},{"not_picked":["SashWhip+1","Weave+1"],"picked":"FlyingSleeves","floor":24},{"not_picked":["Evaluate+1","Collect+1"],"picked":"EmptyMind","floor":25},{"not_picked":["Replay:DivineShield","Replay:BluntJabs"],"picked":"Ragnarok","floor":28},{"not_picked":["SandsOfTime","Replay:Anticipation"],"picked":"BowlingBash","floor":30},{"not_picked":["Fasting2","Replay:AtTheReady","Protect+1"],"picked":"SKIP","floor":31},{"not_picked":["Ragnarok","Wish"],"picked":"Scrawl","floor":33},{"not_picked":["Halt","BowlingBash+1"],"picked":"EmptyBody","floor":35},{"not_picked":["ClearTheMind+1","FollowUp","Protect"],"picked":"SKIP","floor":37},{"not_picked":["Vault","Replay:DivineShield"],"picked":"EmptyFist+1","floor":40},{"not_picked":["Replay:BluntJabs+1","FearNoEvil+1"],"picked":"Indignation+1","floor":42},{"not_picked":["Nirvana+1","TalkToTheHand"],"picked":"EmptyMind+1","floor":44},{"not_picked":["WreathOfFlame+1","WindmillStrike+1"],"picked":"ForeignInfluence","floor":45},{"not_picked":["Collect","ClearTheMind+1"],"picked":"FlyingSleeves","floor":47},{"not_picked":["FollowUp+1","Crescendo","EmptyFist"],"picked":"SKIP","floor":48}],"player_experience":179597,"relics_obtained":[{"floor":5,"key":"infinitespire:ShieldingShard"},{"floor":6,"key":"infinitespire:Bottled Soul"},{"floor":9,"key":"Anchor"},{"floor":14,"key":"Replay:Rubber Ducky"},{"floor":23,"key":"ReplayTheSpireMod:TigerMarble"},{"floor":23,"key":"Orichalcum"},{"floor":26,"key":"Matryoshka"},{"floor":28,"key":"Darkstone Periapt"},{"floor":28,"key":"Lantern"},{"floor":30,"key":"Tiny Chest"},{"floor":30,"key":"infinitespire:Eraser"},{"floor":40,"key":"MawBank"},{"floor":40,"key":"Juzu Bracelet"},{"floor":41,"key":"Gremlin Food"},{"floor":41,"key":"Art of War"},{"floor":43,"key":"Replay:Bottled Flurry"},{"floor":43,"key":"Mirror"},{"floor":44,"key":"Omamori"},{"floor":44,"key":"Replay:Kaleidoscope"},{"floor":45,"key":"FossilizedHelix"},{"floor":47,"key":"Incense Burner"}],"event_choices":[{"damage_healed":0,"gold_gain":0,"player_choice":"Box","damage_taken":0,"relics_obtained":["infinitespire:WardingShard"],"max_hp_gain":0,"max_hp_loss":0,"event_name":"Big Fish","floor":3,"gold_loss":0,"cards_obtained":["Regret"]},{"damage_healed":0,"gold_gain":0,"player_choice":"Upgraded","damage_taken":0,"max_hp_gain":0,"max_hp_loss":0,"event_name":"Upgrade Shrine","floor":20,"gold_loss":0,"cards_upgraded":["Crescendo"]},{"damage_healed":0,"gold_gain":0,"player_choice":"Got Potions","damage_taken":0,"max_hp_gain":0,"max_hp_loss":0,"event_name":"Lab","floor":27,"gold_loss":0},{"damage_healed":20,"gold_gain":0,"player_choice":"Writhe","damage_taken":0,"max_hp_gain":0,"max_hp_loss":0,"event_name":"Winding Halls","floor":38,"gold_loss":0,"cards_obtained":["Writhe"]},{"damage_healed":0,"gold_gain":0,"player_choice":"Fight","damage_taken":0,"max_hp_gain":0,"max_hp_loss":0,"event_name":"Mysterious Sphere","floor":45,"gold_loss":0},{"damage_healed":0,"gold_gain":0,"player_choice":"Fight","damage_taken":0,"max_hp_gain":0,"max_hp_loss":0,"event_name":"MindBloom","floor":47,"gold_loss":0}],"is_beta":false,"boss_relics":[{"not_picked":["infinitespire:Cupcake","hubris:VirtuousBlindfold"],"picked":"Black Star"},{"not_picked":["Velvet Choker","Honey Jar"],"picked":"Philosopher\u0027s Stone"}],"items_purged_floors":[],"is_endless":false,"potions_floor_spawned":[8,10,12,14,16,18,21,22,25,28,40,42,45],"ascension_level":2}}