{"host":"am0cr9xwekqmrere","time":1609231404,"event":{"mods":["AchievementEnabler","Act Like it!","BaseMod","Better Altar","Better Match","Better Note","Better Sensory Stone","Better Skull","Better Third Choice","BetterRewards","Conspire","Hubris","Infinite Spire","Minty Spire (QoL Compilation)","Rare Cards Sparkle","Spicy Shops","StSLib","The Marked","Unceasing Turn Reminder"],"gold_per_floor":[113,66,66,86,96,122,122,151,174,20,20,20,35,50,50,155,155,166,166,177,3,3,3,3,3,27,27,41,70,70,70],"floor_reached":30,"playtime":870,"items_purged":["infinitespire:SevenWalls+1"],"score":361,"play_id":"06c54789-ae3a-4eb6-b75a-e55331734712","local_time":"20201229024324","is_ascension_mode":false,"campfire_choices":[{"floor":7,"key":"REST"},{"floor":12,"key":"REST"},{"floor":15,"key":"REST"},{"floor":23,"key":"REST"},{"floor":25,"key":"REST"},{"data":"Mind Blast","floor":27,"key":"SMITH"}],"circlet_count":0,"master_deck":["infinitespire:SevenWalls+1","theMarked:Strike","theMarked:Strike","theMarked:Strike","theMarked:Strike","theMarked:Strike","theMarked:Defend","theMarked:Defend","theMarked:Defend","theMarked:Defend","theMarked:SoldierOfQuellstein","theMarked:ComboAttacks","Mind Blast+1","theMarked:BanishingStrike","theMarked:EmpowerWeapon","theMarked:BanishingStrike","theMarked:RogueSparks","theMarked:EmpowerWeapon","theMarked:TurnInvisible","theMarked:SuspiciousRaven","theMarked:HeightenedSenses","theMarked:TurnInvisible"],"relics":["theMarked:ArtifactOfAir","hubris:TenFootPole","Singing Bowl","Sundial","Vajra","OrangePellets","conspire:RoyalGoblet","Medical Kit","conspire:GiftBox","Red Mask"],"acts_visited":["Exordium","TheCity"],"potions_floor_usage":[8,13,16,18,21,22,22],"damage_taken":[{"damage":6,"enemies":"Jaw Worm","floor":1,"turns":4},{"damage":0,"enemies":"Cultist","floor":4,"turns":3},{"damage":0,"enemies":"2 Louse","floor":5,"turns":2},{"damage":2,"enemies":"Gremlin Nob","floor":6,"turns":4},{"damage":27,"enemies":"3 Sentries","floor":8,"turns":7},{"damage":7,"enemies":"Exordium Wildlife","floor":13,"turns":4},{"damage":32,"enemies":"Exordium Thugs","floor":14,"turns":4},{"damage":6,"enemies":"Hexaghost","floor":16,"turns":7},{"damage":41,"enemies":"3 Byrds","floor":18,"turns":6},{"damage":16,"enemies":"Chosen","floor":20,"turns":5},{"damage":0,"enemies":"conspire:MimicChest","floor":22,"turns":2},{"damage":25,"enemies":"Snecko","floor":28,"turns":5},{"damage":36,"enemies":"Masked Bandits","floor":29,"turns":5},{"damage":23,"enemies":"Chosen and Byrds","floor":30,"turns":6}],"seed_played":"-2126700192229132685","potions_obtained":[{"floor":1,"key":"Strength Potion"},{"floor":8,"key":"EssenceOfSteel"},{"floor":13,"key":"Strength Potion"},{"floor":14,"key":"Strength Potion"},{"floor":16,"key":"SmokeBomb"},{"floor":18,"key":"Energy Potion"}],"is_trial":false,"path_per_floor":["M","$","?","M","M","E","R","E","T","$","?","R","M","M","R","B",null,"M","?","M","$","?","R","AVR","R","T","R","M","?","M"],"character_chosen":"THE_DEFAULT","items_purchased":["theMarked:ComboAttacks","hubris:TenFootPole","Mind Blast","theMarked:EmpowerWeapon","OrangePellets","Medical Kit","Fruit Juice"],"campfire_rested":5,"item_purchase_floors":[0,0,0,2,10,21,21],"current_hp_per_floor":[51,51,48,48,48,48,69,44,44,44,44,66,59,27,49,43,74,33,33,19,24,24,48,48,72,72,72,49,15,0,0],"gold":70,"neow_bonus":"","is_daily":false,"chose_seed":false,"campfire_upgraded":1,"win_rate":0.0,"timestamp":1609231404,"path_taken":["M","$","?","M","M","E","R","E","T","?","?","R","M","?","R","BOSS","M","?","?","$","?","R","AVR","R","T","R","M","?","M"],"items_purchased_type":["Card","Relic","Card","Card","Relic","Relic","Potion"],"build_version":"2020-12-22","purchased_purges":1,"victory":false,"max_hp_per_floor":[70,70,70,70,70,72,72,74,74,74,74,74,74,74,74,74,74,74,74,76,81,81,81,81,81,81,81,83,85,85,85],"card_choices":[{"not_picked":["theMarked:Panic","theMarked:LightningStrikesTwice"],"picked":"theMarked:BanishingStrike","floor":1},{"not_picked":["theMarked:TwofoldDefense","theMarked:TakeCover"],"picked":"theMarked:BanishingStrike","floor":4},{"not_picked":["theMarked:ElectricStrings","theMarked:ChainLightning"],"picked":"theMarked:RogueSparks","floor":5},{"not_picked":["theMarked:ChainLightning","theMarked:Reabsorb","theMarked:Seal"],"picked":"Singing Bowl","floor":6},{"not_picked":["theMarked:WastefulDefense","theMarked:EnhancedHearing","theMarked:ReduceFriction"],"picked":"Singing Bowl","floor":8},{"not_picked":["theMarked:HeightenedSenses","theMarked:Frustration"],"picked":"theMarked:EmpowerWeapon","floor":13},{"not_picked":["theMarked:HeightenedSenses","theMarked:Electrocute"],"picked":"theMarked:TurnInvisible","floor":14},{"not_picked":["theMarked:FavorableWinds","theMarked:Snap"],"picked":"theMarked:SuspiciousRaven","floor":16},{"not_picked":["theMarked:Frustration","theMarked:Electrocute"],"picked":"theMarked:HeightenedSenses","floor":18},{"not_picked":["theMarked:Aftermath+1","theMarked:Electrify","theMarked:Static"],"picked":"Singing Bowl","floor":20},{"not_picked":["theMarked:Levitate+1","theMarked:FavorableWinds"],"picked":"theMarked:TurnInvisible","floor":24},{"not_picked":["theMarked:HeightenedSenses+1","theMarked:BanishingStrike+1","theMarked:WastefulAttack+1"],"picked":"Singing Bowl","floor":28},{"not_picked":["theMarked:Electrocute","theMarked:Parkour","theMarked:EmpowerWeapon+1"],"picked":"Singing Bowl","floor":29}],"player_experience":2532399,"relics_obtained":[{"floor":6,"key":"Singing Bowl"},{"floor":8,"key":"Sundial"},{"floor":9,"key":"Vajra"},{"floor":29,"key":"Red Mask"}],"event_choices":[{"damage_healed":0,"gold_gain":0,"player_choice":"Damaged","damage_taken":7,"max_hp_gain":0,"max_hp_loss":0,"event_name":"Wheel of Change","floor":3,"gold_loss":0},{"cards_removed":["infinitespire:SevenWalls"],"damage_healed":0,"gold_gain":0,"player_choice":"Give","damage_taken":0,"max_hp_gain":0,"max_hp_loss":0,"event_name":"betterNote:BetterNote","floor":19,"gold_loss":0,"cards_obtained":["None"]},{"damage_healed":0,"gold_gain":0,"player_choice":"Fought Bandits","damage_taken":0,"max_hp_gain":0,"max_hp_loss":0,"event_name":"Masked Bandits","floor":29,"gold_loss":0}],"is_beta":false,"boss_relics":[{"not_picked":["Ectoplasm","Fusion Hammer"],"picked":"conspire:RoyalGoblet"}],"items_purged_floors":[0],"is_endless":false,"potions_floor_spawned":[1,8,13,14,16,18,22],"killed_by":"Chosen and Byrds","ascension_level":0}}