{"host":"pfy6u49v5s5r680p","time":1609205476,"event":{"mods":["BaseMod","Colored Map","DeckTracker","Highlight Path","Keyboard Shortcuts","Minty Spire (QoL Compilation)","Permanent Neow","Quick Restart","StSLib","SuperFastMode","everything is the same but u backflip on backflip"],"gold_per_floor":[114,131,146,158,178,191,266,266,266,266,266,281,306,44,44,149,149,164,64,74,93,110,110,128,48,48,48,78,90,90,110,110,213,213,231,26,76,94,94,128,128,143,143,143,155,155,184,196,196,196],"floor_reached":51,"playtime":8448,"items_purged":["Strike_R","Strike_R","Strike_R"],"score":916,"play_id":"434c883d-e0e3-411e-b3fb-39853eed1b81","local_time":"20201229103116","is_ascension_mode":true,"campfire_choices":[{"data":"Armaments","floor":8.0,"key":"SMITH"},{"data":"Power Through","floor":11.0,"key":"SMITH"},{"data":"Body Slam","floor":15.0,"key":"SMITH"},{"data":"Second Wind","floor":23.0,"key":"SMITH"},{"data":"Dark Embrace","floor":27.0,"key":"SMITH"},{"data":"Sentinel","floor":30.0,"key":"SMITH"},{"data":"Pommel Strike","floor":32.0,"key":"SMITH"},{"data":"Strike_R","floor":41.0,"key":"PURGE"},{"data":"Limit Break","floor":46.0,"key":"SMITH"},{"data":"Offering","floor":49.0,"key":"SMITH"}],"circlet_count":0,"master_deck":["Strike_R","Defend_R","Defend_R","Defend_R","Defend_R","Bash+1","Shrug It Off","Pommel Strike+1","Armaments+1","Headbutt","Power Through+1","Flex","Body Slam+1","Offering+1","Second Wind+1","Immolate","Dropkick","Battle Trance","Flex+1","Warcry+1","Dark Embrace+1","Sentinel+1","Limit Break+1","Burning Pact","Corruption+1","Armaments+1","Feel No Pain+1","Shrug It Off+1"],"relics":["Burning Blood","Ornamental Fan","Self Forming Clay","Vajra","Toolbox","Philosopher\u0027s Stone","Shuriken","Darkstone Periapt","SlaversCollar","Peace Pipe","Frozen Egg 2","White Beast Statue","Question Card"],"acts_visited":["Exordium","TheCity","TheBeyond"],"potions_floor_usage":[],"damage_taken":[{"damage":3.0,"enemies":"Jaw Worm","floor":1.0,"turns":6.0},{"damage":1.0,"enemies":"Cultist","floor":2.0,"turns":3.0},{"damage":2.0,"enemies":"2 Louse","floor":3.0,"turns":3.0},{"damage":37.0,"enemies":"Lots of Slimes","floor":4.0,"turns":6.0},{"damage":9.0,"enemies":"Exordium Wildlife","floor":5.0,"turns":5.0},{"damage":9.0,"enemies":"Red Slaver","floor":6.0,"turns":4.0},{"damage":0.0,"enemies":"Blue Slaver","floor":12.0,"turns":3.0},{"damage":0.0,"enemies":"Gremlin Nob","floor":13.0,"turns":2.0},{"damage":19.0,"enemies":"Slime Boss","floor":16.0,"turns":10.0},{"damage":6.0,"enemies":"Spheric Guardian","floor":18.0,"turns":1.0},{"damage":6.0,"enemies":"2 Thieves","floor":20.0,"turns":2.0},{"damage":6.0,"enemies":"Centurion and Healer","floor":21.0,"turns":5.0},{"damage":6.0,"enemies":"Cultist and Chosen","floor":22.0,"turns":3.0},{"damage":6.0,"enemies":"3 Cultists","floor":24.0,"turns":2.0},{"damage":6.0,"enemies":"Book of Stabbing","floor":28.0,"turns":3.0},{"damage":13.0,"enemies":"Snake Plant","floor":29.0,"turns":4.0},{"damage":6.0,"enemies":"Centurion and Healer","floor":31.0,"turns":4.0},{"damage":72.0,"enemies":"Automaton","floor":33.0,"turns":12.0},{"damage":18.0,"enemies":"3 Darklings","floor":35.0,"turns":4.0},{"damage":10.0,"enemies":"Mind Bloom Boss Battle","floor":37.0,"turns":6.0},{"damage":6.0,"enemies":"Orb Walker","floor":38.0,"turns":2.0},{"damage":6.0,"enemies":"Reptomancer","floor":40.0,"turns":2.0},{"damage":6.0,"enemies":"Transient","floor":42.0,"turns":5.0},{"damage":17.0,"enemies":"Jaw Worm Horde","floor":45.0,"turns":2.0},{"damage":6.0,"enemies":"Giant Head","floor":47.0,"turns":5.0},{"damage":10.0,"enemies":"3 Darklings","floor":48.0,"turns":2.0},{"damage":18,"enemies":"Donu and Deca","floor":50,"turns":4}],"seed_played":"-5232445273445087411","potions_obtained":[{"floor":2.0,"key":"DistilledChaos"},{"floor":5.0,"key":"SteroidPotion"},{"floor":6.0,"key":"FearPotion"},{"floor":21.0,"key":"Swift Potion"},{"floor":31.0,"key":"GamblersBrew"},{"floor":38.0,"key":"PowerPotion"},{"floor":45.0,"key":"AttackPotion"},{"floor":47.0,"key":"SkillPotion"},{"floor":48.0,"key":"Ancient Potion"}],"is_trial":false,"path_per_floor":["M","M","M","M","M","M","?","R","T","T","R","M","E","$","R","B",null,"M","$","M","M","M","R","M","$","T","R","E","M","R","M","R","B",null,"M","$","?","M","?","E","R","M","T","$","M","R","E","M","R","B",null],"character_chosen":"IRONCLAD","items_purchased":["Second Wind","Toolbox","Dark Embrace","Burning Pact"],"campfire_rested":0,"item_purchase_floors":[14,14,25,36],"current_hp_per_floor":[80,80,80,49,46,43,32,32,32,32,32,38,44,44,44,31,80,80,80,80,80,80,80,80,80,80,80,80,73,73,73,73,7,80,68,68,64,64,64,64,64,64,64,64,53,53,53,49,49,37],"gold":196,"neow_bonus":"UPGRADE_CARD","is_daily":false,"chose_seed":false,"campfire_upgraded":9,"win_rate":0.0,"timestamp":1609205476,"path_taken":["M","M","M","M","M","M","?","R","T","?","R","M","E","$","R","BOSS","M","$","M","M","M","R","M","$","T","R","E","?","R","M","R","BOSS","BOSS","M","$","?","M","?","E","R","M","T","$","M","R","E","M","R","BOSS"],"items_purchased_type":["Card","Relic","Card","Card"],"build_version":"2020-12-22","purchased_purges":3,"victory":true,"max_hp_per_floor":[80,80,80,80,80,80,80,80,80,80,80,80,80,80,80,80,80,80,80,80,80,80,80,80,80,80,80,80,80,80,80,80,80,80,80,80,80,80,80,80,80,80,80,80,80,80,80,80,80,80],"card_choices":[{"not_picked":["Havoc","Clothesline"],"picked":"Shrug It Off","floor":1.0},{"not_picked":["Entrench","Intimidate"],"picked":"Pommel Strike","floor":2.0},{"not_picked":["Warcry","Heavy Blade"],"picked":"Armaments","floor":3.0},{"not_picked":["Havoc","Shrug It Off"],"picked":"Headbutt","floor":4.0},{"not_picked":["Disarm","Iron Wave"],"picked":"Power Through","floor":5.0},{"not_picked":["Double Tap","Armaments"],"picked":"Flex","floor":6.0},{"not_picked":["Flame Barrier","Perfected Strike"],"picked":"Body Slam","floor":12.0},{"not_picked":["Heavy Blade","Anger"],"picked":"Offering","floor":13.0},{"not_picked":["Corruption","Demon Form"],"picked":"Immolate","floor":16.0},{"not_picked":["Evolve","Second Wind"],"picked":"Dropkick","floor":18.0},{"not_picked":["Flex","Armaments+1","Infernal Blade"],"picked":"SKIP","floor":20.0},{"not_picked":["Bloodletting","Uppercut"],"picked":"Battle Trance","floor":21.0},{"not_picked":["Thunderclap","Twin Strike"],"picked":"Flex+1","floor":22.0},{"not_picked":["Combust","Flame Barrier+1"],"picked":"Warcry+1","floor":24.0},{"not_picked":["Anger","Twin Strike+1","Pommel Strike"],"picked":"SKIP","floor":28.0},{"not_picked":["Carnage","Disarm"],"picked":"Sentinel","floor":29.0},{"not_picked":["Wild Strike","Uppercut","Ghostly Armor"],"picked":"SKIP","floor":31.0},{"not_picked":["Bludgeon","Feed"],"picked":"Limit Break","floor":33.0},{"not_picked":["Perfected Strike+1","Power Through","Clash+1"],"picked":"SKIP","floor":35.0},{"not_picked":["Power Through+1","Carnage","Warcry"],"picked":"SKIP","floor":38.0},{"not_picked":["Clothesline","Sword Boomerang+1"],"picked":"Corruption+1","floor":40.0},{"not_picked":["Headbutt","Pommel Strike","Perfected Strike"],"picked":"SKIP","floor":42.0},{"not_picked":["Perfected Strike","Pommel Strike"],"picked":"Armaments+1","floor":45.0},{"not_picked":["Sentinel+1","Anger"],"picked":"Feel No Pain+1","floor":47.0},{"not_picked":["Combust+1","Heavy Blade","Reckless Charge"],"picked":"Shrug It Off+1","floor":48.0}],"player_experience":34971,"relics_obtained":[{"floor":9.0,"key":"Ornamental Fan"},{"floor":10.0,"key":"Self Forming Clay"},{"floor":13.0,"key":"Vajra"},{"floor":26.0,"key":"Shuriken"},{"floor":28.0,"key":"Darkstone Periapt"},{"floor":37.0,"key":"Peace Pipe"},{"floor":40.0,"key":"Frozen Egg 2"},{"floor":43.0,"key":"White Beast Statue"},{"floor":47.0,"key":"Question Card"}],"event_choices":[{"damage_healed":0.0,"max_hp_gain":0.0,"max_hp_loss":0.0,"gold_gain":75.0,"event_name":"World of Goop","player_choice":"Gather Gold","floor":7.0,"gold_loss":0.0,"damage_taken":11.0},{"damage_healed":0.0,"max_hp_gain":0.0,"max_hp_loss":0.0,"gold_gain":0.0,"event_name":"MindBloom","player_choice":"Fight","floor":37.0,"gold_loss":0.0,"damage_taken":0.0},{"damage_healed":0.0,"max_hp_gain":0.0,"max_hp_loss":0.0,"gold_gain":0.0,"event_name":"SensoryStone","player_choice":"Memory 1","floor":39.0,"gold_loss":0.0,"damage_taken":0.0}],"is_beta":false,"boss_relics":[{"not_picked":["Tiny House","Coffee Dripper"],"picked":"Philosopher\u0027s Stone"},{"not_picked":["Calling Bell","Runic Dome"],"picked":"SlaversCollar"}],"items_purged_floors":[14,19,36],"is_endless":false,"potions_floor_spawned":[2,5,6,12,21,29,31,38,45,47,48],"ascension_level":2}}