{"host":"gttgmv2wah99hzdm","time":1609205760,"event":{"mods":["AchievementEnabler","BaseMod","Bestiary","Block Reminder","Filter the Spire","Minty Spire (QoL Compilation)","Permanent Neow","Random Character Button","Relic Stats","ojb\u0027s Better Paths Mod","ojb\u0027s Info Mod"],"gold_per_floor":[110,129,140,140,157,186,186,225,225,18,18,52,52,52,52,138,138,181,181,231,231,231],"floor_reached":21,"playtime":3214,"items_purged":[],"score":390,"play_id":"04e9de0d-9f1a-497a-b8fa-ce45ff0da0b6","local_time":"20201228193600","is_ascension_mode":true,"campfire_choices":[{"data":"TalkToTheHand","floor":7.0,"key":"SMITH"},{"floor":15.0,"key":"REST"}],"circlet_count":0,"master_deck":["AscendersBane","Strike_P","Strike_P","Strike_P","Defend_P","Defend_P","Defend_P","Defend_P","Eruption","Vigilance","SashWhip","ClearTheMind","Adaptation","TalkToTheHand+1","MentalFortress+1","Consecrate+1","Vengeance+1","InnerPeace","BowlingBash","BattleHymn+1","LessonLearned","Wish"],"relics":["Runic Dome","Frozen Egg 2","CeramicFish","Shuriken","Orrery","Ornamental Fan","Velvet Choker","Nilry\u0027s Codex"],"acts_visited":["Exordium","TheCity"],"potions_floor_usage":[21,21],"damage_taken":[{"damage":8.0,"enemies":"2 Louse","floor":1.0,"turns":3.0},{"damage":0.0,"enemies":"Jaw Worm","floor":2.0,"turns":4.0},{"damage":0.0,"enemies":"Small Slimes","floor":3.0,"turns":2.0},{"damage":0.0,"enemies":"Blue Slaver","floor":5.0,"turns":5.0},{"damage":11.0,"enemies":"Lagavulin","floor":6.0,"turns":6.0},{"damage":12.0,"enemies":"Gremlin Nob","floor":8.0,"turns":4.0},{"damage":10.0,"enemies":"3 Sentries","floor":12.0,"turns":4.0},{"damage":31.0,"enemies":"The Guardian","floor":16.0,"turns":8.0},{"damage":24.0,"enemies":"Shell Parasite","floor":18.0,"turns":5.0},{"damage":11,"enemies":"Masked Bandits","floor":21,"turns":3}],"seed_played":"9035580343014328863","potions_obtained":[{"floor":2.0,"key":"LiquidMemories"},{"floor":5.0,"key":"GamblersBrew"},{"floor":12.0,"key":"SteroidPotion"}],"is_trial":false,"path_per_floor":["M","M","M","?","M","E","R","E","T","$","?","E","?","?","R","B",null,"M","?","?","?"],"character_chosen":"WATCHER","items_purchased":["Orrery","BattleHymn+1"],"campfire_rested":1,"item_purchase_floors":[10,10],"current_hp_per_floor":[53,53,53,53,53,42,42,30,30,30,23,13,13,13,33,2,52,28,7,7,0,0],"gold":231,"neow_bonus":"BOSS_RELIC","is_daily":false,"chose_seed":false,"campfire_upgraded":1,"win_rate":0.0,"timestamp":1609205760,"path_taken":["M","M","M","?","M","E","R","E","T","$","?","E","?","?","R","BOSS","M","?","?","?"],"items_purchased_type":["Relic","Card"],"build_version":"2020-12-22","purchased_purges":0,"victory":false,"max_hp_per_floor":[68,68,68,68,68,68,68,68,68,68,68,68,68,68,68,68,68,68,68,68,68,68],"relic_stats":{"counters":[10,44],"Shuriken":[8],"Ornamental Fan":[24],"CeramicFish":63,"obtain_stats":[{"Runic Dome":0,"Shuriken":9,"Ornamental Fan":12,"Nilry\u0027s Codex":19,"CeramicFish":8,"Orrery":10,"Velvet Choker":17,"PureWater":0,"Frozen Egg 2":6},{"Runic Dome":0,"Shuriken":6,"Ornamental Fan":7,"Nilry\u0027s Codex":9,"CeramicFish":6,"Orrery":6,"Velvet Choker":8,"PureWater":0,"Frozen Egg 2":5},{"Runic Dome":0,"Shuriken":24,"Ornamental Fan":28,"Nilry\u0027s Codex":41,"CeramicFish":24,"Orrery":24,"Velvet Choker":36,"PureWater":0,"Frozen Egg 2":20}]},"card_choices":[{"not_picked":["Crescendo","FollowUp"],"picked":"SashWhip","floor":1.0},{"not_picked":["Prostrate","Nirvana"],"picked":"ClearTheMind","floor":2.0},{"not_picked":["FlurryOfBlows","PathToVictory"],"picked":"Adaptation","floor":3.0},{"not_picked":["FlyingSleeves","FlurryOfBlows"],"picked":"TalkToTheHand","floor":5.0},{"not_picked":["Evaluate","Study+1"],"picked":"MentalFortress+1","floor":6.0},{"not_picked":["Protect","Worship"],"picked":"Consecrate","floor":8.0},{"not_picked":["Consecrate","EmptyBody"],"picked":"Vengeance","floor":10.0},{"not_picked":["ForeignInfluence","Prostrate"],"picked":"InnerPeace","floor":10.0},{"not_picked":["Devotion+1","FollowUp"],"picked":"BowlingBash","floor":10.0},{"not_picked":["Halt","LikeWater+1"],"picked":"LessonLearned","floor":12.0},{"not_picked":["Devotion+1","LessonLearned"],"picked":"Wish","floor":16.0},{"not_picked":["Consecrate","Evaluate","Adaptation+1"],"picked":"SKIP","floor":18.0}],"player_experience":1033344,"relics_obtained":[{"floor":6.0,"key":"Frozen Egg 2"},{"floor":8.0,"key":"CeramicFish"},{"floor":9.0,"key":"Shuriken"},{"floor":12.0,"key":"Ornamental Fan"},{"floor":19.0,"key":"Nilry\u0027s Codex"}],"event_choices":[{"damage_healed":0.0,"max_hp_gain":0.0,"max_hp_loss":0.0,"gold_gain":0.0,"event_name":"Liars Game","player_choice":"Ignored","floor":4.0,"gold_loss":0.0,"damage_taken":0.0},{"cards_removed":["Strike_P"],"damage_healed":0.0,"max_hp_gain":0.0,"max_hp_loss":0.0,"gold_gain":0.0,"event_name":"Golden Wing","player_choice":"Card Removal","floor":11.0,"gold_loss":0.0,"damage_taken":7.0},{"damage_healed":0.0,"max_hp_gain":0.0,"max_hp_loss":0.0,"gold_gain":0.0,"event_name":"Dead Adventurer","player_choice":"Searched \u00270\u0027 times","floor":13.0,"gold_loss":0.0,"damage_taken":0.0},{"damage_healed":0.0,"max_hp_gain":0.0,"max_hp_loss":0.0,"gold_gain":0.0,"event_name":"Living Wall","player_choice":"Grow","floor":14.0,"gold_loss":0.0,"damage_taken":0.0,"cards_upgraded":["Consecrate"]},{"damage_healed":0.0,"max_hp_gain":0.0,"max_hp_loss":0.0,"gold_gain":0.0,"event_name":"Cursed Tome","player_choice":"Obtained Book","floor":19.0,"gold_loss":0.0,"damage_taken":21.0},{"damage_healed":0.0,"max_hp_gain":0.0,"max_hp_loss":0.0,"gold_gain":50.0,"event_name":"Nest","player_choice":"Stole From Cult","floor":20.0,"gold_loss":0.0,"damage_taken":0.0},{"damage_healed":0,"gold_gain":0,"player_choice":"Fought Bandits","damage_taken":0,"max_hp_gain":0,"max_hp_loss":0,"event_name":"Masked Bandits","floor":21,"gold_loss":0}],"is_beta":false,"boss_relics":[{"not_picked":["Ectoplasm","Calling Bell"],"picked":"Velvet Choker"}],"items_purged_floors":[],"is_endless":false,"potions_floor_spawned":[2,5,12,16],"killed_by":"Masked Bandits","ascension_level":20}}