{"host":"bml70fe7e9psmjtp","time":1609252469,"event":{"mods":["2.2 Compatiblity","Arknights The Spire","BaseMod","BetterRewards","Colored Map","DeckTracker","Minty Spire (QoL Compilation)","StSLib","SuperFastMode"],"gold_per_floor":[131,131,131,157,6,6,77,77,163,163,216,283,15,15,15,159,8000,8035,8079,8103,7841,7841,7910,7939,7939,8005,7564,7564,7621,7661,7696,7696,7831,7831,7859,7859,7892,7802,7296,7346,7346,7415,7415,7444,7468,7468,7496,7611,7611,7611,7611,7611,7144,7211,7211],"floor_reached":56,"playtime":2854,"items_purged":["ats:Strike G","ats:Strike V","ats:Strike S","ats:Armor Crushing Shot","ats:Explosion Area Strengthen","ats:Dogmatic Field+1","ats:Closed Bolt Burst Fire","ats:Defend"],"score":1424,"play_id":"fd1b3499-3347-455a-8d53-0d261be017c7","local_time":"20201229233429","is_ascension_mode":false,"campfire_choices":[{"data":"Enlightenment","floor":6,"key":"SMITH"},{"floor":8,"key":"DIG"},{"data":"ats:Emotion Absorption","floor":10,"key":"SMITH"},{"data":"ats:Dogmatic Field","floor":15,"key":"SMITH"},{"data":"ats:Shadow Raid","floor":25,"key":"SMITH"},{"floor":28,"key":"RECALL"},{"data":"Panacea","floor":32,"key":"SMITH"},{"data":"Discovery","floor":41,"key":"SMITH"},{"data":"ats:Composite Medical Shells","floor":49,"key":"SMITH"},{"floor":52,"key":"DIG"}],"circlet_count":0,"master_deck":["ats:Emotion Absorption+1","Enlightenment+1","ats:Dogmatic Field+1","ats:Shell Defense","ats:Hook Shot","ats:Thorns+1","ats:Beaten Up","ats:Composite Medical Shells+1","Panacea+1","ats:Shadow Raid+1","Secret Technique","ats:Rat Pack","Discovery+1","ats:Shell Defense+1","Master of Strategy","Deep Breath","ats:Composite Medical Shells"],"relics":["ats:Sanity","Calipers","Membership Card","Toy Ornithopter","Ice Cream","ats:Hidden Killer","ClockworkSouvenir","HornCleat","ats:Gyao","ats:Support","Singing Bowl","Shovel","CeramicFish","Boot","ats:Originium","Orichalcum","Lantern","White Beast Statue","Ornamental Fan","Happy Flower","Nunchaku","Coffee Dripper","Mummified Hand","Ancient Tea Set","Art of War","Potion Belt","ats:Attack","Centennial Puzzle","Bag of Marbles","Empty Cage","ats:Snipe","Turnip","Incense Burner","Ginger","Sundial","Bird Faced Urn","Blue Candle","Toolbox","Bag of Preparation","StoneCalendar","Shuriken"],"acts_visited":["Exordium","TheCity","TheBeyond","TheEnding"],"potions_floor_usage":[7,7,23,33,33,40,40,50,55,55,55,55,55],"damage_taken":[{"damage":0,"enemies":"2 Louse","floor":1,"turns":2},{"damage":7,"enemies":"Small Slimes","floor":4,"turns":3},{"damage":51,"enemies":"Gremlin Nob","floor":7,"turns":4},{"damage":2,"enemies":"Cultist","floor":11,"turns":4},{"damage":54,"enemies":"Lagavulin","floor":12,"turns":8},{"damage":63,"enemies":"Hexaghost","floor":16,"turns":9},{"damage":0,"enemies":"Chosen","floor":18,"turns":4},{"damage":5,"enemies":"2 Thieves","floor":19,"turns":4},{"damage":0,"enemies":"Gremlin Leader","floor":23,"turns":3},{"damage":7,"enemies":"Cultist and Chosen","floor":24,"turns":4},{"damage":0,"enemies":"Snake Plant","floor":29,"turns":3},{"damage":26,"enemies":"Book of Stabbing","floor":30,"turns":5},{"damage":0,"enemies":"Centurion and Healer","floor":31,"turns":4},{"damage":11,"enemies":"Collector","floor":33,"turns":7},{"damage":3,"enemies":"3 Shapes","floor":35,"turns":2},{"damage":0,"enemies":"3 Darklings","floor":37,"turns":2},{"damage":0,"enemies":"Nemesis","floor":40,"turns":3},{"damage":0,"enemies":"Reptomancer","floor":42,"turns":4},{"damage":0,"enemies":"Sphere and 2 Shapes","floor":44,"turns":2},{"damage":0,"enemies":"Maw","floor":47,"turns":4},{"damage":7,"enemies":"Time Eater","floor":50,"turns":8},{"damage":0,"enemies":"Shield and Spear","floor":54,"turns":2},{"damage":17,"enemies":"The Heart","floor":55,"turns":6}],"seed_played":"3469779012908767832","potions_obtained":[{"floor":11,"key":"FearPotion"},{"floor":12,"key":"SneckoOil"},{"floor":16,"key":"Energy Potion"},{"floor":19,"key":"SkillPotion"},{"floor":23,"key":"SteroidPotion"},{"floor":29,"key":"ats:Top Emergency Sanity Potion"},{"floor":33,"key":"LiquidMemories"},{"floor":35,"key":"DuplicationPotion"},{"floor":37,"key":"Ancient Potion"},{"floor":40,"key":"Fruit Juice"},{"floor":42,"key":"PowerPotion"},{"floor":47,"key":"SpeedPotion"}],"is_trial":false,"path_per_floor":["M","?","?","M","$","R","E","R","T","R","M","E","$","?","R","B",null,"M","M","?","$","T","E","M","R","T","$","R","M","E","M","R","B",null,"M","?","M","?","$","E","R","E","T","M","?","?","M","?","R","B",null,"R","$","E","B",null],"character_chosen":"DOCTOR_CLASS","items_purchased":["Calipers","Membership Card","Toy Ornithopter","ats:Closed Bolt Burst Fire","Enlightenment","ats:Hidden Killer","ClockworkSouvenir","HornCleat","ats:Support","Singing Bowl","Shovel","ats:Volcano","AttackPotion","LiquidBronze","FairyPotion","CeramicFish","Boot","Happy Flower","Nunchaku","ats:Composite Medical Shells","Swift Potion","Mummified Hand","Panacea","SpeedPotion","Potion Belt","ats:Attack","Centennial Puzzle","Secret Technique","Energy Potion","Dexterity Potion","ats:Snipe","Turnip","Incense Burner","Discovery","Toolbox","Bag of Preparation","StoneCalendar","Deep Breath","Energy Potion"],"campfire_rested":0,"item_purchase_floors":[0,0,0,0,0,0,0,0,0,0,0,0,0,0,0,5,5,13,13,13,13,21,21,21,27,27,27,27,27,27,39,39,39,39,53,53,53,53,53],"current_hp_per_floor":[72,65,65,63,63,63,33,33,33,33,31,39,39,39,39,72,72,74,76,76,76,76,76,78,78,78,78,78,78,80,82,82,82,82,84,80,82,82,82,89,89,89,89,91,85,85,97,97,97,97,97,97,97,97,97],"gold":7211,"neow_bonus":"","is_daily":false,"chose_seed":false,"campfire_upgraded":7,"win_rate":0.0,"timestamp":1609252469,"path_taken":["M","?","?","?","$","R","E","R","T","R","M","E","$","?","R","BOSS","M","M","?","$","?","E","M","R","T","$","R","?","E","M","R","BOSS","M","?","M","?","$","E","R","E","T","?","?","?","M","?","R","BOSS","R","$","E","BOSS"],"items_purchased_type":["Relic","Relic","Relic","Card","Card","Relic","Relic","Relic","Relic","Relic","Relic","Card","Potion","Potion","Potion","Relic","Relic","Relic","Relic","Card","Potion","Relic","Card","Potion","Relic","Relic","Relic","Card","Potion","Potion","Relic","Relic","Relic","Card","Relic","Relic","Relic","Card","Potion"],"build_version":"2020-12-22","purchased_purges":8,"victory":true,"max_hp_per_floor":[72,72,72,72,72,72,72,72,72,72,72,72,72,72,72,72,72,74,76,76,76,76,76,78,78,78,78,78,78,80,82,82,82,82,84,80,82,82,82,89,89,89,89,91,95,95,97,97,97,97,97,97,97,97,97],"card_choices":[{"not_picked":["ats:Healing Drone","ats:LN2 Cannon"],"picked":"ats:Explosion Area Strengthen","floor":1},{"not_picked":["ats:Cat Scratch","ats:Poison Spread"],"picked":"ats:Shell Defense","floor":4},{"not_picked":["ats:Closed Bolt Burst Fire","ats:Flexible Camouflage"],"picked":"ats:Hook Shot","floor":7},{"not_picked":["ats:Neurotoxin","ats:Assault Order"],"picked":"ats:Thorns","floor":11},{"not_picked":["ats:Shell Defense","ats:Ignite"],"picked":"ats:Beaten Up","floor":12},{"not_picked":["ats:Fractured Body","ats:Shadow Assault"],"picked":"ats:Wolf Pack","floor":16},{"not_picked":["ats:Powerful Strike","ats:Revitalization","ats:Curse Doll"],"picked":"Singing Bowl","floor":18},{"not_picked":["ats:Poison Spread","ats:Red Shift+1","ats:Cat Scratch"],"picked":"Singing Bowl","floor":19},{"not_picked":["ats:Sword Rain","ats:Thermite Blade"],"picked":"ats:Shadow Raid","floor":23},{"not_picked":["ats:Childhood Dance","ats:Consecutive Shot Auto+1","ats:Burning Ground"],"picked":"Singing Bowl","floor":24},{"not_picked":["ats:Sword Rain","ats:Ignite"],"picked":"ats:Soul Absorption+1","floor":29},{"not_picked":["ats:Powerful Strike","ats:Revitalization+1","ats:Wolf Pack"],"picked":"Singing Bowl","floor":30},{"not_picked":["ats:Automatic Cover","ats:Revitalization+1","ats:Powerful Strike"],"picked":"Singing Bowl","floor":31},{"not_picked":["ats:Wolf Pack","ats:Dogmatic Field"],"picked":"ats:Rat Pack","floor":33},{"not_picked":["ats:Flexible Camouflage","ats:Leaping Hammer","ats:Shell Defense+1"],"picked":"Singing Bowl","floor":35},{"not_picked":["ats:Leaping Hammer+1","ats:Blood Oath","ats:Thermite Blade"],"picked":"Singing Bowl","floor":37},{"not_picked":["ats:Sunburst","ats:Consecutive Shot Auto+1","ats:Explosion Area Strengthen+1"],"picked":"Singing Bowl","floor":40},{"not_picked":["ats:Apocalypse+1","ats:Leaping Hammer+1"],"picked":"ats:Shell Defense+1","floor":42},{"not_picked":["ats:Flexible Camouflage+1","ats:Curse Doll+1","ats:Very Hot Blade"],"picked":"Singing Bowl","floor":44},{"not_picked":["HandOfGreed","Chrysalis"],"picked":"Master of Strategy","floor":45},{"not_picked":["Discovery","HandOfGreed","Enlightenment"],"picked":"Singing Bowl","floor":45},{"not_picked":["Trip","Dramatic Entrance","Secret Technique"],"picked":"Singing Bowl","floor":45},{"not_picked":["ats:Thermite Blade+1","ats:Revitalization","ats:Spore Proliferation"],"picked":"Singing Bowl","floor":47},{"not_picked":["ats:Ignite+1","ats:Thermite Blade"],"picked":"ats:Composite Medical Shells","floor":54}],"player_experience":524184,"relics_obtained":[{"floor":7,"key":"ats:Originium"},{"floor":7,"key":"Orichalcum"},{"floor":8,"key":"Lantern"},{"floor":9,"key":"White Beast Statue"},{"floor":12,"key":"ats:Originium"},{"floor":12,"key":"Ornamental Fan"},{"floor":23,"key":"ats:Originium"},{"floor":23,"key":"Ancient Tea Set"},{"floor":26,"key":"Art of War"},{"floor":30,"key":"Bag of Marbles"},{"floor":40,"key":"Ginger"},{"floor":42,"key":"Sundial"},{"floor":43,"key":"Bird Faced Urn"},{"floor":52,"key":"Blue Candle"},{"floor":54,"key":"Shuriken"}],"event_choices":[{"cards_removed":["ats:Defend"],"damage_healed":0,"gold_gain":0,"player_choice":"Card Removal","damage_taken":7,"max_hp_gain":0,"max_hp_loss":0,"event_name":"Golden Wing","floor":2,"gold_loss":0},{"damage_healed":0,"gold_gain":0,"cards_transformed":["ats:Defend"],"player_choice":"Transformed","damage_taken":0,"max_hp_gain":0,"max_hp_loss":0,"event_name":"Transmorgrifier","floor":3,"gold_loss":0,"cards_obtained":["ats:Dogmatic Field"]},{"cards_removed":["ats:Strike C"],"damage_healed":0,"gold_gain":0,"player_choice":"Forget","damage_taken":0,"max_hp_gain":0,"max_hp_loss":0,"event_name":"Living Wall","floor":14,"gold_loss":0},{"damage_healed":0,"gold_gain":0,"player_choice":"Copied","damage_taken":0,"max_hp_gain":0,"max_hp_loss":0,"event_name":"Duplicator","floor":20,"gold_loss":0,"cards_obtained":["ats:Dogmatic Field"]},{"damage_healed":0,"gold_gain":0,"player_choice":"Max HP","damage_taken":0,"max_hp_gain":0,"max_hp_loss":4,"event_name":"Winding Halls","floor":36,"gold_loss":0},{"cards_removed":["ats:Defend"],"damage_healed":0,"gold_gain":0,"player_choice":"Upgrade and Remove","damage_taken":0,"max_hp_gain":0,"max_hp_loss":0,"event_name":"Designer","floor":38,"gold_loss":90,"cards_upgraded":["ats:Thorns"]},{"damage_healed":0,"gold_gain":0,"player_choice":"Memory 3","damage_taken":10,"max_hp_gain":0,"max_hp_loss":0,"event_name":"SensoryStone","floor":45,"gold_loss":0},{"cards_removed":["ats:Wolf Pack"],"damage_healed":0,"gold_gain":0,"player_choice":"Removed Attack","damage_taken":0,"max_hp_gain":0,"max_hp_loss":0,"event_name":"Falling","floor":46,"gold_loss":0},{"damage_healed":0,"gold_gain":100,"player_choice":"Pray","damage_taken":0,"max_hp_gain":0,"max_hp_loss":0,"event_name":"Golden Shrine","floor":48,"gold_loss":0}],"is_beta":false,"boss_relics":[{"not_picked":["Cursed Key","Runic Pyramid"],"picked":"Coffee Dripper"},{"not_picked":["Runic Dome","Astrolabe"],"picked":"Empty Cage"}],"items_purged_floors":[0,0,0,13,21,27,39,53],"is_endless":false,"potions_floor_spawned":[4,11,12,16,18,19,23,24,29,30,31,33,35,37,40,42,44,47,54],"ascension_level":0}}