{"host":"by3dnjj711vo194a","time":1609263197,"event":{"mods":["2.2 Compatiblity","AchievementEnabler","BaseMod","Colored Map","DeckTracker","KOR Keyword Fix","Keyboard Shortcuts","Minty Spire (QoL Compilation)","Permanent Neow","Quick Restart","StSLib","SuperFastMode","everything is the same but u backflip on backflip"],"gold_per_floor":[109,89,104,123,143,171,181,201,201,201,235,235,270,288,288,383,383,396,321,133,150,164,164,19,19,19,19,30,57,83,102,102,206,206,217,217,217,217,263,263,279,311,338,356,382,382,401,414,414,414],"floor_reached":51,"playtime":2209,"items_purged":["Strike_R"],"score":1049,"play_id":"d287c6a1-0d45-44ec-ac72-50031b9fd88a","local_time":"20201230023317","is_ascension_mode":true,"campfire_choices":[{"floor":10,"key":"REST"},{"data":"Pommel Strike","floor":12,"key":"SMITH"},{"floor":15,"key":"REST"},{"data":"Apotheosis","floor":23,"key":"SMITH"},{"data":"Offering","floor":25,"key":"SMITH"},{"floor":32,"key":"REST"},{"data":"Corruption","floor":40,"key":"SMITH"},{"floor":46,"key":"REST"},{"data":"Exhume","floor":49,"key":"SMITH"}],"circlet_count":0,"master_deck":["Strike_R","Strike_R","Strike_R","Defend_R","Defend_R","Defend_R","Defend_R","Bash","Infernal Blade","Carnage","Power Through","Pommel Strike+1","Bloodletting","Exhume+1","Flex","Shockwave","Offering+1","Shrug It Off","Impervious","Spot Weakness","Apotheosis+1","Disarm","Pommel Strike+1","Corruption+1","Reaper","Warcry+1","Madness","Madness","Warcry+1","Sentinel","Shrug It Off+1","Seeing Red","Infernal Blade","Flex+1","Shrug It Off"],"relics":["Burning Blood","Art of War","Pantograph","Orichalcum","Akabeko","Sozu","Bag of Preparation","Sundial","Dead Branch","Dream Catcher","Black Star","Ginger","Smiling Mask","Eternal Feather","Anchor","MealTicket","Ancient Tea Set"],"acts_visited":["Exordium","TheCity","TheBeyond"],"potions_floor_usage":[11,16,16],"damage_taken":[{"damage":10,"enemies":"2 Louse","floor":1,"turns":3},{"damage":1,"enemies":"Cultist","floor":3,"turns":3},{"damage":12,"enemies":"Jaw Worm","floor":4,"turns":2},{"damage":2,"enemies":"Exordium Wildlife","floor":5,"turns":4},{"damage":37,"enemies":"Lagavulin","floor":6,"turns":7},{"damage":23,"enemies":"Large Slime","floor":7,"turns":5},{"damage":3,"enemies":"Blue Slaver","floor":8,"turns":3},{"damage":35,"enemies":"3 Sentries","floor":11,"turns":7},{"damage":13,"enemies":"Lagavulin","floor":13,"turns":4},{"damage":0,"enemies":"2 Fungi Beasts","floor":14,"turns":2},{"damage":26,"enemies":"Hexaghost","floor":16,"turns":9},{"damage":4,"enemies":"3 Byrds","floor":18,"turns":7},{"damage":11,"enemies":"2 Thieves","floor":21,"turns":3},{"damage":9,"enemies":"Chosen and Byrds","floor":22,"turns":5},{"damage":10,"enemies":"Cultist and Chosen","floor":28,"turns":2},{"damage":25,"enemies":"Gremlin Leader","floor":29,"turns":5},{"damage":20,"enemies":"Snecko","floor":31,"turns":4},{"damage":14,"enemies":"Champ","floor":33,"turns":2},{"damage":6,"enemies":"Orb Walker","floor":35,"turns":2},{"damage":39,"enemies":"2 Orb Walkers","floor":39,"turns":4},{"damage":35,"enemies":"3 Darklings","floor":41,"turns":4},{"damage":12,"enemies":"Nemesis","floor":42,"turns":3},{"damage":17,"enemies":"Writhing Mass","floor":44,"turns":4},{"damage":26,"enemies":"Reptomancer","floor":45,"turns":3},{"damage":34,"enemies":"4 Shapes","floor":47,"turns":4},{"damage":0,"enemies":"3 Darklings","floor":48,"turns":2},{"damage":31,"enemies":"Donu and Deca","floor":50,"turns":6}],"seed_played":"-7813988620535303772","potions_obtained":[{"floor":1,"key":"BlessingOfTheForge"},{"floor":2,"key":"ElixirPotion"},{"floor":3,"key":"Regen Potion"},{"floor":13,"key":"Energy Potion"}],"is_trial":false,"path_per_floor":["M","?","M","M","M","E","M","M","T","R","E","R","E","M","R","B",null,"M","$","$","M","M","R","$","R","T","?","M","E","T","M","R","B",null,"M","?","?","?","?","R","M","E","T","M","E","R","M","M","R","B",null],"character_chosen":"IRONCLAD","items_purchased":["Apotheosis","Bag of Preparation"],"campfire_rested":4,"item_purchase_floors":[20,24],"current_hp_per_floor":[68,68,73,67,71,40,23,26,26,50,36,36,29,35,59,60,75,77,77,77,72,69,69,69,69,69,54,50,31,31,17,42,59,79,85,85,74,74,58,58,56,65,65,54,44,85,57,63,84,60],"gold":414,"neow_bonus":"THREE_CARDS","is_daily":false,"chose_seed":false,"campfire_upgraded":5,"win_rate":0.0,"timestamp":1609263197,"path_taken":["M","?","M","M","?","E","M","M","T","R","E","R","E","M","R","BOSS","M","?","$","?","M","R","$","R","T","?","M","E","?","M","R","BOSS","M","?","?","?","?","R","M","E","T","?","E","R","M","M","R","BOSS"],"items_purchased_type":["Card","Relic"],"build_version":"2020-12-22","purchased_purges":1,"victory":true,"max_hp_per_floor":[80,80,80,80,80,80,80,80,80,80,80,80,80,80,80,80,80,80,80,80,80,80,80,80,80,80,85,85,85,85,85,85,85,85,85,85,85,85,85,85,85,85,85,85,85,85,85,85,85,85],"card_choices":[{"not_picked":["Combust","Anger"],"picked":"Infernal Blade","floor":0},{"not_picked":["True Grit","Rage"],"picked":"Carnage","floor":1},{"not_picked":["Fire Breathing","Anger"],"picked":"Power Through","floor":3},{"not_picked":["Heavy Blade","Twin Strike"],"picked":"Pommel Strike","floor":4},{"not_picked":["Warcry","Body Slam"],"picked":"Bloodletting","floor":5},{"not_picked":["Power Through","Flame Barrier"],"picked":"Exhume","floor":6},{"not_picked":["Clash","Metallicize"],"picked":"Flex","floor":7},{"not_picked":["Intimidate","Combust","Perfected Strike"],"picked":"SKIP","floor":8},{"not_picked":["Wild Strike","Pummel"],"picked":"Shockwave","floor":11},{"not_picked":["Clothesline","Sword Boomerang"],"picked":"Offering","floor":13},{"not_picked":["Clothesline","Headbutt"],"picked":"Shrug It Off","floor":14},{"not_picked":["Juggernaut","Feed"],"picked":"Impervious","floor":16},{"not_picked":["Iron Wave","Inflame"],"picked":"Spot Weakness","floor":18},{"not_picked":["Warcry","Ghostly Armor"],"picked":"Disarm","floor":21},{"not_picked":["Power Through","Carnage","Reckless Charge"],"picked":"SKIP","floor":22},{"not_picked":["Twin Strike+1","Headbutt","Disarm"],"picked":"SKIP","floor":28},{"not_picked":["Thunderclap","Flex"],"picked":"Pommel Strike+1","floor":29},{"not_picked":["Power Through+1","Ghostly Armor"],"picked":"Corruption","floor":31},{"not_picked":["Brutality","Bludgeon"],"picked":"Reaper","floor":33},{"not_picked":["Clothesline+1","Ghostly Armor"],"picked":"Warcry+1","floor":35},{"not_picked":["Infernal Blade","Pommel Strike"],"picked":"Warcry+1","floor":39},{"not_picked":["Flame Barrier+1","Whirlwind"],"picked":"Sentinel","floor":41},{"not_picked":["Perfected Strike+1","Iron Wave+1"],"picked":"Shrug It Off+1","floor":42},{"not_picked":["Reckless Charge+1","Havoc","Thunderclap"],"picked":"SKIP","floor":44},{"not_picked":["Bloodletting","Warcry"],"picked":"Seeing Red","floor":45},{"not_picked":["Iron Wave+1","Spot Weakness"],"picked":"Infernal Blade","floor":46},{"not_picked":["Uppercut","Battle Trance"],"picked":"Flex+1","floor":47},{"not_picked":["Twin Strike","Combust"],"picked":"Shrug It Off","floor":48}],"player_experience":143219,"relics_obtained":[{"floor":6,"key":"Art of War"},{"floor":9,"key":"Pantograph"},{"floor":11,"key":"Orichalcum"},{"floor":13,"key":"Akabeko"},{"floor":26,"key":"Sundial"},{"floor":29,"key":"Dead Branch"},{"floor":30,"key":"Dream Catcher"},{"floor":39,"key":"Ginger"},{"floor":42,"key":"Smiling Mask"},{"floor":42,"key":"Eternal Feather"},{"floor":43,"key":"Anchor"},{"floor":45,"key":"MealTicket"},{"floor":45,"key":"Ancient Tea Set"}],"event_choices":[{"damage_healed":0,"gold_gain":0,"player_choice":"Bought 1 Potion","damage_taken":0,"max_hp_gain":0,"max_hp_loss":0,"event_name":"The Woman in Blue","floor":2,"gold_loss":0},{"damage_healed":0,"gold_gain":0,"player_choice":"Shed Blood","damage_taken":20,"max_hp_gain":5,"max_hp_loss":0,"event_name":"Forgotten Altar","floor":27,"gold_loss":0},{"damage_healed":0,"gold_gain":0,"player_choice":"Ignored","damage_taken":0,"max_hp_gain":0,"max_hp_loss":0,"event_name":"Tomb of Lord Red Mask","floor":36,"gold_loss":0},{"damage_healed":0,"gold_gain":0,"player_choice":"Embrace Madness","damage_taken":11,"max_hp_gain":0,"max_hp_loss":0,"event_name":"Winding Halls","floor":37,"gold_loss":0,"cards_obtained":["Madness","Madness"]},{"cards_removed":["Strike_R"],"damage_healed":0,"gold_gain":0,"player_choice":"Removed Attack","damage_taken":0,"max_hp_gain":0,"max_hp_loss":0,"event_name":"Falling","floor":38,"gold_loss":0},{"damage_healed":0,"gold_gain":0,"player_choice":"Fight","damage_taken":0,"max_hp_gain":0,"max_hp_loss":0,"event_name":"Mysterious Sphere","floor":39,"gold_loss":0}],"is_beta":false,"boss_relics":[{"not_picked":["Coffee Dripper","Runic Pyramid"],"picked":"Sozu"},{"not_picked":["Tiny House","Calling Bell"],"picked":"Black Star"}],"items_purged_floors":[19],"is_endless":false,"potions_floor_spawned":[1,3,6,13,14,18,29,33,41,44,48],"ascension_level":6}}