{"host":"sc0o2qwpf9j16a4i","time":1609266016,"event":{"mods":["AchievementEnabler","BaseMod","BetterRewards","Block Reminder","Colored Map","Colored Powertips","Custom Start","Highlight Path","Minty Spire (QoL Compilation)","Relic Stats"],"gold_per_floor":[131,42,74,148,148,148,203,128,128,178,230,241,286,27,27,123,123,157,188,260,320,372,372,6,6,6,37,76,108,121,152,152,229,229,247,280,45,55,95,130,83,108,108,137,137,153,153,164,164,164,164,164],"floor_reached":51,"playtime":2983,"items_purged":["Strike_R","Strike_R","Strike_R"],"score":1963,"play_id":"e943458e-19b4-4a02-bfe3-4f5081a80be5","local_time":"20201229202016","is_ascension_mode":true,"campfire_choices":[{"data":"Inflame","floor":6,"key":"SMITH"},{"data":"Uppercut","floor":15,"key":"SMITH"},{"data":"Armaments","floor":23,"key":"SMITH"},{"data":"Impervious","floor":32,"key":"SMITH"},{"floor":45,"key":"RECALL"},{"data":"Corruption","floor":47,"key":"SMITH"},{"data":"Dark Embrace","floor":49,"key":"SMITH"}],"circlet_count":0,"master_deck":["AscendersBane","Strike_R","Defend_R","Defend_R+1","Defend_R","Defend_R","Bash","Fire Breathing","HandOfGreed","Shrug It Off","Inflame+1","Evolve","Carnage","Uppercut+1","Shrug It Off+1","Blood for Blood","Impervious+1","Bloodletting","Thunderclap+1","Shrug It Off+1","Armaments+1","Feed","Flame Barrier","Fiend Fire","Flame Barrier","Seeing Red","Dual Wield+1","Corruption+1","Burning Pact","Havoc+1","True Grit+1","Dark Embrace+1","Armaments+1","True Grit+1"],"relics":["Burning Blood","Lee\u0027s Waffle","Eternal Feather","Matryoshka","Omamori","FossilizedHelix","Pocketwatch","Strawberry","The Courier","Mummified Hand","Potion Belt","War Paint","Velvet Choker","Red Mask","Bronze Scales","Dream Catcher","Meat on the Bone","Gremlin Horn","Charon\u0027s Ashes","Runic Pyramid","Oddly Smooth Stone","Toxic Egg 2","Mango","MealTicket"],"acts_visited":["Exordium","TheCity","TheBeyond"],"potions_floor_usage":[13,13,13,16,16,27,27,31,33,50,50],"damage_taken":[{"damage":0,"enemies":"Jaw Worm","floor":1,"turns":2},{"damage":0,"enemies":"Small Slimes","floor":3,"turns":4},{"damage":2,"enemies":"Lagavulin","floor":7,"turns":6},{"damage":48,"enemies":"Gremlin Nob","floor":10,"turns":5},{"damage":0,"enemies":"2 Louse","floor":11,"turns":3},{"damage":0,"enemies":"Large Slime","floor":12,"turns":5},{"damage":11,"enemies":"Lagavulin","floor":13,"turns":7},{"damage":18,"enemies":"Slime Boss","floor":16,"turns":7},{"damage":0,"enemies":"Shell Parasite","floor":18,"turns":6},{"damage":0,"enemies":"Chosen","floor":19,"turns":4},{"damage":45,"enemies":"Masked Bandits","floor":20,"turns":5},{"damage":0,"enemies":"Centurion and Healer","floor":21,"turns":4},{"damage":6,"enemies":"Chosen and Byrds","floor":22,"turns":5},{"damage":8,"enemies":"Slavers","floor":27,"turns":4},{"damage":22,"enemies":"Cultist and Chosen","floor":28,"turns":5},{"damage":28,"enemies":"Gremlin Leader","floor":29,"turns":6},{"damage":2,"enemies":"Sentry and Sphere","floor":30,"turns":7},{"damage":0,"enemies":"3 Cultists","floor":31,"turns":4},{"damage":59,"enemies":"Automaton","floor":33,"turns":12},{"damage":0,"enemies":"3 Darklings","floor":35,"turns":6},{"damage":0,"enemies":"3 Shapes","floor":36,"turns":5},{"damage":0,"enemies":"Spire Growth","floor":38,"turns":4},{"damage":12,"enemies":"Sphere and 2 Shapes","floor":39,"turns":5},{"damage":60,"enemies":"Reptomancer","floor":40,"turns":7},{"damage":8,"enemies":"Mind Bloom Boss Battle","floor":42,"turns":5},{"damage":0,"enemies":"Nemesis","floor":44,"turns":7},{"damage":0,"enemies":"Writhing Mass","floor":46,"turns":8},{"damage":9,"enemies":"Jaw Worm Horde","floor":48,"turns":4},{"damage":139,"enemies":"Time Eater","floor":50,"turns":21},{"damage":63,"enemies":"Donu and Deca","floor":51,"turns":8}],"seed_played":"-6783065937527887485","potions_obtained":[{"floor":10,"key":"EntropicBrew"},{"floor":12,"key":"LiquidBronze"},{"floor":13,"key":"Strength Potion"},{"floor":16,"key":"BlessingOfTheForge"},{"floor":19,"key":"Weak Potion"},{"floor":20,"key":"BlessingOfTheForge"},{"floor":22,"key":"Energy Potion"},{"floor":30,"key":"GamblersBrew"},{"floor":33,"key":"SpeedPotion"},{"floor":35,"key":"SpeedPotion"},{"floor":38,"key":"ColorlessPotion"},{"floor":44,"key":"BloodPotion"}],"is_trial":false,"path_per_floor":["M","$","M","?","?","R","E","?","T","E","M","M","E","$","R","B",null,"M","M","?","M","M","R","$","?","T","E","M","E","M","M","R","B",null,"M","M","$","M","M","E","$","?","T","E","R","M","R","M","R","B","B"],"character_chosen":"IRONCLAD","items_purchased":["Lee\u0027s Waffle","Eternal Feather","Matryoshka","Fire Breathing","Omamori","FossilizedHelix","HandOfGreed","Pocketwatch","Inflame","War Paint","Block Potion","Feed","Bronze Scales","CultistPotion","Oddly Smooth Stone","True Grit+1"],"campfire_rested":0,"item_purchase_floors":[0,0,0,0,0,0,0,0,2,14,14,24,24,24,37,41],"current_hp_per_floor":[82,82,82,82,82,82,82,82,89,47,53,59,54,54,63,51,80,86,89,50,56,56,68,68,68,68,69,53,46,66,72,87,46,86,95,101,101,102,104,66,66,81,81,90,108,118,136,137,142,53,0,0],"gold":164,"neow_bonus":"","is_daily":false,"chose_seed":false,"campfire_upgraded":6,"win_rate":0.0,"timestamp":1609266016,"path_taken":["M","$","M","?","?","R","E","?","T","E","M","M","E","$","R","BOSS","M","M","?","M","M","R","$","?","T","E","M","E","M","M","R","BOSS","M","M","$","M","M","E","$","?","T","E","R","M","R","M","R","BOSS","BOSS"],"items_purchased_type":["Relic","Relic","Relic","Card","Relic","Relic","Card","Relic","Card","Relic","Potion","Card","Relic","Potion","Relic","Card"],"build_version":"2020-12-22","purchased_purges":3,"victory":false,"max_hp_per_floor":[82,82,82,82,82,82,82,82,89,89,89,89,89,89,89,89,89,89,89,89,89,89,89,89,89,89,92,92,95,99,99,99,99,99,102,102,102,102,110,114,114,131,131,134,134,138,138,142,142,146,146,146],"relic_stats":{"Lee\u0027s Waffle":61,"Gremlin Horn":[25,26],"counters":[59,375],"Eternal Feather":77,"Charon\u0027s Ashes":[587],"War Paint":["Defend_R","Shrug It Off"],"Burning Blood":150,"Dream Catcher":0,"Mummified Hand":[114],"Bronze Scales":[380],"MealTicket":0,"obtain_stats":[{"Gremlin Horn":27,"CeramicFish":48,"Mango":42,"Bottled Tornado":28,"Burning Blood":0,"Dream Catcher":26,"Matryoshka":30,"Sundial":9,"Mummified Hand":10,"Strawberry":9,"MealTicket":44,"WingedGreaves":6,"Red Mask":20,"Toxic Egg 2":41,"Runic Pyramid":34,"Potion Belt":13,"Lee\u0027s Waffle":0,"Happy Flower":55,"Oddly Smooth Stone":31,"Velvet Choker":17,"Eternal Feather":0,"Pen Nib":13,"The Courier":9,"Charon\u0027s Ashes":29,"Omamori":0,"War Paint":14,"Medical Kit":37,"WarpedTongs":21,"Anchor":43,"Shuriken":26,"Bronze Scales":24,"Snecko Eye":34,"Mark of Pain":0,"Bag of Marbles":8,"Coffee Dripper":17,"Bottled Lightning":7,"StrikeDummy":27,"FossilizedHelix":27,"Pocketwatch":0,"Meat on the Bone":26},{"Gremlin Horn":43,"CeramicFish":25,"Mango":54,"Bottled Tornado":15,"Burning Blood":0,"Dream Catcher":42,"Matryoshka":17,"Sundial":6,"Mummified Hand":33,"Strawberry":32,"MealTicket":55,"WingedGreaves":4,"Red Mask":40,"Toxic Egg 2":23,"Runic Pyramid":48,"Potion Belt":36,"Lee\u0027s Waffle":29,"Happy Flower":28,"Oddly Smooth Stone":18,"Velvet Choker":37,"Eternal Feather":29,"Pen Nib":8,"The Courier":32,"Charon\u0027s Ashes":45,"Omamori":29,"War Paint":36,"Medical Kit":20,"WarpedTongs":11,"Anchor":23,"Shuriken":12,"Bronze Scales":42,"Snecko Eye":19,"Mark of Pain":0,"Bag of Marbles":6,"Coffee Dripper":9,"Bottled Lightning":5,"StrikeDummy":14,"FossilizedHelix":14,"Pocketwatch":29,"Meat on the Bone":42},{"Gremlin Horn":261,"CeramicFish":157,"Mango":327,"Bottled Tornado":91,"Burning Blood":0,"Dream Catcher":257,"Matryoshka":102,"Sundial":30,"Mummified Hand":211,"Strawberry":206,"MealTicket":334,"WingedGreaves":13,"Red Mask":248,"Toxic Egg 2":144,"Runic Pyramid":295,"Potion Belt":226,"Lee\u0027s Waffle":194,"Happy Flower":186,"Oddly Smooth Stone":108,"Velvet Choker":233,"Eternal Feather":194,"Pen Nib":39,"The Courier":206,"Charon\u0027s Ashes":272,"Omamori":194,"War Paint":226,"Medical Kit":123,"WarpedTongs":65,"Anchor":144,"Shuriken":70,"Bronze Scales":257,"Snecko Eye":117,"Mark of Pain":0,"Bag of Marbles":30,"Coffee Dripper":52,"Bottled Lightning":17,"StrikeDummy":84,"FossilizedHelix":84,"Pocketwatch":194,"Meat on the Bone":257}],"Pocketwatch":[166],"Meat on the Bone":60},"card_choices":[{"not_picked":["Warcry","Perfected Strike"],"picked":"Shrug It Off","floor":1},{"not_picked":["Iron Wave","Havoc","Wild Strike"],"picked":"SKIP","floor":3},{"not_picked":["Berserk","Second Wind"],"picked":"Evolve","floor":7},{"not_picked":["Hemokinesis","Havoc"],"picked":"Carnage","floor":10},{"not_picked":["True Grit","Headbutt"],"picked":"Uppercut","floor":11},{"not_picked":["Dark Embrace","Iron Wave"],"picked":"Shrug It Off","floor":12},{"not_picked":["Sever Soul","Dual Wield"],"picked":"Blood for Blood","floor":13},{"not_picked":["Immolate","Barricade"],"picked":"Impervious","floor":16},{"not_picked":["Twin Strike","Thunderclap"],"picked":"Bloodletting","floor":18},{"not_picked":["Twin Strike","Flex"],"picked":"Thunderclap+1","floor":19},{"not_picked":["Sword Boomerang","Flex"],"picked":"Shrug It Off+1","floor":21},{"not_picked":["Thunderclap","Twin Strike"],"picked":"Armaments","floor":22},{"not_picked":["Cleave","Sword Boomerang"],"picked":"Fiend Fire","floor":27},{"not_picked":["Combust","Thunderclap+1"],"picked":"Flame Barrier","floor":28},{"not_picked":["Body Slam","Heavy Blade"],"picked":"Seeing Red","floor":29},{"not_picked":["Flex","Thunderclap","Havoc"],"picked":"SKIP","floor":30},{"not_picked":["Twin Strike","Headbutt"],"picked":"Dual Wield+1","floor":31},{"not_picked":["Double Tap","Fiend Fire"],"picked":"Corruption","floor":33},{"not_picked":["Twin Strike+1","Thunderclap","Uppercut"],"picked":"SKIP","floor":35},{"not_picked":["Armaments","Thunderclap+1","Second Wind"],"picked":"SKIP","floor":36},{"not_picked":["Wild Strike","Whirlwind","Body Slam"],"picked":"SKIP","floor":38},{"not_picked":["Headbutt","Flex"],"picked":"Burning Pact","floor":39},{"not_picked":["Twin Strike","Wild Strike"],"picked":"Havoc+1","floor":40},{"not_picked":["Sever Soul","Perfected Strike"],"picked":"Dark Embrace","floor":42},{"not_picked":["Metallicize","Evolve","Wild Strike"],"picked":"SKIP","floor":44},{"not_picked":["Offering+1","Fire Breathing"],"picked":"Armaments+1","floor":46},{"not_picked":["Ghostly Armor+1","Whirlwind"],"picked":"True Grit+1","floor":48}],"player_experience":404218,"relics_obtained":[{"floor":9,"key":"Strawberry"},{"floor":9,"key":"The Courier"},{"floor":10,"key":"Mummified Hand"},{"floor":13,"key":"Potion Belt"},{"floor":20,"key":"Red Mask"},{"floor":26,"key":"Dream Catcher"},{"floor":26,"key":"Meat on the Bone"},{"floor":27,"key":"Gremlin Horn"},{"floor":29,"key":"Charon\u0027s Ashes"},{"floor":40,"key":"Toxic Egg 2"},{"floor":42,"key":"Mango"},{"floor":44,"key":"MealTicket"}],"event_choices":[{"damage_healed":0,"gold_gain":74,"player_choice":"Gained Gold","damage_taken":0,"max_hp_gain":0,"max_hp_loss":0,"event_name":"Golden Wing","floor":4,"gold_loss":0},{"damage_healed":0,"gold_gain":0,"player_choice":"Ignored","damage_taken":0,"max_hp_gain":0,"max_hp_loss":0,"event_name":"Liars Game","floor":5,"gold_loss":0},{"cards_removed":["Strike_R"],"damage_healed":0,"gold_gain":0,"player_choice":"Card Removal","damage_taken":0,"max_hp_gain":0,"max_hp_loss":0,"event_name":"The Cleric","floor":8,"gold_loss":75},{"damage_healed":0,"gold_gain":0,"player_choice":"Fought Bandits","damage_taken":0,"max_hp_gain":0,"max_hp_loss":0,"event_name":"Masked Bandits","floor":20,"gold_loss":0},{"damage_healed":0,"gold_gain":0,"player_choice":"1 cards matched","damage_taken":0,"max_hp_gain":0,"max_hp_loss":0,"event_name":"Match and Keep!","floor":25,"gold_loss":0,"cards_obtained":["Flame Barrier"]},{"damage_healed":0,"gold_gain":0,"player_choice":"Fight","damage_taken":0,"max_hp_gain":0,"max_hp_loss":0,"event_name":"MindBloom","floor":42,"gold_loss":0}],"is_beta":false,"boss_relics":[{"not_picked":["Black Blood","Tiny House"],"picked":"Velvet Choker"},{"not_picked":["Busted Crown","Empty Cage"],"picked":"Runic Pyramid"}],"items_purged_floors":[0,14,37],"is_endless":false,"potions_floor_spawned":[10,12,13,16,19,20,21,22,30,33,35,38,44],"killed_by":"Donu and Deca","ascension_level":20}}