{"host":"qj91dvco5uhu9oti","time":1609267697,"event":{"mods":["BaseMod","Colored Map","Keyboard Shortcuts","Minty Spire (QoL Compilation)","Permanent Neow","Relic Stats","StSLib","SuperFastMode","everything is the same but u backflip on backflip"],"gold_per_floor":[114,129,129,7,27,27,38,38,38,38,38,63,63,80,80,80,80],"floor_reached":16,"playtime":415,"items_purged":[],"score":185,"play_id":"879076e0-321f-4f72-9d0d-7ef8dfe7c3f0","local_time":"20201230034817","is_ascension_mode":true,"campfire_choices":[{"data":"Poisoned Stab","floor":6.0,"key":"SMITH"},{"data":"Tactician","floor":8.0,"key":"SMITH"},{"data":"Footwork","floor":10.0,"key":"SMITH"},{"data":"Wraith Form v2","floor":13.0,"key":"SMITH"},{"floor":15.0,"key":"REST"}],"circlet_count":0,"master_deck":["AscendersBane","Strike_G","Strike_G","Strike_G","Strike_G","Defend_G","Defend_G","Defend_G","Defend_G","Defend_G","Survivor+1","Neutralize","Poisoned Stab+1","Footwork+1","Tactician+1","Dagger Throw","Well Laid Plans","Wraith Form v2+1","Noxious Fumes"],"relics":["Ring of the Snake","Sundial","Toxic Egg 2"],"acts_visited":["Exordium"],"potions_floor_usage":[],"damage_taken":[{"damage":7.0,"enemies":"Small Slimes","floor":1.0,"turns":5.0},{"damage":6.0,"enemies":"Cultist","floor":2.0,"turns":4.0},{"damage":5.0,"enemies":"2 Louse","floor":5.0,"turns":5.0},{"damage":16.0,"enemies":"Exordium Thugs","floor":7.0,"turns":7.0},{"damage":19.0,"enemies":"3 Sentries","floor":12.0,"turns":12.0},{"damage":4.0,"enemies":"Exordium Wildlife","floor":14.0,"turns":7.0},{"damage":21,"enemies":"The Guardian","floor":16,"turns":9}],"seed_played":"4625321859088703700","potions_obtained":[{"floor":2.0,"key":"SmokeBomb"}],"is_trial":false,"path_per_floor":["M","M","?","$","M","R","M","R","T","R","$","E","R","M","R","B"],"character_chosen":"THE_SILENT","items_purchased":["Footwork","Tactician"],"campfire_rested":1,"item_purchase_floors":[4,4],"current_hp_per_floor":[52,46,46,46,41,41,25,25,25,25,25,6,6,2,21,0,0],"gold":80,"neow_bonus":"UPGRADE_CARD","is_daily":false,"chose_seed":false,"campfire_upgraded":4,"win_rate":0.0,"timestamp":1609267697,"path_taken":["M","M","?","$","M","R","M","R","T","R","$","E","R","?","R","BOSS"],"items_purchased_type":["Card","Card"],"build_version":"2020-12-22","purchased_purges":0,"victory":false,"max_hp_per_floor":[66,66,66,66,66,66,66,66,66,66,66,66,66,66,66,66,66],"relic_stats":{"counters":[7,49],"Sundial":[4],"obtain_stats":[{"Sundial":9,"Toxic Egg 2":12,"Ring of the Snake":0},{"Sundial":4,"Toxic Egg 2":5,"Ring of the Snake":0},{"Sundial":21,"Toxic Egg 2":33,"Ring of the Snake":0}],"Ring of the Snake":[14]},"card_choices":[{"not_picked":["Quick Slash","Calculated Gamble"],"picked":"Poisoned Stab","floor":1.0},{"not_picked":["Expertise","Catalyst","Accuracy"],"picked":"SKIP","floor":2.0},{"not_picked":["Sucker Punch","Blur"],"picked":"Dagger Throw","floor":5.0},{"not_picked":["PiercingWail","Dagger Spray"],"picked":"Well Laid Plans","floor":7.0},{"not_picked":["Finisher","Dagger Throw"],"picked":"Wraith Form v2","floor":12.0},{"not_picked":["Dagger Spray","Blade Dance+1"],"picked":"Noxious Fumes","floor":14.0}],"player_experience":324301,"relics_obtained":[{"floor":9.0,"key":"Sundial"},{"floor":12.0,"key":"Toxic Egg 2"}],"event_choices":[{"cards_removed":["Strike_G"],"damage_healed":0.0,"max_hp_gain":0.0,"max_hp_loss":0.0,"gold_gain":0.0,"event_name":"Bonfire Elementals","player_choice":"Offered Basic","floor":3.0,"gold_loss":0.0,"damage_taken":0.0}],"is_beta":false,"boss_relics":[],"items_purged_floors":[],"is_endless":false,"potions_floor_spawned":[2],"killed_by":"The Guardian","ascension_level":17}}