{"host":"ybt2v32z8to3xq6t","time":1609224214,"event":{"mods":["Ascension Reborn","Ascension Unlocker","BaseMod","Card Forge","Custom Start","Minty Spire (QoL Compilation)","Quick Restart","Rare Cards Sparkle","SIMod","StSLib","Transform Curses","¡¾ÒÅÎï¿¨ÅÆ¡¿REMEMod"],"gold_per_floor":[111,111,111,131,148,148,175,175,175,232,260,260,260,10,10,108,108,120,210,5,5,0,0,15,15,38,52,67,1,1,16,16,116,166,184,184,10,25,25,53,53,66,143,143,178,192,192,211,211,211],"floor_reached":51,"playtime":3408,"items_purged":[],"score":776,"play_id":"492748e7-9785-4664-b42a-d2e53d4eb94c","local_time":"20201229144334","is_ascension_mode":true,"campfire_choices":[{"floor":6.0,"key":"RECALL"},{"floor":13.0,"key":"REST"},{"floor":15.0,"key":"REST"},{"floor":23.0,"key":"REST"},{"floor":25.0,"key":"REST"},{"data":"FlurryOfBlows","floor":30.0,"key":"SMITH"},{"floor":32.0,"key":"REST"},{"data":"Vault","floor":41.0,"key":"SMITH"},{"floor":49.0,"key":"REST"}],"circlet_count":0,"master_deck":["Strike_P+1","Strike_P+1","Strike_P+1","Strike_P+1","Defend_P+1","Defend_P+1","Defend_P+1","Defend_P+1","Eruption+1","Vigilance+1","MessyAndOrderly+1","Collect+1","JustLucky","FlurryOfBlows+1","REME_MusicOfDeath+1","Vault+1","DeusExMachina","EmptyMind+1","Perseverance+1","Pray","ClearTheMind+1","Flash of Steel","Tantrum","Scrawl+1","PathToVictory+1","WheelKick+1","REME_FirmDetermination+1","EmptyBody+1","Judgement","FlurryOfBlows+1","WheelKick+1","Sanctity+1"],"relics":["PureWater","Hammer of Thor","Seething Fire","Anvil of the Gods","REME_ComplimentaryCards","NeowsBlessing","Juzu Bracelet","Ancient Tea Set","Potion Belt","Membership Card","SacredBark","Medical Kit","Blue Candle","MutagenicStrength","Centennial Puzzle","Tiny House","REME_PuzzleBoxRelic","InkBottle","Letter Opener","The Courier","Eternal Feather","Ice Cream"],"acts_visited":[],"potions_floor_usage":[50,50,50,50,50,50],"damage_taken":[{"damage":0.0,"enemies":"2 Louse","floor":1.0,"turns":1.0},{"damage":0.0,"enemies":"Jaw Worm","floor":4.0,"turns":1.0},{"damage":0.0,"enemies":"Small Slimes","floor":5.0,"turns":1.0},{"damage":8.0,"enemies":"Gremlin Nob","floor":10.0,"turns":4.0},{"damage":28.0,"enemies":"Lagavulin","floor":11.0,"turns":4.0},{"damage":60.0,"enemies":"The Guardian","floor":16.0,"turns":9.0},{"damage":30.0,"enemies":"2 Thieves","floor":18.0,"turns":5.0},{"damage":0.0,"enemies":"Chosen","floor":24.0,"turns":5.0},{"damage":8.0,"enemies":"Snake Plant","floor":27.0,"turns":5.0},{"damage":8.0,"enemies":"3 Cultists","floor":28.0,"turns":7.0},{"damage":12.0,"enemies":"Snecko","floor":31.0,"turns":4.0},{"damage":13.0,"enemies":"Collector","floor":33.0,"turns":8.0},{"damage":16.0,"enemies":"3 Shapes","floor":35.0,"turns":4.0},{"damage":0.0,"enemies":"3 Darklings","floor":38.0,"turns":2.0},{"damage":9.0,"enemies":"Reptomancer","floor":40.0,"turns":3.0},{"damage":0.0,"enemies":"Transient","floor":42.0,"turns":6.0},{"damage":0.0,"enemies":"Giant Head","floor":45.0,"turns":4.0},{"damage":1.0,"enemies":"Sphere and 2 Shapes","floor":46.0,"turns":3.0},{"damage":38.0,"enemies":"Writhing Mass","floor":48.0,"turns":5.0},{"damage":0,"enemies":"Donu and Deca","floor":50,"turns":5}],"seed_played":"6016687845237827992","potions_obtained":[{"floor":10.0,"key":"SteroidPotion"},{"floor":11.0,"key":"Energy Potion"},{"floor":16.0,"key":"DistilledChaos"},{"floor":18.0,"key":"SpeedPotion"},{"floor":28.0,"key":"DistilledChaos"},{"floor":33.0,"key":"Dexterity Potion"},{"floor":34.0,"key":"CultistPotion"},{"floor":35.0,"key":"Swift Potion"},{"floor":38.0,"key":"GamblersBrew"},{"floor":45.0,"key":"EntropicBrew"}],"is_trial":false,"path_per_floor":["M","?","?","M","M","R","T","?","T","?","E","?","R","$","R","B",null,"M","?","$","?","?","R","M","R","T","M","M","$","R","M","R","B",null,"M","?","$","M","T","E","R","M","T","T","E","M","?","M","R","B",null],"character_chosen":"WATCHER","items_purchased":["Vault","Membership Card","BottledMiracle","Medical Kit","Blue Candle","Flash of Steel","BottledMiracle","REME_PuzzleBoxRelic","EntropicBrew","REME_FirmDetermination"],"campfire_rested":6,"item_purchase_floors":[14,14,14,20,20,29,29,37,37,37],"current_hp_per_floor":[72,72,58,58,58,58,58,58,58,50,22,22,43,43,64,4,72,42,30,30,30,30,51,51,72,72,64,56,56,56,44,65,52,77,61,61,61,61,61,52,52,52,52,52,52,51,51,13,54,54],"gold":211,"neow_bonus":"THREE_ENEMY_KILL","is_daily":false,"chose_seed":false,"campfire_upgraded":2,"win_rate":0.0,"timestamp":1609224214,"path_taken":["M","?","?","M","M","R","?","?","T","?","E","?","R","$","R","BOSS","M","?","$","?","?","R","M","R","T","M","M","$","R","M","R","BOSS","M","?","$","M","?","E","R","M","T","?","E","M","?","M","R","BOSS"],"items_purchased_type":["Card","Relic","Potion","Relic","Relic","Card","Potion","Relic","Potion","Card"],"build_version":"2020-12-22","purchased_purges":0,"victory":true,"max_hp_per_floor":[72,72,72,72,72,72,72,72,72,72,72,72,72,72,72,72,72,72,72,72,72,72,72,72,72,72,72,72,72,72,72,72,72,77,77,77,77,77,77,77,77,77,77,77,77,77,77,77,77,77],"card_choices":[{"not_picked":["EmptyBody","Pray"],"picked":"Collect","floor":1.0},{"not_picked":["REME_Repentance","WindmillStrike"],"picked":"JustLucky","floor":4.0},{"not_picked":["Protect","Crescendo","WindmillStrike"],"picked":"SKIP","floor":5.0},{"not_picked":["BattleHymn","Crescendo"],"picked":"FlurryOfBlows","floor":10.0},{"not_picked":["REME_Repentance","EmptyBody"],"picked":"REME_MusicOfDeath","floor":11.0},{"not_picked":["Brilliance","REME_CRH"],"picked":"DeusExMachina","floor":16.0},{"not_picked":["Vengeance+1","REME_Repentance"],"picked":"EmptyMind+1","floor":18.0},{"not_picked":["SandsOfTime","REME_Repentance"],"picked":"Perseverance+1","floor":24.0},{"not_picked":["EmptyFist","FlyingSleeves"],"picked":"Pray","floor":27.0},{"not_picked":["SignatureMove","DeceiveReality"],"picked":"ClearTheMind+1","floor":28.0},{"not_picked":["TalkToTheHand+1","EmptyFist"],"picked":"Tantrum","floor":31.0},{"not_picked":["Ragnarok","REME_WorshipGod"],"picked":"Scrawl","floor":33.0},{"not_picked":["FollowUp","EmptyMind+1"],"picked":"PathToVictory+1","floor":34.0},{"not_picked":["Protect","Consecrate+1"],"picked":"WheelKick+1","floor":35.0},{"not_picked":["Weave","WindmillStrike"],"picked":"EmptyBody+1","floor":38.0},{"not_picked":["Fasting2+1","EmptyBody"],"picked":"Judgement","floor":40.0},{"not_picked":["Adaptation+1","PathToVictory"],"picked":"FlurryOfBlows+1","floor":42.0},{"not_picked":["Ragnarok","MasterReality"],"picked":"WheelKick+1","floor":45.0},{"not_picked":["Halt+1","FollowUp"],"picked":"Sanctity+1","floor":46.0},{"not_picked":["FollowUp","Study","Swivel+1"],"picked":"SKIP","floor":48.0}],"player_experience":41276,"relics_obtained":[{"floor":9.0,"key":"Juzu Bracelet"},{"floor":10.0,"key":"Ancient Tea Set"},{"floor":11.0,"key":"Potion Belt"},{"floor":26.0,"key":"Centennial Puzzle"},{"floor":39.0,"key":"InkBottle"},{"floor":40.0,"key":"Letter Opener"},{"floor":43.0,"key":"The Courier"},{"floor":44.0,"key":"Eternal Feather"},{"floor":45.0,"key":"Ice Cream"}],"event_choices":[{"damage_healed":0.0,"max_hp_gain":0.0,"max_hp_loss":0.0,"gold_gain":0.0,"event_name":"The Cleric","player_choice":"Leave","floor":2.0,"gold_loss":0.0,"damage_taken":0.0},{"damage_healed":0.0,"max_hp_gain":0.0,"max_hp_loss":0.0,"gold_gain":0.0,"event_name":"Shining Light","player_choice":"Entered Light","floor":3.0,"gold_loss":0.0,"damage_taken":14.0,"cards_upgraded":["Collect","MessyAndOrderly"]},{"damage_healed":0.0,"max_hp_gain":0.0,"max_hp_loss":0.0,"gold_gain":0.0,"event_name":"Liars Game","player_choice":"Ignored","floor":8.0,"gold_loss":0.0,"damage_taken":0.0},{"damage_healed":0.0,"max_hp_gain":0.0,"max_hp_loss":0.0,"gold_gain":0.0,"event_name":"Dead Adventurer","player_choice":"Searched \u00271\u0027 times","floor":10.0,"gold_loss":0.0,"damage_taken":0.0},{"damage_healed":0.0,"max_hp_gain":0.0,"max_hp_loss":0.0,"gold_gain":0.0,"event_name":"Upgrade Shrine","player_choice":"Upgraded","floor":12.0,"gold_loss":0.0,"damage_taken":0.0,"cards_upgraded":["REME_MusicOfDeath"]},{"damage_healed":0.0,"max_hp_gain":0.0,"max_hp_loss":0.0,"gold_gain":90.0,"event_name":"Knowing Skull","player_choice":"GOLD ","floor":19.0,"potions_obtained":[],"gold_loss":0.0,"damage_taken":12.0,"cards_obtained":[]},{"damage_healed":0.0,"max_hp_gain":0.0,"max_hp_loss":0.0,"gold_gain":0.0,"event_name":"Drug Dealer","player_choice":"Inject Mutagens","floor":21.0,"gold_loss":0.0,"damage_taken":0.0,"relics_obtained":["MutagenicStrength"]},{"damage_healed":0.0,"max_hp_gain":0.0,"max_hp_loss":0.0,"gold_gain":0.0,"event_name":"Masked Bandits","player_choice":"Paid Fearfully","floor":22.0,"gold_loss":5.0,"damage_taken":0.0},{"damage_healed":0.0,"max_hp_gain":0.0,"max_hp_loss":0.0,"gold_gain":0.0,"event_name":"Mysterious Sphere","player_choice":"Ignored","floor":36.0,"gold_loss":0.0,"damage_taken":0.0},{"damage_healed":0.0,"max_hp_gain":0.0,"max_hp_loss":0.0,"gold_gain":0.0,"event_name":"Upgrade Shrine","player_choice":"Upgraded","floor":47.0,"gold_loss":0.0,"damage_taken":0.0,"cards_upgraded":["REME_FirmDetermination"]}],"is_beta":false,"boss_relics":[{"not_picked":["Fusion Hammer","Ectoplasm"],"picked":"SacredBark"},{"not_picked":["Empty Cage","Runic Pyramid"],"picked":"Tiny House"}],"items_purged_floors":[],"is_endless":false,"potions_floor_spawned":[10,11,16,18,28,33,35,38,45],"ascension_level":0}}