{"host":"xshq2rhao6qj608z","time":1609244382,"event":{"mods":["AchievementEnabler","BaseMod","Bestiary","Block Reminder","Colored Powertips","Downfall","Highlight Path","Minty Spire (QoL Compilation)","Quick Restart","Rare Cards Sparkle","StSLib","The Blue Laboratory"],"gold_per_floor":[115,290,290,108,122,155,170,170,170,170,195,212,237,255,255,358,358,377,377,476,486,486,514,514,548,548,141,141,157,188,202,202,307,307,320,375,375,388,388,418,37,37,37,48,82,102,102,102,102,102],"floor_reached":51,"playtime":4198,"items_purged":["Doubt","Sunder"],"score":1009,"play_id":"5e880cf0-b318-4d84-b384-419111f36768","local_time":"20201229151942","is_ascension_mode":true,"campfire_choices":[{"data":"White Noise","floor":15,"key":"SMITH"},{"floor":24,"key":"REST"},{"floor":32,"key":"REST"},{"data":"Sunder","floor":42,"key":"SMITH"},{"floor":47,"key":"REST"},{"floor":49,"key":"REST"}],"circlet_count":0,"master_deck":["Defend_B+1","Defend_B+1","Defend_B+1","Defend_B+1","Zap+1","Dualcast+1","Regret","Beam Cell+1","Gash+1","Steam+1","Conserve Battery+1","Steam+1","Parasite","White Noise+1","Cold Snap+1","Sunder+1","Seek+1","Gash+1","Bite+1","Bite+1","Bite+1","Bite+1","Bite+1","Go for the Eyes+1","Loop+1","Melter+1","White Noise+1","Force Field+1","Hello World+1","Steam+1","Loop+1","BootSequence+1","All For One+1","Recycle+1","hexamod:Haunted","Hologram+1","Madness+1","Madness+1","Redo+1","Defragment+1","Steam+1","Conserve Battery+1","Sweeping Beam+1","Parasite"],"relics":["Cracked Core","FossilizedHelix","Gremlin Horn","Vajra","Du-Vu Doll","MealTicket","Boot","Black Star","Mercury Hourglass","Blue Candle","Oddly Smooth Stone","Bottled Flame","Kunai","Toolbox","Question Card","HornCleat","Lantern","Busted Crown","Mango","Cables","Strawberry","Whetstone","The Courier","Anchor","Ancient Tea Set","Mark of the Bloom"],"acts_visited":["Exordium","TheCity","TheBeyond"],"potions_floor_usage":[6,13,16,21,23,23,30,30,33,33,38,50],"damage_taken":[{"damage":0,"enemies":"Small Slimes","floor":1,"turns":3},{"damage":0,"enemies":"2 Louse","floor":5,"turns":2},{"damage":10,"enemies":"Gremlin Nob","floor":6,"turns":3},{"damage":0,"enemies":"Jaw Worm","floor":7,"turns":2},{"damage":10,"enemies":"Lagavulin","floor":11,"turns":5},{"damage":0,"enemies":"2 Fungi Beasts","floor":12,"turns":2},{"damage":0,"enemies":"Gremlin Nob","floor":13,"turns":3},{"damage":10,"enemies":"Blue Slaver","floor":14,"turns":3},{"damage":32,"enemies":"Slime Boss","floor":16,"turns":8},{"damage":12,"enemies":"Spheric Guardian","floor":18,"turns":4},{"damage":9,"enemies":"3 Byrds","floor":21,"turns":4},{"damage":37,"enemies":"Slavers","floor":23,"turns":5},{"damage":35,"enemies":"Book of Stabbing","floor":25,"turns":5},{"damage":14,"enemies":"Centurion and Healer","floor":29,"turns":3},{"damage":12,"enemies":"Slavers","floor":30,"turns":4},{"damage":0,"enemies":"Sentry and Sphere","floor":31,"turns":4},{"damage":9,"enemies":"Automaton","floor":33,"turns":13},{"damage":0,"enemies":"3 Shapes","floor":35,"turns":2},{"damage":5,"enemies":"2 Orb Walkers","floor":36,"turns":4},{"damage":6,"enemies":"3 Darklings","floor":38,"turns":5},{"damage":3,"enemies":"Nemesis","floor":40,"turns":7},{"damage":0,"enemies":"Sphere and 2 Shapes","floor":44,"turns":3},{"damage":47,"enemies":"Giant Head","floor":45,"turns":7},{"damage":0,"enemies":"Writhing Mass","floor":46,"turns":5},{"damage":10,"enemies":"Awakened One","floor":50,"turns":10}],"seed_played":"1529141536206504471","potions_obtained":[{"floor":0,"key":"blueLaboratory:FrostheartPotion"},{"floor":0,"key":"FocusPotion"},{"floor":0,"key":"Ancient Potion"},{"floor":5,"key":"blueLaboratory:BottleOfRum"},{"floor":7,"key":"FocusPotion"},{"floor":16,"key":"Weak Potion"},{"floor":18,"key":"blueLaboratory:SystemWipe"},{"floor":21,"key":"LiquidBronze"},{"floor":25,"key":"GamblersBrew"},{"floor":30,"key":"blueLaboratory:HorrorPotion"},{"floor":31,"key":"blueLaboratory:PhilterOfMotion"},{"floor":36,"key":"blueLaboratory:HummingbirdPotion"}],"is_trial":false,"path_per_floor":["M","?","?","$","M","E","M","?","T","?","E","M","E","M","R","B",null,"M","?","?","M","?","E","R","E","T","$","T","M","E","M","R","B",null,"M","?","?","M","?","E","$","R","T","M","E","M","R","?","R","B",null],"character_chosen":"DEFECT","items_purchased":["Beam Cell","Gash","ColorlessPotion","Toolbox","Force Field","Hello World","Whetstone","Defragment","BlessingOfTheForge","FairyPotion","Steam"],"campfire_rested":4,"item_purchase_floors":[4,4,27,27,27,27,41,41,41,41,41],"current_hp_per_floor":[75,75,75,75,75,65,65,65,65,75,65,65,65,55,55,23,75,63,52,52,52,52,23,38,13,13,28,28,20,16,26,41,49,52,52,63,63,62,54,66,73,73,73,73,29,36,57,57,57,47],"gold":102,"neow_bonus":"THREE_SMALL_POTIONS","is_daily":false,"chose_seed":false,"campfire_upgraded":2,"win_rate":0.0,"timestamp":1609244382,"path_taken":["M","?","?","$","M","E","M","?","T","?","E","?","E","M","R","BOSS","M","?","?","M","?","E","R","E","T","$","?","?","E","M","R","BOSS","M","?","?","?","?","E","$","R","T","M","E","M","R","?","R","BOSS"],"items_purchased_type":["Card","Card","Potion","Relic","Card","Card","Relic","Card","Potion","Potion","Card"],"build_version":"2020-12-22","purchased_purges":2,"victory":true,"max_hp_per_floor":[75,75,75,75,75,75,75,75,75,75,75,75,75,75,75,75,75,75,52,52,52,52,52,52,52,52,52,52,52,52,52,52,52,52,52,66,66,66,66,73,73,73,73,73,73,73,73,73,73,73],"card_choices":[{"not_picked":["Coolheaded","Turbo"],"picked":"Sunder","floor":1},{"not_picked":["Skim","Scrape"],"picked":"Steam","floor":5},{"not_picked":["Scrape","Rebound"],"picked":"Conserve Battery","floor":6},{"not_picked":["Coolheaded","Compile Driver"],"picked":"Steam","floor":7},{"not_picked":["Genetic Algorithm","Gash"],"picked":"White Noise","floor":11},{"not_picked":["Barrage","Consume"],"picked":"Cold Snap","floor":12},{"not_picked":["Hyperbeam","Stack"],"picked":"Sunder","floor":13},{"not_picked":["Stack","Hello World","Barrage"],"picked":"SKIP","floor":14},{"not_picked":["Fission","Biased Cognition"],"picked":"Seek","floor":16},{"not_picked":["Coolheaded","FTL"],"picked":"Gash+1","floor":18},{"not_picked":["Skim+1","Undo"],"picked":"Go for the Eyes","floor":21},{"not_picked":["Heatsinks","Aggregate"],"picked":"Melter","floor":23},{"not_picked":["Double Energy","Coolheaded"],"picked":"White Noise+1","floor":25},{"not_picked":["Self Repair","Ball Lightning","Compile Driver"],"picked":"Steam+1","floor":29},{"not_picked":["Beam Cell+1","Melter","Consume+1"],"picked":"Loop","floor":30},{"not_picked":["Beam Cell","Streamline","Steam"],"picked":"BootSequence+1","floor":31},{"not_picked":["Core Surge","Reboot","Biased Cognition"],"picked":"All For One","floor":33},{"not_picked":["Doom and Gloom","Hello World"],"picked":"SKIP","floor":35},{"not_picked":["Streamline"],"picked":"Recycle+1","floor":36},{"not_picked":["Rip and Tear"],"picked":"Hologram+1","floor":38},{"not_picked":["Aggregate"],"picked":"Redo","floor":40},{"not_picked":["Consume"],"picked":"Conserve Battery","floor":44},{"not_picked":["Conserve Battery"],"picked":"Sweeping Beam+1","floor":45},{"not_picked":["Self Repair+1","Hologram"],"picked":"SKIP","floor":46}],"player_experience":193047,"relics_obtained":[{"floor":6,"key":"Gremlin Horn"},{"floor":9,"key":"Du-Vu Doll"},{"floor":11,"key":"MealTicket"},{"floor":13,"key":"Boot"},{"floor":23,"key":"Mercury Hourglass"},{"floor":23,"key":"Blue Candle"},{"floor":25,"key":"Oddly Smooth Stone"},{"floor":25,"key":"Bottled Flame"},{"floor":26,"key":"Kunai"},{"floor":28,"key":"Question Card"},{"floor":30,"key":"HornCleat"},{"floor":30,"key":"Lantern"},{"floor":36,"key":"Mango"},{"floor":40,"key":"Cables"},{"floor":40,"key":"Strawberry"},{"floor":43,"key":"The Courier"},{"floor":45,"key":"Anchor"},{"floor":45,"key":"Ancient Tea Set"}],"event_choices":[{"damage_healed":0,"gold_gain":175,"player_choice":"AGREE","damage_taken":0,"max_hp_gain":0,"max_hp_loss":0,"event_name":"Liars Game","floor":2,"gold_loss":0,"cards_obtained":["Doubt"]},{"damage_healed":0,"gold_gain":0,"player_choice":"Box","damage_taken":0,"relics_obtained":["FossilizedHelix"],"max_hp_gain":0,"max_hp_loss":0,"event_name":"Big Fish","floor":3,"gold_loss":0,"cards_obtained":["Regret"]},{"damage_healed":0,"gold_gain":0,"player_choice":"Searched \u00272\u0027 times","damage_taken":0,"relics_obtained":["Vajra"],"max_hp_gain":0,"max_hp_loss":0,"event_name":"Dead Adventurer","floor":8,"gold_loss":0},{"damage_healed":18,"gold_gain":0,"player_choice":"Healed and dodged fight","damage_taken":0,"max_hp_gain":0,"max_hp_loss":0,"event_name":"Mushrooms","floor":10,"gold_loss":0,"cards_obtained":["Parasite"]},{"damage_healed":0,"gold_gain":0,"player_choice":"Became a vampire","damage_taken":0,"max_hp_gain":0,"max_hp_loss":23,"event_name":"Vampires","floor":19,"gold_loss":0,"cards_obtained":["Bite","Bite","Bite","Bite","Bite"]},{"damage_healed":0,"gold_gain":99,"player_choice":"Stole From Cult","damage_taken":0,"max_hp_gain":0,"max_hp_loss":0,"event_name":"Nest","floor":20,"gold_loss":0},{"damage_healed":0,"gold_gain":0,"player_choice":"Read","damage_taken":0,"max_hp_gain":0,"max_hp_loss":0,"event_name":"The Library","floor":22,"gold_loss":0,"cards_obtained":["Loop"]},{"damage_healed":0,"gold_gain":0,"player_choice":"Fight","damage_taken":0,"max_hp_gain":0,"max_hp_loss":0,"event_name":"Mysterious Sphere","floor":36,"gold_loss":0},{"damage_healed":0,"gold_gain":0,"player_choice":"1 cards matched","damage_taken":0,"max_hp_gain":0,"max_hp_loss":0,"event_name":"Match and Keep!","floor":37,"gold_loss":0,"cards_obtained":["hexamod:Haunted"]},{"damage_healed":0,"gold_gain":0,"player_choice":"Embrace Madness","damage_taken":8,"max_hp_gain":0,"max_hp_loss":0,"event_name":"Winding Halls","floor":39,"gold_loss":0,"cards_obtained":["Madness","Madness"]},{"damage_healed":0,"gold_gain":0,"player_choice":"Upgrade","damage_taken":0,"relics_obtained":["Mark of the Bloom"],"max_hp_gain":0,"max_hp_loss":0,"event_name":"MindBloom","floor":48,"gold_loss":0,"cards_upgraded":["Defend_B","Defend_B","Defend_B","Defend_B","Zap","Dualcast","Beam Cell","Steam","Conserve Battery","Steam","Cold Snap","Seek","Bite","Bite","Bite","Bite","Go for the Eyes","Loop","Melter","Force Field","Hello World","Loop","All For One","Madness","Madness","Redo","Defragment","Steam","Conserve Battery"]}],"is_beta":false,"boss_relics":[{"not_picked":["Cursed Key","Runic Dome"],"picked":"Black Star"},{"not_picked":["Astrolabe","SlaversCollar"],"picked":"Busted Crown"}],"items_purged_floors":[4,27],"is_endless":false,"potions_floor_spawned":[5,7,11,16,18,21,25,30,31,36],"ascension_level":2}}