{"host":"cyh4fejqtcjbfr7k","time":1609280345,"event":{"mods":["2.2 Compatiblity","AchievementEnabler","BaseMod","Colored Map","Colored Powertips","DeckTracker","Downfall","Googly Eyes","Hubris","Infinite Spire","Minty Spire (QoL Compilation)","Replay The Spire","Shop Mod","StSLib","SuperFastMode","Unceasing Turn Reminder"],"gold_per_floor":[109,284,284,299,299,324,324,356,381,381,381,381,381,381,381,381,381],"floor_reached":16,"playtime":531,"items_purged":[],"score":125,"play_id":"27cdf6ee-9447-444b-8e9f-b7e8f8ac181e","local_time":"20201229151905","is_ascension_mode":true,"campfire_choices":[{"floor":7,"key":"REST"},{"floor":10,"key":"REST"},{"floor":15,"key":"REST"}],"circlet_count":0,"master_deck":["Strike_G","Strike_G","Strike_G","Strike_G","Strike_G","Defend_G","Defend_G","Defend_G","Defend_G","Defend_G","Survivor","Neutralize","Hidden Blade","Blade Dance","Blade Dance","Blade Dance"],"relics":["Ring of the Snake","Omamori","infinitespire:Bottled Soul","infinitespire:PuzzleCube","Sundial","hubris:TenFootPole","hubris:Towel"],"acts_visited":["Exordium"],"potions_floor_usage":[6,16,16],"damage_taken":[{"damage":2,"enemies":"2 Louse","floor":1,"turns":6},{"damage":4,"enemies":"Jaw Worm","floor":4,"turns":4},{"damage":34,"enemies":"Gremlin Nob","floor":6,"turns":5},{"damage":32,"enemies":"3 Sentries","floor":8,"turns":11},{"damage":61,"enemies":"Slime Boss","floor":16,"turns":8}],"seed_played":"-1431981275966773274","potions_obtained":[{"floor":1,"key":"Poison Potion"},{"floor":14,"key":"PowerPotion"},{"floor":14,"key":"Doom Potion"},{"floor":14,"key":"SneckoOil"}],"is_trial":false,"path_per_floor":["M","?","T","M","$","E","R","E","T","R","?","?","$","?","R","B"],"character_chosen":"THE_SILENT","items_purchased":[],"campfire_rested":3,"item_purchase_floors":[],"current_hp_per_floor":[68,68,68,64,64,30,51,19,19,40,40,40,40,40,61,0,0],"gold":381,"neow_bonus":"RANDOM_COMMON_RELIC","is_daily":false,"chose_seed":false,"campfire_upgraded":0,"win_rate":0.0,"timestamp":1609280345,"path_taken":["M","?","?","?","$","E","R","E","T","R","?","?","$","?","R","BOSS"],"items_purchased_type":[],"build_version":"2020-12-22","purchased_purges":0,"victory":false,"max_hp_per_floor":[70,70,70,70,70,70,70,70,70,70,70,70,70,70,70,70,70],"card_choices":[{"not_picked":["Underhanded Strike","Sucker Punch"],"picked":"Hidden Blade","floor":1},{"not_picked":["ReplayTheSpireMod:Shiv Toss","Acrobatics"],"picked":"Blade Dance","floor":4},{"not_picked":["Underhanded Strike","Flying Knee"],"picked":"Blade Dance","floor":6},{"not_picked":["Skewer","Sucker Punch"],"picked":"Blade Dance","floor":8}],"player_experience":619795,"relics_obtained":[{"floor":3,"key":"infinitespire:Bottled Soul"},{"floor":6,"key":"infinitespire:PuzzleCube"},{"floor":8,"key":"Sundial"},{"floor":9,"key":"hubris:TenFootPole"}],"event_choices":[{"damage_healed":0,"gold_gain":175,"player_choice":"AGREE","damage_taken":0,"max_hp_gain":0,"max_hp_loss":0,"event_name":"Liars Game","floor":2,"gold_loss":0,"cards_obtained":["Doubt"]},{"damage_healed":0,"gold_gain":0,"player_choice":"Got Potions","damage_taken":0,"max_hp_gain":0,"max_hp_loss":0,"event_name":"Lab","floor":14,"gold_loss":0}],"is_beta":false,"boss_relics":[],"items_purged_floors":[],"is_endless":false,"potions_floor_spawned":[1],"killed_by":"Slime Boss","ascension_level":4}}