{"host":"Krakhan","time":1609242532,"event":{"mods":["AchievementEnabler","BaseMod","Colored Map","Colored Powertips","Faster Ascension Climbing","Highlight Path","Minty Spire (QoL Compilation)","Rare Cards Sparkle","Relic Stats","StSLib"],"gold_per_floor":[113,125,141,141,141,184,184,228,277,317,333,404,417,433,433,526,526,539,539,560,485,500,544,544,544,544],"floor_reached":25,"playtime":2480,"items_purged":[],"score":511,"play_id":"c131135f-009d-4139-a22f-0be3629699f3","local_time":"20201229064852","is_ascension_mode":true,"campfire_choices":[{"data":"TalkToTheHand","floor":7.0,"key":"SMITH"},{"floor":15.0,"key":"REST"},{"floor":24,"key":"REST"}],"circlet_count":0,"master_deck":["AscendersBane","Defend_P+1","Defend_P","Defend_P+1","Eruption","Vigilance+1","WindmillStrike","Consecrate","Protect","TalkToTheHand+1","LessonLearned+1","SandsOfTime","SpiritShield","DeceiveReality+1","ClearTheMind+1","CrushJoints","Establishment+1","Bite","Bite","Bite","Bite","Bite","Wallop"],"relics":["SlaversCollar","Golden Idol","TeardropLocket","Nunchaku","Boot","HornCleat","Thread and Needle","Snecko Eye","Art of War"],"acts_visited":["Exordium","TheCity"],"potions_floor_usage":[16,16,18,22,25],"damage_taken":[{"damage":10.0,"enemies":"Jaw Worm","floor":1.0,"turns":5.0},{"damage":0.0,"enemies":"2 Louse","floor":2.0,"turns":5.0},{"damage":1.0,"enemies":"Small Slimes","floor":3.0,"turns":4.0},{"damage":18.0,"enemies":"3 Sentries","floor":6.0,"turns":10.0},{"damage":2.0,"enemies":"Gremlin Nob","floor":8.0,"turns":3.0},{"damage":8.0,"enemies":"Lagavulin","floor":10.0,"turns":6.0},{"damage":0.0,"enemies":"3 Louse","floor":11.0,"turns":4.0},{"damage":8.0,"enemies":"Lagavulin Event","floor":12.0,"turns":5.0},{"damage":3.0,"enemies":"Large Slime","floor":13.0,"turns":10.0},{"damage":0.0,"enemies":"Blue Slaver","floor":14.0,"turns":6.0},{"damage":11,"enemies":"Slime Boss","floor":16,"turns":9},{"damage":0,"enemies":"3 Byrds","floor":18,"turns":6},{"damage":1,"enemies":"Shell Parasite","floor":20,"turns":6},{"damage":2,"enemies":"Chosen and Byrds","floor":22,"turns":9},{"damage":37,"enemies":"Slavers","floor":23,"turns":10},{"damage":56,"enemies":"Gremlin Leader","floor":25,"turns":3}],"seed_played":"-2319639122270766312","potions_obtained":[{"floor":2.0,"key":"Weak Potion"},{"floor":6.0,"key":"BlessingOfTheForge"},{"floor":8.0,"key":"Block Potion"},{"floor":12.0,"key":"SpeedPotion"},{"floor":16,"key":"EssenceOfSteel"},{"floor":18,"key":"SneckoOil"},{"floor":23,"key":"Explosive Potion"}],"is_trial":false,"path_per_floor":["M","M","M","?","?","E","R","E","T","E","M","?","M","M","R","B",null,"M","?","M","?","M","E","R","E"],"character_chosen":"WATCHER","items_purchased":[],"campfire_rested":2,"item_purchase_floors":[],"current_hp_per_floor":[51,51,50,50,55,37,37,35,35,27,27,19,16,16,36,25,57,57,46,46,46,44,21,34,0,0],"gold":544,"neow_bonus":"BOSS_RELIC","is_daily":false,"chose_seed":false,"campfire_upgraded":1,"win_rate":0.0,"timestamp":1609242532,"path_taken":["M","M","M","?","?","E","R","E","T","E","M","?","?","M","R","BOSS","M","?","M","?","M","E","R","E"],"items_purchased_type":[],"build_version":"2020-12-18","purchased_purges":0,"victory":false,"max_hp_per_floor":[68,68,68,62,67,67,67,67,67,67,67,67,67,67,67,67,67,67,46,46,46,46,46,46,46,46],"relic_stats":{"Nunchaku":[13],"counters":[16,101],"Golden Idol":94,"Snecko Eye":[55,46,55,51],"Art of War":[0],"Boot":[36],"obtain_stats":[{"SlaversCollar":0,"Nunchaku":8,"HornCleat":10,"Golden Idol":4,"Snecko Eye":17,"Thread and Needle":12,"Art of War":23,"TeardropLocket":6,"PureWater":0,"Boot":9},{"SlaversCollar":0,"Nunchaku":5,"HornCleat":6,"Golden Idol":3,"Snecko Eye":11,"Thread and Needle":8,"Art of War":15,"TeardropLocket":4,"PureWater":0,"Boot":5},{"SlaversCollar":0,"Nunchaku":27,"HornCleat":33,"Golden Idol":14,"Snecko Eye":67,"Thread and Needle":42,"Art of War":98,"TeardropLocket":24,"PureWater":0,"Boot":27}]},"card_choices":[{"not_picked":["PathToVictory","ThirdEye"],"picked":"WindmillStrike","floor":1.0},{"not_picked":["Wireheading","Halt"],"picked":"Consecrate","floor":2.0},{"not_picked":["PathToVictory","Consecrate"],"picked":"Protect","floor":3.0},{"not_picked":["DeceiveReality","JustLucky"],"picked":"TalkToTheHand","floor":6.0},{"not_picked":["Consecrate","CutThroughFate"],"picked":"LessonLearned","floor":8.0},{"not_picked":["SashWhip","FlyingSleeves"],"picked":"SandsOfTime","floor":10.0},{"not_picked":["Study","SashWhip"],"picked":"SpiritShield","floor":11.0},{"not_picked":["LikeWater","Halt"],"picked":"DeceiveReality","floor":12.0},{"not_picked":["Crescendo","ThirdEye"],"picked":"ClearTheMind","floor":13.0},{"not_picked":["LessonLearned","FlurryOfBlows"],"picked":"CrushJoints","floor":14.0},{"not_picked":["SpiritShield","Scrawl"],"picked":"Establishment","floor":16},{"not_picked":["Crescendo","CrushJoints","SashWhip"],"picked":"SKIP","floor":18},{"not_picked":["Crescendo","CrushJoints","SashWhip"],"picked":"SKIP","floor":18},{"not_picked":["Consecrate","CrushJoints"],"picked":"Wallop","floor":20},{"not_picked":["FlyingSleeves","FlurryOfBlows","PathToVictory"],"picked":"SKIP","floor":22},{"not_picked":["FlyingSleeves","SashWhip","CrushJoints"],"picked":"SKIP","floor":23},{"not_picked":["FlyingSleeves","SashWhip","CrushJoints"],"picked":"SKIP","floor":23}],"player_experience":1249054,"relics_obtained":[{"floor":6.0,"key":"TeardropLocket"},{"floor":8.0,"key":"Nunchaku"},{"floor":9.0,"key":"Boot"},{"floor":10.0,"key":"HornCleat"},{"floor":12.0,"key":"Thread and Needle"},{"floor":23,"key":"Art of War"}],"event_choices":[{"damage_healed":0.0,"max_hp_gain":0.0,"max_hp_loss":6.0,"gold_gain":0.0,"event_name":"Golden Idol","player_choice":"Lose Max HP","floor":4.0,"gold_loss":0.0,"damage_taken":0.0,"relics_obtained":["Golden Idol"]},{"damage_healed":0.0,"max_hp_gain":5.0,"max_hp_loss":0.0,"gold_gain":0.0,"event_name":"Big Fish","player_choice":"Donut","floor":5.0,"gold_loss":0.0,"damage_taken":0.0},{"damage_healed":0.0,"max_hp_gain":0.0,"max_hp_loss":0.0,"gold_gain":0.0,"event_name":"Dead Adventurer","player_choice":"Searched \u00272\u0027 times","floor":12.0,"gold_loss":0.0,"damage_taken":0.0},{"damage_healed":0,"gold_gain":0,"player_choice":"Became a vampire","damage_taken":0,"max_hp_gain":0,"max_hp_loss":21,"event_name":"Vampires","floor":19,"gold_loss":0,"cards_obtained":["Bite","Bite","Bite","Bite","Bite"]},{"cards_removed":["Defend_P"],"damage_healed":0,"gold_gain":0,"player_choice":"Gave Gold","damage_taken":0,"max_hp_gain":0,"max_hp_loss":0,"event_name":"Beggar","floor":21,"gold_loss":75}],"is_beta":true,"boss_relics":[{"not_picked":["Cursed Key","Calling Bell"],"picked":"Snecko Eye"}],"items_purged_floors":[],"is_endless":false,"potions_floor_spawned":[2,6,8,12,16,18,23],"killed_by":"Gremlin Leader","ascension_level":20}}