{"host":"oy4pyvr762z5n0bb","time":1609225917,"event":{"mods":["AchievementEnabler","BaseMod","Colored Map","Colored Powertips","Googly Eyes","Key Reminder","Minty Spire (QoL Compilation)","Quick Restart","Relic Sorter","StSLib","SuperFastMode","Unceasing Turn Reminder","slay the spire mod where everything is the same but ironclad has a cowboy hat"],"gold_per_floor":[110,110,126,126,48,48,81,101,170,193,229,194,212,137,137,137,137],"floor_reached":16,"playtime":333,"items_purged":["Regret"],"score":143,"play_id":"48608d09-c5ba-4072-8471-84d5428da50a","local_time":"20201228231157","is_ascension_mode":true,"campfire_choices":[{"data":"Carnage","floor":6,"key":"SMITH"},{"floor":15,"key":"REST"}],"circlet_count":0,"master_deck":["Strike_R","Strike_R","Strike_R","Strike_R","Defend_R","Defend_R","Defend_R","Defend_R","Bash","Cleave","Infernal Blade","Carnage+1","Shrug It Off","Sword Boomerang","Havoc","Ghostly Armor","Pommel Strike"],"relics":["Burning Blood","Tiny Chest","Golden Idol","Pen Nib","Eternal Feather","Lantern"],"acts_visited":["Exordium"],"potions_floor_usage":[7,11,15],"damage_taken":[{"damage":3,"enemies":"2 Louse","floor":1,"turns":4},{"damage":10,"enemies":"Small Slimes","floor":3,"turns":3},{"damage":26,"enemies":"Gremlin Nob","floor":7,"turns":4},{"damage":0,"enemies":"Jaw Worm","floor":8,"turns":2},{"damage":19,"enemies":"2 Fungi Beasts","floor":10,"turns":4},{"damage":22,"enemies":"Lagavulin","floor":11,"turns":4},{"damage":0,"enemies":"3 Louse","floor":13,"turns":3},{"damage":93,"enemies":"The Guardian","floor":16,"turns":13}],"seed_played":"4789541737522790051","potions_obtained":[{"floor":3,"key":"Block Potion"},{"floor":10,"key":"PowerPotion"},{"floor":11,"key":"ElixirPotion"},{"floor":13,"key":"Fruit Juice"}],"is_trial":false,"path_per_floor":["M","?","M","?","$","R","E","M","T","M","E","?","M","$","R","B"],"character_chosen":"IRONCLAD","items_purchased":["Carnage"],"campfire_rested":1,"item_purchase_floors":[5],"current_hp_per_floor":[75,75,71,51,51,51,31,37,37,24,8,28,34,34,73,0,0],"gold":137,"neow_bonus":"REMOVE_CARD","is_daily":false,"chose_seed":false,"campfire_upgraded":1,"win_rate":0.0,"timestamp":1609225917,"path_taken":["M","?","M","?","$","R","E","M","T","M","E","?","M","$","R","BOSS"],"items_purchased_type":["Card"],"build_version":"2020-12-22","purchased_purges":1,"victory":false,"max_hp_per_floor":[80,80,80,80,80,80,80,80,80,80,80,80,80,80,85,85,85],"card_choices":[{"not_picked":["Body Slam","Thunderclap"],"picked":"Cleave","floor":1},{"not_picked":["Heavy Blade","Dark Embrace"],"picked":"Infernal Blade","floor":3},{"not_picked":["Flex","Sword Boomerang"],"picked":"Shrug It Off","floor":7},{"not_picked":["Wild Strike","Clash"],"picked":"Sword Boomerang","floor":8},{"not_picked":["Reckless Charge","Second Wind"],"picked":"Havoc","floor":10},{"not_picked":["True Grit","Havoc"],"picked":"Ghostly Armor","floor":11},{"not_picked":["Havoc","Flex"],"picked":"Pommel Strike","floor":13}],"player_experience":593180,"relics_obtained":[{"floor":7,"key":"Pen Nib"},{"floor":9,"key":"Eternal Feather"},{"floor":11,"key":"Lantern"}],"event_choices":[{"damage_healed":0,"gold_gain":0,"player_choice":"Box","damage_taken":0,"relics_obtained":["Tiny Chest"],"max_hp_gain":0,"max_hp_loss":0,"event_name":"Big Fish","floor":2,"gold_loss":0,"cards_obtained":["Regret"]},{"damage_healed":0,"gold_gain":0,"player_choice":"Take Damage","damage_taken":20,"relics_obtained":["Golden Idol"],"max_hp_gain":0,"max_hp_loss":0,"event_name":"Golden Idol","floor":4,"gold_loss":0},{"damage_healed":20,"gold_gain":0,"player_choice":"Healed","damage_taken":0,"max_hp_gain":0,"max_hp_loss":0,"event_name":"The Cleric","floor":12,"gold_loss":35}],"is_beta":false,"boss_relics":[],"items_purged_floors":[14],"is_endless":false,"potions_floor_spawned":[3,10,11,13],"killed_by":"The Guardian","ascension_level":6}}