{"host":"Jackie","time":1609240867,"event":{"mods":["BaseMod","Highlight Path","Minty Spire (QoL Compilation)","Relic Stats","Slay the Relics Exporter","StSLib","Twitch Decklist"],"gold_per_floor":[113,132,64,79,79,108,108,136,161,161,180,198,212,85,85,162,162,178,178,193,27,27,27],"floor_reached":22,"playtime":1336,"items_purged":["Strike_R"],"score":392,"play_id":"2f61d317-0cf2-4bf0-87b8-898ee0ae8ded","local_time":"20201229032107","is_ascension_mode":true,"campfire_choices":[{"data":"Hemokinesis","floor":7.0,"key":"SMITH"},{"floor":10.0,"key":"REST"},{"data":"Disarm","floor":15.0,"key":"SMITH"}],"circlet_count":0,"master_deck":["AscendersBane","Strike_R","Defend_R","Defend_R","Defend_R","Defend_R","Bash+1","Anger","Hemokinesis+1","Headbutt","Disarm+1","Impervious","Metallicize","Shrug It Off","Immolate","Flame Barrier+1","Cleave+1","Flame Barrier+1","Disarm"],"relics":["Runic Cube","Boot","Art of War","Nunchaku","Astrolabe","PrismaticShard"],"acts_visited":["Exordium","TheCity"],"potions_floor_usage":[18,20],"damage_taken":[{"damage":14.0,"enemies":"Jaw Worm","floor":1.0,"turns":6.0},{"damage":0.0,"enemies":"Small Slimes","floor":2.0,"turns":3.0},{"damage":0.0,"enemies":"2 Louse","floor":4.0,"turns":2.0},{"damage":32.0,"enemies":"Lagavulin","floor":6.0,"turns":6.0},{"damage":31.0,"enemies":"3 Sentries","floor":8.0,"turns":7.0},{"damage":2.0,"enemies":"Large Slime","floor":11.0,"turns":4.0},{"damage":3.0,"enemies":"2 Fungi Beasts","floor":12.0,"turns":3.0},{"damage":2.0,"enemies":"Blue Slaver","floor":13.0,"turns":5.0},{"damage":16.0,"enemies":"The Guardian","floor":16.0,"turns":13.0},{"damage":25,"enemies":"Spheric Guardian","floor":18,"turns":7},{"damage":18,"enemies":"Chosen","floor":20,"turns":6},{"damage":19,"enemies":"Shelled Parasite and Fungi","floor":22,"turns":3}],"seed_played":"7061928666527549614","potions_obtained":[{"floor":1.0,"key":"FairyPotion"},{"floor":2.0,"key":"ColorlessPotion"},{"floor":11.0,"key":"SkillPotion"},{"floor":12.0,"key":"ColorlessPotion"},{"floor":13.0,"key":"Swift Potion"}],"is_trial":false,"path_per_floor":["M","M","?","M","?","E","R","E","T","R","M","M","M","$","R","B",null,"M","?","M","$","M"],"character_chosen":"IRONCLAD","items_purchased":["Shrug It Off","PrismaticShard"],"campfire_rested":1,"item_purchase_floors":[14,21],"current_hp_per_floor":[54,54,54,54,54,22,22,15,15,37,35,32,30,30,30,14,60,35,35,17,17,0,0],"gold":27,"neow_bonus":"BOSS_RELIC","is_daily":false,"chose_seed":false,"campfire_upgraded":2,"win_rate":0.0,"timestamp":1609240867,"path_taken":["M","M","?","M","?","E","R","E","T","R","M","?","M","$","R","BOSS","M","?","M","$","M"],"items_purchased_type":["Card","Relic"],"build_version":"2020-12-18","purchased_purges":1,"victory":false,"max_hp_per_floor":[75,75,75,75,75,75,75,75,75,75,75,75,75,75,75,75,75,75,75,75,75,75,75],"relic_stats":{"Nunchaku":[6],"counters":[12,65],"Astrolabe":["Flame Barrier","Cleave","Flame Barrier"],"Art of War":[3],"Boot":[1],"obtain_stats":[{"Nunchaku":9,"Astrolabe":17,"Art of War":8,"Boot":6,"PrismaticShard":21,"Burning Blood":0,"Runic Cube":0},{"Nunchaku":5,"Astrolabe":9,"Art of War":5,"Boot":4,"PrismaticShard":11,"Burning Blood":0,"Runic Cube":0},{"Nunchaku":24,"Astrolabe":49,"Art of War":24,"Boot":17,"PrismaticShard":62,"Burning Blood":0,"Runic Cube":0}],"Runic Cube":[33]},"card_choices":[{"not_picked":["Ghostly Armor","Thunderclap"],"picked":"Anger","floor":1.0},{"not_picked":["Cleave","Rampage"],"picked":"Hemokinesis","floor":2.0},{"not_picked":["Warcry","Entrench"],"picked":"Headbutt","floor":4.0},{"not_picked":["Havoc","Power Through"],"picked":"Disarm","floor":6.0},{"not_picked":["Clash","Intimidate","Clothesline"],"picked":"SKIP","floor":8.0},{"not_picked":["Pommel Strike","Thunderclap","Iron Wave"],"picked":"SKIP","floor":11.0},{"not_picked":["Heavy Blade","Twin Strike"],"picked":"Impervious","floor":12.0},{"not_picked":["Clothesline","Iron Wave"],"picked":"Metallicize","floor":13.0},{"not_picked":["Impervious","Fiend Fire"],"picked":"Immolate","floor":16.0},{"not_picked":["Pommel Strike","Dual Wield","Sword Boomerang"],"picked":"SKIP","floor":18},{"not_picked":["Flex","Sever Soul+1","Anger"],"picked":"SKIP","floor":20}],"player_experience":2147290,"relics_obtained":[{"floor":6.0,"key":"Boot"},{"floor":8.0,"key":"Art of War"},{"floor":9.0,"key":"Nunchaku"}],"event_choices":[{"damage_healed":0.0,"max_hp_gain":0.0,"max_hp_loss":0.0,"gold_gain":0.0,"event_name":"World of Goop","player_choice":"Left Gold","floor":3.0,"gold_loss":68.0,"damage_taken":0.0},{"damage_healed":0.0,"max_hp_gain":0.0,"max_hp_loss":0.0,"gold_gain":0.0,"event_name":"Living Wall","player_choice":"Grow","floor":5.0,"gold_loss":0.0,"damage_taken":0.0,"cards_upgraded":["Bash"]},{"damage_healed":0,"gold_gain":0,"player_choice":"Read","damage_taken":0,"max_hp_gain":0,"max_hp_loss":0,"event_name":"The Library","floor":19,"gold_loss":0,"cards_obtained":["Disarm"]}],"is_beta":true,"boss_relics":[{"not_picked":["Empty Cage","Busted Crown"],"picked":"Astrolabe"}],"items_purged_floors":[14],"is_endless":false,"potions_floor_spawned":[1,2,11,12,13],"killed_by":"Shelled Parasite and Fungi","ascension_level":20}}