{"host":"Jedit","time":1609282037,"event":{"mods":["BaseMod","Minty Spire (QoL Compilation)","Relic Stats","StSLib"],"gold_per_floor":[18,37,37,54,54,54,65,65,117,152,227,238,266,278,278,353,353,371,296,296,211,236,236,268,7,58,93,110,126,9,22,22,101,101,116,116,74,94,40,40,74,74,146,146,146],"floor_reached":44,"playtime":1929,"items_purged":["Strike_G"],"score":1043,"play_id":"f9c40853-2aac-4c69-89be-4de3e8a43fa8","local_time":"20201229224717","is_ascension_mode":true,"campfire_choices":[{"data":"Dagger Spray","floor":6,"key":"SMITH"},{"floor":15,"key":"REST"},{"data":"Catalyst","floor":23,"key":"SMITH"},{"floor":32,"key":"REST"},{"data":"Wraith Form v2","floor":40,"key":"SMITH"},{"floor":42,"key":"REST"}],"circlet_count":0,"master_deck":["AscendersBane","Strike_G","Strike_G","Strike_G","Defend_G","Defend_G","Defend_G","Survivor","Neutralize","Venomology","Deadly Poison","Cloak And Dagger","Dagger Spray+1","Noxious Fumes","Tools of the Trade","Catalyst+1","Riddle With Holes","Distraction","Unload","Caltrops","Footwork","Noxious Fumes","Blur+1","Blur+1","PiercingWail","Footwork","Backflip","Wraith Form v2+1","Deadly Poison","Chrysalis","Concentrate","Deadly Poison","Backflip+1"],"relics":["Ring of the Snake","Lantern","Bag of Marbles","Gremlin Horn","Vajra","Calling Bell","Tiny Chest","StrikeDummy","Calipers","Happy Flower","Anchor","Girya","Medical Kit","Oddly Smooth Stone","Runic Pyramid","Mummified Hand","Ornamental Fan"],"acts_visited":["Exordium","TheCity","TheBeyond"],"potions_floor_usage":[1,7,10,10,12,12,13,14,16,16,24,27,27,27,29,31,31,33,38,38,38,44,44],"damage_taken":[{"damage":0,"enemies":"Jaw Worm","floor":1,"turns":4},{"damage":4,"enemies":"Cultist","floor":2,"turns":5},{"damage":0,"enemies":"2 Louse","floor":4,"turns":3},{"damage":0,"enemies":"Looter","floor":7,"turns":4},{"damage":24,"enemies":"Lagavulin","floor":10,"turns":4},{"damage":10,"enemies":"Large Slime","floor":12,"turns":6},{"damage":43,"enemies":"Gremlin Nob","floor":13,"turns":5},{"damage":3,"enemies":"Exordium Thugs","floor":14,"turns":3},{"damage":15,"enemies":"The Guardian","floor":16,"turns":10},{"damage":6,"enemies":"Chosen","floor":18,"turns":5},{"damage":10,"enemies":"Slavers","floor":24,"turns":4},{"damage":37,"enemies":"Book of Stabbing","floor":27,"turns":6},{"damage":0,"enemies":"3 Byrds","floor":28,"turns":3},{"damage":3,"enemies":"Centurion and Healer","floor":29,"turns":6},{"damage":8,"enemies":"Snecko","floor":31,"turns":6},{"damage":7,"enemies":"Champ","floor":33,"turns":11},{"damage":4,"enemies":"3 Darklings","floor":35,"turns":6},{"damage":0,"enemies":"Orb Walker","floor":38,"turns":5},{"damage":49,"enemies":"Giant Head","floor":41,"turns":9},{"damage":23,"enemies":"Reptomancer","floor":44,"turns":3}],"seed_played":"-5707860030424401170","potions_obtained":[{"floor":10,"key":"Fruit Juice"},{"floor":12,"key":"Fruit Juice"},{"floor":14,"key":"FearPotion"},{"floor":24,"key":"PowerPotion"},{"floor":27,"key":"PowerPotion"},{"floor":28,"key":"Dexterity Potion"}],"is_trial":false,"path_per_floor":["M","M","?","M","$","R","M","?","T","E","T","M","E","M","R","B",null,"M","?","?","?","T","R","E","$","T","E","M","M","$","M","R","B",null,"M","?","$","M","$","R","E","R","T","E"],"character_chosen":"THE_SILENT","items_purchased":["Noxious Fumes","Medical Kit","Footwork","Concentrate","Deadly Poison"],"campfire_rested":3,"item_purchase_floors":[25,25,30,37,39],"current_hp_per_floor":[59,55,76,76,76,76,76,76,76,52,52,47,4,6,31,16,69,63,63,63,63,63,63,53,53,53,16,16,13,13,5,30,23,70,66,66,66,66,66,66,17,42,42,28,28],"gold":146,"neow_bonus":"TRANSFORM_TWO_CARDS","is_daily":false,"chose_seed":false,"campfire_upgraded":3,"win_rate":0.0,"timestamp":1609282037,"path_taken":["M","M","?","M","?","R","M","?","T","E","?","M","E","M","R","BOSS","M","?","?","?","?","R","E","$","T","E","M","?","$","M","R","BOSS","M","?","$","M","$","R","E","R","T","E"],"items_purchased_type":["Card","Relic","Card","Card","Card"],"build_version":"2020-12-18","purchased_purges":1,"victory":false,"max_hp_per_floor":[66,66,76,76,76,76,76,76,76,76,76,81,81,86,86,86,86,86,86,86,86,86,86,86,86,86,86,86,86,86,86,86,86,86,86,86,86,86,86,86,86,86,86,86,86],"relic_stats":{"Gremlin Horn":[9,9],"Happy Flower":[19],"counters":[20,108],"Mummified Hand":[2],"Ornamental Fan":[0],"Tiny Chest":1,"Medical Kit":[3],"obtain_stats":[{"Girya":24,"Lantern":9,"Calipers":17,"Gremlin Horn":11,"Happy Flower":21,"Vajra":13,"Oddly Smooth Stone":27,"Medical Kit":25,"Calling Bell":17,"Anchor":22,"Mummified Hand":41,"Ornamental Fan":43,"Tiny Chest":17,"Bag of Marbles":10,"StrikeDummy":17,"Ring of the Snake":0,"Runic Pyramid":34},{"Girya":11,"Lantern":4,"Calipers":9,"Gremlin Horn":5,"Happy Flower":10,"Vajra":7,"Oddly Smooth Stone":12,"Medical Kit":11,"Calling Bell":9,"Anchor":10,"Mummified Hand":19,"Ornamental Fan":19,"Tiny Chest":9,"Bag of Marbles":5,"StrikeDummy":9,"Ring of the Snake":0,"Runic Pyramid":16},{"Girya":53,"Lantern":16,"Calipers":44,"Gremlin Horn":20,"Happy Flower":49,"Vajra":31,"Oddly Smooth Stone":59,"Medical Kit":53,"Calling Bell":44,"Anchor":49,"Mummified Hand":105,"Ornamental Fan":105,"Tiny Chest":44,"Bag of Marbles":20,"StrikeDummy":44,"Ring of the Snake":0,"Runic Pyramid":85}],"Ring of the Snake":[40]},"card_choices":[{"not_picked":["Underhanded Strike","Acrobatics"],"picked":"Deadly Poison","floor":1},{"not_picked":["Acrobatics","Underhanded Strike"],"picked":"Cloak And Dagger","floor":2},{"not_picked":["Predator","Accuracy"],"picked":"Dagger Spray","floor":4},{"not_picked":["Bane","Sucker Punch"],"picked":"Noxious Fumes","floor":7},{"not_picked":["Dash","Flying Knee"],"picked":"Tools of the Trade","floor":10},{"not_picked":["Slice","Endless Agony"],"picked":"Catalyst","floor":12},{"not_picked":["Dagger Throw","Underhanded Strike"],"picked":"Riddle With Holes","floor":13},{"not_picked":["Finisher","Slice"],"picked":"Distraction","floor":14},{"not_picked":["Grand Finale","Glass Knife"],"picked":"Unload","floor":16},{"not_picked":["Poisoned Stab","Finisher"],"picked":"Caltrops","floor":18},{"not_picked":["Underhanded Strike","Reflex"],"picked":"Footwork","floor":24},{"not_picked":["Outmaneuver","Heel Hook"],"picked":"Blur+1","floor":27},{"not_picked":["Deflect","Dodge and Roll"],"picked":"Blur+1","floor":28},{"not_picked":["Calculated Gamble","Distraction"],"picked":"PiercingWail","floor":29},{"not_picked":["Quick Slash","Outmaneuver"],"picked":"Backflip","floor":31},{"not_picked":["Unload","Doppelganger"],"picked":"Wraith Form v2","floor":33},{"not_picked":["Skewer","Blade Dance"],"picked":"Deadly Poison","floor":35},{"not_picked":["Trip","Finesse"],"picked":"Chrysalis","floor":36},{"not_picked":["Backstab","Distraction","Acrobatics"],"picked":"SKIP","floor":38},{"not_picked":["Expertise","Poisoned Stab"],"picked":"Backflip+1","floor":41}],"player_experience":3424382,"relics_obtained":[{"floor":9,"key":"Lantern"},{"floor":10,"key":"Bag of Marbles"},{"floor":11,"key":"Gremlin Horn"},{"floor":13,"key":"Vajra"},{"floor":17,"key":"Tiny Chest"},{"floor":17,"key":"StrikeDummy"},{"floor":17,"key":"Calipers"},{"floor":22,"key":"Anchor"},{"floor":24,"key":"Girya"},{"floor":27,"key":"Oddly Smooth Stone"},{"floor":41,"key":"Mummified Hand"},{"floor":43,"key":"Ornamental Fan"}],"event_choices":[{"cards_removed":["Bullet Time"],"damage_healed":11,"gold_gain":0,"player_choice":"Offered Rare","damage_taken":0,"max_hp_gain":10,"max_hp_loss":0,"event_name":"Bonfire Elementals","floor":3,"gold_loss":0},{"damage_healed":0,"gold_gain":0,"player_choice":"Leave","damage_taken":0,"max_hp_gain":0,"max_hp_loss":0,"event_name":"The Cleric","floor":8,"gold_loss":0},{"cards_removed":["Defend_G"],"damage_healed":0,"gold_gain":0,"player_choice":"Gave Gold","damage_taken":0,"max_hp_gain":0,"max_hp_loss":0,"event_name":"Beggar","floor":19,"gold_loss":75},{"damage_healed":0,"gold_gain":0,"player_choice":"Ignored","damage_taken":0,"max_hp_gain":0,"max_hp_loss":0,"event_name":"Vampires","floor":20,"gold_loss":0},{"damage_healed":0,"gold_gain":0,"player_choice":"Obtained Relic","damage_taken":0,"relics_obtained":["Happy Flower"],"max_hp_gain":0,"max_hp_loss":0,"event_name":"Addict","floor":21,"gold_loss":85},{"damage_healed":0,"gold_gain":0,"player_choice":"Memory 1","damage_taken":0,"max_hp_gain":0,"max_hp_loss":0,"event_name":"SensoryStone","floor":36,"gold_loss":0}],"is_beta":true,"boss_relics":[{"not_picked":["Coffee Dripper","Runic Dome"],"picked":"Calling Bell"},{"not_picked":["WristBlade","Tiny House"],"picked":"Runic Pyramid"}],"items_purged_floors":[30],"is_endless":false,"potions_floor_spawned":[4,7,10,12,14,24,27,28,41],"killed_by":"Reptomancer","ascension_level":20}}