{"host":"6pgtslebjnyv5xmi","time":1609255215,"event":{"mods":["AchievementEnabler","BaseMod","Colored Map","Marisa£¨Ùöéë¡¡Øª×âÞÞ£©","Minty Spire (QoL Compilation)","Rare Cards Sparkle","StSLib","SuperFastMode","everything is the same but u backflip on backflip"],"gold_per_floor":[115,190,209,209,221,221,234,409,481,481,330,330,330,350,350,451,451,469,384,137,150,161,161,207,207,279,279,142,170,170,190,190,289,289,299,299,313,372,225,225,249,249,249,271,271,271,271],"floor_reached":46,"playtime":2510,"items_purged":["Doubt"],"score":510,"play_id":"c1670d47-7f94-49fc-ac84-68a1548b017f","local_time":"20201230002015","is_ascension_mode":true,"campfire_choices":[{"data":"Jack Of All Trades","floor":6.0,"key":"SMITH"},{"data":"Zap","floor":10,"key":"SMITH"},{"data":"Dualcast","floor":13,"key":"SMITH"},{"data":"Capacitor","floor":15,"key":"SMITH"},{"floor":23,"key":"REST"},{"data":"Multi-Cast","floor":25,"key":"SMITH"},{"data":"Thunder Strike","floor":32,"key":"SMITH"},{"floor":40,"key":"REST"},{"data":"Electrodynamics","floor":42,"key":"SMITH"}],"circlet_count":0,"master_deck":["Zap+1","Dualcast+1","Jack Of All Trades+1","Capacitor+1","Cold Snap","Multi-Cast+1","Hologram","Self Repair","Static Discharge","Auto Shields","Genetic Algorithm","Defragment","Leap+1","Loop","Biased Cognition","Glacier+1","Thunder Strike+1","Electrodynamics+1","Storm","BootSequence+1"],"relics":["Cracked Core","NeowsBlessing","Pear","Pandora\u0027s Box","Centennial Puzzle","Letter Opener","CeramicFish","Eternal Feather","Inserter","Girya","Chemical X","Emotion Chip"],"acts_visited":["TheCity","TheBeyond"],"potions_floor_usage":[16,22,33,33,41,46,46],"damage_taken":[{"damage":0.0,"enemies":"Small Slimes","floor":1.0,"turns":1.0},{"damage":0.0,"enemies":"2 Louse","floor":3.0,"turns":1.0},{"damage":0.0,"enemies":"Cultist","floor":5.0,"turns":1.0},{"damage":15.0,"enemies":"2 Fungi Beasts","floor":7.0,"turns":4.0},{"damage":7,"enemies":"Looter","floor":14,"turns":3},{"damage":49,"enemies":"Hexaghost","floor":16,"turns":10},{"damage":27,"enemies":"Shell Parasite","floor":18,"turns":5},{"damage":22,"enemies":"3 Byrds","floor":21,"turns":4},{"damage":2,"enemies":"Snecko","floor":22,"turns":6},{"damage":14,"enemies":"Snake Plant","floor":29,"turns":4},{"damage":22,"enemies":"Sentry and Sphere","floor":31,"turns":6},{"damage":51,"enemies":"Collector","floor":33,"turns":6},{"damage":62,"enemies":"3 Darklings","floor":35,"turns":5},{"damage":6,"enemies":"Orb Walker","floor":37,"turns":6},{"damage":11,"enemies":"Mind Bloom Boss Battle","floor":38,"turns":8},{"damage":18,"enemies":"Spire Growth","floor":41,"turns":5},{"damage":33,"enemies":"Sphere and 2 Shapes","floor":44,"turns":5},{"damage":11,"enemies":"3 Darklings","floor":46,"turns":5}],"seed_played":"6669612946624798047","potions_obtained":[{"floor":7,"key":"LiquidBronze"},{"floor":16,"key":"CultistPotion"},{"floor":18,"key":"AttackPotion"},{"floor":21,"key":"Fire Potion"},{"floor":37,"key":"Swift Potion"},{"floor":41,"key":"EssenceOfSteel"},{"floor":44,"key":"SneckoOil"}],"is_trial":false,"path_per_floor":["M","?","M","?","M","R","M","?","T","R","$","?","R","M","R","B",null,"M","?","$","M","M","R","T","R","T","?","$","M","$","M","R","B",null,"M","?","M","?","$","R","M","R","T","M","?","M"],"character_chosen":"DEFECT","items_purchased":["Capacitor","Letter Opener","Biased Cognition","Chemical X"],"campfire_rested":2,"item_purchase_floors":[11,20,28,39],"current_hp_per_floor":[75,64,64,64,64,64,49,49,59,59,59,85,85,78,78,29,71,51,51,51,36,41,66,66,66,66,66,66,62,62,47,56,12,67,12,12,13,9,9,43,25,37,37,11,11,0,0],"gold":271,"neow_bonus":"THREE_ENEMY_KILL","is_daily":false,"chose_seed":false,"campfire_upgraded":7,"win_rate":0.0,"timestamp":1609255215,"path_taken":["M","?","M","?","?","R","M","?","T","R","$","?","R","M","R","BOSS","M","?","$","M","M","R","?","R","T","?","$","M","?","M","R","BOSS","M","?","?","?","$","R","M","R","T","M","?","?"],"items_purchased_type":["Card","Relic","Card","Relic"],"build_version":"2020-12-22","purchased_purges":1,"victory":false,"max_hp_per_floor":[75,75,75,75,75,75,75,75,85,85,85,85,85,85,85,85,85,85,85,85,85,85,85,85,85,85,85,85,85,85,85,85,85,85,85,85,85,85,85,85,85,85,85,85,85,85,85],"card_choices":[{"not_picked":["Beam Cell","Stack","Barrage"],"picked":"SKIP","floor":1.0},{"not_picked":["Stack","Conserve Battery","Leap"],"picked":"SKIP","floor":3.0},{"not_picked":["Gash","Steam","Leap"],"picked":"SKIP","floor":5.0},{"not_picked":["Conserve Battery","Leap","Genetic Algorithm"],"picked":"SKIP","floor":7},{"not_picked":["Beam Cell","Redo"],"picked":"Cold Snap","floor":14},{"not_picked":["Fission","Creative AI"],"picked":"Multi-Cast","floor":16},{"not_picked":["Sweeping Beam","Rebound"],"picked":"Leap+1","floor":18},{"not_picked":["Beam Cell","Coolheaded"],"picked":"Loop","floor":21},{"not_picked":["Undo","Loop+1","Redo"],"picked":"SKIP","floor":22},{"not_picked":["Hologram","Steam"],"picked":"Glacier+1","floor":29},{"not_picked":["Defragment","Stack"],"picked":"Thunder Strike","floor":31},{"not_picked":["Streamline","Compile Driver+1","Stack"],"picked":"SKIP","floor":35},{"not_picked":["Turbo","Streamline+1","Skim"],"picked":"SKIP","floor":37},{"not_picked":["Redo","Reinforced Body+1"],"picked":"Electrodynamics","floor":38},{"not_picked":["Conserve Battery","Fusion"],"picked":"Storm","floor":41},{"not_picked":["Static Discharge+1","Beam Cell"],"picked":"BootSequence+1","floor":44}],"player_experience":592503,"relics_obtained":[{"floor":9,"key":"Pear"},{"floor":24,"key":"CeramicFish"},{"floor":26,"key":"Eternal Feather"},{"floor":38,"key":"Girya"},{"floor":43,"key":"Emotion Chip"}],"event_choices":[{"damage_healed":0.0,"max_hp_gain":0.0,"max_hp_loss":0.0,"gold_gain":75.0,"event_name":"World of Goop","player_choice":"Gather Gold","floor":2.0,"gold_loss":0.0,"damage_taken":11.0},{"damage_healed":0.0,"max_hp_gain":0.0,"max_hp_loss":0.0,"gold_gain":0.0,"event_name":"Match and Keep!","player_choice":"1 cards matched","floor":4.0,"gold_loss":0.0,"damage_taken":0.0,"cards_obtained":["Jack Of All Trades"]},{"damage_healed":0,"gold_gain":175,"player_choice":"AGREE","damage_taken":0,"max_hp_gain":0,"max_hp_loss":0,"event_name":"Liars Game","floor":8,"gold_loss":0,"cards_obtained":["Doubt"]},{"damage_healed":28,"gold_gain":0,"player_choice":"Banana","damage_taken":0,"max_hp_gain":0,"max_hp_loss":0,"event_name":"Big Fish","floor":12,"gold_loss":0},{"damage_healed":0,"gold_gain":0,"player_choice":"Obtained Relic","damage_taken":0,"relics_obtained":["Centennial Puzzle"],"max_hp_gain":0,"max_hp_loss":0,"event_name":"Addict","floor":19,"gold_loss":85},{"cards_removed":["Stack"],"damage_healed":0,"gold_gain":0,"player_choice":"Elegance","damage_taken":0,"max_hp_gain":0,"max_hp_loss":0,"event_name":"Back to Basics","floor":27,"gold_loss":0},{"damage_healed":0,"gold_gain":0,"player_choice":"Relic","damage_taken":0,"max_hp_gain":0,"max_hp_loss":0,"event_name":"Wheel of Change","floor":36,"gold_loss":0},{"damage_healed":0,"gold_gain":0,"player_choice":"Fight","damage_taken":0,"max_hp_gain":0,"max_hp_loss":0,"event_name":"MindBloom","floor":38,"gold_loss":0},{"cards_removed":["White Noise"],"damage_healed":0,"gold_gain":0,"player_choice":"Purged","damage_taken":0,"max_hp_gain":0,"max_hp_loss":0,"event_name":"Purifier","floor":45,"gold_loss":0}],"is_beta":false,"boss_relics":[{"not_picked":["Cursed Key","Calling Bell"],"picked":"Pandora\u0027s Box"},{"not_picked":["SacredBark","Sozu"],"picked":"Inserter"}],"items_purged_floors":[11],"is_endless":false,"potions_floor_spawned":[7,16,18,21,37,41,44],"killed_by":"3 Darklings","ascension_level":5}}