{"host":"appz8zkad29u9482","time":1609234877,"event":{"mods":["2.2 Compatiblity","Act Like it!","Aspiration","BaseMod","Better Altar","Better Match","Better Note","Better Skull","Better Third Choice","BetterRewards","CapriCore","Chen","Conspire","Disable Question Mark Monsters","Energized Spire","Gensokyo","GifTheSpireLib","Gold Saver","Halation","Hermit","Hubris","Infinite Spire","Jedi Mod","Marisa????????","Minty Spire (QoL Compilation)","Permanent Neow","Reimu??????","Replay The Spire","Spicy Shops","StSLib","Strawberry Spire","Stuff the Spire","The Immortal","The Servant 0.9.4","Yakumo Yukari mod","yUi"],"gold_per_floor":[610,610,678,518,532,565,565,602,681,718,732,760,774,810,810,923,923,944,979,979,979,992,992,1022,1022,1068,1094,1194,1211,1225,821,821,929,929,945,945,957,975,995,995,1000,1000,1000],"floor_reached":41,"playtime":4096,"items_purged":["MokouMod:Defend"],"score":601,"play_id":"000a3f9e-c507-459e-ae99-5bbdfd451d3a","local_time":"20201228234117","is_ascension_mode":true,"campfire_choices":[{"data":"MokouMod:RisingSunBarrier","floor":7,"key":"SMITH"},{"data":"MokouMod:SacredFire","floor":15,"key":"SMITH"},{"data":"MokouMod:HouraiForge","floor":23,"key":"SMITH"},{"data":"MokouMod:SacredFire","floor":25,"key":"SMITH"},{"floor":32,"key":"RECALL"},{"data":"infinitespire:UltimateForm","floor":40,"key":"SMITH"}],"circlet_count":0,"master_deck":["MokouMod:Strike","MokouMod:Strike","MokouMod:Strike","MokouMod:Strike","MokouMod:Strike","MokouMod:Defend","MokouMod:Defend","MokouMod:Defend","MokouMod:HeatSpark","MokouMod:Geothermal","MokouMod:AdaptivePyromancy","MokouMod:Trailblazer","MokouMod:Firecracker","MokouMod:BlazingComet+1","MokouMod:SacredFire+1","MokouMod:AdaptivePyromancy","MokouMod:HeatCyclone","MokouMod:Fireball","MokouMod:HouraiForge+1","CurseOfTheBell","MokouMod:RisingSunBarrier+1","MokouMod:GuidingSmoke+1","MokouMod:ImperishableFlame","MokouMod:BurningDraft+1","MokouMod:SacredFire+1","MokouMod:FlareStarter","MokouMod:HeatFactory+1","MokouMod:ResonatingAura","MokouMod:SearingBlow","MokouMod:ResonanceReactor","infinitespire:UltimateForm+1","MokouMod:TemporalFireSeal+1","MokouMod:ImperishableFlame+1"],"relics":["MokouMod:PhoenixFeather","halation:IllGainedPizza","Enchiridion","infinitespire:Broken Mirror","Blue Candle","Mummified Hand","ReplayTheSpireMod:TigerMarble","halation:OrihimeAndHikoboshiSamaAndTears","Meat on the Bone","Calling Bell","hubris:Teleporter","conspire:BottledYoYo","StuffTheSpire:Mouthbags","hubris:ToyBattleship","StuffTheSpire:HeavyRock","jedi:shrinkray","halation:KoshaPiece","conspire:GiftBox","Replay:Wanted Poster","StuffTheSpire:OldFever","infinitespire:FocusingShard","Sozu","halation:Diary","RedLine:ReiMu"],"acts_visited":["Gensokyo:Gensokyo","Gensokyo:Gensokyoer","Gensokyo:Gensokyoest"],"potions_floor_usage":[6,8,14,14,16,22,41],"damage_taken":[{"damage":10,"enemies":"Gensokyo:Gryphon","floor":1,"turns":3},{"damage":10,"enemies":"Gensokyo:2_Kodama","floor":5,"turns":3},{"damage":24,"enemies":"Gensokyo:Aya","floor":6,"turns":7},{"damage":0,"enemies":"Gensokyo:Mamizou","floor":8,"turns":7},{"damage":0,"enemies":"Gensokyo:Aya","floor":10,"turns":4},{"damage":0,"enemies":"Gensokyo:Python","floor":11,"turns":2},{"damage":0,"enemies":"Gensokyo:Mamizou","floor":12,"turns":8},{"damage":0,"enemies":"Gensokyo:VengefulSpirit","floor":13,"turns":2},{"damage":9,"enemies":"Gensokyo:Aya","floor":14,"turns":7},{"damage":0,"enemies":"Gensokyo:Yukari","floor":16,"turns":9},{"damage":3,"enemies":"Gensokyo:3_Dogs","floor":18,"turns":3},{"damage":1,"enemies":"conspire:MimicChest","floor":19,"turns":4},{"damage":15,"enemies":"Gensokyo:AngelMirror","floor":22,"turns":2},{"damage":21,"enemies":"Gensokyo:Tenshi","floor":24,"turns":3},{"damage":0,"enemies":"Gensokyo:Wraith","floor":27,"turns":4},{"damage":3,"enemies":"Gensokyo:Mirror_and_Dog","floor":29,"turns":3},{"damage":6,"enemies":"Gensokyo:3_Gloops","floor":30,"turns":3},{"damage":48,"enemies":"Gensokyo:Kaguya","floor":33,"turns":7},{"damage":19,"enemies":"Gensokyo:3_Boulders","floor":35,"turns":4},{"damage":11,"enemies":"Gensokyo:3_Bats","floor":37,"turns":3},{"damage":0,"enemies":"Gensokyo:SeedOfUnknown","floor":38,"turns":2},{"damage":0,"enemies":"Gensokyo:Rafflesia","floor":39,"turns":4},{"damage":40,"enemies":"Gensokyo:Marisa","floor":41,"turns":1}],"seed_played":"-5808782692250109592","potions_obtained":[{"floor":1,"key":"ColorlessPotion"},{"floor":3,"key":"DistilledChaos"},{"floor":6,"key":"jedi:StrikingPotion"},{"floor":8,"key":"ColorlessPotion"},{"floor":14,"key":"Swift Potion"},{"floor":18,"key":"jedi:StrikingPotion"},{"floor":29,"key":"SteroidPotion"}],"is_trial":false,"path_per_floor":["M","?","?","?","M","E","R","E","T","E","M","E","M","E","R","B",null,"M","?","?","HB","M","R","E","R","T","M","?","M","M","$","R","B",null,"M","AVR","M","M","M","R","E"],"character_chosen":"MKU","items_purchased":["StuffTheSpire:OldFever","infinitespire:FocusingShard"],"campfire_rested":0,"item_purchase_floors":[31,31],"current_hp_per_floor":[65,58,40,40,30,12,12,12,12,12,12,12,12,3,3,15,75,72,71,8,8,21,21,13,13,13,25,25,22,16,16,16,19,30,23,23,18,18,18,18,0,0,0],"gold":1000,"neow_bonus":"ONE_RANDOM_RARE_CARD","is_daily":false,"chose_seed":false,"campfire_upgraded":5,"win_rate":0.0,"timestamp":1609234877,"path_taken":["M","?","?","?","M","E","R","E","T","E","M","E","?","E","R","BOSS","M","?","?","HB","M","R","E","R","T","?","?","?","M","?","R","BOSS","M","AVR","M","M","M","R","E"],"items_purchased_type":["Relic","Relic"],"build_version":"2020-12-22","purchased_purges":1,"victory":false,"max_hp_per_floor":[75,75,75,75,75,75,75,75,75,75,75,75,75,75,75,75,75,75,75,75,38,38,38,39,39,39,39,30,30,30,30,30,30,30,30,30,30,30,30,30,30,30,30],"card_choices":[{"not_picked":["MokouMod:FlareStarter","MokouMod:RetainTemperature"],"picked":"MokouMod:AdaptivePyromancy","floor":1},{"not_picked":["MokouMod:FujiyamaVolcano","MokouMod:IllusoryBattlefield"],"picked":"MokouMod:Trailblazer","floor":3},{"not_picked":["MokouMod:HeatFactory","MokouMod:IndiscriminateIgnition"],"picked":"MokouMod:RisingSunBarrier","floor":3},{"not_picked":["MokouMod:Sear","MokouMod:FlamingFireTalons"],"picked":"MokouMod:Firecracker","floor":5},{"not_picked":["MokouMod:RoaringFlare","MokouMod:IgnitionBarrier"],"picked":"MokouMod:BlazingComet","floor":6},{"not_picked":["MokouMod:SearingShot","MokouMod:Sear"],"picked":"MokouMod:SacredFire","floor":8},{"not_picked":["MokouMod:PhoenixFeathers","MokouMod:Firecracker","MokouMod:SearingShot"],"picked":"SKIP","floor":10},{"not_picked":["MokouMod:RoaringFlare","MokouMod:Afterburner"],"picked":"MokouMod:AdaptivePyromancy","floor":11},{"not_picked":["MokouMod:Overheat","MokouMod:Cataclysm","MokouMod:Ember"],"picked":"SKIP","floor":12},{"not_picked":["MokouMod:InfernalWave","MokouMod:DanceofFlames"],"picked":"MokouMod:HeatCyclone","floor":13},{"not_picked":["MokouMod:HeatFactory","MokouMod:ResoluteFlare"],"picked":"MokouMod:Fireball","floor":14},{"not_picked":["MokouMod:ExplosiveFlame","MokouMod:SpontaneousHumanCombustion"],"picked":"MokouMod:HouraiForge","floor":16},{"not_picked":["MokouMod:FujiyamaVolcano","MokouMod:Combust"],"picked":"MokouMod:GuidingSmoke+1","floor":18},{"not_picked":["MokouMod:Stoke+1","MokouMod:PhoenixFeathers"],"picked":"MokouMod:ImperishableFlame","floor":19},{"not_picked":["MokouMod:FujiyamaVolcano+1","MokouMod:ScorchingColumn"],"picked":"MokouMod:BurningDraft+1","floor":22},{"not_picked":["MokouMod:SearingBlow","MokouMod:Geothermal"],"picked":"MokouMod:SacredFire","floor":24},{"not_picked":["MokouMod:IgneousBlow","MokouMod:Ember"],"picked":"MokouMod:FlareStarter","floor":24},{"not_picked":["MokouMod:Cataclysm","MokouMod:Firecracker"],"picked":"MokouMod:HeatFactory+1","floor":27},{"not_picked":["MokouMod:Overheat","MokouMod:BlazingComet"],"picked":"MokouMod:ResonatingAura","floor":29},{"not_picked":["MokouMod:ControlledCombustion+1","MokouMod:TemporalFireSeal","MokouMod:Cataclysm"],"picked":"SKIP","floor":30},{"not_picked":["MokouMod:BurningHiddenBullet","MokouMod:ExplosiveFlame"],"picked":"MokouMod:SearingBlow","floor":33},{"not_picked":["MokouMod:ScorchingColumn+1","MokouMod:SearingShot+1"],"picked":"MokouMod:ResonanceReactor","floor":35},{"not_picked":["MokouMod:IgnitionBarrier+1","MokouMod:Trailblazer","MokouMod:ResoluteFlare+1"],"picked":"SKIP","floor":37},{"not_picked":["MokouMod:Fireball","MokouMod:SearingShot+1"],"picked":"MokouMod:TemporalFireSeal+1","floor":38},{"not_picked":["MokouMod:FlickeringFlame+1","MokouMod:RetainTemperature+1"],"picked":"MokouMod:ImperishableFlame+1","floor":39}],"player_experience":368724,"relics_obtained":[{"floor":3,"key":"halation:IllGainedPizza"},{"floor":6,"key":"infinitespire:Broken Mirror"},{"floor":8,"key":"Blue Candle"},{"floor":9,"key":"Mummified Hand"},{"floor":10,"key":"ReplayTheSpireMod:TigerMarble"},{"floor":12,"key":"halation:OrihimeAndHikoboshiSamaAndTears"},{"floor":14,"key":"Meat on the Bone"},{"floor":17,"key":"hubris:Teleporter"},{"floor":17,"key":"conspire:BottledYoYo"},{"floor":17,"key":"StuffTheSpire:Mouthbags"},{"floor":19,"key":"hubris:ToyBattleship"},{"floor":24,"key":"conspire:GiftBox"}],"event_choices":[{"damage_healed":0,"gold_gain":0,"player_choice":"RE UP RE RE ","damage_taken":71,"relics_obtained":["StuffTheSpire:HeavyRock","jedi:shrinkray","halation:KoshaPiece"],"max_hp_gain":0,"max_hp_loss":0,"event_name":"betterSkull:BetterSkull","floor":20,"gold_loss":0,"cards_upgraded":["MokouMod:BlazingComet"]}],"is_beta":false,"boss_relics":[{"not_picked":["Empty Cage","energizedSpire:EnergizedDie"],"picked":"Calling Bell"},{"not_picked":["aspiration:SecretTechniqueScroll","strawberrySpire:Dictionifier"],"picked":"Sozu"}],"items_purged_floors":[31],"is_endless":false,"potions_floor_spawned":[1,6,8,14,18,29],"killed_by":"Gensokyo:Marisa","ascension_level":1}}