{"host":"k7udt7atmcuzf6l0","time":1609212507,"event":{"mods":["AchievementEnabler","BaseMod","Colored Map","Colored Powertips","Highlight Path","Minty Spire (QoL Compilation)","Quick Restart","Rare Cards Sparkle","StSLib","UnlockEverythingMod"],"gold_per_floor":[118,138,152,215,54,54,54,54,54,54,78,112,181,195,195,319,319,333,348,56,26,50,89,89,112,166,166,185,185,199,199,199,324,324,347,362,695,11,11,36,36,56,56,70,70,81,81,100,100,100],"floor_reached":51,"playtime":1515,"items_purged":[],"score":824,"play_id":"dd5eb5f9-1c7b-4d71-8373-fbbd573c2528","local_time":"20201229112827","is_ascension_mode":false,"campfire_choices":[{"data":"Armaments","floor":6.0,"key":"SMITH"},{"data":"Inflame","floor":10.0,"key":"SMITH"},{"data":"Dual Wield","floor":15.0,"key":"SMITH"},{"data":"Flex","floor":24.0,"key":"SMITH"},{"data":"Battle Trance","floor":27.0,"key":"SMITH"},{"data":"Whirlwind","floor":29.0,"key":"SMITH"},{"data":"Reaper","floor":32.0,"key":"SMITH"},{"data":"Apotheosis","floor":41,"key":"SMITH"},{"data":"Pommel Strike","floor":45,"key":"SMITH"},{"data":"Bash","floor":49,"key":"SMITH"}],"circlet_count":0,"master_deck":["Strike_R+1","Strike_R+1","Strike_R+1","Strike_R+1","Strike_R+1","Defend_R+1","Defend_R+1","Defend_R+1","Bash+1","Clash","Body Slam+1","Whirlwind+1","Inflame+1","Armaments+1","Seeing Red+1","Battle Trance+1","Dual Wield+1","Reaper+1","Flex+1","Bloodletting+1","Double Tap+1","Pommel Strike+1","Heavy Blade+1","Apotheosis+1","Headbutt","Havoc+1","Seeing Red+1","Infernal Blade+1"],"relics":["Burning Blood","NeowsBlessing","Ornamental Fan","Akabeko","Shuriken","Sozu","Bottled Lightning","FossilizedHelix","Omamori","Calling Bell","War Paint","Letter Opener","Bird Faced Urn","Turnip","Medical Kit","InkBottle","Regal Pillow"],"acts_visited":["Exordium","TheCity","TheBeyond"],"potions_floor_usage":[],"damage_taken":[{"damage":0.0,"enemies":"Cultist","floor":1.0,"turns":1.0},{"damage":0.0,"enemies":"Small Slimes","floor":2.0,"turns":1.0},{"damage":0.0,"enemies":"2 Louse","floor":3.0,"turns":1.0},{"damage":7.0,"enemies":"Large Slime","floor":11.0,"turns":3.0},{"damage":3.0,"enemies":"3 Sentries","floor":12.0,"turns":2.0},{"damage":39.0,"enemies":"Lagavulin Event","floor":13.0,"turns":6.0},{"damage":11.0,"enemies":"Exordium Wildlife","floor":14.0,"turns":2.0},{"damage":0.0,"enemies":"Slime Boss","floor":16.0,"turns":4.0},{"damage":11.0,"enemies":"3 Byrds","floor":18.0,"turns":4.0},{"damage":5.0,"enemies":"Spheric Guardian","floor":19.0,"turns":3.0},{"damage":2.0,"enemies":"Snecko","floor":22.0,"turns":3.0},{"damage":0.0,"enemies":"Gremlin Leader","floor":23.0,"turns":4.0},{"damage":1.0,"enemies":"Centurion and Healer","floor":25.0,"turns":5.0},{"damage":14.0,"enemies":"Snake Plant","floor":28.0,"turns":3.0},{"damage":13.0,"enemies":"Chosen and Byrds","floor":30.0,"turns":5.0},{"damage":60.0,"enemies":"Automaton","floor":33.0,"turns":8.0},{"damage":0,"enemies":"3 Shapes","floor":35,"turns":3},{"damage":0,"enemies":"3 Darklings","floor":36,"turns":1},{"damage":25,"enemies":"Giant Head","floor":40,"turns":6},{"damage":3,"enemies":"Writhing Mass","floor":42,"turns":2},{"damage":0,"enemies":"4 Shapes","floor":44,"turns":2},{"damage":0,"enemies":"Jaw Worm Horde","floor":46,"turns":1},{"damage":0,"enemies":"3 Darklings","floor":48,"turns":1},{"damage":97,"enemies":"Time Eater","floor":50,"turns":7}],"seed_played":"956104091368083086","potions_obtained":[{"floor":1.0,"key":"Dexterity Potion"},{"floor":11.0,"key":"AttackPotion"},{"floor":12.0,"key":"EntropicBrew"},{"floor":14.0,"key":"SpeedPotion"}],"is_trial":false,"path_per_floor":["M","M","M","?","$","R","?","?","T","R","M","E","?","M","R","B",null,"M","M","$","?","M","E","R","M","T","R","M","R","M","?","R","B",null,"M","M","?","$","?","E","R","M","T","M","R","M","?","M","R","B",null],"character_chosen":"IRONCLAD","items_purchased":["Inflame","Armaments","Seeing Red","Bottled Lightning","Flex","Turnip","Medical Kit","Apotheosis","Headbutt"],"campfire_rested":0,"item_purchase_floors":[5,5,5,20,20,38,38,38,38],"current_hp_per_floor":[80,80,80,80,80,80,60,44,44,44,43,46,13,8,8,14,80,75,76,76,76,80,80,80,80,80,80,72,72,73,73,73,19,80,80,80,80,80,80,61,61,66,66,80,80,80,80,80,80,43],"gold":100,"neow_bonus":"THREE_ENEMY_KILL","is_daily":false,"chose_seed":false,"campfire_upgraded":10,"win_rate":0.0,"timestamp":1609212507,"path_taken":["M","M","?","?","$","R","?","?","T","R","?","E","?","M","R","BOSS","M","M","$","?","?","E","R","M","T","R","M","R","M","?","R","BOSS","M","M","?","$","?","E","R","?","T","M","R","M","?","M","R","BOSS"],"items_purchased_type":["Card","Card","Card","Relic","Card","Relic","Relic","Card","Card"],"build_version":"2020-12-22","purchased_purges":0,"victory":true,"max_hp_per_floor":[80,80,80,80,80,80,80,80,80,80,80,80,80,80,80,80,80,80,80,80,80,80,80,80,80,80,80,80,80,80,80,80,80,80,80,80,80,80,80,80,80,80,80,80,80,80,80,80,80,80],"card_choices":[{"not_picked":["Intimidate","Feel No Pain"],"picked":"Clash","floor":1.0},{"not_picked":["Cleave","True Grit"],"picked":"Body Slam","floor":2.0},{"not_picked":["Bludgeon","Twin Strike"],"picked":"Whirlwind","floor":3.0},{"not_picked":["Iron Wave","Metallicize","Wild Strike"],"picked":"SKIP","floor":11.0},{"not_picked":["Clash","Thunderclap"],"picked":"Battle Trance","floor":12.0},{"not_picked":["Body Slam","Carnage"],"picked":"Dual Wield","floor":14.0},{"not_picked":["Fiend Fire","Corruption"],"picked":"Reaper","floor":16.0},{"not_picked":["Twin Strike","Anger+1","Disarm+1"],"picked":"SKIP","floor":18.0},{"not_picked":["Anger","Intimidate","Flame Barrier"],"picked":"SKIP","floor":19.0},{"not_picked":["Clothesline","Ghostly Armor","Dual Wield"],"picked":"SKIP","floor":22.0},{"not_picked":["Battle Trance","Wild Strike","Heavy Blade"],"picked":"SKIP","floor":23.0},{"not_picked":["Whirlwind","Shrug It Off"],"picked":"Bloodletting","floor":25.0},{"not_picked":["Bloodletting","Perfected Strike","Havoc"],"picked":"SKIP","floor":28.0},{"not_picked":["Entrench","Armaments","Clash"],"picked":"SKIP","floor":30.0},{"not_picked":["Impervious","Barricade"],"picked":"Double Tap","floor":33.0},{"not_picked":["Clash","Double Tap"],"picked":"Pommel Strike","floor":35},{"not_picked":["Havoc+1","Flame Barrier"],"picked":"Heavy Blade+1","floor":36},{"not_picked":["Sword Boomerang","Flex","Entrench+1"],"picked":"SKIP","floor":40},{"not_picked":["Armaments","Feel No Pain"],"picked":"Havoc+1","floor":42},{"not_picked":["Iron Wave+1","Heavy Blade"],"picked":"Seeing Red+1","floor":44},{"not_picked":["Pummel+1","Inflame+1"],"picked":"Infernal Blade+1","floor":46},{"not_picked":["Searing Blow+1","Disarm+1","Pummel"],"picked":"SKIP","floor":48}],"player_experience":11652,"relics_obtained":[{"floor":9.0,"key":"Ornamental Fan"},{"floor":12.0,"key":"Akabeko"},{"floor":13.0,"key":"Shuriken"},{"floor":23.0,"key":"FossilizedHelix"},{"floor":26.0,"key":"Omamori"},{"floor":34,"key":"War Paint"},{"floor":34,"key":"Letter Opener"},{"floor":34,"key":"Bird Faced Urn"},{"floor":40,"key":"InkBottle"},{"floor":43,"key":"Regal Pillow"}],"event_choices":[{"damage_healed":0.0,"max_hp_gain":0.0,"max_hp_loss":0.0,"gold_gain":63.0,"event_name":"Golden Wing","player_choice":"Gained Gold","floor":4.0,"gold_loss":0.0,"damage_taken":0.0},{"damage_healed":0.0,"max_hp_gain":0.0,"max_hp_loss":0.0,"gold_gain":0.0,"event_name":"Golden Idol","player_choice":"Take Damage","floor":7.0,"gold_loss":0.0,"damage_taken":20.0,"relics_obtained":["Golden Idol"]},{"damage_healed":0.0,"max_hp_gain":0.0,"max_hp_loss":0.0,"gold_gain":0.0,"event_name":"Shining Light","player_choice":"Entered Light","floor":8.0,"gold_loss":0.0,"damage_taken":16.0,"cards_upgraded":["Body Slam","Defend_R"]},{"damage_healed":0.0,"max_hp_gain":0.0,"max_hp_loss":0.0,"gold_gain":30.0,"event_name":"Dead Adventurer","player_choice":"Searched \u00272\u0027 times","floor":13.0,"gold_loss":0.0,"damage_taken":0.0},{"damage_healed":0.0,"max_hp_gain":0.0,"max_hp_loss":0.0,"gold_gain":0.0,"event_name":"The Woman in Blue","player_choice":"Bought 2 Potions","floor":21.0,"gold_loss":0.0,"damage_taken":0.0},{"damage_healed":0.0,"max_hp_gain":0.0,"max_hp_loss":0.0,"gold_gain":0.0,"event_name":"Back to Basics","player_choice":"Simplicity","floor":31.0,"gold_loss":0.0,"damage_taken":0.0,"cards_upgraded":["Strike_R","Strike_R","Strike_R","Strike_R","Strike_R","Defend_R","Defend_R","Defend_R"]},{"damage_healed":0,"gold_gain":333,"player_choice":"Gave Idol","damage_taken":0,"max_hp_gain":0,"max_hp_loss":0,"event_name":"The Moai Head","floor":37,"relics_lost":["Golden Idol"],"gold_loss":0},{"cards_removed":["Defend_R"],"damage_healed":0,"gold_gain":0,"player_choice":"Card Removal","damage_taken":0,"max_hp_gain":0,"max_hp_loss":0,"event_name":"Wheel of Change","floor":39,"gold_loss":0},{"damage_healed":0,"gold_gain":0,"player_choice":"Upgraded","damage_taken":0,"max_hp_gain":0,"max_hp_loss":0,"event_name":"Upgrade Shrine","floor":47,"gold_loss":0,"cards_upgraded":["Bloodletting"]}],"is_beta":false,"boss_relics":[{"not_picked":["SlaversCollar","Fusion Hammer"],"picked":"Sozu"},{"not_picked":["Pandora\u0027s Box","Empty Cage"],"picked":"Calling Bell"}],"items_purged_floors":[],"is_endless":false,"potions_floor_spawned":[1,11,12,14,22,23,28,30,33,36,40,42,48],"ascension_level":0}}