{"host":"cxizwatl5v7zq6a5","time":1609250545,"event":{"mods":["AchievementEnabler","Act Like it!","BaseMod","Colored Map","Colored Powertips","Downfall","Friendly Minions","Gensokyo","Hermit","Hubris","Infinite Spire","Marisa????????","Minty Spire (QoL Compilation)","Quick Restart","READ ME - Guardian Mod","Rare Cards Sparkle","Remilia??????","Replay The Spire","StSLib","The Cursed","The Jungle","The Servant 0.9.4"],"gold_per_floor":[116,116,129,129,94,120,140,140,140,159,159,185,185,201,201,322,322,335,358,358,378,378,378,392,392,392,392,392,147,147,147],"floor_reached":30,"playtime":2353,"items_purged":[],"score":263,"play_id":"df29d718-2fe5-4e96-9eb2-cf865e4c44c0","local_time":"20201229220225","is_ascension_mode":false,"campfire_choices":[{"data":"CrushJoints","floor":15.0,"key":"SMITH"},{"floor":23.0,"key":"REST"},{"floor":25.0,"key":"REST"},{"floor":28.0,"key":"REST"}],"circlet_count":0,"master_deck":["Strike_P","Strike_P","Strike_P","Strike_P+1","Defend_P+1","Defend_P","Defend_P","Defend_P","Eruption","Vigilance","CarveReality","CutThroughFate","Nirvana","ConjureBlade","CrushJoints+1","WreathOfFlame+1","Replay:Hum","ClearTheMind","DevaForm","Replay:AtTheReady","Consecrate","Vault","CrushJoints+1","ReachHeaven","Hallucinations","Replay:Fractal Strike"],"relics":["PureWater","NeowsBlessing","hubris:Towel","Simple Rune","Replay:Mystery Machine","infinitespire:BottledMercury","Omamori","Golden Idol","Cursed Key","Necronomicon","Shuriken","Frozen Egg 2"],"acts_visited":["Exordium","TheCity"],"potions_floor_usage":[],"damage_taken":[{"damage":0.0,"enemies":"Cultist","floor":1.0,"turns":1.0},{"damage":0.0,"enemies":"2 Louse","floor":3.0,"turns":1.0},{"damage":0.0,"enemies":"Lagavulin","floor":6.0,"turns":1.0},{"damage":10.0,"enemies":"Small Slimes","floor":7.0,"turns":2.0},{"damage":2.0,"enemies":"Gremlin Gang","floor":10.0,"turns":4.0},{"damage":7.0,"enemies":"Replay:BlueRogue","floor":12.0,"turns":5.0},{"damage":0.0,"enemies":"2 Fungi Beasts","floor":14.0,"turns":2.0},{"damage":48.0,"enemies":"Hexaghost","floor":16.0,"turns":8.0},{"damage":20.0,"enemies":"2 Thieves","floor":18.0,"turns":4.0},{"damage":16.0,"enemies":"3 Byrds","floor":19.0,"turns":6.0},{"damage":10.0,"enemies":"Centurion and Healer","floor":21.0,"turns":5.0},{"damage":9.0,"enemies":"Snake Plant","floor":24.0,"turns":4.0},{"damage":0,"enemies":"Shelled Parasite and Fungi","floor":30,"turns":1}],"seed_played":"-5493838412815656597","potions_obtained":[{"floor":1.0,"key":"SkillPotion"},{"floor":10.0,"key":"AttackPotion"},{"floor":12.0,"key":"Adrenaline Potion"},{"floor":16.0,"key":"Weak Potion"},{"floor":18.0,"key":"AttackPotion"}],"is_trial":false,"path_per_floor":["M","?","M","?","$","E","M","?","T","M","?","E","?","M","R","B",null,"M","M","?","M","?","R","M","R","T","?","R","$","M"],"character_chosen":"WATCHER","items_purchased":["Nirvana","Frozen Egg 2"],"campfire_rested":3,"item_purchase_floors":[5,29],"current_hp_per_floor":[72,72,72,72,72,72,62,62,62,60,60,53,53,53,53,5,72,52,36,20,10,10,31,22,43,43,25,46,46,46,46],"gold":147,"neow_bonus":"THREE_ENEMY_KILL","is_daily":false,"chose_seed":false,"campfire_upgraded":1,"win_rate":0.0,"timestamp":1609250545,"path_taken":["M","?","M","?","$","E","M","?","T","?","?","E","?","M","R","BOSS","M","M","?","M","?","R","?","R","T","?","R","$","M"],"items_purchased_type":["Card","Relic"],"build_version":"2020-12-22","purchased_purges":0,"victory":false,"max_hp_per_floor":[72,72,72,72,72,72,72,72,72,72,72,72,72,72,72,72,72,72,72,72,72,72,72,72,72,72,72,72,72,72,72],"card_choices":[{"not_picked":["Nirvana","SashWhip"],"picked":"CarveReality","floor":1.0},{"not_picked":["Adaptation","Evaluate"],"picked":"CutThroughFate","floor":3.0},{"not_picked":["BowlingBash","Weave"],"picked":"ConjureBlade","floor":6.0},{"not_picked":["Replay:AtTheReady","EmptyBody"],"picked":"CrushJoints","floor":7.0},{"not_picked":["CrushJoints","Replay:DivineShield"],"picked":"WreathOfFlame","floor":10.0},{"not_picked":["TalkToTheHand","LikeWater"],"picked":"Replay:Hum","floor":12.0},{"not_picked":["EmptyFist","SignatureMove"],"picked":"ClearTheMind","floor":14.0},{"not_picked":["Vault","Omniscience"],"picked":"DevaForm","floor":16.0},{"not_picked":["Evaluate","FollowUp"],"picked":"Replay:AtTheReady","floor":18.0},{"not_picked":["Crescendo","Replay:ManipulateFuture"],"picked":"Consecrate","floor":19.0},{"not_picked":["BattleHymn","FollowUp+1"],"picked":"Vault","floor":21.0},{"not_picked":["Replay:AtTheReady","Vengeance"],"picked":"ReachHeaven","floor":24.0},{"not_picked":["hubris:Rewind","infinitespire:UltimateForm"],"picked":"Replay:Fractal Strike","floor":27.0}],"player_experience":111211,"relics_obtained":[{"floor":6.0,"key":"Simple Rune"},{"floor":8.0,"key":"Replay:Mystery Machine"},{"floor":9.0,"key":"infinitespire:BottledMercury"},{"floor":12.0,"key":"Omamori"},{"floor":20.0,"key":"Necronomicon"},{"floor":26.0,"key":"Shuriken"}],"event_choices":[{"damage_healed":0.0,"max_hp_gain":0.0,"max_hp_loss":0.0,"gold_gain":0.0,"event_name":"Wheel of Change","player_choice":"Relic","floor":8.0,"gold_loss":0.0,"damage_taken":0.0},{"damage_healed":0.0,"max_hp_gain":0.0,"max_hp_loss":0.0,"gold_gain":0.0,"event_name":"Golden Idol","player_choice":"Take Wound","floor":13.0,"gold_loss":0.0,"damage_taken":0.0,"relics_obtained":["Golden Idol"],"cards_obtained":["Injury"]},{"damage_healed":0.0,"max_hp_gain":0.0,"max_hp_loss":0.0,"gold_gain":0.0,"event_name":"Cursed Tome","player_choice":"Obtained Book","floor":20.0,"gold_loss":0.0,"damage_taken":16.0},{"damage_healed":0.0,"max_hp_gain":0.0,"max_hp_loss":0.0,"gold_gain":0.0,"event_name":"Duplicator","player_choice":"Copied","floor":22.0,"gold_loss":0.0,"damage_taken":0.0,"cards_obtained":["CrushJoints"]}],"is_beta":false,"boss_relics":[{"not_picked":["Empty Cage","infinitespire:Cupcake"],"picked":"Cursed Key"}],"items_purged_floors":[],"is_endless":false,"potions_floor_spawned":[1,10,12,14,16,18],"killed_by":"Shelled Parasite and Fungi","ascension_level":0}}