{"host":"x4d6lk1isuf99bn5","time":1609244447,"event":{"mods":["Act Like it!","BaseMod","Gensokyo","Marisa£®ÏF”Í°°ƒß¿Ì…≥£©","Minty Spire (QoL Compilation)","Quick Restart","Reimu£®≤©¿ˆ¡È√Œ£©","Remilia£®¿Ÿ√◊¿Ú—«£©","Replay The Spire","Shop Mod","StSLib","The Poker Player","The Servant 0.9.4","Waifu the Spire","Yakumo Yukari mod","Youmu£®ªÍ∆«—˝√Œ£©"],"gold_per_floor":[115,135,154,114,114,147,147,158,158,176,201,201,215,231,231,327,327,338,353,365,377,390,390,390,424,424,424,444,444,478,257,257,352,352,368,387,287,338,355,355,355,577,577,594,606,37,54,1,1,1],"floor_reached":51,"playtime":2621,"items_purged":["Strike_R","Strike_R","Strike_R"],"score":1008,"play_id":"cf3b2318-ef7c-46b5-8285-ac910906c3fa","local_time":"20201229202047","is_ascension_mode":false,"campfire_choices":[{"data":"Whirlwind","floor":7.0,"key":"SMITH"},{"data":"Disarm","floor":12.0,"key":"SMITH"},{"floor":15.0,"key":"REST"},{"data":"Dark Embrace","floor":23.0,"key":"SMITH"},{"data":"Demon Form","floor":27.0,"key":"SMITH"},{"data":"Shockwave","floor":29.0,"key":"SMITH"},{"data":"Bash","floor":32.0,"key":"SMITH"},{"floor":40.0,"key":"REST"},{"data":"Strike_R","floor":49,"key":"PURGE"}],"circlet_count":0,"master_deck":["Strike_R","Defend_R+1","Defend_R","Defend_R","Defend_R+1","Bash+1","Whirlwind+1","Shockwave+1","Disarm+1","Offering","Dark Embrace+1","Demon Form+1","Power Through+1","Feel No Pain","Battle Trance+1","Evolve","Armaments+1","Blind"],"relics":["Burning Blood","Gremlin Food","PaintedHorse:ReiMu","Pear","Gremlin Horn","Replay:Bottled Flurry","Cursed Key","Red Mask","ReplayTheSpireMod:TigerMarble","Vajra","RedLine:ReiMu","CatCart","Onion Ring","Happy Flower"],"acts_visited":["Exordium","TheCity","TheBeyond"],"potions_floor_usage":[50,50],"damage_taken":[{"damage":5.0,"enemies":"Cultist","floor":1.0,"turns":4.0},{"damage":5.0,"enemies":"Small Slimes","floor":2.0,"turns":4.0},{"damage":1.0,"enemies":"Jaw Worm","floor":3.0,"turns":3.0},{"damage":40.0,"enemies":"Lagavulin","floor":6.0,"turns":8.0},{"damage":5.0,"enemies":"Looter","floor":8.0,"turns":4.0},{"damage":4.0,"enemies":"Blue Slaver","floor":10.0,"turns":3.0},{"damage":18.0,"enemies":"Gremlin Nob","floor":11.0,"turns":4.0},{"damage":8.0,"enemies":"Exordium Wildlife","floor":13.0,"turns":3.0},{"damage":0.0,"enemies":"Looter","floor":14.0,"turns":4.0},{"damage":22.0,"enemies":"Fading Forest","floor":16.0,"turns":11.0},{"damage":2.0,"enemies":"Chosen","floor":18.0,"turns":6.0},{"damage":13.0,"enemies":"Shell Parasite","floor":19.0,"turns":4.0},{"damage":9.0,"enemies":"Centurion and Healer","floor":20.0,"turns":5.0},{"damage":9.0,"enemies":"Sentry and Sphere","floor":21.0,"turns":5.0},{"damage":13.0,"enemies":"3 Cultists","floor":22.0,"turns":5.0},{"damage":12.0,"enemies":"Masked Bandits","floor":25.0,"turns":2.0},{"damage":9.0,"enemies":"Snake Plant","floor":28.0,"turns":5.0},{"damage":11.0,"enemies":"Book of Stabbing","floor":30.0,"turns":6.0},{"damage":37.0,"enemies":"Pondfish","floor":33.0,"turns":8.0},{"damage":13.0,"enemies":"3 Darklings","floor":35.0,"turns":3.0},{"damage":15.0,"enemies":"Orb Walker","floor":36.0,"turns":3.0},{"damage":16.0,"enemies":"Orin","floor":38.0,"turns":7.0},{"damage":16.0,"enemies":"Sphere and 2 Shapes","floor":39.0,"turns":3.0},{"damage":11.0,"enemies":"3 Darklings","floor":44.0,"turns":5.0},{"damage":10,"enemies":"Transient","floor":45,"turns":5},{"damage":6,"enemies":"Jaw Worm Horde","floor":47,"turns":2},{"damage":53,"enemies":"Donu and Deca","floor":50,"turns":5}],"seed_played":"5752743781774700893","potions_obtained":[{"floor":2.0,"key":"ColorlessPotion"},{"floor":3.0,"key":"Venom Potion"},{"floor":8.0,"key":"Explosive Potion"},{"floor":13.0,"key":"Ancient Potion"},{"floor":14.0,"key":"LifebloodPotion"},{"floor":19.0,"key":"SneckoOil"},{"floor":22.0,"key":"Adrenaline Potion"},{"floor":25.0,"key":"Fire Potion"},{"floor":28.0,"key":"Fire Potion"},{"floor":33.0,"key":"BlessingOfTheForge"},{"floor":39.0,"key":"Elixir"},{"floor":44.0,"key":"Block Potion"},{"floor":45,"key":"ElixirPotion"}],"is_trial":false,"path_per_floor":["M","M","M","?","?","E","R","M","T","M","E","R","M","M","R","B",null,"M","M","M","M","M","R","?","?","T","R","M","R","E","$","R","B",null,"M","M","$","?","M","R","?","?","T","M","M","$","M","?","R","B",null],"character_chosen":"IRONCLAD","items_purchased":["Vajra","Evolve","Armaments+1","Onion Ring","Blind"],"campfire_rested":2,"item_purchase_floors":[31,46,46,46,46],"current_hp_per_floor":[80,80,80,80,85,61,61,62,62,64,52,52,50,56,84,68,95,95,88,85,82,75,75,75,69,69,69,66,66,61,61,61,30,95,88,79,79,69,59,87,87,87,87,82,78,78,78,78,78,31],"gold":1,"neow_bonus":"RANDOM_COMMON_RELIC","is_daily":false,"chose_seed":false,"campfire_upgraded":6,"win_rate":0.0,"timestamp":1609244447,"path_taken":["M","M","M","?","?","E","R","?","T","M","E","R","M","M","R","BOSS","M","M","M","M","M","R","?","?","T","R","M","R","E","?","R","BOSS","M","M","$","?","M","R","?","?","T","M","?","$","M","?","R","BOSS"],"items_purchased_type":["Relic","Card","Card","Relic","Card"],"build_version":"2020-12-22","purchased_purges":3,"victory":true,"max_hp_per_floor":[80,80,80,80,85,95,95,95,95,95,95,95,95,95,95,95,95,95,95,95,95,95,95,95,95,95,95,95,95,95,95,95,95,95,95,95,95,95,95,95,95,95,95,95,95,95,95,95,95,95],"card_choices":[{"not_picked":["Heavy Blade","Burning Pact","ReplayReversal"],"picked":"SKIP","floor":1.0},{"not_picked":["Run Through","Fire Breathing","Burning Pact"],"picked":"SKIP","floor":2.0},{"not_picked":["Seeing Red","Sword Boomerang"],"picked":"Whirlwind","floor":3.0},{"not_picked":["Wild Strike","Searing Blow"],"picked":"Shockwave","floor":6.0},{"not_picked":["Whirlwind","Ghostly Armor","Twin Strike"],"picked":"SKIP","floor":8.0},{"not_picked":["Anger","Pommel Strike","Burning Pact"],"picked":"SKIP","floor":10.0},{"not_picked":["Brutality","Run Through","Disarm"],"picked":"SKIP","floor":11.0},{"not_picked":["Brutality","Run Through"],"picked":"Disarm","floor":11.0},{"not_picked":["Anger","Sword Boomerang","Pommel Strike"],"picked":"SKIP","floor":13.0},{"not_picked":["Clothesline","Heavy Blade","Rage"],"picked":"SKIP","floor":14.0},{"not_picked":["Demon Form","Bludgeon"],"picked":"Offering","floor":16.0},{"not_picked":["Iron Wave","Twin Strike","Infernal Blade"],"picked":"SKIP","floor":18.0},{"not_picked":["Twin Strike","Body Slam","Warcry"],"picked":"SKIP","floor":19.0},{"not_picked":["Feed","Entrench","Cleave"],"picked":"SKIP","floor":20.0},{"not_picked":["Cleave","Pommel Strike"],"picked":"Dark Embrace","floor":21.0},{"not_picked":["Replay:Undeath\u0027s Touch","Flex"],"picked":"Demon Form","floor":22.0},{"not_picked":["Cleave","Replay:Undeath\u0027s Touch+1"],"picked":"Power Through+1","floor":28.0},{"not_picked":["Headbutt","Reaper"],"picked":"Feel No Pain","floor":30.0},{"not_picked":["Rage","Entrench+1"],"picked":"Metallicize","floor":35.0},{"not_picked":["Whirlwind+1","ReplayTheSpireMod:Strike From Hell","Inflame+1"],"picked":"SKIP","floor":36.0},{"not_picked":["Rampage+1","ReplayReversal","ReplayTheSpireMod:Strike From Hell+1"],"picked":"SKIP","floor":39.0},{"not_picked":["Fire Breathing","Uppercut+1"],"picked":"Battle Trance+1","floor":44.0},{"not_picked":["Clash+1","Thunderclap+1","Headbutt"],"picked":"SKIP","floor":45},{"not_picked":["Anger","Run Through","Sword Boomerang"],"picked":"SKIP","floor":47}],"player_experience":74991,"relics_obtained":[{"floor":6.0,"key":"Pear"},{"floor":9.0,"key":"Gremlin Horn"},{"floor":11.0,"key":"Replay:Bottled Flurry"},{"floor":25.0,"key":"Red Mask"},{"floor":30.0,"key":"ReplayTheSpireMod:TigerMarble"},{"floor":38.0,"key":"CatCart"}],"event_choices":[{"damage_healed":0.0,"max_hp_gain":0.0,"max_hp_loss":0.0,"gold_gain":0.0,"event_name":"yidonshenshe","player_choice":"»˚«Æ","floor":4.0,"gold_loss":40.0,"damage_taken":0.0,"relics_obtained":["PaintedHorse:ReiMu"]},{"damage_healed":0.0,"max_hp_gain":5.0,"max_hp_loss":0.0,"gold_gain":0.0,"event_name":"Big Fish","player_choice":"Donut","floor":5.0,"gold_loss":0.0,"damage_taken":0.0},{"damage_healed":0.0,"max_hp_gain":0.0,"max_hp_loss":0.0,"gold_gain":0.0,"event_name":"Cursed Tome","player_choice":"Ignored","floor":24.0,"gold_loss":0.0,"damage_taken":0.0},{"damage_healed":0.0,"max_hp_gain":0.0,"max_hp_loss":0.0,"gold_gain":0.0,"event_name":"Masked Bandits","player_choice":"Fought Bandits","floor":25.0,"gold_loss":0.0,"damage_taken":0.0},{"damage_healed":0.0,"max_hp_gain":0.0,"max_hp_loss":0.0,"gold_gain":0.0,"event_name":"OrinTheCat","player_choice":"Fight","floor":38.0,"gold_loss":0.0,"damage_taken":0.0},{"cards_removed":["Metallicize"],"damage_healed":0.0,"max_hp_gain":0.0,"max_hp_loss":0.0,"gold_gain":0.0,"event_name":"Falling","player_choice":"Removed Power","floor":41.0,"gold_loss":0.0,"damage_taken":0.0},{"damage_healed":0.0,"max_hp_gain":0.0,"max_hp_loss":0.0,"gold_gain":222.0,"event_name":"Tomb of Lord Red Mask","player_choice":"Wore Mask","floor":42.0,"gold_loss":0.0,"damage_taken":0.0},{"damage_healed":0,"gold_gain":0,"player_choice":"Paid Gold","damage_taken":0,"relics_obtained":["Happy Flower"],"max_hp_gain":0,"max_hp_loss":0,"event_name":"WeMeetAgain","floor":48,"gold_loss":53}],"is_beta":false,"boss_relics":[{"not_picked":["Abe\u0027s Treasure","Honey Jar"],"picked":"Cursed Key"},{"not_picked":["Ring of Chaos","Replay:Wanted Poster"],"picked":"RedLine:ReiMu"}],"items_purged_floors":[31,37,46],"is_endless":false,"potions_floor_spawned":[2,3,8,13,14,19,22,25,28,33,39,44,45],"ascension_level":0}}