{"host":"a5zr8hf2yymwt50u","time":1609250105,"event":{"mods":["BaseMod","Colored Map","Minty Spire (QoL Compilation)","StSLib","The Bug Knight"],"gold_per_floor":[116,96,106,126,26,70,89,89,115,77,112,112,149,161,173,185,185],"floor_reached":16,"playtime":1069,"items_purged":["HollowMod:NailStrikeStart"],"score":118,"play_id":"717394bf-92c1-4713-bf7f-ef0e86c42fa8","local_time":"20201229225505","is_ascension_mode":false,"campfire_choices":[{"data":"HollowMod:VengefulVoid","floor":8,"key":"SMITH"},{"floor":15,"key":"REST"}],"circlet_count":0,"master_deck":["HollowMod:NailStrikeStart","HollowMod:NailStrikeStart","HollowMod:NailStrikeStart","HollowMod:QuickDashStart+1","HollowMod:QuickDashStart","HollowMod:QuickDashStart","HollowMod:QuickDashStart+1","HollowMod:FocusHealStart","HollowMod:PogoStrike","HollowMod:VengefulVoid","HollowMod:DreamGate","HollowMod:SiblingsSouls","HollowMod:AbyssShriek","HollowMod:VengefulVoid+1","HollowMod:DreamGate","HollowMod:HeavyBlow","HollowMod:ShadowDash+1","HollowMod:VengefulVoid","HollowMod:HuntersJournal"],"relics":["HollowMod:VesselMask","CeramicFish","War Paint","MealTicket","MawBank"],"acts_visited":["Exordium"],"potions_floor_usage":[6,13,16,16],"damage_taken":[{"damage":2,"enemies":"2 Louse","floor":1,"turns":3},{"damage":0,"enemies":"Cultist","floor":3,"turns":3},{"damage":4,"enemies":"Jaw Worm","floor":4,"turns":4},{"damage":25,"enemies":"3 Sentries","floor":6,"turns":6},{"damage":18,"enemies":"Blue Slaver","floor":7,"turns":3},{"damage":22,"enemies":"Gremlin Nob","floor":11,"turns":4},{"damage":28,"enemies":"Lagavulin","floor":13,"turns":9},{"damage":33,"enemies":"The Guardian","floor":16,"turns":10}],"seed_played":"1932007012829501267","potions_obtained":[{"floor":2,"key":"FairyPotion"},{"floor":3,"key":"Swift Potion"},{"floor":4,"key":"SkillPotion"},{"floor":6,"key":"Dexterity Potion"},{"floor":13,"key":"DuplicationPotion"}],"is_trial":false,"path_per_floor":["M","?","M","M","$","E","M","R","T","$","E","?","E","?","R","B"],"character_chosen":"THE_BUGKNIGHT","items_purchased":["HollowMod:VengefulVoid","HollowMod:ShadowDash"],"campfire_rested":1,"item_purchase_floors":[5,10],"current_hp_per_floor":[73,73,73,69,69,44,26,26,26,26,4,4,4,9,33,0,0],"gold":185,"neow_bonus":"THREE_CARDS","is_daily":false,"chose_seed":false,"campfire_upgraded":1,"win_rate":0.0,"timestamp":1609250105,"path_taken":["M","?","M","M","?","E","?","R","T","$","E","?","E","?","R","BOSS"],"items_purchased_type":["Card","Card"],"build_version":"2020-12-22","purchased_purges":1,"victory":false,"max_hp_per_floor":[75,75,75,75,75,75,75,75,75,75,75,75,75,80,80,80,80],"card_choices":[{"not_picked":["HollowMod:ChannelNail","HollowMod:GoodIntentions"],"picked":"HollowMod:VengefulVoid","floor":0},{"not_picked":["HollowMod:CornifersMapStart","HollowMod:SoulSplash"],"picked":"HollowMod:DreamGate","floor":1},{"not_picked":["HollowMod:GoodIntentions","HollowMod:CornifersMapStart"],"picked":"HollowMod:SiblingsSouls","floor":3},{"not_picked":["HollowMod:BrokenVessel","HollowMod:BlackTendrils"],"picked":"HollowMod:AbyssShriek","floor":4},{"not_picked":["HollowMod:FastStrike","HollowMod:SoulEater"],"picked":"HollowMod:DreamGate","floor":6},{"not_picked":["HollowMod:GoodIntentions","HollowMod:SiblingsSouls"],"picked":"HollowMod:HeavyBlow","floor":7},{"not_picked":["HollowMod:DashSlash","HollowMod:InfectedAttack"],"picked":"HollowMod:VengefulVoid","floor":11},{"not_picked":["HollowMod:CoiledNail","HollowMod:Weaversong"],"picked":"HollowMod:HuntersJournal","floor":13}],"player_experience":216781,"relics_obtained":[{"floor":6,"key":"CeramicFish"},{"floor":9,"key":"War Paint"},{"floor":11,"key":"MealTicket"},{"floor":13,"key":"MawBank"}],"event_choices":[{"damage_healed":0,"gold_gain":0,"player_choice":"Bought 1 Potion","damage_taken":0,"max_hp_gain":0,"max_hp_loss":0,"event_name":"The Woman in Blue","floor":2,"gold_loss":0},{"damage_healed":0,"gold_gain":0,"player_choice":"Grow","damage_taken":0,"max_hp_gain":0,"max_hp_loss":0,"event_name":"Living Wall","floor":12,"gold_loss":0,"cards_upgraded":["HollowMod:ShadowDash"]},{"damage_healed":0,"gold_gain":0,"player_choice":"Donut","damage_taken":0,"max_hp_gain":5,"max_hp_loss":0,"event_name":"Big Fish","floor":14,"gold_loss":0}],"is_beta":false,"boss_relics":[],"items_purged_floors":[5],"is_endless":false,"potions_floor_spawned":[3,4,6,13],"killed_by":"The Guardian","ascension_level":0}}