{"host":"id3qf6v2yl1bmj05","time":1609273947,"event":{"mods":["Act Like it!","Aspiration","BaseMod","BetterRewards","Downfall","Hermit","Jorbs\u0027s Wanderer Trilogy","Minty Spire (QoL Compilation)","Shop Mod","StSLib","The Bug Knight","The Cursed","The Disciple","The Dragon Tamer","The Judge","The Marked","The Necromancer","The Runesmith","The Servant 0.9.4","The Wild Card","TheArtist","TheBandit","TheFirefly","TheHero"],"gold_per_floor":[99,115,130,147,147,174,174,188,62,72,72,92,122,142,155,155,155],"floor_reached":16,"playtime":1561,"items_purged":["sneckomod:Strike"],"score":121,"play_id":"c77c0806-bbb0-4df1-97da-814e01880105","local_time":"20201229153227","is_ascension_mode":false,"campfire_choices":[{"floor":1,"key":"RECALL"},{"data":"sneckomod:Unknown3Cost","floor":11,"key":"SMITH"}],"circlet_count":0,"master_deck":["sneckomod:Strike","sneckomod:Strike","sneckomod:Defend+1","sneckomod:Defend+1","sneckomod:Defend+1","sneckomod:TailWhip","sneckomod:SnekBite","sneckomod:Unknown","sneckomod:Unknown","sneckomod:UnknownWeak","sneckomod:UnknownEthereal","sneckomod:Unknown1Cost","Regret","sneckomod:Unknown3Cost+1","sneckomod:TrashToTreasure","sneckomod:UnknownUncommonPower+1","sneckomod:UnknownClassSILVER","sneckomod:QuickMove","sneckomod:IronFang+1","sneckomod:RainOfDice+1"],"relics":["sneckomod:SneckoSoul","Frozen Egg 2","Molten Egg 2"],"acts_visited":["Exordium"],"potions_floor_usage":[14,15,16,16,16],"damage_taken":[{"damage":3,"enemies":"Small Slimes","floor":2,"turns":3},{"damage":4,"enemies":"Jaw Worm","floor":3,"turns":3},{"damage":4,"enemies":"Cultist","floor":4,"turns":3},{"damage":10,"enemies":"Large Slime","floor":8,"turns":8},{"damage":2,"enemies":"downfall:FleeingMerchant","floor":9,"turns":4},{"damage":14,"enemies":"Blue Slaver","floor":10,"turns":6},{"damage":13,"enemies":"2 Fungi Beasts","floor":12,"turns":4},{"damage":14,"enemies":"Lots of Slimes","floor":14,"turns":4},{"damage":24,"enemies":"Exordium Thugs","floor":15,"turns":7},{"damage":37,"enemies":"downfall:Defect","floor":16,"turns":8}],"seed_played":"-3221259805676983750","potions_obtained":[{"floor":2,"key":"Block Potion"},{"floor":4,"key":"Regen Potion"},{"floor":10,"key":"Weak Potion"},{"floor":14,"key":"PowerPotion"}],"is_trial":false,"path_per_floor":["R","M","M","M","?","T","T","M","$","M","R","M","?","M","M","B"],"character_chosen":"THE_SNECKO","items_purchased":["sneckomod:UnknownUncommonPower+1"],"campfire_rested":0,"item_purchase_floors":[9],"current_hp_per_floor":[99,97,94,91,91,91,91,82,81,68,68,55,55,41,17,0,0],"gold":155,"neow_bonus":"TEN_PERCENT_HP_BONUS","is_daily":false,"chose_seed":false,"campfire_upgraded":1,"win_rate":0.0,"timestamp":1609273947,"path_taken":["R","M","M","M","?","?","T","M","$","?","R","M","?","M","M","BOSS"],"items_purchased_type":["Card"],"build_version":"2020-12-22","purchased_purges":1,"victory":false,"max_hp_per_floor":[99,100,101,102,102,102,102,103,104,105,105,105,105,105,105,105,105],"card_choices":[{"not_picked":["sneckomod:QuickBite","sneckomod:WideSting"],"picked":"sneckomod:UnknownWeak","floor":2},{"not_picked":["sneckomod:UnknownCommonSkill","sneckomod:WideSting"],"picked":"sneckomod:UnknownEthereal","floor":3},{"not_picked":["sneckomod:UnknownCommonSkill","sneckomod:RainOfDice"],"picked":"sneckomod:Unknown1Cost","floor":4},{"not_picked":["sneckomod:RainOfDice","sneckomod:UnknownVulnerable"],"picked":"sneckomod:Unknown3Cost","floor":8},{"not_picked":["sneckomod:UnknownStrike","sneckomod:DiceCrush"],"picked":"sneckomod:TrashToTreasure","floor":9},{"not_picked":["sneckomod:UnknownClassTHE_CURSED_PURPLE","sneckomod:UnknownWeak"],"picked":"sneckomod:UnknownClassSILVER","floor":10},{"not_picked":["sneckomod:UnknownStrike","sneckomod:UnknownClassGUARDIAN"],"picked":"sneckomod:QuickMove","floor":12},{"not_picked":["sneckomod:UnknownStrike+1","sneckomod:UnknownWeak"],"picked":"sneckomod:IronFang+1","floor":14},{"not_picked":["sneckomod:Restock","sneckomod:Unknown1Cost"],"picked":"sneckomod:RainOfDice+1","floor":15}],"player_experience":93302,"relics_obtained":[{"floor":7,"key":"Frozen Egg 2"}],"event_choices":[],"is_beta":false,"boss_relics":[],"items_purged_floors":[9],"is_endless":false,"potions_floor_spawned":[2,10,14,15],"killed_by":"downfall:Defect","ascension_level":0}}