{"host":"yludllxm6rzdxpbb","time":1609267389,"event":{"mods":["AchievementEnabler","BaseMod","Better Third Choice","BetterRewards","Colored Map","Colored Powertips","Hermit","Hubris","Infinite Spire","Minty Spire (QoL Compilation)","Quick Restart","Replay The Spire","StSLib","The Hierophant","The Necromancer"],"gold_per_floor":[111,128,143,161,176,176,20,20,20,52,76,88,88,101,101,198,198,217,234,234,290,124,124,149,149,221,255,267,44,44,54,54,154,154,165,165,165,165,193,201,201],"floor_reached":40,"playtime":1977,"items_purged":["Pain"],"score":630,"play_id":"fa2fe902-84e6-4de5-a401-95c8e032c833","local_time":"20201229214309","is_ascension_mode":true,"campfire_choices":[{"data":"Noxious Fumes","floor":6,"key":"SMITH"},{"data":"Specialist","floor":8,"key":"SMITH"},{"floor":15,"key":"RECALL"},{"floor":23,"key":"REST"},{"floor":30,"key":"REST"},{"floor":32,"key":"REST"}],"circlet_count":0,"master_deck":["Strike_G+1","Strike_G+1","Strike_G+1","Strike_G+1","Defend_G+1","Defend_G+1","Defend_G+1","Defend_G+1","Defend_G+1","Survivor","Neutralize","Noxious Fumes+1","Blade Dance","Infinite Blades","Dash","Backflip","Dodge and Roll","Venomology","Accuracy","Specialist+1","Bane","Blur","Acrobatics","Dagger Spray","Corpse Explosion","CurseOfTheBell","Bouncing Flask","Catalyst","Terror","ReplayTheSpireMod:Trickstab","Venomology","Replay:Poison Smokescreen","Noxious Fumes","Toxin Wave","Deadly Poison","Crippling Poison","Cloak And Dagger+1","infinitespire:FutureSight","Decay"],"relics":["Ring of the Snake","hubris:OldNail","Orichalcum","Odd Mushroom","hubris:Icosahedron","Calling Bell","Replay:Baseball","hubris:Metronome","hubris:Zylophone","hubris:BottledRain","ReplayTheSpireMod:CursedCoin","Replay:WaspNest","hubris:DeckOfHolding","Pantograph","Boot","Dream Catcher","WristBlade","infinitespire:Midas Blood"],"acts_visited":["Exordium","TheCity","TheBeyond"],"potions_floor_usage":[10,16,16,18,19,19,27,27,27,28,28,28,31,33,33,33,35,39,39,40],"damage_taken":[{"damage":0,"enemies":"Cultist","floor":1,"turns":3},{"damage":0,"enemies":"Jaw Worm","floor":2,"turns":5},{"damage":0,"enemies":"2 Louse","floor":3,"turns":3},{"damage":0,"enemies":"Exordium Wildlife","floor":4,"turns":4},{"damage":1,"enemies":"3 Louse","floor":5,"turns":4},{"damage":14,"enemies":"3 Sentries","floor":10,"turns":7},{"damage":3,"enemies":"The Mushroom Lair","floor":11,"turns":4},{"damage":3,"enemies":"Red Slaver","floor":12,"turns":6},{"damage":5,"enemies":"Looter","floor":14,"turns":3},{"damage":11,"enemies":"Hexaghost","floor":16,"turns":9},{"damage":4,"enemies":"Shell Parasite","floor":18,"turns":6},{"damage":18,"enemies":"2 Thieves","floor":19,"turns":4},{"damage":16,"enemies":"Replay:Snechameleon","floor":24,"turns":5},{"damage":11,"enemies":"Book of Stabbing","floor":27,"turns":9},{"damage":6,"enemies":"Snake Plant","floor":28,"turns":5},{"damage":4,"enemies":"Cultist and Chosen","floor":31,"turns":4},{"damage":67,"enemies":"hubris:MusketHawk","floor":33,"turns":8},{"damage":5,"enemies":"Orb Walker","floor":35,"turns":4},{"damage":37,"enemies":"3 Darklings","floor":39,"turns":4},{"damage":56,"enemies":"Nemesis","floor":40,"turns":3}],"seed_played":"-3955850962264277424","potions_obtained":[{"floor":2,"key":"Strength Potion"},{"floor":4,"key":"Dexterity Potion"},{"floor":16,"key":"Weak Potion"},{"floor":24,"key":"GhostInAJar"},{"floor":27,"key":"Fire Potion"},{"floor":31,"key":"Block Potion"},{"floor":33,"key":"Adrenaline Potion"},{"floor":39,"key":"Energy Potion"}],"is_trial":false,"path_per_floor":["M","M","M","M","M","R","$","R","T","E","?","M","?","M","R","B",null,"M","M","?","?","$","R","E","?","T","E","M","$","R","M","R","B",null,"M","?","AVR","?","M","E"],"character_chosen":"THE_SILENT","items_purchased":["Noxious Fumes","hubris:OldNail","Blade Dance","Accuracy","Specialist","ReplayTheSpireMod:CursedCoin","Replay:WaspNest","Dream Catcher","Noxious Fumes"],"campfire_rested":3,"item_purchase_floors":[0,0,0,7,7,22,22,29,29],"current_hp_per_floor":[62,62,62,62,61,61,61,61,61,47,44,41,41,36,36,25,70,66,48,48,31,31,52,36,24,24,13,7,7,28,24,45,3,70,65,65,65,65,28,0,0],"gold":201,"neow_bonus":"","is_daily":false,"chose_seed":false,"campfire_upgraded":2,"win_rate":0.0,"timestamp":1609267389,"path_taken":["M","M","M","M","?","R","$","R","T","E","?","M","?","M","R","BOSS","M","M","?","?","$","R","E","?","T","E","M","$","R","?","R","BOSS","M","?","AVR","?","M","E"],"items_purchased_type":["Card","Relic","Card","Card","Card","Relic","Relic","Relic","Card"],"build_version":"2020-12-22","purchased_purges":1,"victory":false,"max_hp_per_floor":[70,70,70,70,70,70,70,70,70,70,70,70,70,70,70,70,70,70,70,70,70,70,70,70,70,70,70,70,70,70,70,70,70,70,70,70,70,70,70,70,70],"card_choices":[{"not_picked":["Slice","Well Laid Plans"],"picked":"Infinite Blades","floor":1},{"not_picked":["Deflect","Slice"],"picked":"Dash","floor":2},{"not_picked":["Dagger Throw","ReplayTheSpireMod:Exploit Weakness"],"picked":"Backflip","floor":3},{"not_picked":["hubris:SlightOfHand","Masterful Stab"],"picked":"Dodge and Roll","floor":4},{"not_picked":["Outmaneuver","ReplayTheSpireMod:Scrap Shanks"],"picked":"Venomology","floor":5},{"not_picked":["ReplayTheSpireMod:From All Sides","PiercingWail"],"picked":"Bane","floor":10},{"not_picked":["Bane","Infinite Blades"],"picked":"Blur","floor":11},{"not_picked":["PiercingWail","Leg Sweep"],"picked":"Acrobatics","floor":12},{"not_picked":["Expertise","Bane"],"picked":"Dagger Spray","floor":14},{"not_picked":["Adrenaline","Malaise"],"picked":"Corpse Explosion","floor":16},{"not_picked":["Acrobatics","hubris:SlightOfHand","Flying Knee"],"picked":"SKIP","floor":18},{"not_picked":["Outmaneuver+1","Acrobatics+1"],"picked":"Bouncing Flask","floor":19},{"not_picked":["Terror+1","Bane"],"picked":"Catalyst","floor":21},{"not_picked":["ReplayTheSpireMod:Shiv Toss+1","Flying Knee+1"],"picked":"Terror","floor":24},{"not_picked":["Setup","Quick Slash"],"picked":"Venomology","floor":27},{"not_picked":["Crippling Poison","PiercingWail"],"picked":"Replay:Poison Smokescreen","floor":28},{"not_picked":["Acrobatics","hubris:SlightOfHand"],"picked":"Toxin Wave","floor":30},{"not_picked":["Flechettes","Predator"],"picked":"Deadly Poison","floor":31},{"not_picked":["Dagger Throw","Dash+1"],"picked":"Crippling Poison","floor":32},{"not_picked":["Terror","Underhanded Strike"],"picked":"Cloak And Dagger+1","floor":35},{"not_picked":["PiercingWail+1","Acrobatics+1","ReplayTheSpireMod:Scrap Shanks"],"picked":"SKIP","floor":39}],"player_experience":304387,"relics_obtained":[{"floor":10,"key":"Orichalcum"},{"floor":11,"key":"Odd Mushroom"},{"floor":17,"key":"Replay:Baseball"},{"floor":17,"key":"hubris:Metronome"},{"floor":17,"key":"hubris:Zylophone"},{"floor":21,"key":"hubris:BottledRain"},{"floor":24,"key":"hubris:DeckOfHolding"},{"floor":26,"key":"Pantograph"},{"floor":27,"key":"Boot"}],"event_choices":[{"damage_healed":0,"gold_gain":0,"player_choice":"Fought Mushrooms","damage_taken":0,"max_hp_gain":0,"max_hp_loss":0,"event_name":"Mushrooms","floor":11,"gold_loss":0},{"damage_healed":0,"gold_gain":0,"player_choice":"Simplicity","damage_taken":0,"max_hp_gain":0,"max_hp_loss":10,"event_name":"betterThird:BetterWriting","floor":20,"gold_loss":0},{"damage_healed":0,"gold_gain":0,"player_choice":"CARD ","damage_taken":12,"max_hp_gain":0,"max_hp_loss":0,"event_name":"Knowing Skull","floor":25,"potions_obtained":[],"gold_loss":0,"cards_obtained":["ReplayTheSpireMod:Trickstab"]},{"cards_removed":["Strike_G"],"damage_healed":0,"gold_gain":0,"player_choice":"Removed Attack","damage_taken":0,"max_hp_gain":0,"max_hp_loss":0,"event_name":"Falling","floor":36,"gold_loss":0},{"damage_healed":0,"gold_gain":0,"player_choice":"Cursed","damage_taken":0,"max_hp_gain":0,"max_hp_loss":0,"event_name":"Wheel of Change","floor":38,"gold_loss":0,"cards_obtained":["Decay"]}],"is_beta":false,"boss_relics":[{"not_picked":["Pandora\u0027s Box","hubris:RunicObelisk"],"picked":"Calling Bell"},{"not_picked":["hubris:VirtuousBlindfold","hubris:Backtick"],"picked":"WristBlade"}],"items_purged_floors":[22],"is_endless":false,"potions_floor_spawned":[2,4,12,16,24,27,31,33,39],"killed_by":"Nemesis","ascension_level":1}}