{"host":"njcl8kinlkfw245p","time":1609262893,"event":{"mods":["BaseMod","Block Reminder","Colored Map","KinomotoSakuraMod(????)","Minty Spire (QoL Compilation)","StSLib","The Senshi"],"gold_per_floor":[115,127,202,19,19,53,53,72,72,88,123,147,147,161,161,257,257,277,277,259,273,273,305,305,305,305,113,113,142,142,176,176,277,277,287,298,298,155,173,173,173,199,199,199,199,199],"floor_reached":45,"playtime":3764,"items_purged":[],"score":916,"play_id":"7ea2b2bb-cee1-4257-93db-f9309331a760","local_time":"20201229092813","is_ascension_mode":true,"campfire_choices":[{"data":"theSenshi:MoonTiaraMagic","floor":7.0,"key":"SMITH"},{"data":"theSenshi:MoonCosmicPowerMakeUp","floor":13.0,"key":"SMITH"},{"data":"theSenshi:SailorJupiterAssists","floor":15.0,"key":"SMITH"},{"data":"theSenshi:SilverMoonCrystalPowerKiss","floor":24.0,"key":"SMITH"},{"floor":28.0,"key":"REST"},{"floor":32,"key":"REST"},{"data":"theSenshi:MoonCrisisMakeUp","floor":40,"key":"SMITH"},{"floor":44,"key":"REST"}],"circlet_count":0,"master_deck":["AscendersBane","theSenshi:SailorKick+1","theSenshi:SailorKick+1","theSenshi:SailorKick+1","theSenshi:SailorKick+1","theSenshi:SailorBlock+1","theSenshi:SailorBlock+1","theSenshi:SailorBlock+1","theSenshi:SailorBlock+1","theSenshi:RoseThrow+1","theSenshi:MoonPrismPowerMakeUp","theSenshi:MoonCosmicPowerMakeUp+1","theSenshi:MoonTiaraMagic+1","theSenshi:SailorVenusAssists","theSenshi:InTheNickOfTime","theSenshi:SailorJupiterAssists+1","theSenshi:MoonHealingEscalation","theSenshi:MoonlightKnight","theSenshi:LunaWiseMentor","theSenshi:SilverMoonCrystalPowerKiss+1","theSenshi:MoonPower","theSenshi:MoonPrincessHalation+1","theSenshi:SailorJupiterAssists","theSenshi:MoonCrisisMakeUp+1","theSenshi:MoonEternalMakeUp","theSenshi:SailorSaturnAssists"],"relics":["theSenshi:TransformationBroochRelic","NeowsBlessing","theSenshi:ChokerRelic","theSenshi:FeatherClipsRelic","Bag of Marbles","Darkstone Periapt","Odd Mushroom","theSenshi:EternalSailorFukuRelic","theSenshi:CrystalStarRelic","theSenshi:CutieMoonRodRelic","Singing Bowl","Omamori","FossilizedHelix","Black Star","MealTicket","Blood Vial","Art of War","Pen Nib"],"acts_visited":["Exordium","TheCity","TheBeyond"],"potions_floor_usage":[],"damage_taken":[{"damage":0.0,"enemies":"Jaw Worm","floor":1.0,"turns":1.0},{"damage":0.0,"enemies":"Small Slimes","floor":2.0,"turns":1.0},{"damage":0.0,"enemies":"Gremlin Nob","floor":6.0,"turns":1.0},{"damage":0.0,"enemies":"2 Louse","floor":8.0,"turns":1.0},{"damage":4.0,"enemies":"Exordium Wildlife","floor":10.0,"turns":4.0},{"damage":21.0,"enemies":"3 Sentries","floor":11.0,"turns":7.0},{"damage":0.0,"enemies":"The Mushroom Lair","floor":12.0,"turns":1.0},{"damage":0.0,"enemies":"Large Slime","floor":14.0,"turns":5.0},{"damage":43.0,"enemies":"The Guardian","floor":16.0,"turns":15.0},{"damage":23.0,"enemies":"Chosen","floor":18.0,"turns":9.0},{"damage":11.0,"enemies":"2 Thieves","floor":20.0,"turns":4.0},{"damage":17.0,"enemies":"Centurion and Healer","floor":21.0,"turns":17.0},{"damage":69.0,"enemies":"Gremlin Leader","floor":23.0,"turns":10.0},{"damage":36.0,"enemies":"Slavers","floor":29.0,"turns":9.0},{"damage":25,"enemies":"Gremlin Leader","floor":31,"turns":6},{"damage":34,"enemies":"Collector","floor":33,"turns":11},{"damage":0,"enemies":"Orb Walker","floor":35,"turns":3},{"damage":14,"enemies":"3 Shapes","floor":36,"turns":8},{"damage":70,"enemies":"Sphere and 2 Shapes","floor":39,"turns":9},{"damage":46,"enemies":"Nemesis","floor":42,"turns":11},{"damage":107,"enemies":"Giant Head","floor":45,"turns":11}],"seed_played":"4990796229040115779","potions_obtained":[{"floor":10.0,"key":"LiquidMemories"},{"floor":11.0,"key":"SteroidPotion"},{"floor":12.0,"key":"SkillPotion"},{"floor":14.0,"key":"Fruit Juice"},{"floor":20.0,"key":"AttackPotion"},{"floor":23.0,"key":"AttackPotion"},{"floor":29.0,"key":"SteroidPotion"},{"floor":42,"key":"Swift Potion"}],"is_trial":false,"path_per_floor":["M","M","?","$","?","E","R","M","T","M","E","?","R","M","R","B",null,"M","?","M","M","?","E","R","$","T","$","R","E","?","E","R","B",null,"M","M","?","$","M","R","?","E","T","R","E"],"character_chosen":"THE_SENSHI","items_purchased":["theSenshi:MoonTiaraMagic","theSenshi:ChokerRelic","theSenshi:MoonCrisisMakeUp","theSenshi:CutieMoonRodRelic","MealTicket"],"campfire_rested":3,"item_purchase_floors":[4,4,27,27,38],"current_hp_per_floor":[68,68,57,57,57,57,57,63,63,65,50,56,56,67,72,55,74,62,62,57,71,71,18,18,18,18,18,42,21,21,13,37,27,68,84,78,78,78,30,30,30,13,13,40,0,0],"gold":199,"neow_bonus":"THREE_ENEMY_KILL","is_daily":false,"chose_seed":false,"campfire_upgraded":5,"win_rate":0.0,"timestamp":1609262893,"path_taken":["M","M","?","$","?","E","R","?","T","M","E","?","R","M","R","BOSS","M","?","M","M","?","E","R","?","T","$","R","E","?","E","R","BOSS","M","M","?","?","?","R","?","E","T","R","E"],"items_purchased_type":["Card","Relic","Card","Relic","Relic"],"build_version":"2020-12-22","purchased_purges":0,"victory":false,"max_hp_per_floor":[75,75,75,75,75,75,75,75,75,75,75,75,75,75,80,80,80,80,80,80,80,80,80,80,80,80,80,80,80,80,82,82,82,82,84,86,86,86,88,88,88,90,90,90,90,90],"card_choices":[{"not_picked":["theSenshi:SchoolBag","theSenshi:TuxedoSmokingBomber"],"picked":"theSenshi:MoonCosmicPowerMakeUp","floor":1.0},{"not_picked":["theSenshi:SailorStarMakerAssists","theSenshi:SupersonicWaves","theSenshi:SailorMarsAssists"],"picked":"SKIP","floor":2.0},{"not_picked":["theSenshi:SailorPlanetPower","theSenshi:LunasBite"],"picked":"theSenshi:SailorVenusAssists","floor":6.0},{"not_picked":["theSenshi:YouCanTalk","theSenshi:DramaticEntrance"],"picked":"theSenshi:InTheNickOfTime","floor":8.0},{"not_picked":["theSenshi:MoonHealingEscalation","theSenshi:SupersonicWaves"],"picked":"theSenshi:SailorJupiterAssists","floor":10.0},{"not_picked":["theSenshi:PlutosSolemnity","theSenshi:DramaticEntrance"],"picked":"theSenshi:MoonHealingEscalation","floor":11.0},{"not_picked":["theSenshi:HesSoDreamy","theSenshi:SailorPlanetPower"],"picked":"theSenshi:MoonlightKnight","floor":12.0},{"not_picked":["theSenshi:DramaticEntrance","theSenshi:MoonTiaraMagic"],"picked":"theSenshi:LunaWiseMentor","floor":14.0},{"not_picked":["theSenshi:IWillPunishYou","theSenshi:InTheNameOfTheMoon"],"picked":"theSenshi:SilverMoonCrystalPowerKiss","floor":16.0},{"not_picked":["theSenshi:MoonsReflection","theSenshi:SailorVenusAssists+1"],"picked":"theSenshi:MoonPower","floor":18.0},{"not_picked":["theSenshi:SchoolBag","theSenshi:TuxedoSmokingBomber"],"picked":"theSenshi:MoonPrincessHalation+1","floor":20.0},{"not_picked":["theSenshi:MoonPrincessHalation","theSenshi:SteeledNerves+1","theSenshi:MoonPunch"],"picked":"SKIP","floor":21.0},{"not_picked":["theSenshi:EncouragingSpeech","theSenshi:HesSoDreamy"],"picked":"theSenshi:SailorJupiterAssists","floor":23.0},{"not_picked":["theSenshi:SailorChibiMoonAssists","theSenshi:MoonsReflection"],"picked":"theSenshi:MoonEternalMakeUp","floor":29.0},{"not_picked":["theSenshi:SailorJupiterAssists","theSenshi:MoonCrystalPowerMakeUp","theSenshi:GatheringStrength"],"picked":"Singing Bowl","floor":31},{"not_picked":["theSenshi:SailorCosmosAssists","theSenshi:SilverMoonCrystalPowerKiss"],"picked":"theSenshi:SailorSaturnAssists","floor":33},{"not_picked":["theSenshi:SupersonicWaves","theSenshi:MoonTiaraMagic","theSenshi:SchoolBag"],"picked":"Singing Bowl","floor":35},{"not_picked":["theSenshi:EncouragingSpeech+1","theSenshi:MoonPunch","theSenshi:TuxedoSmokingBomber"],"picked":"Singing Bowl","floor":36},{"not_picked":["theSenshi:MoonTwilightFlash","theSenshi:OdangoHead+1","theSenshi:SailorVenusAssists"],"picked":"Singing Bowl","floor":39},{"not_picked":["theSenshi:LateForSchool","theSenshi:MoonSpiralHeartAttack","theSenshi:MoonPower"],"picked":"Singing Bowl","floor":42}],"player_experience":877659,"relics_obtained":[{"floor":6.0,"key":"theSenshi:FeatherClipsRelic"},{"floor":9.0,"key":"Bag of Marbles"},{"floor":11.0,"key":"Darkstone Periapt"},{"floor":12.0,"key":"Odd Mushroom"},{"floor":23.0,"key":"theSenshi:CrystalStarRelic"},{"floor":29.0,"key":"Singing Bowl"},{"floor":31,"key":"FossilizedHelix"},{"floor":42,"key":"Blood Vial"},{"floor":42,"key":"Art of War"},{"floor":43,"key":"Pen Nib"}],"event_choices":[{"damage_healed":0.0,"max_hp_gain":0.0,"max_hp_loss":0.0,"gold_gain":75.0,"event_name":"World of Goop","player_choice":"Gather Gold","floor":3.0,"gold_loss":0.0,"damage_taken":11.0},{"damage_healed":0.0,"max_hp_gain":0.0,"max_hp_loss":0.0,"gold_gain":0.0,"event_name":"Liars Game","player_choice":"Ignored","floor":5.0,"gold_loss":0.0,"damage_taken":0.0},{"damage_healed":0.0,"max_hp_gain":0.0,"max_hp_loss":0.0,"gold_gain":0.0,"event_name":"Mushrooms","player_choice":"Fought Mushrooms","floor":12.0,"gold_loss":0.0,"damage_taken":0.0},{"damage_healed":0.0,"max_hp_gain":0.0,"max_hp_loss":0.0,"gold_gain":0.0,"event_name":"Back to Basics","player_choice":"Simplicity","floor":19.0,"gold_loss":0.0,"damage_taken":0.0,"cards_upgraded":["theSenshi:SailorKick","theSenshi:SailorKick","theSenshi:SailorKick","theSenshi:SailorKick","theSenshi:SailorBlock","theSenshi:SailorBlock","theSenshi:SailorBlock","theSenshi:SailorBlock"]},{"damage_healed":0.0,"max_hp_gain":0.0,"max_hp_loss":0.0,"gold_gain":0.0,"event_name":"Vampires","player_choice":"Ignored","floor":22.0,"gold_loss":0.0,"damage_taken":0.0},{"damage_healed":0.0,"max_hp_gain":0.0,"max_hp_loss":0.0,"gold_gain":0.0,"event_name":"The Mausoleum","player_choice":"Opened","floor":30.0,"gold_loss":0.0,"damage_taken":0.0,"relics_obtained":["Omamori"]},{"damage_healed":0,"gold_gain":0,"player_choice":"Upgraded","damage_taken":0,"max_hp_gain":0,"max_hp_loss":0,"event_name":"Upgrade Shrine","floor":37,"gold_loss":0,"cards_upgraded":["theSenshi:RoseThrow"]},{"damage_healed":0,"gold_gain":0,"player_choice":"Ignored","damage_taken":0,"max_hp_gain":0,"max_hp_loss":0,"event_name":"Mysterious Sphere","floor":41,"gold_loss":0}],"is_beta":false,"boss_relics":[{"not_picked":["Runic Pyramid","SacredBark"],"picked":"theSenshi:EternalSailorFukuRelic"},{"not_picked":["Snecko Eye","Cursed Key"],"picked":"Black Star"}],"items_purged_floors":[],"is_endless":false,"potions_floor_spawned":[10,11,12,14,20,23,29,42],"killed_by":"Giant Head","ascension_level":12}}