{"host":"0ydzwspkajt4brzd","time":1609224474,"event":{"mods":["AchievementEnabler","BaseMod","Colored Map","DeckTracker","Googly Eyes","Highlight Path","Minty Spire (QoL Compilation)","Quick Restart","Random Character Button","Rare Cards Sparkle"],"gold_per_floor":[20,32,58,70,70,70,104,104,150,178,128,144,169,190,190,190,190],"floor_reached":16,"playtime":562,"items_purged":[],"score":162,"play_id":"13d76fcd-8c3e-4084-b243-699c387ac02d","local_time":"20201228224754","is_ascension_mode":true,"campfire_choices":[{"data":"Searing Blow","floor":6.0,"key":"SMITH"},{"data":"Searing Blow+1","floor":8.0,"key":"SMITH"},{"data":"Searing Blow+2","floor":15.0,"key":"SMITH"}],"circlet_count":0,"master_deck":["Strike_R","Strike_R","Strike_R","Strike_R","Defend_R+1","Defend_R","Defend_R+1","Defend_R","Bash","Thunderclap","Inflame","Searing Blow+3","Hemokinesis","Pommel Strike"],"relics":["Burning Blood","Unceasing Top","War Paint","CeramicFish","Akabeko","Blood Vial"],"acts_visited":["Exordium"],"potions_floor_usage":[16,16,16],"damage_taken":[{"damage":1.0,"enemies":"Cultist","floor":1.0,"turns":3.0},{"damage":5.0,"enemies":"Jaw Worm","floor":2.0,"turns":6.0},{"damage":7.0,"enemies":"Small Slimes","floor":4.0,"turns":4.0},{"damage":40.0,"enemies":"3 Sentries","floor":7.0,"turns":8.0},{"damage":18.0,"enemies":"Gremlin Nob","floor":10.0,"turns":3.0},{"damage":5.0,"enemies":"Blue Slaver","floor":12.0,"turns":3.0},{"damage":3.0,"enemies":"Looter","floor":13.0,"turns":3.0},{"damage":20.0,"enemies":"Large Slime","floor":14.0,"turns":5.0},{"damage":29,"enemies":"The Guardian","floor":16,"turns":7}],"seed_played":"3423944021773379559","potions_obtained":[{"floor":4.0,"key":"Strength Potion"},{"floor":7.0,"key":"SpeedPotion"},{"floor":10.0,"key":"Ancient Potion"},{"floor":13.0,"key":"Energy Potion"}],"is_trial":false,"path_per_floor":["M","M","T","M","?","R","E","R","T","E","?","M","M","M","R","B"],"character_chosen":"IRONCLAD","items_purchased":[],"campfire_rested":0,"item_purchase_floors":[],"current_hp_per_floor":[77,78,78,77,77,77,43,43,43,31,31,34,39,27,27,0,0],"gold":190,"neow_bonus":"ONE_RARE_RELIC","is_daily":false,"chose_seed":false,"campfire_upgraded":3,"win_rate":0.0,"timestamp":1609224474,"path_taken":["M","M","?","M","?","R","E","R","T","E","?","?","M","M","R","BOSS"],"items_purchased_type":[],"build_version":"2020-12-22","purchased_purges":0,"victory":false,"max_hp_per_floor":[80,80,80,80,80,80,80,80,80,80,80,80,80,80,80,80,80],"card_choices":[{"not_picked":["Warcry","Fire Breathing"],"picked":"Thunderclap","floor":1.0},{"not_picked":["Seeing Red","Shrug It Off"],"picked":"Inflame","floor":2.0},{"not_picked":["Heavy Blade","Warcry"],"picked":"Searing Blow","floor":4.0},{"not_picked":["Warcry","Iron Wave","Power Through"],"picked":"SKIP","floor":7.0},{"not_picked":["Corruption","Sever Soul","Ghostly Armor"],"picked":"SKIP","floor":10.0},{"not_picked":["Havoc","Flex","Armaments"],"picked":"SKIP","floor":12.0},{"not_picked":["Havoc","Intimidate"],"picked":"Hemokinesis","floor":13.0},{"not_picked":["Hemokinesis","Havoc"],"picked":"Pommel Strike","floor":14.0}],"player_experience":358498,"relics_obtained":[{"floor":3.0,"key":"War Paint"},{"floor":7.0,"key":"CeramicFish"},{"floor":9.0,"key":"Akabeko"},{"floor":10.0,"key":"Blood Vial"}],"event_choices":[{"damage_healed":0.0,"max_hp_gain":0.0,"max_hp_loss":0.0,"gold_gain":0.0,"event_name":"Liars Game","player_choice":"Ignored","floor":5.0,"gold_loss":0.0,"damage_taken":0.0},{"cards_removed":["Strike_R"],"damage_healed":0.0,"max_hp_gain":0.0,"max_hp_loss":0.0,"gold_gain":0.0,"event_name":"The Cleric","player_choice":"Card Removal","floor":11.0,"gold_loss":50.0,"damage_taken":0.0}],"is_beta":false,"boss_relics":[],"items_purged_floors":[],"is_endless":false,"potions_floor_spawned":[4,7,10,13],"killed_by":"The Guardian","ascension_level":9}}