{"host":"e4wnmsyty9uvvtwf","time":1609249870,"event":{"mods":["Aspiration","BaseMod","Colored Map","Colored Powertips","Marisa£®ÏF”Í°°ƒß¿Ì…≥£©","Minty Spire (QoL Compilation)","Rare Cards Sparkle","Replay The Spire","StSLib"],"gold_per_floor":[110,110,126,143,193,193,213,138,189,201,238,270,307,319,331,343,343],"floor_reached":16,"playtime":289,"items_purged":["Injury"],"score":190,"play_id":"0febe888-24de-4ba2-8d3f-7f4aa0d88e74","local_time":"20201229215110","is_ascension_mode":true,"campfire_choices":[{"data":"Corpse Explosion","floor":6,"key":"SMITH"},{"floor":10,"key":"REST"},{"floor":15,"key":"REST"}],"circlet_count":0,"master_deck":["AscendersBane","Strike_G+1","Strike_G","Strike_G","Strike_G","Strike_G","Defend_G","Defend_G","Defend_G","Defend_G","Defend_G","Survivor","Neutralize","Corpse Explosion+1","Poisoned Stab","Outmaneuver+1","Slice","Backflip+1","Corpse Explosion+1"],"relics":["Ring of the Snake","Toxic Egg 2","MawBank","Gremlin Food","Centennial Puzzle"],"acts_visited":["Exordium"],"potions_floor_usage":[13,13],"damage_taken":[{"damage":2.0,"enemies":"Jaw Worm","floor":1.0,"turns":5.0},{"damage":3.0,"enemies":"2 Louse","floor":3.0,"turns":3.0},{"damage":6.0,"enemies":"Cultist","floor":4.0,"turns":4.0},{"damage":24,"enemies":"Exordium Thugs","floor":7,"turns":5},{"damage":9,"enemies":"Blue Slaver","floor":12,"turns":3},{"damage":21,"enemies":"Gremlin Nob","floor":13,"turns":4},{"damage":0,"enemies":"Slime Boss","floor":16,"turns":1}],"seed_played":"-2179619130507951402","potions_obtained":[{"floor":4.0,"key":"Adrenaline Potion"},{"floor":12,"key":"CultistPotion"},{"floor":13,"key":"FearPotion"}],"is_trial":false,"path_per_floor":["M","?","M","M","?","R","M","$","T","R","T","M","E","?","R","B"],"character_chosen":"THE_SILENT","items_purchased":[],"campfire_rested":2,"item_purchase_floors":[],"current_hp_per_floor":[57,57,54,48,42,42,18,18,18,37,37,28,7,7,26,26,26],"gold":343,"neow_bonus":"ONE_RANDOM_RARE_CARD","is_daily":false,"chose_seed":false,"campfire_upgraded":1,"win_rate":0.0,"timestamp":1609249870,"path_taken":["M","?","M","M","?","R","?","$","T","R","?","M","E","?","R","BOSS"],"items_purchased_type":[],"build_version":"2020-12-22","purchased_purges":1,"victory":false,"max_hp_per_floor":[66,66,66,66,66,66,66,66,66,66,66,66,66,66,66,66,66],"card_choices":[{"not_picked":["Underhanded Strike","Leg Sweep"],"picked":"Poisoned Stab","floor":1.0},{"not_picked":["Prepared+1","Sucker Punch"],"picked":"Outmaneuver+1","floor":3.0},{"not_picked":["Dagger Spray","Quick Slash"],"picked":"Slice","floor":4.0},{"not_picked":["Acrobatics+1","Flechettes","Predator"],"picked":"SKIP","floor":7},{"not_picked":["Dodge and Roll+1","Poisoned Stab"],"picked":"Backflip+1","floor":12},{"not_picked":["Deflect+1","Slice"],"picked":"Corpse Explosion+1","floor":13}],"player_experience":674683,"relics_obtained":[{"floor":9,"key":"MawBank"},{"floor":11,"key":"Gremlin Food"},{"floor":13,"key":"Centennial Puzzle"}],"event_choices":[{"damage_healed":0,"gold_gain":50,"player_choice":"Touch","damage_taken":6,"max_hp_gain":0,"max_hp_loss":0,"event_name":"FaceTrader","floor":5,"gold_loss":0},{"damage_healed":0,"gold_gain":0,"player_choice":"Ignored","damage_taken":0,"max_hp_gain":0,"max_hp_loss":0,"event_name":"Golden Wing","floor":14,"gold_loss":0}],"is_beta":false,"boss_relics":[],"items_purged_floors":[8],"is_endless":false,"potions_floor_spawned":[4,12,13],"killed_by":"Slime Boss","ascension_level":18}}