{"host":"nh1tx9wty0m9wedw","time":1609225092,"event":{"mods":["BaseMod","Colored Map","Colored Powertips","Minty Spire (QoL Compilation)"],"gold_per_floor":[214,23,23,43,59,72,98,108,108,125,13,13,34,47,47,47,47],"floor_reached":16,"playtime":1022,"items_purged":["Pain"],"score":130,"play_id":"42f3b8a2-325f-4939-81ba-d2f78557167c","local_time":"20201229075812","is_ascension_mode":true,"campfire_choices":[{"floor":12,"key":"REST"},{"floor":15,"key":"REST"}],"circlet_count":0,"master_deck":["Strike_R","Strike_R","Strike_R","Strike_R","Strike_R","Defend_R","Defend_R","Defend_R","Defend_R","Bash","Wild Strike","The Bomb","Rampage","Shockwave","Armaments","Inflame","Infernal Blade","Twin Strike"],"relics":["Burning Blood","WarpedTongs","Boot","Bottled Lightning","Odd Mushroom"],"acts_visited":["Exordium"],"potions_floor_usage":[6,8,10,13],"damage_taken":[{"damage":8,"enemies":"Jaw Worm","floor":1,"turns":4},{"damage":8,"enemies":"Cultist","floor":4,"turns":3},{"damage":17,"enemies":"Small Slimes","floor":5,"turns":4},{"damage":17,"enemies":"Exordium Wildlife","floor":6,"turns":4},{"damage":18,"enemies":"Gremlin Nob","floor":7,"turns":3},{"damage":6,"enemies":"Looter","floor":8,"turns":3},{"damage":2,"enemies":"Large Slime","floor":10,"turns":4},{"damage":34,"enemies":"The Mushroom Lair","floor":13,"turns":6},{"damage":17,"enemies":"3 Louse","floor":14,"turns":5},{"damage":59,"enemies":"The Guardian","floor":16,"turns":10}],"seed_played":"-4854526572820284838","potions_obtained":[{"floor":5,"key":"SpeedPotion"},{"floor":7,"key":"HeartOfIron"},{"floor":8,"key":"FearPotion"},{"floor":10,"key":"Block Potion"}],"is_trial":false,"path_per_floor":["M","$","?","M","M","M","E","M","T","M","$","R","?","M","R","B"],"character_chosen":"IRONCLAD","items_purchased":["The Bomb","Inflame"],"campfire_rested":2,"item_purchase_floors":[2,11],"current_hp_per_floor":[78,78,78,76,65,54,42,42,42,46,46,70,42,31,55,0,0],"gold":47,"neow_bonus":"HUNDRED_GOLD","is_daily":false,"chose_seed":false,"campfire_upgraded":0,"win_rate":0.0,"timestamp":1609225092,"path_taken":["M","$","?","M","M","M","E","?","T","M","$","R","?","M","R","BOSS"],"items_purchased_type":["Card","Card"],"build_version":"2020-12-22","purchased_purges":1,"victory":false,"max_hp_per_floor":[80,80,80,80,80,80,80,80,80,80,80,80,80,80,80,80,80],"card_choices":[{"not_picked":["Havoc","Sword Boomerang"],"picked":"Wild Strike","floor":1},{"not_picked":["Warcry","Heavy Blade","Searing Blow"],"picked":"SKIP","floor":4},{"not_picked":["Pummel","Dual Wield","Perfected Strike"],"picked":"SKIP","floor":5},{"not_picked":["Heavy Blade","Searing Blow"],"picked":"Rampage","floor":6},{"not_picked":["Bloodletting","Flex"],"picked":"Shockwave","floor":7},{"not_picked":["Disarm","Sever Soul"],"picked":"Armaments","floor":8},{"not_picked":["Warcry","True Grit","Limit Break"],"picked":"SKIP","floor":10},{"not_picked":["Whirlwind","Havoc"],"picked":"Infernal Blade","floor":13},{"not_picked":["Sentinel","Shrug It Off"],"picked":"Twin Strike","floor":14}],"player_experience":590330,"relics_obtained":[{"floor":7,"key":"Boot"},{"floor":9,"key":"Bottled Lightning"},{"floor":13,"key":"Odd Mushroom"}],"event_choices":[{"damage_healed":0,"gold_gain":0,"player_choice":"Rummage","damage_taken":0,"relics_obtained":["WarpedTongs"],"max_hp_gain":0,"max_hp_loss":0,"event_name":"Accursed Blacksmith","floor":3,"gold_loss":0,"cards_obtained":["Pain"]},{"damage_healed":0,"gold_gain":0,"player_choice":"Fought Mushrooms","damage_taken":0,"max_hp_gain":0,"max_hp_loss":0,"event_name":"Mushrooms","floor":13,"gold_loss":0}],"is_beta":false,"boss_relics":[],"items_purged_floors":[11],"is_endless":false,"potions_floor_spawned":[5,7,8,10],"killed_by":"The Guardian","ascension_level":5}}