{"host":"lpcxcvdszk9zyesf","time":1609244184,"event":{"mods":["BaseMod","Better Third Choice","BetterRewards","Minty Spire (QoL Compilation)","Rare Cards Sparkle","Relic Stats","Say the Spire","Spicy Shops","StSLib"],"gold_per_floor":[115,135,146,146,146,146,174,174,174,144,69,69,94,83,83,83,83],"floor_reached":16,"playtime":810,"items_purged":["Strike_R","Strike_R"],"score":237,"play_id":"1c3f85ac-f50a-4a33-b032-da03f50f31ef","local_time":"20201229201624","is_ascension_mode":true,"campfire_choices":[{"floor":6,"key":"REST"},{"floor":8,"key":"REST"},{"data":"Entrench","floor":15,"key":"SMITH"}],"circlet_count":0,"master_deck":["AscendersBane","Strike_R","Strike_R","Defend_R","Defend_R","Defend_R","Defend_R","Bash","Entrench+1","Dramatic Entrance","True Grit","Shrug It Off","Armaments","Dual Wield","Ghostly Armor","Bloodletting"],"relics":["Burning Blood","StoneCalendar","Centennial Puzzle","Ginger","Nunchaku"],"acts_visited":["Exordium"],"potions_floor_usage":[7,13],"damage_taken":[{"damage":5,"enemies":"Small Slimes","floor":1,"turns":4},{"damage":8,"enemies":"2 Louse","floor":2,"turns":3},{"damage":11,"enemies":"Jaw Worm","floor":3,"turns":5},{"damage":35,"enemies":"3 Sentries","floor":7,"turns":7},{"damage":1,"enemies":"Looter","floor":10,"turns":4},{"damage":26,"enemies":"Lagavulin","floor":13,"turns":10},{"damage":6,"enemies":"Exordium Thugs","floor":14,"turns":5},{"damage":80,"enemies":"The Guardian","floor":16,"turns":19}],"seed_played":"4945504708650022632","potions_obtained":[{"floor":1,"key":"DuplicationPotion"},{"floor":3,"key":"Weak Potion"},{"floor":13,"key":"Explosive Potion"}],"is_trial":false,"path_per_floor":["M","M","M","?","?","R","E","R","T","M","$","?","E","M","R","B"],"character_chosen":"IRONCLAD","items_purchased":["Entrench","Dramatic Entrance","Ghostly Armor"],"campfire_rested":2,"item_purchase_floors":[0,0,11],"current_hp_per_floor":[73,71,66,54,54,78,49,73,73,78,78,83,63,63,63,0,0],"gold":83,"neow_bonus":"","is_daily":false,"chose_seed":false,"campfire_upgraded":1,"win_rate":0.0,"timestamp":1609244184,"path_taken":["M","M","M","?","?","R","E","R","T","M","?","?","E","M","R","BOSS"],"items_purchased_type":["Card","Card","Card"],"build_version":"2020-12-22","purchased_purges":2,"victory":false,"max_hp_per_floor":[80,80,80,80,80,80,80,80,80,80,80,85,85,85,85,85,85],"relic_stats":{"Centennial Puzzle":[12],"Nunchaku":[2],"counters":[46,248],"StoneCalendar":[154],"Ginger":[4],"obtain_stats":[{"Darkstone Periapt":7,"Nilry\u0027s Codex":27,"Black Blood":17,"StoneCalendar":4,"Incense Burner":17,"Ginger":9,"Bottled Tornado":23,"Empty Cage":17,"Boot":9,"Burning Blood":0,"Lizard Tail":0,"Centennial Puzzle":2,"Nunchaku":13,"Tiny Chest":17,"Toxic Egg 2":17,"Lee\u0027s Waffle":21,"Happy Flower":7,"Oddly Smooth Stone":26,"Eternal Feather":9,"PreservedInsect":9,"Frozen Egg 2":0,"White Beast Statue":20,"Akabeko":7,"Mercury Hourglass":31,"Calling Bell":17,"Meat on the Bone":0,"NlothsMask":19},{"Darkstone Periapt":19,"Nilry\u0027s Codex":12,"Black Blood":34,"StoneCalendar":41,"Incense Burner":22,"Ginger":42,"Bottled Tornado":11,"Empty Cage":7,"Boot":30,"Burning Blood":0,"Lizard Tail":15,"Centennial Puzzle":16,"Nunchaku":44,"Tiny Chest":22,"Toxic Egg 2":22,"Lee\u0027s Waffle":36,"Happy Flower":3,"Oddly Smooth Stone":12,"Eternal Feather":4,"PreservedInsect":19,"Frozen Egg 2":15,"White Beast Statue":9,"Akabeko":29,"Mercury Hourglass":14,"Calling Bell":22,"Meat on the Bone":0,"NlothsMask":35},{"Darkstone Periapt":84,"Nilry\u0027s Codex":44,"Black Blood":163,"StoneCalendar":203,"Incense Burner":96,"Ginger":210,"Bottled Tornado":43,"Empty Cage":26,"Boot":141,"Burning Blood":0,"Lizard Tail":61,"Centennial Puzzle":65,"Nunchaku":224,"Tiny Chest":96,"Toxic Egg 2":96,"Lee\u0027s Waffle":176,"Happy Flower":13,"Oddly Smooth Stone":44,"Eternal Feather":17,"PreservedInsect":84,"Frozen Egg 2":61,"White Beast Statue":33,"Akabeko":136,"Mercury Hourglass":54,"Calling Bell":96,"Meat on the Bone":0,"NlothsMask":167}],"Burning Blood":269},"card_choices":[{"not_picked":["Wild Strike","Rupture","Entrench"],"picked":"SKIP","floor":1},{"not_picked":["Thunderclap","Warcry","Flex"],"picked":"SKIP","floor":2},{"not_picked":["Anger","Whirlwind"],"picked":"True Grit","floor":3},{"not_picked":["Pommel Strike","Thunderclap"],"picked":"Armaments","floor":7},{"not_picked":["Thunderclap","Havoc"],"picked":"Dual Wield","floor":10},{"not_picked":["Perfected Strike","Iron Wave","Warcry"],"picked":"SKIP","floor":13},{"not_picked":["Flex","Perfected Strike"],"picked":"Bloodletting","floor":14}],"player_experience":273067,"relics_obtained":[{"floor":7,"key":"Centennial Puzzle"},{"floor":9,"key":"Ginger"},{"floor":13,"key":"Nunchaku"}],"event_choices":[{"damage_healed":0,"gold_gain":0,"player_choice":"Relic ","damage_taken":12,"max_hp_gain":0,"max_hp_loss":0,"event_name":"betterThird:BetterScrap","floor":4,"gold_loss":0,"cards_obtained":["Phantasmal Killer"]},{"damage_healed":0,"gold_gain":0,"cards_transformed":["Strike_R"],"player_choice":"Change","damage_taken":0,"max_hp_gain":0,"max_hp_loss":0,"event_name":"Living Wall","floor":5,"gold_loss":0,"cards_obtained":["Shrug It Off"]},{"damage_healed":0,"gold_gain":0,"player_choice":"Donut","damage_taken":0,"max_hp_gain":5,"max_hp_loss":0,"event_name":"Big Fish","floor":12,"gold_loss":0}],"is_beta":false,"boss_relics":[],"items_purged_floors":[0,0],"is_endless":false,"potions_floor_spawned":[1,3,13],"killed_by":"The Guardian","ascension_level":10}}