{"host":"anox4050deqdcqoh","time":1609276507,"event":{"mods":["BaseMod","Colored Map","Minty Spire (QoL Compilation)","Quick Restart"],"gold_per_floor":[109,121,121,136,136,167,192,211,263,263,276,276,291,256,256,387,387,411,427,427,427,427,444,444,460,487,41,76,76,90,103,103,103,103],"floor_reached":33,"playtime":2791,"items_purged":[],"score":296,"play_id":"a9150d2d-33c5-4e7c-9bd5-2bb24266325b","local_time":"20201229161507","is_ascension_mode":false,"campfire_choices":[{"data":"Twin Strike","floor":10,"key":"SMITH"},{"floor":12,"key":"REST"},{"data":"Berserk","floor":15,"key":"SMITH"},{"data":"Armaments","floor":29,"key":"SMITH"},{"data":"Heavy Blade","floor":32,"key":"SMITH"}],"circlet_count":0,"master_deck":["Defend_R","Defend_R","Defend_R","Defend_R","Inflame","Fire Breathing","Twin Strike+1","Disarm","Rampage","Spot Weakness","Armaments+1","Berserk+1","Demon Form","Sword Boomerang+1","Heavy Blade+1","Bite","Bite","Bite","Bite","Bite","Juggernaut","Shockwave","Blood for Blood+1","Heavy Blade"],"relics":["Black Blood","Bloody Idol","Whetstone","Potion Belt","Frozen Eye","Torii","Kunai"],"acts_visited":["Exordium","TheCity"],"potions_floor_usage":[6,16,28,31,33],"damage_taken":[{"damage":6,"enemies":"Jaw Worm","floor":1,"turns":5},{"damage":0,"enemies":"Small Slimes","floor":2,"turns":4},{"damage":0,"enemies":"2 Louse","floor":4,"turns":2},{"damage":42,"enemies":"Lagavulin","floor":6,"turns":10},{"damage":0,"enemies":"Large Slime","floor":7,"turns":5},{"damage":14,"enemies":"Blue Slaver","floor":8,"turns":4},{"damage":15,"enemies":"3 Louse","floor":11,"turns":4},{"damage":12,"enemies":"Exordium Wildlife","floor":13,"turns":4},{"damage":29,"enemies":"The Guardian","floor":16,"turns":12},{"damage":17,"enemies":"Shell Parasite","floor":18,"turns":6},{"damage":20,"enemies":"Spheric Guardian","floor":19,"turns":4},{"damage":24,"enemies":"Snake Plant","floor":23,"turns":5},{"damage":29,"enemies":"Snecko","floor":25,"turns":5},{"damage":37,"enemies":"Book of Stabbing","floor":28,"turns":7},{"damage":31,"enemies":"Shelled Parasite and Fungi","floor":30,"turns":7},{"damage":16,"enemies":"Chosen and Byrds","floor":31,"turns":6},{"damage":83,"enemies":"Champ","floor":33,"turns":9}],"seed_played":"-5852384644961381783","potions_obtained":[{"floor":2,"key":"FearPotion"},{"floor":6,"key":"DistilledChaos"},{"floor":18,"key":"Dexterity Potion"},{"floor":25,"key":"Fire Potion"},{"floor":28,"key":"ColorlessPotion"}],"is_trial":false,"path_per_floor":["M","M","?","M","?","E","M","M","T","R","M","R","M","?","R","B",null,"M","M","?","?","?","M","?","M","T","$","E","R","M","M","R","B"],"character_chosen":"IRONCLAD","items_purchased":["Frozen Eye","Torii"],"campfire_rested":1,"item_purchase_floors":[27,27],"current_hp_per_floor":[80,80,60,66,71,35,41,33,33,33,24,49,43,64,64,41,85,80,72,59,50,50,50,50,47,52,52,44,44,41,51,51,0,0],"gold":103,"neow_bonus":"TRANSFORM_CARD","is_daily":false,"chose_seed":false,"campfire_upgraded":4,"win_rate":0.0,"timestamp":1609276507,"path_taken":["M","M","?","M","?","E","M","M","T","R","M","R","?","?","R","BOSS","M","M","?","?","?","M","?","M","T","$","E","R","M","M","R","BOSS"],"items_purchased_type":["Relic","Relic"],"build_version":"2020-12-22","purchased_purges":0,"victory":false,"max_hp_per_floor":[80,80,80,80,85,85,85,85,85,85,85,85,85,85,85,85,85,85,85,59,59,59,59,59,59,59,59,59,59,59,59,59,59,59],"card_choices":[{"not_picked":["Iron Wave","True Grit"],"picked":"Fire Breathing","floor":1},{"not_picked":["Sword Boomerang","Havoc"],"picked":"Twin Strike","floor":2},{"not_picked":["Flex","Warcry"],"picked":"Disarm","floor":4},{"not_picked":["Warcry","True Grit","Clothesline"],"picked":"SKIP","floor":6},{"not_picked":["Carnage","Headbutt"],"picked":"Rampage","floor":7},{"not_picked":["Iron Wave","Cleave"],"picked":"Spot Weakness","floor":8},{"not_picked":["Headbutt","Pommel Strike"],"picked":"Armaments","floor":11},{"not_picked":["Clothesline","Dual Wield"],"picked":"Berserk","floor":13},{"not_picked":["Bludgeon","Corruption"],"picked":"Demon Form","floor":16},{"not_picked":["Headbutt+1","Clothesline"],"picked":"Sword Boomerang+1","floor":18},{"not_picked":["Sentinel","Anger"],"picked":"Heavy Blade","floor":19},{"not_picked":["Entrench","Feel No Pain"],"picked":"Juggernaut","floor":23},{"not_picked":["Thunderclap","Pommel Strike"],"picked":"Shockwave","floor":25},{"not_picked":["Perfected Strike","Juggernaut"],"picked":"Blood for Blood+1","floor":28},{"not_picked":["Flex","Twin Strike","Pommel Strike"],"picked":"SKIP","floor":30},{"not_picked":["Thunderclap","Cleave"],"picked":"Heavy Blade","floor":31}],"player_experience":225737,"relics_obtained":[{"floor":6,"key":"Whetstone"},{"floor":26,"key":"Potion Belt"},{"floor":28,"key":"Kunai"}],"event_choices":[{"damage_healed":0,"gold_gain":0,"player_choice":"Take Damage","damage_taken":20,"relics_obtained":["Golden Idol"],"max_hp_gain":0,"max_hp_loss":0,"event_name":"Golden Idol","floor":3,"gold_loss":0},{"damage_healed":0,"gold_gain":0,"player_choice":"Donut","damage_taken":0,"max_hp_gain":5,"max_hp_loss":0,"event_name":"Big Fish","floor":5,"gold_loss":0},{"damage_healed":21,"gold_gain":0,"player_choice":"Healed","damage_taken":0,"max_hp_gain":0,"max_hp_loss":0,"event_name":"The Cleric","floor":14,"gold_loss":35},{"damage_healed":0,"gold_gain":0,"player_choice":"Became a vampire","damage_taken":0,"max_hp_gain":0,"max_hp_loss":26,"event_name":"Vampires","floor":20,"gold_loss":0,"cards_obtained":["Bite","Bite","Bite","Bite","Bite"]},{"damage_healed":0,"gold_gain":0,"player_choice":"Stopped","damage_taken":9,"max_hp_gain":0,"max_hp_loss":0,"event_name":"Cursed Tome","floor":21,"gold_loss":0},{"damage_healed":0,"gold_gain":0,"player_choice":"Gave Idol","damage_taken":0,"relics_obtained":["Bloody Idol"],"max_hp_gain":0,"max_hp_loss":0,"event_name":"Forgotten Altar","floor":22,"relics_lost":["Golden Idol"],"gold_loss":0},{"damage_healed":0,"gold_gain":0,"player_choice":"Ignored","damage_taken":0,"max_hp_gain":0,"max_hp_loss":0,"event_name":"Ghosts","floor":24,"gold_loss":0}],"is_beta":false,"boss_relics":[{"not_picked":["Black Star","Mark of Pain"],"picked":"Black Blood"}],"items_purged_floors":[],"is_endless":false,"potions_floor_spawned":[2,6,13,18,25,28],"killed_by":"Champ","ascension_level":0}}