{"host":"f14d6hm2349s9jse","time":1609219540,"event":{"mods":["2.2 Compatiblity","BaseMod","JesterMod","Minty Spire (QoL Compilation)","StSLib"],"gold_per_floor":[119,133,108,134,209,209,242,242,242,262,292,317,343,530,542,554,554],"floor_reached":16,"playtime":764,"items_purged":[],"score":135,"play_id":"5e444c02-270d-47b9-b1ed-f39573841bf4","local_time":"20201229002540","is_ascension_mode":false,"campfire_choices":[{"data":"jesterMod:LightTheWick","floor":6,"key":"SMITH"},{"data":"jesterMod:Precipitation","floor":8,"key":"SMITH"},{"floor":15,"key":"REST"}],"circlet_count":0,"master_deck":["jesterMod:Strike","jesterMod:Strike","jesterMod:Strike","jesterMod:Strike","jesterMod:Sickle","jesterMod:Defend","jesterMod:Defend","jesterMod:Defend","jesterMod:Defend","jesterMod:Dodge","jesterMod:LightTheWick+1","jesterMod:Precipitation+1","jesterMod:Mending","jesterMod:DesperateStrike","jesterMod:FlameDance","jesterMod:Mending","jesterMod:DanceOfChaos","Doubt"],"relics":["jesterMod:JesterCap","NeowsBlessing","Tiny Chest","Bag of Preparation","Bottled Tornado","MawBank"],"acts_visited":["Exordium"],"potions_floor_usage":[16],"damage_taken":[{"damage":0,"enemies":"Cultist","floor":1,"turns":1},{"damage":0,"enemies":"Jaw Worm","floor":2,"turns":1},{"damage":0,"enemies":"Lagavulin","floor":7,"turns":1},{"damage":2,"enemies":"Small Slimes","floor":10,"turns":2},{"damage":15,"enemies":"3 Sentries","floor":11,"turns":6},{"damage":15,"enemies":"Exordium Thugs","floor":12,"turns":4},{"damage":0,"enemies":"Looter","floor":13,"turns":4},{"damage":53,"enemies":"The Guardian","floor":16,"turns":14}],"seed_played":"7147322371501267344","potions_obtained":[{"floor":2,"key":"FearPotion"},{"floor":7,"key":"GamblersBrew"},{"floor":11,"key":"LiquidBronze"},{"floor":12,"key":"Fire Potion"}],"is_trial":false,"path_per_floor":["M","M","$","T","?","R","E","R","T","M","E","M","M","?","R","B"],"character_chosen":"THE_JESTER","items_purchased":["jesterMod:Precipitation"],"campfire_rested":1,"item_purchase_floors":[3],"current_hp_per_floor":[70,70,70,70,59,59,59,59,59,57,42,27,27,27,48,0,0],"gold":554,"neow_bonus":"THREE_ENEMY_KILL","is_daily":false,"chose_seed":false,"campfire_upgraded":2,"win_rate":0.0,"timestamp":1609219540,"path_taken":["M","M","$","?","?","R","E","R","T","M","E","M","M","?","R","BOSS"],"items_purchased_type":["Card"],"build_version":"2020-12-22","purchased_purges":0,"victory":false,"max_hp_per_floor":[70,70,70,70,70,70,70,70,70,70,70,70,70,70,70,70,70],"card_choices":[{"not_picked":["jesterMod:Hide","jesterMod:Inspiration","jesterMod:Rebuff"],"picked":"SKIP","floor":1},{"not_picked":["jesterMod:OblivionStrike","jesterMod:RecklessStrike"],"picked":"jesterMod:LightTheWick","floor":2},{"not_picked":["jesterMod:Disposophobia","jesterMod:MudBall"],"picked":"jesterMod:Mending","floor":7},{"not_picked":["jesterMod:JackInTheBox","jesterMod:SelfMockery"],"picked":"jesterMod:DesperateStrike","floor":10},{"not_picked":["jesterMod:DancingMad","jesterMod:Taunt"],"picked":"jesterMod:FlameDance","floor":11},{"not_picked":["jesterMod:Inspiration","jesterMod:Rebuff"],"picked":"jesterMod:Mending","floor":12},{"not_picked":["jesterMod:DaggerRain","jesterMod:Discretion"],"picked":"jesterMod:DanceOfChaos","floor":13}],"player_experience":2463875,"relics_obtained":[{"floor":4,"key":"Tiny Chest"},{"floor":7,"key":"Bag of Preparation"},{"floor":9,"key":"Bottled Tornado"},{"floor":11,"key":"MawBank"}],"event_choices":[{"damage_healed":0,"gold_gain":75,"player_choice":"Gather Gold","damage_taken":11,"max_hp_gain":0,"max_hp_loss":0,"event_name":"World of Goop","floor":5,"gold_loss":0},{"damage_healed":0,"gold_gain":175,"player_choice":"AGREE","damage_taken":0,"max_hp_gain":0,"max_hp_loss":0,"event_name":"Liars Game","floor":14,"gold_loss":0,"cards_obtained":["Doubt"]}],"is_beta":false,"boss_relics":[],"items_purged_floors":[],"is_endless":false,"potions_floor_spawned":[2,7,11,12],"killed_by":"The Guardian","ascension_level":0}}