{"host":"1tl36azeqm6yhdgj","time":1609278247,"event":{"mods":["AchievementEnabler","BaseMod","Minty Spire (QoL Compilation)","StSLib","The IronCluck","everything is the same but u backflip on backflip"],"gold_per_floor":[114,140,155,171,182,182,202,236,285,311,386,401,44,44,44,122,122,133,133,39,39,39,39,55,87,111,111,111],"floor_reached":27,"playtime":965,"items_purged":[],"score":470,"play_id":"935c4495-af54-4a0c-9e67-15e6c4ed22f5","local_time":"20201229164407","is_ascension_mode":true,"campfire_choices":[{"data":"Anger","floor":6.0,"key":"SMITH"},{"data":"Fire Breathing","floor":15.0,"key":"SMITH"},{"floor":23.0,"key":"REST"}],"circlet_count":0,"master_deck":["AscendersBane","Strike_R","Strike_R","Strike_R","Strike_R","Strike_R","Defend_R","Defend_R","Defend_R","Defend_R+1","Bash","Anger+1","Shrug It Off","Feel No Pain","Limit Break+1","Evolve","Flex","Fire Breathing+1","Feed","Dark Shackles","Writhe","Cleave","Rampage+1"],"relics":["Black Blood","NeowsBlessing","Lantern","Art of War","War Paint","Centennial Puzzle","Meat on the Bone","Dead Branch","Toxic Egg 2","Toy Ornithopter"],"acts_visited":["Exordium","TheCity"],"potions_floor_usage":[],"damage_taken":[{"damage":0.0,"enemies":"Cultist","floor":1.0,"turns":1.0},{"damage":0.0,"enemies":"2 Louse","floor":3.0,"turns":1.0},{"damage":0.0,"enemies":"Jaw Worm","floor":4.0,"turns":1.0},{"damage":4.0,"enemies":"Large Slime","floor":5.0,"turns":4.0},{"damage":10.0,"enemies":"2 Fungi Beasts","floor":7.0,"turns":5.0},{"damage":25.0,"enemies":"Lagavulin","floor":8.0,"turns":7.0},{"damage":15.0,"enemies":"3 Sentries","floor":10.0,"turns":18.0},{"damage":3.0,"enemies":"Looter","floor":12.0,"turns":4.0},{"damage":35.0,"enemies":"Hexaghost","floor":16.0,"turns":8.0},{"damage":53.0,"enemies":"Shell Parasite","floor":18.0,"turns":6.0},{"damage":0.0,"enemies":"3 Byrds","floor":24.0,"turns":4.0},{"damage":13.0,"enemies":"Gremlin Leader","floor":25.0,"turns":8.0},{"damage":80,"enemies":"Snecko","floor":27,"turns":7}],"seed_played":"-3111167294131422873","potions_obtained":[{"floor":1.0,"key":"SteroidPotion"},{"floor":3.0,"key":"Weak Potion"},{"floor":7.0,"key":"SneckoOil"},{"floor":10.0,"key":"SneckoOil"},{"floor":18.0,"key":"ColorlessPotion"},{"floor":24.0,"key":"EntropicBrew"}],"is_trial":false,"path_per_floor":["M","T","M","M","M","R","M","E","T","E","?","M","$","?","R","B",null,"M","?","$","?","?","R","M","E","T","M"],"character_chosen":"IRONCLAD","items_purchased":["Fire Breathing","Meat on the Bone","Dark Shackles"],"campfire_rested":1,"item_purchase_floors":[13,13,20],"current_hp_per_floor":[74,74,75,75,75,75,71,52,52,43,32,35,35,40,40,23,66,37,37,37,37,37,61,76,75,75,0,0],"gold":111,"neow_bonus":"THREE_ENEMY_KILL","is_daily":false,"chose_seed":false,"campfire_upgraded":2,"win_rate":0.0,"timestamp":1609278247,"path_taken":["M","?","M","M","?","R","M","E","T","E","?","M","$","?","R","BOSS","M","?","$","?","?","R","M","E","T","M"],"items_purchased_type":["Card","Relic","Card"],"build_version":"2020-12-22","purchased_purges":0,"victory":false,"max_hp_per_floor":[75,75,75,75,75,75,75,75,75,75,75,75,75,80,80,80,80,80,80,80,80,80,80,83,83,83,83,83],"card_choices":[{"not_picked":["Combust","Power Through"],"picked":"Anger","floor":1.0},{"not_picked":["Havoc","Wild Strike","Perfected Strike"],"picked":"SKIP","floor":3.0},{"not_picked":["Sword Boomerang","Clothesline","Armaments"],"picked":"SKIP","floor":4.0},{"not_picked":["Twin Strike","Hemokinesis"],"picked":"Shrug It Off","floor":5.0},{"not_picked":["Second Wind","Twin Strike"],"picked":"Feel No Pain","floor":7.0},{"not_picked":["Flex","Offering"],"picked":"Limit Break","floor":8.0},{"not_picked":["Second Wind","True Grit"],"picked":"Evolve","floor":10.0},{"not_picked":["Iron Wave","Blood for Blood"],"picked":"Flex","floor":12.0},{"not_picked":["Fiend Fire","Reaper"],"picked":"Feed","floor":16.0},{"not_picked":["Iron Wave","True Grit","Twin Strike"],"picked":"SKIP","floor":18.0},{"not_picked":["Headbutt","Armaments"],"picked":"Cleave","floor":24.0},{"not_picked":["Clash","Whirlwind"],"picked":"Rampage+1","floor":25.0}],"player_experience":1994988,"relics_obtained":[{"floor":2.0,"key":"Lantern"},{"floor":8.0,"key":"Art of War"},{"floor":9.0,"key":"War Paint"},{"floor":10.0,"key":"Centennial Puzzle"},{"floor":25.0,"key":"Toxic Egg 2"},{"floor":26.0,"key":"Toy Ornithopter"}],"event_choices":[{"damage_healed":0.0,"max_hp_gain":0.0,"max_hp_loss":0.0,"gold_gain":75.0,"event_name":"World of Goop","player_choice":"Gather Gold","floor":11.0,"gold_loss":0.0,"damage_taken":11.0},{"damage_healed":0.0,"max_hp_gain":5.0,"max_hp_loss":0.0,"gold_gain":0.0,"event_name":"Big Fish","player_choice":"Donut","floor":14.0,"gold_loss":0.0,"damage_taken":0.0},{"damage_healed":0.0,"max_hp_gain":0.0,"max_hp_loss":0.0,"gold_gain":0.0,"event_name":"Ghosts","player_choice":"Ignored","floor":19.0,"gold_loss":0.0,"damage_taken":0.0},{"damage_healed":0.0,"max_hp_gain":0.0,"max_hp_loss":0.0,"gold_gain":0.0,"event_name":"Cursed Tome","player_choice":"Ignored","floor":21.0,"gold_loss":0.0,"damage_taken":0.0},{"damage_healed":0.0,"max_hp_gain":0.0,"max_hp_loss":0.0,"gold_gain":0.0,"event_name":"The Mausoleum","player_choice":"Opened","floor":22.0,"gold_loss":0.0,"damage_taken":0.0,"relics_obtained":["Dead Branch"],"cards_obtained":["Writhe"]}],"is_beta":false,"boss_relics":[{"not_picked":["Runic Cube","Fusion Hammer"],"picked":"Black Blood"}],"items_purged_floors":[],"is_endless":false,"potions_floor_spawned":[1,3,7,10,18,24],"killed_by":"Snecko","ascension_level":19}}