{"host":"sc0o2qwpf9j16a4i","time":1609243335,"event":{"mods":["AchievementEnabler","BaseMod","BetterRewards","Block Reminder","Colored Map","Colored Powertips","Custom Start","Highlight Path","Minty Spire (QoL Compilation)","Relic Stats"],"gold_per_floor":[118,118,134,34,34,34,67,67,67,83,99,134,134,154,154,253,253,268,268,278,294,294,294,308,333,385,385,385,385,385],"floor_reached":29,"playtime":862,"items_purged":["Strike_B","Strike_B"],"score":449,"play_id":"10027d94-da41-42cb-a2f1-7297f91daf38","local_time":"20201229140215","is_ascension_mode":true,"campfire_choices":[{"data":"Darkness","floor":6,"key":"SMITH"},{"data":"Biased Cognition","floor":8,"key":"SMITH"},{"data":"Hologram","floor":13,"key":"SMITH"},{"data":"Sweeping Beam","floor":15,"key":"SMITH"},{"data":"Biased Cognition","floor":23,"key":"SMITH"},{"data":"Fission","floor":27,"key":"SMITH"}],"circlet_count":0,"master_deck":["Strike_B","Strike_B","Defend_B","Defend_B","Defend_B","Defend_B","Zap","Dualcast","Cold Snap","Darkness+1","Sweeping Beam+1","Biased Cognition+1","Hologram+1","Ball Lightning","Fission+1","Hologram","Biased Cognition+1","Coolheaded","Multi-Cast","Loop"],"relics":["Cracked Core","Lee\u0027s Waffle","Gremlin Horn","Omamori","OrangePellets","PreservedInsect","Matryoshka","Orichalcum","Question Card","Snecko Eye","Nloth\u0027s Gift","Sundial","Juzu Bracelet","Pen Nib","Necronomicon"],"acts_visited":["Exordium","TheCity"],"potions_floor_usage":[14],"damage_taken":[{"damage":0,"enemies":"2 Louse","floor":1,"turns":2},{"damage":1,"enemies":"Jaw Worm","floor":3,"turns":3},{"damage":0,"enemies":"Lagavulin","floor":7,"turns":4},{"damage":0,"enemies":"Cultist","floor":10,"turns":3},{"damage":6,"enemies":"2 Fungi Beasts","floor":11,"turns":3},{"damage":4,"enemies":"3 Sentries","floor":12,"turns":4},{"damage":0,"enemies":"Gremlin Gang","floor":14,"turns":2},{"damage":0,"enemies":"Slime Boss","floor":16,"turns":5},{"damage":0,"enemies":"Chosen","floor":18,"turns":3},{"damage":1,"enemies":"2 Thieves","floor":20,"turns":3},{"damage":10,"enemies":"Centurion and Healer","floor":21,"turns":5},{"damage":9,"enemies":"Chosen and Byrds","floor":24,"turns":5},{"damage":11,"enemies":"Book of Stabbing","floor":25,"turns":7},{"damage":0,"enemies":"Snake Plant","floor":29,"turns":1}],"seed_played":"-7671656044469900418","potions_obtained":[{"floor":7,"key":"Block Potion"},{"floor":12,"key":"SmokeBomb"},{"floor":16,"key":"PowerPotion"},{"floor":18,"key":"DuplicationPotion"}],"is_trial":false,"path_per_floor":["M","?","M","$","?","R","E","R","T","M","M","E","R","M","R","B",null,"M","?","M","M","?","R","M","E","T","R","?","M"],"character_chosen":"DEFECT","items_purchased":["Lee\u0027s Waffle","Gremlin Horn","Omamori","OrangePellets","Cold Snap","BlessingOfTheForge"],"campfire_rested":0,"item_purchase_floors":[0,0,0,0,0,0],"current_hp_per_floor":[82,70,69,69,69,69,69,69,69,69,63,59,59,59,59,59,82,82,82,81,71,71,71,62,51,51,51,35,35,35],"gold":385,"neow_bonus":"","is_daily":false,"chose_seed":false,"campfire_upgraded":6,"win_rate":0.0,"timestamp":1609243335,"path_taken":["M","?","M","$","?","R","E","R","T","M","M","E","R","M","R","BOSS","M","?","?","M","?","R","?","E","T","R","?","M"],"items_purchased_type":["Relic","Relic","Relic","Relic","Card","Potion"],"build_version":"2020-12-22","purchased_purges":2,"victory":false,"max_hp_per_floor":[82,82,82,82,82,82,82,82,82,82,82,82,82,82,82,82,82,82,82,82,82,82,82,82,82,82,82,82,82,82],"relic_stats":{"Lee\u0027s Waffle":47,"Gremlin Horn":[10,10],"counters":[118,608],"PreservedInsect":535,"Pen Nib":[0],"Juzu Bracelet":0,"Orichalcum":[120],"Question Card":7,"OrangePellets":[14],"Sundial":[0],"Snecko Eye":[30,12,21,17],"Nloth\u0027s Gift":2,"Necronomicon":[8],"obtain_stats":[{"TwistedFunnel":0,"Gremlin Horn":0,"CeramicFish":9,"Vajra":7,"Runic Capacitor":37,"Bottled Tornado":44,"Boot":10,"Old Coin":40,"Blood Vial":43,"Centennial Puzzle":40,"Sundial":25,"Strawberry":8,"Prayer Wheel":7,"Necronomicon":20,"Toxic Egg 2":6,"Velvet Choker":17,"Eternal Feather":47,"Pen Nib":9,"War Paint":41,"Question Card":12,"Akabeko":0,"Cables":12,"SlaversCollar":34,"OrangePellets":0,"Snecko Eye":17,"Pandora\u0027s Box":17,"Molten Egg 2":5,"Nloth\u0027s Gift":19,"Symbiotic Virus":27,"Regal Pillow":0,"Lantern":23,"Singing Bowl":0,"Torii":38,"Bag of Preparation":9,"Juzu Bracelet":26,"Cursed Key":0,"Smiling Mask":30,"ClockworkSouvenir":46,"Dream Catcher":8,"Tough Bandages":0,"Matryoshka":7,"Pantograph":24,"Tiny Chest":13,"Cracked Core":19,"Ring of the Snake":0,"Potion Belt":11,"Lee\u0027s Waffle":0,"Inserter":34,"Golden Idol":5,"PreservedInsect":6,"The Courier":7,"Omamori":0,"Frozen Egg 2":0,"Orichalcum":47,"White Beast Statue":0,"Busted Crown":34,"Ornamental Fan":9,"Bloody Idol":20,"Bag of Marbles":46,"Bottled Lightning":31,"Membership Card":12,"FossilizedHelix":45,"Toy Ornithopter":0},{"TwistedFunnel":43,"Gremlin Horn":104,"CeramicFish":48,"Vajra":71,"Runic Capacitor":97,"Bottled Tornado":100,"Boot":23,"Old Coin":39,"Blood Vial":39,"Centennial Puzzle":63,"Sundial":117,"Strawberry":48,"Prayer Wheel":83,"Necronomicon":89,"Toxic Egg 2":21,"Velvet Choker":87,"Eternal Feather":41,"Pen Nib":71,"War Paint":99,"Question Card":110,"Akabeko":43,"Cables":85,"SlaversCollar":59,"OrangePellets":104,"Snecko Eye":14,"Pandora\u0027s Box":27,"Molten Egg 2":46,"Nloth\u0027s Gift":113,"Symbiotic Virus":93,"Regal Pillow":67,"Lantern":91,"Singing Bowl":43,"Torii":98,"Bag of Preparation":11,"Juzu Bracelet":117,"Cursed Key":0,"Smiling Mask":57,"ClockworkSouvenir":40,"Dream Catcher":22,"Tough Bandages":43,"Matryoshka":107,"Pantograph":31,"Tiny Chest":49,"Cracked Core":113,"Ring of the Snake":0,"Potion Belt":72,"Lee\u0027s Waffle":67,"Inserter":95,"Golden Idol":3,"PreservedInsect":4,"The Courier":11,"Omamori":104,"Frozen Egg 2":67,"Orichalcum":102,"White Beast Statue":43,"Busted Crown":35,"Ornamental Fan":22,"Bloody Idol":15,"Bag of Marbles":40,"Bottled Lightning":34,"Membership Card":72,"FossilizedHelix":64,"Toy Ornithopter":67},{"TwistedFunnel":217,"Gremlin Horn":558,"CeramicFish":232,"Vajra":389,"Runic Capacitor":513,"Bottled Tornado":530,"Boot":119,"Old Coin":192,"Blood Vial":192,"Centennial Puzzle":347,"Sundial":607,"Strawberry":232,"Prayer Wheel":443,"Necronomicon":470,"Toxic Egg 2":110,"Velvet Choker":459,"Eternal Feather":203,"Pen Nib":389,"War Paint":523,"Question Card":577,"Akabeko":217,"Cables":449,"SlaversCollar":315,"OrangePellets":558,"Snecko Eye":84,"Pandora\u0027s Box":131,"Molten Egg 2":222,"Nloth\u0027s Gift":587,"Symbiotic Virus":494,"Regal Pillow":372,"Lantern":484,"Singing Bowl":217,"Torii":517,"Bag of Preparation":65,"Juzu Bracelet":607,"Cursed Key":0,"Smiling Mask":296,"ClockworkSouvenir":197,"Dream Catcher":116,"Tough Bandages":217,"Matryoshka":567,"Pantograph":146,"Tiny Chest":236,"Cracked Core":587,"Ring of the Snake":0,"Potion Belt":393,"Lee\u0027s Waffle":372,"Inserter":506,"Golden Idol":13,"PreservedInsect":21,"The Courier":65,"Omamori":558,"Frozen Egg 2":372,"Orichalcum":544,"White Beast Statue":217,"Busted Crown":169,"Ornamental Fan":116,"Bloody Idol":90,"Bag of Marbles":197,"Bottled Lightning":161,"Membership Card":393,"FossilizedHelix":356,"Toy Ornithopter":372}]},"card_choices":[{"not_picked":["Skim","Conserve Battery"],"picked":"Darkness","floor":1},{"not_picked":["BootSequence","Barrage"],"picked":"Sweeping Beam","floor":3},{"not_picked":["Melter","Compile Driver"],"picked":"Biased Cognition","floor":7},{"not_picked":["Gash","BootSequence"],"picked":"Hologram","floor":10},{"not_picked":["Coolheaded","Turbo","Streamline"],"picked":"SKIP","floor":11},{"not_picked":["Stack","Glacier"],"picked":"Ball Lightning","floor":12},{"not_picked":["Fusion","Chaos","Skim","Go for the Eyes"],"picked":"SKIP","floor":14},{"not_picked":["Thunder Strike","Buffer","Machine Learning"],"picked":"Fission","floor":16},{"not_picked":["Undo+1","Hello World","Gash","Cold Snap"],"picked":"SKIP","floor":18},{"not_picked":["Cold Snap+1","Heatsinks","Sweeping Beam+1"],"picked":"Hologram","floor":20},{"not_picked":["Double Energy","Fusion","Static Discharge"],"picked":"Biased Cognition","floor":21},{"not_picked":["Cold Snap","Sunder","Compile Driver+1"],"picked":"Multi-Cast","floor":24},{"not_picked":["Darkness","Steam","Auto Shields"],"picked":"Loop","floor":25}],"player_experience":387539,"relics_obtained":[{"floor":7,"key":"Matryoshka"},{"floor":9,"key":"Tiny Chest"},{"floor":9,"key":"Orichalcum"},{"floor":12,"key":"Question Card"},{"floor":25,"key":"Sundial"},{"floor":26,"key":"Juzu Bracelet"},{"floor":26,"key":"Pen Nib"},{"floor":28,"key":"Necronomicon"}],"event_choices":[{"damage_healed":0,"gold_gain":0,"player_choice":"Success","damage_taken":12,"relics_obtained":["PreservedInsect"],"max_hp_gain":0,"max_hp_loss":0,"event_name":"Scrap Ooze","floor":2,"gold_loss":0},{"damage_healed":0,"gold_gain":0,"player_choice":"Ignored","damage_taken":0,"max_hp_gain":0,"max_hp_loss":0,"event_name":"Liars Game","floor":5,"gold_loss":0},{"damage_healed":0,"gold_gain":0,"player_choice":"Traded Relic","damage_taken":0,"relics_obtained":["Nloth\u0027s Gift"],"max_hp_gain":0,"max_hp_loss":0,"event_name":"N\u0027loth","floor":19,"relics_lost":["Tiny Chest"],"gold_loss":0},{"damage_healed":0,"gold_gain":0,"player_choice":"1 cards matched","damage_taken":0,"max_hp_gain":0,"max_hp_loss":0,"event_name":"Match and Keep!","floor":22,"gold_loss":0,"cards_obtained":["Coolheaded"]},{"damage_healed":0,"gold_gain":0,"player_choice":"Obtained Book","damage_taken":16,"max_hp_gain":0,"max_hp_loss":0,"event_name":"Cursed Tome","floor":28,"gold_loss":0}],"is_beta":false,"boss_relics":[{"not_picked":["Ectoplasm","Nuclear Battery"],"picked":"Snecko Eye"}],"items_purged_floors":[0,4],"is_endless":false,"potions_floor_spawned":[7,12,16,18,21,24,25],"killed_by":"Snake Plant","ascension_level":1}}