{"host":"udzsrhbqdxqtlypj","time":1609210879,"event":{"mods":["BaseMod","Minty Spire (QoL Compilation)","Relic Stats"],"gold_per_floor":[119,119,135,153,68,68,102,115,115,130,156,156,156,190,190,316,316,335,355,355,355,355],"floor_reached":21,"playtime":1298,"items_purged":[],"score":324,"play_id":"0080bd9a-419a-48bf-9eee-d04610caf5e5","local_time":"20201228210119","is_ascension_mode":true,"campfire_choices":[{"data":"A Thousand Cuts","floor":6.0,"key":"SMITH"},{"floor":13.0,"key":"REST"},{"data":"Neutralize","floor":15.0,"key":"SMITH"}],"circlet_count":0,"master_deck":["AscendersBane","Defend_G","Defend_G","Defend_G","Defend_G","Defend_G","Survivor","Neutralize+1","Adrenaline","Deadly Poison","A Thousand Cuts+1","Poisoned Stab","Crippling Poison","Cloak And Dagger","Dagger Spray","Acrobatics","Slice","Envenom","Flying Knee+1","Bite","Bite","Bite","Bite","Bite"],"relics":["Ring of the Snake","Question Card","Shovel","TungstenRod","Golden Idol","Ornamental Fan","Cursed Key"],"acts_visited":["Exordium","TheCity"],"potions_floor_usage":[16,19,19],"damage_taken":[{"damage":0.0,"enemies":"Small Slimes","floor":1.0,"turns":6.0},{"damage":0.0,"enemies":"Cultist","floor":3.0,"turns":3.0},{"damage":0.0,"enemies":"Jaw Worm","floor":4.0,"turns":3.0},{"damage":21.0,"enemies":"Gremlin Nob","floor":7.0,"turns":4.0},{"damage":6.0,"enemies":"2 Fungi Beasts","floor":8.0,"turns":3.0},{"damage":10.0,"enemies":"3 Louse","floor":10.0,"turns":3.0},{"damage":23.0,"enemies":"3 Sentries","floor":11.0,"turns":8.0},{"damage":12.0,"enemies":"Gremlin Nob","floor":14.0,"turns":4.0},{"damage":6,"enemies":"Hexaghost","floor":16,"turns":9},{"damage":23,"enemies":"Shell Parasite","floor":18,"turns":5},{"damage":14,"enemies":"2 Thieves","floor":19,"turns":2},{"damage":13,"enemies":"Snecko","floor":21,"turns":4}],"seed_played":"-8290492160833162767","potions_obtained":[{"floor":1.0,"key":"DistilledChaos"},{"floor":7.0,"key":"GhostInAJar"},{"floor":11.0,"key":"Fire Potion"},{"floor":14.0,"key":"SteroidPotion"},{"floor":18,"key":"Explosive Potion"}],"is_trial":false,"path_per_floor":["M","?","M","M","$","R","E","M","T","M","E","?","R","E","R","B",null,"M","M","?","M"],"character_chosen":"THE_SILENT","items_purchased":["AttackPotion","Crippling Poison"],"campfire_rested":1,"item_purchase_floors":[5,5],"current_hp_per_floor":[63,63,63,63,63,63,42,36,36,26,3,3,20,8,8,2,44,21,7,7,0,0],"gold":355,"neow_bonus":"THREE_RARE_CARDS","is_daily":false,"chose_seed":false,"campfire_upgraded":2,"win_rate":0.0,"timestamp":1609210879,"path_taken":["M","?","?","M","?","R","E","M","T","M","E","?","R","E","R","BOSS","M","M","?","M"],"items_purchased_type":["Potion","Card"],"build_version":"2020-12-22","purchased_purges":0,"victory":false,"max_hp_per_floor":[63,63,63,63,63,63,63,63,63,63,63,58,58,58,58,58,58,58,58,40,40,40],"relic_stats":{"Shovel":0,"counters":[12,54],"Golden Idol":40,"Ornamental Fan":[32],"Question Card":7,"Cursed Key":0,"obtain_stats":[{"Shovel":9,"Golden Idol":12,"Ornamental Fan":14,"Question Card":7,"Cursed Key":17,"TungstenRod":11,"Ring of the Snake":0},{"Shovel":5,"Golden Idol":7,"Ornamental Fan":8,"Question Card":4,"Cursed Key":9,"TungstenRod":7,"Ring of the Snake":0},{"Shovel":19,"Golden Idol":30,"Ornamental Fan":34,"Question Card":16,"Cursed Key":43,"TungstenRod":30,"Ring of the Snake":0}],"TungstenRod":11,"Ring of the Snake":[24]},"card_choices":[{"not_picked":["Night Terror","Bullet Time"],"picked":"Adrenaline","floor":0.0},{"not_picked":["Heel Hook","Cloak And Dagger"],"picked":"Deadly Poison","floor":1.0},{"not_picked":["Accuracy","Bane"],"picked":"Poisoned Stab","floor":3.0},{"not_picked":["Acrobatics","Terror","Dagger Throw"],"picked":"SKIP","floor":4.0},{"not_picked":["Riddle With Holes","Dagger Throw"],"picked":"Cloak And Dagger","floor":7.0},{"not_picked":["Deadly Poison","Dodge and Roll","Terror"],"picked":"Dagger Spray","floor":8.0},{"not_picked":["Deadly Poison","Poisoned Stab","Setup"],"picked":"Acrobatics","floor":10.0},{"not_picked":["Crippling Poison","Riddle With Holes","Flying Knee"],"picked":"Slice","floor":11.0},{"not_picked":["Riddle With Holes","Phantasmal Killer","Dagger Throw","Skewer"],"picked":"SKIP","floor":14.0},{"not_picked":["Grand Finale","Bullet Time","Wraith Form v2"],"picked":"Envenom","floor":16},{"not_picked":["Outmaneuver","Backflip","Deadly Poison+1"],"picked":"Flying Knee+1","floor":18},{"not_picked":["Sucker Punch","Reflex","Underhanded Strike","Outmaneuver"],"picked":"SKIP","floor":19}],"player_experience":2754941,"relics_obtained":[{"floor":7.0,"key":"Question Card"},{"floor":9.0,"key":"Shovel"},{"floor":11.0,"key":"TungstenRod"},{"floor":14.0,"key":"Ornamental Fan"}],"event_choices":[{"damage_healed":0.0,"max_hp_gain":0.0,"max_hp_loss":0.0,"gold_gain":0.0,"event_name":"Match and Keep!","player_choice":"1 cards matched","floor":2.0,"gold_loss":0.0,"damage_taken":0.0,"cards_obtained":["A Thousand Cuts"]},{"damage_healed":0.0,"max_hp_gain":0.0,"max_hp_loss":5.0,"gold_gain":0.0,"event_name":"Golden Idol","player_choice":"Lose Max HP","floor":12.0,"gold_loss":0.0,"damage_taken":0.0,"relics_obtained":["Golden Idol"]},{"damage_healed":0,"gold_gain":0,"player_choice":"Became a vampire","damage_taken":0,"max_hp_gain":0,"max_hp_loss":18,"event_name":"Vampires","floor":20,"gold_loss":0,"cards_obtained":["Bite","Bite","Bite","Bite","Bite"]}],"is_beta":false,"boss_relics":[{"not_picked":["Ring of the Serpent","Ectoplasm"],"picked":"Cursed Key"}],"items_purged_floors":[],"is_endless":false,"potions_floor_spawned":[1,7,11,14,18],"killed_by":"Snecko","ascension_level":10}}