{"host":"2hea6pl5vmah38iy","time":1609240588,"event":{"mods":["AchievementEnabler","BaseMod","Colored Map","DeckTracker","Keyboard Shortcuts","Minty Spire (QoL Compilation)","Rare Cards Sparkle","StSLib","SuperFastMode","everything is the same but u backflip on backflip"],"gold_per_floor":[110,123,139,157,157,157,12,41,41,51,67,79,99,128,128,128,128],"floor_reached":16,"playtime":526,"items_purged":[],"score":282,"play_id":"d2ad9075-e337-47a3-9e01-fd020539270e","local_time":"20201229201628","is_ascension_mode":true,"campfire_choices":[{"data":"Sunder","floor":6,"key":"SMITH"},{"data":"Genetic Algorithm","floor":15,"key":"SMITH"}],"circlet_count":0,"master_deck":["AscendersBane","Strike_B","Strike_B","Strike_B","Defend_B","Defend_B","Defend_B","Defend_B","Zap","Dualcast","Hyperbeam","Sunder+1","Steam","FTL","Reinforced Body","Go for the Eyes","Genetic Algorithm+1","Conserve Battery"],"relics":["Cracked Core","Oddly Smooth Stone","HornCleat","Turnip","Shovel"],"acts_visited":["Exordium"],"potions_floor_usage":[8,14,16],"damage_taken":[{"damage":0,"enemies":"Jaw Worm","floor":1,"turns":3},{"damage":0,"enemies":"Cultist","floor":2,"turns":3},{"damage":0,"enemies":"2 Louse","floor":3,"turns":2},{"damage":27,"enemies":"Exordium Wildlife","floor":4,"turns":4},{"damage":0,"enemies":"3 Sentries","floor":8,"turns":4},{"damage":0,"enemies":"2 Fungi Beasts","floor":10,"turns":3},{"damage":0,"enemies":"Exordium Thugs","floor":11,"turns":3},{"damage":3,"enemies":"Looter","floor":12,"turns":3},{"damage":0,"enemies":"2 Fungi Beasts","floor":13,"turns":1},{"damage":0,"enemies":"Gremlin Nob","floor":14,"turns":3},{"damage":8,"enemies":"Hexaghost","floor":16,"turns":9}],"seed_played":"-7909920625851381965","potions_obtained":[{"floor":2,"key":"Strength Potion"},{"floor":3,"key":"EssenceOfSteel"},{"floor":8,"key":"Swift Potion"}],"is_trial":false,"path_per_floor":["M","M","M","M","?","R","$","E","T","M","M","M","M","E","R","B"],"character_chosen":"DEFECT","items_purchased":["Oddly Smooth Stone"],"campfire_rested":0,"item_purchase_floors":[7],"current_hp_per_floor":[46,46,46,19,19,19,19,19,19,19,19,16,16,16,16,8,8],"gold":128,"neow_bonus":"THREE_RARE_CARDS","is_daily":false,"chose_seed":false,"campfire_upgraded":2,"win_rate":0.0,"timestamp":1609240588,"path_taken":["M","M","M","M","?","R","?","E","T","M","M","?","M","E","R","BOSS"],"items_purchased_type":["Relic"],"build_version":"2020-12-22","purchased_purges":0,"victory":false,"max_hp_per_floor":[71,71,71,71,71,71,71,71,71,71,71,71,71,71,71,71,71],"card_choices":[{"not_picked":["Machine Learning","Amplify"],"picked":"Hyperbeam","floor":0},{"not_picked":["Gash","Doom and Gloom"],"picked":"Sunder","floor":1},{"not_picked":["Barrage","Coolheaded"],"picked":"Steam","floor":2},{"not_picked":["Sunder","Ball Lightning"],"picked":"FTL","floor":3},{"not_picked":["Steam Power","Coolheaded"],"picked":"Reinforced Body","floor":4},{"not_picked":["Stack","Leap","Lockon"],"picked":"SKIP","floor":8},{"not_picked":["Sunder","Compile Driver"],"picked":"Go for the Eyes","floor":10},{"not_picked":["Rebound","Multi-Cast"],"picked":"Genetic Algorithm","floor":11},{"not_picked":["Compile Driver","Sweeping Beam"],"picked":"Conserve Battery","floor":12},{"not_picked":["Hologram","Melter","Leap"],"picked":"SKIP","floor":13},{"not_picked":["Sunder","Consume","Stack"],"picked":"SKIP","floor":14}],"player_experience":451947,"relics_obtained":[{"floor":8,"key":"HornCleat"},{"floor":9,"key":"Turnip"},{"floor":14,"key":"Shovel"}],"event_choices":[{"cards_removed":["Strike_B"],"damage_healed":0,"gold_gain":0,"player_choice":"Purged","damage_taken":0,"max_hp_gain":0,"max_hp_loss":0,"event_name":"Purifier","floor":5,"gold_loss":0}],"is_beta":false,"boss_relics":[],"items_purged_floors":[],"is_endless":false,"potions_floor_spawned":[2,3,4,8,11],"killed_by":"Hexaghost","ascension_level":14}}