{"host":"k4et7hlhlqy8fuoz","time":1609242779,"event":{"mods":["2.2 Compatiblity","AchievementEnabler","BaseMod","Colored Map","DeckTracker","Highlight Path","Minty Spire (QoL Compilation)","Random Character Button","Rare Cards Sparkle"],"gold_per_floor":[111,123,73,248,9,9,42,42,88,88,88,5,25,37,37,141,141,151,175,223,235,1,1,20,20,20,20,20,20],"floor_reached":28,"playtime":3240,"items_purged":["Doubt"],"score":214,"play_id":"d351fed0-0022-454b-8f0a-0b716c37e00c","local_time":"20201229125259","is_ascension_mode":false,"campfire_choices":[{"data":"Zap","floor":6,"key":"SMITH"},{"data":"Dualcast","floor":8,"key":"SMITH"},{"data":"Self Repair","floor":10,"key":"SMITH"},{"floor":15,"key":"REST"},{"data":"Rainbow","floor":23,"key":"SMITH"},{"data":"Bandage Up","floor":25,"key":"SMITH"}],"circlet_count":0,"master_deck":["Strike_B","Strike_B","Strike_B","Strike_B","Defend_B","Defend_B","Defend_B","Zap+1","Dualcast+1","Violence","Scrape","Streamline","Self Repair+1","Conserve Battery","Bandage Up+1","Capacitor","Leap","Loop","Go for the Eyes","Compile Driver","Rainbow+1","Glacier","Rebound+1","Chill","Rebound","Intimidate"],"relics":["Cracked Core","Orichalcum","Boot","Inserter","Pen Nib","Bronze Scales","PrismaticShard","Eternal Feather"],"acts_visited":["Exordium","TheCity"],"potions_floor_usage":[16,28],"damage_taken":[{"damage":2,"enemies":"2 Louse","floor":1,"turns":2},{"damage":6,"enemies":"Cultist","floor":2,"turns":3},{"damage":28,"enemies":"3 Sentries","floor":7,"turns":9},{"damage":0,"enemies":"Jaw Worm","floor":13,"turns":4},{"damage":13,"enemies":"Lots of Slimes","floor":14,"turns":4},{"damage":52,"enemies":"Slime Boss","floor":16,"turns":10},{"damage":26,"enemies":"3 Byrds","floor":18,"turns":6},{"damage":9,"enemies":"Shell Parasite","floor":21,"turns":6},{"damage":22,"enemies":"Snecko","floor":24,"turns":5},{"damage":28,"enemies":"Colosseum Slavers","floor":28,"turns":4},{"damage":84,"enemies":"Colosseum Nobs","floor":28,"turns":5}],"seed_played":"3124845805265750357","potions_obtained":[{"floor":7,"key":"FocusPotion"},{"floor":14,"key":"SkillPotion"},{"floor":16,"key":"BlessingOfTheForge"},{"floor":21,"key":"CultistPotion"}],"is_trial":false,"path_per_floor":["M","M","?","?","$","R","E","R","T","R","?","$","M","M","R","B",null,"M","T","T","M","$","R","M","R","T","$","?"],"character_chosen":"DEFECT","items_purchased":["Self Repair","Conserve Battery","Bandage Up","Leap","Loop","Chill","PrismaticShard","Rebound"],"campfire_rested":1,"item_purchase_floors":[5,5,5,12,12,22,22,22],"current_hp_per_floor":[73,67,67,67,67,67,50,50,50,50,50,50,64,65,75,37,75,63,63,63,68,68,68,56,56,56,56,0,0],"gold":20,"neow_bonus":"RANDOM_COLORLESS_2","is_daily":false,"chose_seed":false,"campfire_upgraded":5,"win_rate":0.0,"timestamp":1609242779,"path_taken":["M","M","?","?","$","R","E","R","T","R","?","$","M","M","R","BOSS","M","?","?","?","$","R","M","R","T","$","?"],"items_purchased_type":["Card","Card","Card","Card","Card","Card","Relic","Card"],"build_version":"2020-12-22","purchased_purges":1,"victory":false,"max_hp_per_floor":[75,75,75,75,75,75,75,75,75,75,75,75,75,75,75,75,75,75,75,75,75,75,75,75,75,75,75,75,75],"card_choices":[{"not_picked":["Apotheosis","Master of Strategy"],"picked":"Violence","floor":0},{"not_picked":["Hologram","Compile Driver"],"picked":"Scrape","floor":1},{"not_picked":["Coolheaded","Redo"],"picked":"Streamline","floor":2},{"not_picked":["Steam","Hologram"],"picked":"Capacitor","floor":7},{"not_picked":["Steam Power","Compile Driver"],"picked":"Go for the Eyes","floor":13},{"not_picked":["Chill","Defragment"],"picked":"Compile Driver","floor":14},{"not_picked":["Amplify","Echo Form"],"picked":"Rainbow","floor":16},{"not_picked":["Compile Driver+1","Redo"],"picked":"Glacier","floor":18},{"not_picked":["Barrage","Loop+1"],"picked":"Rebound+1","floor":21},{"not_picked":["Shockwave","Steam+1"],"picked":"Intimidate","floor":24}],"player_experience":22427,"relics_obtained":[{"floor":7,"key":"Orichalcum"},{"floor":9,"key":"Boot"},{"floor":19,"key":"Pen Nib"},{"floor":20,"key":"Bronze Scales"},{"floor":26,"key":"Eternal Feather"}],"event_choices":[{"cards_removed":["Normality"],"damage_healed":0,"gold_gain":0,"player_choice":"Card Removal","damage_taken":0,"max_hp_gain":0,"max_hp_loss":0,"event_name":"The Cleric","floor":3,"gold_loss":50},{"damage_healed":0,"gold_gain":175,"player_choice":"AGREE","damage_taken":0,"max_hp_gain":0,"max_hp_loss":0,"event_name":"Liars Game","floor":4,"gold_loss":0,"cards_obtained":["Doubt"]},{"cards_removed":["Defend_B"],"damage_healed":0,"gold_gain":0,"player_choice":"Offered Basic","damage_taken":0,"max_hp_gain":0,"max_hp_loss":0,"event_name":"Bonfire Elementals","floor":11,"gold_loss":0},{"damage_healed":0,"gold_gain":0,"player_choice":"Fight","damage_taken":0,"max_hp_gain":0,"max_hp_loss":0,"event_name":"Colosseum","floor":28,"gold_loss":0},{"damage_healed":0,"gold_gain":0,"player_choice":"Fought Nobs","damage_taken":0,"max_hp_gain":0,"max_hp_loss":0,"event_name":"Colosseum","floor":28,"gold_loss":0}],"is_beta":false,"boss_relics":[{"not_picked":["Sozu","Coffee Dripper"],"picked":"Inserter"}],"items_purged_floors":[5],"is_endless":false,"potions_floor_spawned":[7,14,16,21],"killed_by":"Colosseum Nobs","ascension_level":0}}