{"host":"msa0wxqjs3jv1k3j","time":1609255538,"event":{"mods":["BaseMod","BetterRewards","Colored Map","Highlight Path","KOR Keyword Fix","Keyboard Shortcuts","Minty Spire (QoL Compilation)","Quick Restart","SuperFastMode","everything is the same but u backflip on backflip"],"gold_per_floor":[109,34,34,52,62,62,95,95,95,95,95,95,95,113,113,208,208,208],"floor_reached":17,"playtime":697,"items_purged":["Strike_R"],"score":153,"play_id":"701d5fb3-c7f1-470e-888b-9c448f2c0fb1","local_time":"20201230002538","daily_mods":["Heirloom"],"is_ascension_mode":false,"campfire_choices":[{"data":"Pommel Strike","floor":6.0,"key":"SMITH"},{"data":"Pommel Strike","floor":8.0,"key":"SMITH"},{"floor":15.0,"key":"REST"}],"circlet_count":0,"master_deck":["Strike_R","Strike_R","Strike_R","Defend_R","Defend_R","Defend_R","Bash","Pommel Strike+1","Pommel Strike+1","Defend_R"],"relics":["Burning Blood","Pocketwatch","WingedGreaves","Incense Burner","Red Skull","SlaversCollar"],"acts_visited":["Exordium","TheCity"],"potions_floor_usage":[],"damage_taken":[{"damage":6.0,"enemies":"2 Louse","floor":1.0,"turns":3.0},{"damage":15.0,"enemies":"Cultist","floor":4.0,"turns":4.0},{"damage":7.0,"enemies":"Small Slimes","floor":5.0,"turns":3.0},{"damage":36.0,"enemies":"Lagavulin","floor":7.0,"turns":5.0},{"damage":19.0,"enemies":"3 Louse","floor":14.0,"turns":2.0},{"damage":50,"enemies":"Slime Boss","floor":16,"turns":11}],"seed_played":"-2800696967681736136","potions_obtained":[{"floor":1.0,"key":"FairyPotion"},{"floor":4.0,"key":"ElixirPotion"}],"is_trial":true,"path_per_floor":["M","$","?","M","M","R","E","R","T","?","?","$","?","M","R","B",null],"character_chosen":"IRONCLAD","items_purchased":[],"campfire_rested":1,"item_purchase_floors":[],"current_hp_per_floor":[80,80,80,71,70,70,40,40,40,15,41,41,41,28,52,8,80,80],"gold":208,"neow_bonus":"","is_daily":false,"chose_seed":true,"campfire_upgraded":2,"win_rate":0.0,"timestamp":1609255538,"path_taken":["M","$","?","?","M","R","E","R","T","?","?","$","?","?","R","BOSS"],"items_purchased_type":[],"build_version":"2020-12-22","purchased_purges":1,"victory":false,"max_hp_per_floor":[80,80,80,80,80,80,80,80,80,80,80,80,80,80,80,80,80,80],"card_choices":[{"not_picked":["Disarm","Havoc"],"picked":"Pommel Strike","floor":1.0},{"not_picked":["True Grit","Clash","Heavy Blade"],"picked":"SKIP","floor":4.0},{"not_picked":["Rupture","True Grit"],"picked":"Pommel Strike","floor":5.0},{"not_picked":["Armaments","Combust","Flex"],"picked":"SKIP","floor":7.0},{"not_picked":["Berserk","Pommel Strike","Sword Boomerang"],"picked":"SKIP","floor":14.0}],"player_experience":18111,"relics_obtained":[{"floor":7.0,"key":"WingedGreaves"},{"floor":9.0,"key":"Incense Burner"}],"event_choices":[{"cards_removed":["Strike_R"],"damage_healed":0.0,"max_hp_gain":0.0,"max_hp_loss":0.0,"gold_gain":0.0,"event_name":"Purifier","player_choice":"Purged","floor":3.0,"gold_loss":0.0,"damage_taken":0.0},{"damage_healed":0.0,"max_hp_gain":0.0,"max_hp_loss":0.0,"gold_gain":0.0,"event_name":"Scrap Ooze","player_choice":"Success","floor":10.0,"gold_loss":0.0,"damage_taken":25.0,"relics_obtained":["Red Skull"]},{"damage_healed":26.0,"max_hp_gain":0.0,"max_hp_loss":0.0,"gold_gain":0.0,"event_name":"Big Fish","player_choice":"Banana","floor":11.0,"gold_loss":0.0,"damage_taken":0.0},{"cards_removed":["Defend_R"],"damage_healed":0.0,"max_hp_gain":0.0,"max_hp_loss":0.0,"gold_gain":0.0,"event_name":"NoteForYourself","player_choice":"Took Card","floor":13.0,"gold_loss":0.0,"damage_taken":0.0,"cards_obtained":["Defend_R"]}],"is_beta":false,"boss_relics":[{"not_picked":["Ectoplasm","SacredBark"],"picked":"SlaversCollar"}],"items_purged_floors":[2],"is_endless":false,"potions_floor_spawned":[1,4],"ascension_level":0}}