{"host":"mt3nndg5ku536gxi","time":1609222046,"event":{"mods":["BaseMod","Colored Powertips","Minty Spire (QoL Compilation)","Permanent Neow","Quick Restart","Relic Stats","StSLib","UnlockEverythingMod"],"gold_per_floor":[119,132,132,132,153,189,189,222,267,305,305,305,326,339,339,435,435,459,134,134,160,160,193,193,242,267,314,364,364,44,66,66,173,173,197,206,231,249,84,129,129,129,129,165,165,183,224,224,224,224,224],"floor_reached":52,"playtime":3397,"items_purged":["Eruption+1"],"score":2149,"play_id":"b0c5e1ef-be3a-4f84-b9ef-27d97fbb8659","local_time":"20201229140726","is_ascension_mode":true,"campfire_choices":[{"data":"Eruption","floor":7.0,"key":"SMITH"},{"data":"FlurryOfBlows","floor":11.0,"key":"SMITH"},{"floor":15.0,"key":"REST"},{"data":"Omniscience","floor":24.0,"key":"SMITH"},{"floor":29.0,"key":"REST"},{"data":"Prostrate","floor":32.0,"key":"SMITH"},{"data":"Scrawl","floor":41.0,"key":"SMITH"},{"data":"Scrawl","floor":45.0,"key":"SMITH"},{"data":"Tantrum","floor":49.0,"key":"SMITH"}],"circlet_count":0,"master_deck":["AscendersBane","Vigilance","Vengeance","Tantrum+1","Pray","Wallop","FlurryOfBlows+1","FlurryOfBlows","DeusExMachina","ForeignInfluence","Devotion+1","TalkToTheHand+1","Evaluate","Tantrum","EmptyFist+1","MasterReality","Omniscience+1","InnerPeace","Wireheading","Prostrate+1","Adaptation","Sanctity","FearNoEvil+1","Scrawl+1","Scrawl+1","Adaptation+1"],"relics":["Sozu","Golden Idol","Pear","Juzu Bracelet","Nunchaku","Akabeko","Pandora\u0027s Box","PreservedInsect","Whetstone","CeramicFish","Dream Catcher","Tiny Chest","TungstenRod","Happy Flower","Cursed Key","Damaru","Toy Ornithopter","Orichalcum","Potion Belt"],"acts_visited":["Exordium","TheCity","TheBeyond"],"potions_floor_usage":[],"damage_taken":[{"damage":0.0,"enemies":"Jaw Worm","floor":1.0,"turns":3.0},{"damage":1.0,"enemies":"Small Slimes","floor":2.0,"turns":4.0},{"damage":0.0,"enemies":"2 Louse","floor":5.0,"turns":2.0},{"damage":25.0,"enemies":"Lagavulin","floor":6.0,"turns":6.0},{"damage":17.0,"enemies":"3 Sentries","floor":8.0,"turns":4.0},{"damage":8.0,"enemies":"Lagavulin","floor":10.0,"turns":7.0},{"damage":0.0,"enemies":"Lots of Slimes","floor":13.0,"turns":2.0},{"damage":6.0,"enemies":"Red Slaver","floor":14.0,"turns":2.0},{"damage":15.0,"enemies":"Slime Boss","floor":16.0,"turns":7.0},{"damage":0.0,"enemies":"Spheric Guardian","floor":18.0,"turns":2.0},{"damage":0.0,"enemies":"Gremlin Leader","floor":23.0,"turns":5.0},{"damage":12.0,"enemies":"Book of Stabbing","floor":25.0,"turns":3.0},{"damage":23.0,"enemies":"Slavers","floor":28.0,"turns":3.0},{"damage":0.0,"enemies":"3 Byrds","floor":31.0,"turns":3.0},{"damage":21.0,"enemies":"Champ","floor":33.0,"turns":5.0},{"damage":0.0,"enemies":"Orb Walker","floor":35.0,"turns":2.0},{"damage":2.0,"enemies":"3 Shapes","floor":37.0,"turns":2.0},{"damage":0.0,"enemies":"Jaw Worm Horde","floor":38.0,"turns":2.0},{"damage":0.0,"enemies":"Nemesis","floor":40.0,"turns":5.0},{"damage":0.0,"enemies":"Reptomancer","floor":44.0,"turns":2.0},{"damage":9.0,"enemies":"Transient","floor":46.0,"turns":4.0},{"damage":4.0,"enemies":"Giant Head","floor":47.0,"turns":3.0},{"damage":14.0,"enemies":"Time Eater","floor":50.0,"turns":6.0},{"damage":20,"enemies":"Donu and Deca","floor":51,"turns":5}],"seed_played":"6736894614342421955","potions_obtained":[],"is_trial":false,"path_per_floor":["M","M","?","?","M","E","R","E","T","E","R","?","M","M","R","B",null,"M","$","?","T","?","E","R","E","T","T","E","R","$","M","R","B",null,"M","?","M","M","$","E","R","?","T","E","R","M","E","T","R","B","B",null],"character_chosen":"WATCHER","items_purchased":["InnerPeace","PreservedInsect","Adaptation","Sanctity","Happy Flower","Damaru"],"campfire_rested":2,"item_purchase_floors":[19,19,30,30,30,39],"current_hp_per_floor":[61,60,60,60,60,45,45,28,28,20,20,16,16,10,31,16,58,58,58,58,58,58,58,58,46,46,46,23,44,44,44,44,23,60,60,60,58,58,58,58,58,58,58,58,58,49,45,45,45,31,11],"gold":224,"neow_bonus":"BOSS_RELIC","is_daily":false,"chose_seed":false,"campfire_upgraded":7,"win_rate":0.0,"timestamp":1609222046,"path_taken":["M","M","?","?","M","E","R","E","T","E","R","?","M","M","R","BOSS","M","$","?","?","?","E","R","E","T","?","E","R","$","M","R","BOSS","M","?","M","M","?","E","R","?","T","E","R","M","E","?","R","BOSS","BOSS"],"items_purchased_type":["Card","Relic","Card","Card","Relic","Relic"],"build_version":"2020-12-22","purchased_purges":1,"victory":true,"max_hp_per_floor":[68,68,68,62,62,72,72,72,72,72,72,72,72,72,72,72,72,72,72,72,72,72,72,72,72,72,72,72,72,72,72,72,72,72,72,72,72,72,72,72,72,68,68,68,68,68,68,68,68,68,68],"relic_stats":{"Happy Flower":[13],"counters":[24,89],"Golden Idol":181,"CeramicFish":72,"PreservedInsect":382,"Juzu Bracelet":3,"Whetstone":["TalkToTheHand","EmptyFist"],"Orichalcum":[6],"Cursed Key":0,"Sozu":6,"Nunchaku":[42],"Dream Catcher":1,"Pandora\u0027s Box":["ForeignInfluence","Devotion","TalkToTheHand","Evaluate","Tantrum","EmptyFist","MasterReality","Omniscience"],"Tiny Chest":1,"obtain_stats":[{"Potion Belt":47,"Pear":6,"Happy Flower":30,"Golden Idol":4,"CeramicFish":25,"Damaru":39,"PreservedInsect":19,"Juzu Bracelet":8,"Whetstone":23,"Orichalcum":44,"Cursed Key":34,"Akabeko":10,"Sozu":0,"Nunchaku":9,"Dream Catcher":26,"Pandora\u0027s Box":17,"Tiny Chest":27,"PureWater":0,"TungstenRod":28,"Toy Ornithopter":40},{"Potion Belt":22,"Pear":4,"Happy Flower":13,"Golden Idol":2,"CeramicFish":12,"Damaru":18,"PreservedInsect":10,"Juzu Bracelet":5,"Whetstone":11,"Orichalcum":20,"Cursed Key":15,"Akabeko":6,"Sozu":0,"Nunchaku":5,"Dream Catcher":12,"Pandora\u0027s Box":9,"Tiny Chest":12,"PureWater":0,"TungstenRod":13,"Toy Ornithopter":19},{"Potion Belt":78,"Pear":15,"Happy Flower":50,"Golden Idol":7,"CeramicFish":47,"Damaru":64,"PreservedInsect":39,"Juzu Bracelet":19,"Whetstone":44,"Orichalcum":71,"Cursed Key":58,"Akabeko":26,"Sozu":0,"Nunchaku":19,"Dream Catcher":47,"Pandora\u0027s Box":37,"Tiny Chest":47,"PureWater":0,"TungstenRod":50,"Toy Ornithopter":69}],"TungstenRod":10,"Toy Ornithopter":0},"card_choices":[{"not_picked":["EmptyBody","SashWhip"],"picked":"Vengeance","floor":1.0},{"not_picked":["Conclude","CutThroughFate"],"picked":"BowlingBash","floor":2.0},{"not_picked":["FlyingSleeves","Indignation"],"picked":"Tantrum","floor":5.0},{"not_picked":["FollowUp","Tantrum"],"picked":"Pray","floor":6.0},{"not_picked":["LikeWater","DeusExMachina"],"picked":"Wallop","floor":8.0},{"not_picked":["PathToVictory","WaveOfTheHand"],"picked":"FlurryOfBlows","floor":10.0},{"not_picked":["Nirvana","Study"],"picked":"FlurryOfBlows","floor":13.0},{"not_picked":["SashWhip","BowlingBash","Protect"],"picked":"SKIP","floor":14.0},{"not_picked":["Blasphemy","ConjureBlade"],"picked":"DeusExMachina","floor":16.0},{"not_picked":["Evaluate","EmptyFist","FollowUp"],"picked":"SKIP","floor":18.0},{"not_picked":["Fasting2","SashWhip","WindmillStrike"],"picked":"SKIP","floor":23.0},{"not_picked":["Evaluate","WindmillStrike"],"picked":"Wireheading","floor":25.0},{"not_picked":["JustLucky+1","Wireheading"],"picked":"Prostrate","floor":28.0},{"not_picked":["EmptyBody+1","Brilliance"],"picked":"FearNoEvil+1","floor":31.0},{"not_picked":["DeusExMachina","Devotion"],"picked":"Scrawl","floor":33.0},{"not_picked":["CutThroughFate","FlyingSleeves","Tantrum"],"picked":"SKIP","floor":35.0},{"not_picked":["EmptyFist+1","FearNoEvil","EmptyBody"],"picked":"SKIP","floor":37.0},{"not_picked":["EmptyFist+1","EmptyBody","PathToVictory+1"],"picked":"SKIP","floor":38.0},{"not_picked":["Indignation","InnerPeace"],"picked":"Adaptation+1","floor":40.0},{"not_picked":["Evaluate+1","PathToVictory+1","Crescendo"],"picked":"SKIP","floor":44.0},{"not_picked":["Consecrate","PathToVictory","CrushJoints"],"picked":"SKIP","floor":46.0},{"not_picked":["Halt","Adaptation+1","ThirdEye"],"picked":"SKIP","floor":47.0}],"player_experience":20573,"relics_obtained":[{"floor":6.0,"key":"Pear"},{"floor":8.0,"key":"Juzu Bracelet"},{"floor":9.0,"key":"Nunchaku"},{"floor":10.0,"key":"Akabeko"},{"floor":23.0,"key":"Whetstone"},{"floor":25.0,"key":"CeramicFish"},{"floor":26.0,"key":"Dream Catcher"},{"floor":27.0,"key":"Tiny Chest"},{"floor":28.0,"key":"TungstenRod"},{"floor":40.0,"key":"Toy Ornithopter"},{"floor":44.0,"key":"Orichalcum"},{"floor":47.0,"key":"Potion Belt"}],"event_choices":[{"damage_healed":0.0,"max_hp_gain":0.0,"max_hp_loss":0.0,"gold_gain":0.0,"event_name":"Liars Game","player_choice":"Ignored","floor":3.0,"gold_loss":0.0,"damage_taken":0.0},{"damage_healed":0.0,"max_hp_gain":0.0,"max_hp_loss":6.0,"gold_gain":0.0,"event_name":"Golden Idol","player_choice":"Lose Max HP","floor":4.0,"gold_loss":0.0,"damage_taken":0.0,"relics_obtained":["Golden Idol"]},{"damage_healed":0.0,"max_hp_gain":0.0,"max_hp_loss":0.0,"gold_gain":0.0,"event_name":"The Woman in Blue","player_choice":"Bought 0 Potions","floor":12.0,"gold_loss":0.0,"damage_taken":0.0},{"cards_removed":["BowlingBash"],"damage_healed":0.0,"max_hp_gain":0.0,"max_hp_loss":0.0,"gold_gain":0.0,"event_name":"Purifier","player_choice":"Purged","floor":20.0,"gold_loss":0.0,"damage_taken":0.0},{"damage_healed":0.0,"max_hp_gain":0.0,"max_hp_loss":0.0,"gold_gain":0.0,"event_name":"Accursed Blacksmith","player_choice":"Forge","floor":22.0,"gold_loss":0.0,"damage_taken":0.0,"cards_upgraded":["Devotion"]},{"damage_healed":0.0,"max_hp_gain":0.0,"max_hp_loss":0.0,"gold_gain":0.0,"event_name":"Duplicator","player_choice":"Copied","floor":36.0,"gold_loss":0.0,"damage_taken":0.0,"cards_obtained":["Scrawl"]},{"damage_healed":0.0,"max_hp_gain":0.0,"max_hp_loss":4.0,"gold_gain":0.0,"event_name":"Winding Halls","player_choice":"Max HP","floor":42.0,"gold_loss":0.0,"damage_taken":0.0}],"is_beta":false,"boss_relics":[{"not_picked":["Calling Bell","Runic Pyramid"],"picked":"Pandora\u0027s Box"},{"not_picked":["Astrolabe","Tiny House"],"picked":"Cursed Key"}],"items_purged_floors":[19],"is_endless":false,"potions_floor_spawned":[5,8,10,16,18,23,31,37,38,44],"ascension_level":20}}