{"host":"hfbeeaxchx6djfso","time":1609267791,"event":{"mods":["AchievementEnabler","Aspiration","BaseMod","Better Third Choice","Colored Map","Downfall","GungeonMod","Hermit","HololiveMod","Infinite Spire","Marisa????????","Minty Spire (QoL Compilation)","Rare Cards Sparkle","Replay The Spire","StSLib","The Cursed","The Servant 0.9.4","The Wild Card"],"gold_per_floor":[114,132,132,194,212,238,248,248,273,323,368,390,421,448,460,372,372],"floor_reached":16,"playtime":1660,"items_purged":[],"score":114,"play_id":"78194728-782b-4799-a33f-03e4993036e5","local_time":"20201229154951","is_ascension_mode":false,"campfire_choices":[{"data":"theWildCard:UnendingRitual","floor":8,"key":"SMITH"},{"floor":15,"key":"REST"}],"circlet_count":0,"master_deck":["theWildCard:BasicStrike","theWildCard:BasicStrike","theWildCard:BasicStrike","theWildCard:BasicDefend","theWildCard:BasicDefend","theWildCard:BasicDefend","theWildCard:BasicDefend","theWildCard:CallToAdventure","theWildCard:Arsene","theWildCard:ArcaneArts","theWildCard:Michael","theWildCard:ShieldOfMany","theWildCard:Polydeuces","theWildCard:BladeOfGenerations","theWildCard:UnendingRitual+1","Voices","theWildCard:MagicMettle","theWildCard:Alice","theWildCard:StingingStrike"],"relics":["theWildCard:VelvetContract","NeowsBlessing","aspiration:HummingbirdHeart","Ring of Greed","Membership Card","MawBank","aspiration:FetidBarrel"],"acts_visited":["Exordium"],"potions_floor_usage":[],"damage_taken":[{"damage":0,"enemies":"Small Slimes","floor":1,"turns":1},{"damage":0,"enemies":"Jaw Worm","floor":2,"turns":1},{"damage":0,"enemies":"2 Louse","floor":5,"turns":1},{"damage":18,"enemies":"Replay:BlueRogue","floor":6,"turns":5},{"damage":6,"enemies":"2 Fungi Beasts","floor":7,"turns":3},{"damage":13,"enemies":"Gremlin Nob","floor":11,"turns":3},{"damage":0,"enemies":"Lots of Slimes","floor":12,"turns":5},{"damage":2,"enemies":"Blue Slaver","floor":13,"turns":3},{"damage":9,"enemies":"Large Slime","floor":14,"turns":7},{"damage":36,"enemies":"Slime Boss","floor":16,"turns":12}],"seed_played":"-1727354338892738213","potions_obtained":[{"floor":4,"key":"PowerPotion"},{"floor":4,"key":"Energy Potion"},{"floor":4,"key":"LiquidBronze"}],"is_trial":false,"path_per_floor":["M","M","?","?","M","E","M","R","T","?","E","M","M","M","R","B"],"character_chosen":"THE_WILD_CARD","items_purchased":[],"campfire_rested":1,"item_purchase_floors":[],"current_hp_per_floor":[60,60,60,60,60,42,36,36,36,36,23,23,21,12,30,0,0],"gold":372,"neow_bonus":"THREE_ENEMY_KILL","is_daily":false,"chose_seed":false,"campfire_upgraded":1,"win_rate":0.0,"timestamp":1609267791,"path_taken":["M","M","?","?","M","E","M","R","T","?","E","M","M","?","R","BOSS"],"items_purchased_type":[],"build_version":"2020-12-22","purchased_purges":0,"victory":false,"max_hp_per_floor":[60,60,60,60,60,60,60,60,60,60,60,60,60,60,60,60,60],"card_choices":[{"not_picked":["theWildCard:MaskChange","theWildCard:Impatience","theWildCard:ArcaneArts"],"picked":"SKIP","floor":1},{"not_picked":["theWildCard:MaskChange","theWildCard:Impatience"],"picked":"theWildCard:ArcaneArts","floor":1},{"not_picked":["theWildCard:ArcaneArts","theWildCard:StalwartBlade"],"picked":"theWildCard:Michael","floor":2},{"not_picked":["theWildCard:SacrificialStroke","theWildCard:Patience"],"picked":"theWildCard:Polydeuces","floor":5},{"not_picked":["theWildCard:StalwartBlade","theWildCard:Patience"],"picked":"theWildCard:BladeOfGenerations","floor":6},{"not_picked":["theWildCard:SacrificialStroke","theWildCard:StalwartBlade"],"picked":"theWildCard:UnendingRitual","floor":7},{"not_picked":["theWildCard:CryOfAgony","theWildCard:Unburden","theWildCard:Attunement"],"picked":"SKIP","floor":11},{"not_picked":["theWildCard:ArcaneArts","theWildCard:MaskChange"],"picked":"theWildCard:MagicMettle","floor":12},{"not_picked":["theWildCard:Proficiency","theWildCard:Michael"],"picked":"theWildCard:Alice","floor":13},{"not_picked":["theWildCard:SeveringSlash","theWildCard:IdentityTheft"],"picked":"theWildCard:StingingStrike","floor":14}],"player_experience":123225,"relics_obtained":[{"floor":6,"key":"aspiration:HummingbirdHeart"},{"floor":10,"key":"Ring of Greed"},{"floor":10,"key":"Membership Card"},{"floor":10,"key":"MawBank"},{"floor":11,"key":"aspiration:FetidBarrel"}],"event_choices":[{"damage_healed":0,"gold_gain":0,"cards_transformed":["theWildCard:BasicStrike"],"player_choice":"Change","damage_taken":0,"max_hp_gain":0,"max_hp_loss":0,"event_name":"Living Wall","floor":3,"gold_loss":0,"cards_obtained":["theWildCard:ShieldOfMany"]}],"is_beta":false,"boss_relics":[],"items_purged_floors":[],"is_endless":false,"potions_floor_spawned":[5,7,11,13,14],"killed_by":"Slime Boss","ascension_level":0}}