{"host":"h4lp0eeso8a0ssq0","time":1609272446,"event":{"mods":["2.2 Compatiblity","AchievementEnabler","Astrologer","BaseMod","CapriCore","Colored Map","Downfall","Hermit","Lobotomy","Marisa£¨Ùöéë¡¡Øª×âÞÞ£©","Minty Spire (QoL Compilation)","StSLib","SuperFastMode","The Cursed","The Hierophant","The Immortal"],"gold_per_floor":[119,119,132,132,132,151,182,182,182,132,155,194,73,96,96,216,216,235,235,334,355,355,393,393,393,393,91,114,139,139,139,139,262,262,282,1281,604,623,623,623,642,642,669,171,189,189,189,204,204,204,204],"floor_reached":52,"playtime":4707,"items_purged":["Defend_MRS","Defend_MRS","Normality","Writhe"],"score":703,"play_id":"f76eae9e-e1d1-4e46-824f-f1a9b98df55f","local_time":"20201230050726","is_ascension_mode":false,"campfire_choices":[{"floor":8.0,"key":"REST"},{"floor":15.0,"key":"REST"},{"floor":24,"key":"REST"},{"data":"LuminesStrike","floor":30,"key":"SMITH"},{"floor":32,"key":"REST"},{"data":"UpSweep","floor":40,"key":"SMITH"},{"data":"UnstableBomb","floor":47,"key":"SMITH"},{"data":"UnstableBomb","floor":49,"key":"SMITH"}],"circlet_count":0,"master_deck":["Strike_MRS","Strike_MRS","Defend_MRS","Defend_MRS","MasterSpark","UpSweep+1","RefractionSpark","UnstableBomb+1","UnstableBomb+1","LuminesStrike+1","GalacticHalo+1","Acceleration+1","MaximisePower+1","GrandCross+1","MysteriousBeam+1","SprinkleStarSeal+1","StarBarrage+1","UltimateShortwave+1","GalacticHalo+1","AsteroidBelt+1","AsteroidBelt+1","DeepEcoloBomb+1","Acceleration+1","AsteroidBelt+1"],"relics":["MiniHakkero","NeowsBlessing","Golden Idol","Singing Bowl","Sundial","Eternal Feather","Toxic Egg 2","Velvet Choker","Calipers","Gambling Chip","Molten Egg 2","Blood Vial","Runic Pyramid","Oddly Smooth Stone","Question Card","Happy Flower","Bronze Scales","Orrery","Meat on the Bone"],"acts_visited":["Exordium","TheCity","TheBeyond"],"potions_floor_usage":[33,33,45,50,50,50],"damage_taken":[{"damage":0.0,"enemies":"Cultist","floor":1.0,"turns":1.0},{"damage":0.0,"enemies":"Jaw Worm","floor":3.0,"turns":1.0},{"damage":0.0,"enemies":"2 Louse","floor":6.0,"turns":1.0},{"damage":13.0,"enemies":"3 Sentries","floor":7.0,"turns":4.0},{"damage":14.0,"enemies":"Blue Slaver","floor":11.0,"turns":3.0},{"damage":28.0,"enemies":"Gremlin Nob","floor":12.0,"turns":4.0},{"damage":5.0,"enemies":"2 Fungi Beasts","floor":14.0,"turns":3.0},{"damage":41.0,"enemies":"Hexaghost","floor":16.0,"turns":10.0},{"damage":0,"enemies":"Spheric Guardian","floor":18,"turns":3},{"damage":11,"enemies":"2 Thieves","floor":21,"turns":4},{"damage":44,"enemies":"Slavers","floor":23,"turns":5},{"damage":0,"enemies":"Sentry and Sphere","floor":28,"turns":3},{"damage":35,"enemies":"Shelled Parasite and Fungi","floor":29,"turns":5},{"damage":60,"enemies":"Automaton","floor":33,"turns":8},{"damage":25,"enemies":"3 Shapes","floor":35,"turns":4},{"damage":3,"enemies":"Orb Walker","floor":38,"turns":3},{"damage":10,"enemies":"Transient","floor":41,"turns":5},{"damage":0,"enemies":"Sphere and 2 Shapes","floor":45,"turns":3},{"damage":4,"enemies":"Spire Growth","floor":48,"turns":3},{"damage":53,"enemies":"Awakened One","floor":50,"turns":11}],"seed_played":"-2216035828075703829","potions_obtained":[{"floor":1.0,"key":"PowerPotion"},{"floor":11.0,"key":"LiquidBronze"},{"floor":21,"key":"ShroomBrew"},{"floor":23,"key":"Swift Potion"},{"floor":28,"key":"Ancient Potion"},{"floor":41,"key":"BottledSpark"},{"floor":45,"key":"AttackPotion"}],"is_trial":false,"path_per_floor":["M","?","M","?","?","M","E","R","T","?","M","E","$","M","R","B",null,"M","?","?","M","?","E","R","?","T","$","M","M","R","?","R","B",null,"M","?","$","M","?","R","M","?","T","$","M","T","R","M","R","B",null,null],"character_chosen":"MARISA","items_purchased":["Acceleration+1","MysteriousBeam+1","Blood Vial","AsteroidBelt+1","Oddly Smooth Stone","Question Card","FearPotion","SteroidPotion","Bronze Scales","Weak Potion","Orrery"],"campfire_rested":4,"item_purchase_floors":[13,27,27,37,37,37,37,37,44,44,44],"current_hp_per_floor":[75,75,75,57,50,50,37,59,59,59,47,19,19,16,45,4,79,81,65,65,54,54,12,45,45,45,45,49,16,25,25,59,1,85,60,60,60,59,59,71,63,84,84,90,93,93,93,91,95,54,54],"gold":204,"neow_bonus":"THREE_ENEMY_KILL","is_daily":false,"chose_seed":false,"campfire_upgraded":4,"win_rate":0.0,"timestamp":1609272446,"path_taken":["M","?","?","?","?","M","E","R","T","?","?","E","$","M","R","BOSS","M","?","?","M","?","E","R","?","T","$","?","M","R","?","R","BOSS","M","?","$","M","?","R","?","?","T","$","M","?","R","M","R","BOSS"],"items_purchased_type":["Card","Card","Relic","Card","Relic","Relic","Potion","Potion","Relic","Potion","Relic"],"build_version":"2020-12-22","purchased_purges":4,"victory":true,"max_hp_per_floor":[75,75,75,75,75,75,75,75,75,75,77,77,77,79,79,79,79,81,81,81,81,81,83,83,83,83,83,85,85,85,85,85,85,85,85,85,85,85,85,85,85,85,85,91,93,93,93,95,95,95,95],"card_choices":[{"not_picked":["SporeBomb","WitchOfGreed"],"picked":"RefractionSpark","floor":1.0},{"not_picked":["PowerUp","SporeBomb"],"picked":"UnstableBomb","floor":3.0},{"not_picked":["GasGiant","OrrerysSun"],"picked":"UnstableBomb","floor":6.0},{"not_picked":["ShootingEcho","PropBag"],"picked":"LuminesStrike","floor":7.0},{"not_picked":["GasGiant","WitchLeyline","DarkMatter"],"picked":"Singing Bowl","floor":11.0},{"not_picked":["ShootTheMoon","Occultation+1"],"picked":"GalacticHalo+1","floor":12.0},{"not_picked":["BlazingStar","WitchLeyline","ChargeUpSpray"],"picked":"Singing Bowl","floor":14.0},{"not_picked":["StarDustReverie+1","BinaryStars+1"],"picked":"MaximisePower+1","floor":16.0},{"not_picked":["DarkMatter+1","WitchOfGreed+1","NonDirectionalLaser"],"picked":"Singing Bowl","floor":18},{"not_picked":["WitchOfGreed","MilkyWay+1"],"picked":"GrandCross+1","floor":21},{"not_picked":["UnstableBomb","6A","WitchLeyline"],"picked":"Singing Bowl","floor":23},{"not_picked":["ShootingEcho+1","PowerUp+1","SuperPerseids+1"],"picked":"Singing Bowl","floor":28},{"not_picked":["Occultation+1","AlicesGift+1"],"picked":"SprinkleStarSeal+1","floor":29},{"not_picked":["TreasureHunter+1","SuperNova"],"picked":"UltimateShortwave+1","floor":33},{"not_picked":["SporeBomb+1","MachineGunSpark+1"],"picked":"GalacticHalo+1","floor":35},{"not_picked":["MagicChant+1","ChargingUp+1","GalacticHalo+1"],"picked":"AsteroidBelt+1","floor":38},{"not_picked":["ShootingEcho+1","EnergyFlow+1","NonDirectionalLaser+1"],"picked":"DeepEcoloBomb+1","floor":41},{"not_picked":["BlazeAway+1","SatelliteIllusion","MilkyWay+1"],"picked":"Acceleration+1","floor":44},{"not_picked":["StarBarrage+1","OpenUniverse+1","Acceleration+1"],"picked":"AsteroidBelt+1","floor":44},{"not_picked":["ShootingEcho+1","WitchOfGreed","Singularity+1","GalacticHalo+1"],"picked":"Singing Bowl","floor":44},{"not_picked":["SporeBomb+1","IllusionStar+1","StarlightTyphoon+1","Acceleration+1"],"picked":"Singing Bowl","floor":44},{"not_picked":["GravityBeat+1","EarthLightRay+1","MysteriousBeam+1","SporeBomb+1"],"picked":"Singing Bowl","floor":44},{"not_picked":["SporeBomb+1","IllusionStar+1","AsteroidBelt+1","LuminesStrike+1"],"picked":"Singing Bowl","floor":45},{"not_picked":["OortCloud+1","EventHorizon","OrrerysSun+1","IllusionStar+1"],"picked":"Singing Bowl","floor":48}],"player_experience":27668,"relics_obtained":[{"floor":7.0,"key":"Sundial"},{"floor":9.0,"key":"Eternal Feather"},{"floor":12.0,"key":"Toxic Egg 2"},{"floor":23,"key":"Gambling Chip"},{"floor":26,"key":"Molten Egg 2"},{"floor":43,"key":"Happy Flower"},{"floor":46,"key":"Meat on the Bone"}],"event_choices":[{"cards_removed":["Strike_MRS"],"damage_healed":0.0,"max_hp_gain":0.0,"max_hp_loss":0.0,"gold_gain":0.0,"event_name":"Living Wall","player_choice":"Forget","floor":2.0,"gold_loss":0.0,"damage_taken":0.0},{"damage_healed":0.0,"max_hp_gain":0.0,"max_hp_loss":0.0,"gold_gain":0.0,"event_name":"Golden Idol","player_choice":"Take Damage","floor":4.0,"gold_loss":0.0,"damage_taken":18.0,"relics_obtained":["Golden Idol"]},{"damage_healed":0.0,"max_hp_gain":0.0,"max_hp_loss":0.0,"gold_gain":0.0,"event_name":"Scrap Ooze","player_choice":"Success","floor":5.0,"gold_loss":0.0,"damage_taken":7.0,"relics_obtained":["Singing Bowl"]},{"cards_removed":["Strike_MRS"],"damage_healed":0.0,"max_hp_gain":0.0,"max_hp_loss":0.0,"gold_gain":0.0,"event_name":"The Cleric","player_choice":"Card Removal","floor":10.0,"gold_loss":50.0,"damage_taken":0.0},{"damage_healed":0,"gold_gain":0,"player_choice":"Obtained Book","damage_taken":16,"max_hp_gain":0,"max_hp_loss":0,"event_name":"Cursed Tome","floor":19,"gold_loss":0},{"damage_healed":0,"gold_gain":99,"player_choice":"Stole From Cult","damage_taken":0,"max_hp_gain":0,"max_hp_loss":0,"event_name":"Nest","floor":20,"gold_loss":0},{"damage_healed":0,"gold_gain":0,"player_choice":"Opened","damage_taken":0,"relics_obtained":["Calipers"],"max_hp_gain":0,"max_hp_loss":0,"event_name":"The Mausoleum","floor":22,"gold_loss":0},{"damage_healed":0,"gold_gain":0,"player_choice":"Ignored","damage_taken":0,"max_hp_gain":0,"max_hp_loss":0,"event_name":"Vampires","floor":25,"gold_loss":0},{"damage_healed":0,"gold_gain":0,"player_choice":"1 cards matched","damage_taken":0,"max_hp_gain":0,"max_hp_loss":0,"event_name":"Match and Keep!","floor":31,"gold_loss":0,"cards_obtained":["StarBarrage"]},{"damage_healed":0,"gold_gain":999,"player_choice":"Gold","damage_taken":0,"max_hp_gain":0,"max_hp_loss":0,"event_name":"MindBloom","floor":36,"gold_loss":0,"cards_obtained":["Normality","Normality"]},{"cards_removed":["Normality"],"damage_healed":0,"gold_gain":0,"player_choice":"Removed Curses","damage_taken":0,"max_hp_gain":0,"max_hp_loss":0,"event_name":"Fountain of Cleansing","floor":39,"gold_loss":0},{"damage_healed":21,"gold_gain":0,"player_choice":"Writhe","damage_taken":0,"max_hp_gain":0,"max_hp_loss":0,"event_name":"Winding Halls","floor":42,"gold_loss":0,"cards_obtained":["Writhe"]}],"is_beta":false,"boss_relics":[{"not_picked":["Astrolabe","Tiny House"],"picked":"Velvet Choker"},{"not_picked":["Busted Crown","Pandora\u0027s Box"],"picked":"Runic Pyramid"}],"items_purged_floors":[13,27,37,44],"is_endless":false,"potions_floor_spawned":[1,11,21,23,28,41,45],"ascension_level":0}}