{"host":"vpxex9ryma3s0oll","time":1609207130,"event":{"mods":["AchievementEnabler","BaseMod","Bestiary","Minty Spire (QoL Compilation)","Quick Restart","Shop Mod","StSLib","The Senshi"],"gold_per_floor":[113,166,184,30,40,75,75,250,250,279,179,214,232,251,251,251,251],"floor_reached":16,"playtime":686,"items_purged":["Strike_B","Defend_B"],"score":126,"play_id":"268da4b4-901e-43e2-8f86-56e4bd1db6d7","local_time":"20201228205850","is_ascension_mode":true,"campfire_choices":[{"floor":15,"key":"REST"}],"circlet_count":0,"master_deck":["Strike_B","Strike_B","Strike_B","Defend_B","Defend_B","Defend_B","Zap","Dualcast","Streamline","Capacitor","Streamline","Conserve Battery","Parasite","Doubt","Beam Cell","Hologram","Double Energy","Leap"],"relics":["Cracked Core","Anchor","Boot","Mummified Hand","CaptainsWheel"],"acts_visited":["Exordium"],"potions_floor_usage":[12,12,12,16,16],"damage_taken":[{"damage":10.0,"enemies":"Cultist","floor":1.0,"turns":4.0},{"damage":11.0,"enemies":"Jaw Worm","floor":3.0,"turns":4.0},{"damage":2.0,"enemies":"Small Slimes","floor":5.0,"turns":5.0},{"damage":27.0,"enemies":"Gremlin Nob","floor":6.0,"turns":4.0},{"damage":29.0,"enemies":"3 Sentries","floor":10.0,"turns":7.0},{"damage":11,"enemies":"Gremlin Nob","floor":12,"turns":3},{"damage":2,"enemies":"3 Louse","floor":13,"turns":3},{"damage":3,"enemies":"2 Fungi Beasts","floor":14,"turns":3},{"damage":31,"enemies":"Hexaghost","floor":16,"turns":10}],"seed_played":"5139881976194992153","potions_obtained":[{"floor":6.0,"key":"ColorlessPotion"},{"floor":10.0,"key":"EntropicBrew"},{"floor":12,"key":"FearPotion"}],"is_trial":false,"path_per_floor":["M","T","M","$","M","E","?","?","T","E","$","E","M","M","R","B"],"character_chosen":"DEFECT","items_purchased":["Capacitor"],"campfire_rested":1,"item_purchase_floors":[4],"current_hp_per_floor":[72,72,61,61,59,32,52,52,52,23,23,12,10,7,31,0,0],"gold":251,"neow_bonus":"TEN_PERCENT_HP_BONUS","is_daily":false,"chose_seed":false,"campfire_upgraded":0,"win_rate":0.0,"timestamp":1609207130,"path_taken":["M","?","M","$","?","E","?","?","T","E","$","E","M","M","R","BOSS"],"items_purchased_type":["Card"],"build_version":"2020-12-22","purchased_purges":2,"victory":false,"max_hp_per_floor":[82,82,82,82,82,82,82,82,82,82,82,82,82,82,82,82,82],"card_choices":[{"not_picked":["Barrage","Auto Shields","Force Field"],"picked":"SKIP","floor":1.0},{"not_picked":["Steam Power","Leap"],"picked":"Streamline","floor":3.0},{"not_picked":["Stack","Skim"],"picked":"Streamline","floor":5.0},{"not_picked":["Cold Snap","Multi-Cast"],"picked":"Conserve Battery","floor":6.0},{"not_picked":["Leap","Sweeping Beam"],"picked":"Beam Cell","floor":10.0},{"not_picked":["Sweeping Beam","Fission"],"picked":"Hologram","floor":12},{"not_picked":["Go for the Eyes","Melter"],"picked":"Double Energy","floor":13},{"not_picked":["Blizzard","Go for the Eyes"],"picked":"Leap","floor":14}],"player_experience":34994,"relics_obtained":[{"floor":2.0,"key":"Anchor"},{"floor":6.0,"key":"Boot"},{"floor":10.0,"key":"Mummified Hand"},{"floor":12,"key":"CaptainsWheel"}],"event_choices":[{"damage_healed":20.0,"max_hp_gain":0.0,"max_hp_loss":0.0,"gold_gain":0.0,"event_name":"Mushrooms","player_choice":"Healed and dodged fight","floor":7.0,"gold_loss":0.0,"damage_taken":0.0,"cards_obtained":["Parasite"]},{"damage_healed":0.0,"max_hp_gain":0.0,"max_hp_loss":0.0,"gold_gain":175.0,"event_name":"Liars Game","player_choice":"AGREE","floor":8.0,"gold_loss":0.0,"damage_taken":0.0,"cards_obtained":["Doubt"]}],"is_beta":false,"boss_relics":[],"items_purged_floors":[4,11],"is_endless":false,"potions_floor_spawned":[6,10,12,13],"killed_by":"Hexaghost","ascension_level":1}}