{"host":"pq8o62wp0h1hflf3","time":1609264814,"event":{"mods":["BaseMod","Minty Spire (QoL Compilation)","Relic Stats","ojb\u0027s Info Mod"],"gold_per_floor":[112,112,9,26,26,54,73,104,104,120,120,148,165,165,165,165,165],"floor_reached":16,"playtime":613,"items_purged":[],"score":290,"play_id":"ffd73295-ed8e-4f57-8071-219e619a97f8","local_time":"20201229130014","is_ascension_mode":true,"campfire_choices":[{"floor":15,"key":"REST"}],"circlet_count":0,"master_deck":["AscendersBane","Strike_R","Strike_R","Strike_R","Strike_R","Strike_R","Defend_R","Defend_R","Defend_R","Defend_R","Bash","Perfected Strike","Uppercut","True Grit","Flex","Clothesline","Sever Soul","Rage","Pain","Rupture"],"relics":["Burning Blood","NeowsBlessing","Strawberry","Question Card","Sundial","Dream Catcher","WarpedTongs"],"acts_visited":["Exordium"],"potions_floor_usage":[10,12,12,13],"damage_taken":[{"damage":0,"enemies":"2 Louse","floor":1,"turns":1},{"damage":0,"enemies":"Jaw Worm","floor":4,"turns":1},{"damage":0,"enemies":"3 Sentries","floor":6,"turns":1},{"damage":6,"enemies":"Cultist","floor":7,"turns":3},{"damage":57,"enemies":"Lagavulin","floor":8,"turns":9},{"damage":13,"enemies":"Blue Slaver","floor":10,"turns":4},{"damage":35,"enemies":"3 Sentries","floor":12,"turns":10},{"damage":9,"enemies":"Gremlin Gang","floor":13,"turns":4},{"damage":35,"enemies":"Hexaghost","floor":16,"turns":9}],"seed_played":"-2910206383424489238","potions_obtained":[{"floor":1,"key":"Explosive Potion"},{"floor":4,"key":"BloodPotion"},{"floor":10,"key":"Fire Potion"},{"floor":12,"key":"Energy Potion"},{"floor":13,"key":"Dexterity Potion"}],"is_trial":false,"path_per_floor":["M","?","$","M","$","E","M","E","T","M","$","E","M","?","R","B"],"character_chosen":"IRONCLAD","items_purchased":["Uppercut","True Grit"],"campfire_rested":1,"item_purchase_floors":[3,3],"current_hp_per_floor":[74,74,74,75,75,82,82,31,31,40,40,11,8,8,32,0,0],"gold":165,"neow_bonus":"THREE_ENEMY_KILL","is_daily":false,"chose_seed":false,"campfire_upgraded":0,"win_rate":0.0,"timestamp":1609264814,"path_taken":["M","?","$","M","$","E","M","E","T","M","?","E","M","?","R","BOSS"],"items_purchased_type":["Card","Card"],"build_version":"2020-12-22","purchased_purges":0,"victory":false,"max_hp_per_floor":[75,75,75,75,75,82,82,82,82,82,82,82,82,82,82,82,82],"relic_stats":{"Dream Catcher":1,"counters":[9,42],"Sundial":[4],"Question Card":4,"obtain_stats":[{"Dream Catcher":12,"NeowsBlessing":0,"Sundial":9,"Strawberry":6,"Question Card":8,"Burning Blood":0,"WarpedTongs":14},{"Dream Catcher":7,"NeowsBlessing":0,"Sundial":5,"Strawberry":3,"Question Card":5,"Burning Blood":0,"WarpedTongs":8},{"Dream Catcher":29,"NeowsBlessing":0,"Sundial":15,"Strawberry":3,"Question Card":15,"Burning Blood":0,"WarpedTongs":33}],"Burning Blood":37,"WarpedTongs":[9]},"card_choices":[{"not_picked":["Second Wind","Iron Wave"],"picked":"Perfected Strike","floor":1},{"not_picked":["Warcry","Clash","Heavy Blade"],"picked":"SKIP","floor":4},{"not_picked":["Armaments","Bloodletting"],"picked":"Flex","floor":6},{"not_picked":["Iron Wave","Twin Strike"],"picked":"Clothesline","floor":7},{"not_picked":["Wild Strike","Intimidate","Flex"],"picked":"SKIP","floor":8},{"not_picked":["Blood for Blood","Rupture","Warcry","Armaments"],"picked":"SKIP","floor":10},{"not_picked":["Shrug It Off","Immolate","Reckless Charge"],"picked":"Sever Soul","floor":12},{"not_picked":["Wild Strike","Bloodletting","Iron Wave"],"picked":"Rage","floor":13},{"not_picked":["Ghostly Armor","Body Slam","Thunderclap"],"picked":"Rupture","floor":15}],"player_experience":1073362,"relics_obtained":[{"floor":6,"key":"Strawberry"},{"floor":8,"key":"Question Card"},{"floor":9,"key":"Sundial"},{"floor":12,"key":"Dream Catcher"}],"event_choices":[{"damage_healed":0,"gold_gain":0,"player_choice":"Leave","damage_taken":0,"max_hp_gain":0,"max_hp_loss":0,"event_name":"The Cleric","floor":2,"gold_loss":0},{"damage_healed":0,"gold_gain":0,"player_choice":"Rummage","damage_taken":0,"relics_obtained":["WarpedTongs"],"max_hp_gain":0,"max_hp_loss":0,"event_name":"Accursed Blacksmith","floor":14,"gold_loss":0,"cards_obtained":["Pain"]}],"is_beta":false,"boss_relics":[],"items_purged_floors":[],"is_endless":false,"potions_floor_spawned":[1,4,10,12,13],"killed_by":"Hexaghost","ascension_level":20}}