{"host":"j3h0p3l2xgzxhnx7","time":1609249197,"event":{"mods":["BaseMod","Luminous","Marisa????????","Minty Spire (QoL Compilation)","Remilia??????","StSLib","The Bug Knight","The Cursed","The Servant 0.9.4"],"gold_per_floor":[115,12,12,29,29,29,57,57,57,72,102,132,167,180,180,278,278,288,288,303,303,303,303,303,336,410,410,425,21,21,40,40,144,144,163,163,163,175,190,190,223,223,223,233,248,248,267,278,278,278],"floor_reached":51,"playtime":3346,"items_purged":[],"score":705,"play_id":"27d92e27-557e-4263-81ef-d18848fdbdc5","local_time":"20201229213957","is_ascension_mode":false,"campfire_choices":[{"data":"FastForward","floor":6,"key":"SMITH"},{"data":"Moonlight","floor":8,"key":"SMITH"},{"floor":15,"key":"REST"},{"data":"MurderousAura","floor":23,"key":"SMITH"},{"floor":27,"key":"REST"},{"data":"StarChef","floor":32,"key":"SMITH"},{"floor":40,"key":"REST"},{"floor":42,"key":"REST"},{"data":"FastForward","floor":46,"key":"SMITH"},{"floor":49,"key":"REST"}],"circlet_count":0,"master_deck":["Strike_S","Strike_S","Strike_S","Defend_S","Defend_S","KidneyShot","Exchange","ShatteredReality","Spin+1","ShiftingGears","FastForward+1","Moonlight+1","FastForward+1","Rewind","Starlight","MurderousAura+1","Defy","Rewind","Dilation","Sabotage","Contraction","Rewind+1","Apotheosis+1","StarChef+1","Deny+1","CurseOfTheBell","BestPractice+1","ShatteredReality+1","GearUp+1","Desolation+1","Misdirection+1","Shuttle+1","DualDimension+1","Duplication+1"],"relics":["Uniform","Toy Ornithopter","Odd Mushroom","HollowMod:StagPassRelic","Boot","Happy Flower","InkBottle","Snecko Eye","Regal Pillow","HollowMod:LifeEnderRelic","Toxic Egg 2","Pen Nib","Calling Bell","Ancient Tea Set","TungstenRod","Molten Egg 2","Strawberry","Shuriken"],"acts_visited":["Exordium","TheCity","TheBeyond"],"potions_floor_usage":[13,16,33,38,39,41,41,47,50],"damage_taken":[{"damage":0,"enemies":"Cultist","floor":1,"turns":5},{"damage":9,"enemies":"Small Slimes","floor":4,"turns":2},{"damage":2,"enemies":"The Mushroom Lair","floor":7,"turns":2},{"damage":0,"enemies":"2 Louse","floor":10,"turns":2},{"damage":4,"enemies":"Lagavulin","floor":11,"turns":6},{"damage":0,"enemies":"Gremlin Nob","floor":13,"turns":2},{"damage":3,"enemies":"Exordium Wildlife","floor":14,"turns":3},{"damage":26,"enemies":"Hexaghost","floor":16,"turns":13},{"damage":15,"enemies":"3 Byrds","floor":18,"turns":3},{"damage":13,"enemies":"Spheric Guardian","floor":20,"turns":7},{"damage":22,"enemies":"Book of Stabbing","floor":25,"turns":5},{"damage":8,"enemies":"Centurion and Healer","floor":28,"turns":3},{"damage":0,"enemies":"Snecko","floor":31,"turns":5},{"damage":25,"enemies":"Collector","floor":33,"turns":7},{"damage":16,"enemies":"3 Shapes","floor":35,"turns":4},{"damage":20,"enemies":"3 Darklings","floor":38,"turns":4},{"damage":17,"enemies":"Spire Growth","floor":39,"turns":7},{"damage":46,"enemies":"Nemesis","floor":41,"turns":10},{"damage":0,"enemies":"Maw","floor":44,"turns":9},{"damage":2,"enemies":"3 Darklings","floor":45,"turns":3},{"damage":18,"enemies":"Transient","floor":47,"turns":5},{"damage":30,"enemies":"Sphere and 2 Shapes","floor":48,"turns":7},{"damage":89,"enemies":"Awakened One","floor":50,"turns":24}],"seed_played":"1812776691320683655","potions_obtained":[{"floor":4,"key":"Strength Potion"},{"floor":13,"key":"ColorlessPotion"},{"floor":16,"key":"Explosive Potion"},{"floor":18,"key":"Swift Potion"},{"floor":28,"key":"AttackPotion"},{"floor":31,"key":"FairyPotion"},{"floor":33,"key":"Swift Potion"},{"floor":38,"key":"FearPotion"},{"floor":39,"key":"Strength Potion"},{"floor":41,"key":"BlessingOfTheForge"},{"floor":44,"key":"Fire Potion"}],"is_trial":false,"path_per_floor":["M","$","?","M","?","R","?","R","T","M","E","?","E","M","R","B",null,"M","?","M","?","?","R","?","E","T","R","M","$","?","M","R","B",null,"M","?","?","M","M","R","E","R","T","M","M","R","M","M","R","B",null],"character_chosen":"THE_SERVANT","items_purchased":["Spin","ShiftingGears","Toxic Egg 2","Pen Nib"],"campfire_rested":5,"item_purchase_floors":[2,2,29,29],"current_hp_per_floor":[65,65,65,56,61,61,59,59,59,59,55,55,60,57,70,44,70,55,55,42,65,65,65,65,43,43,70,62,62,62,62,62,42,70,54,54,54,39,27,63,34,72,72,72,70,70,57,27,65,5],"gold":278,"neow_bonus":"RANDOM_COMMON_RELIC","is_daily":false,"chose_seed":false,"campfire_upgraded":5,"win_rate":0.0,"timestamp":1609249197,"path_taken":["M","$","?","M","?","R","?","R","T","M","E","?","E","?","R","BOSS","M","?","M","?","?","R","?","E","T","R","M","$","?","M","R","BOSS","M","?","?","M","M","R","E","R","T","M","?","R","M","M","R","BOSS"],"items_purchased_type":["Card","Card","Relic","Relic"],"build_version":"2020-12-22","purchased_purges":0,"victory":true,"max_hp_per_floor":[65,65,65,65,70,70,70,70,70,70,70,70,70,70,70,70,70,70,70,70,70,70,70,70,70,70,70,70,70,70,70,70,70,70,70,70,70,70,70,70,77,77,77,77,77,77,77,77,77,77],"card_choices":[{"not_picked":["Revamp","Shuttle"],"picked":"ShatteredReality","floor":1},{"not_picked":["Alleviate","Potential"],"picked":"FastForward","floor":4},{"not_picked":["Defy","FastForward"],"picked":"Moonlight","floor":7},{"not_picked":["Gouge","Defy"],"picked":"FastForward","floor":10},{"not_picked":["Moondial","KillingDoll"],"picked":"Rewind","floor":11},{"not_picked":["Gouge","Unruled"],"picked":"Starlight","floor":13},{"not_picked":["Unruled","Gouge"],"picked":"Snipe","floor":14},{"not_picked":["PendulumOfEternity","FlawlessForm"],"picked":"MurderousAura","floor":16},{"not_picked":["Barrier","Alleviate"],"picked":"Defy","floor":18},{"not_picked":["WasteNot","FanOfKnives"],"picked":"Sabotage","floor":20},{"not_picked":["Gouge","Potential"],"picked":"Contraction","floor":25},{"not_picked":["Comet+1","DoubleEdge"],"picked":"Rewind+1","floor":28},{"not_picked":["ShatteredReality+1","DoubleEdge+1"],"picked":"StarChef","floor":31},{"not_picked":["Dilation+1","ForgedInTime+1"],"picked":"Deny+1","floor":33},{"not_picked":["Ricochet+1","Misdirection+1"],"picked":"BestPractice+1","floor":35},{"not_picked":["TimeWarp+1","Comet+1"],"picked":"ShatteredReality+1","floor":38},{"not_picked":["ShiftingGears+1","Reset+1"],"picked":"GearUp+1","floor":39},{"not_picked":["DoubleEdge+1","Comet+1"],"picked":"Desolation+1","floor":41},{"not_picked":["ShatteredReality+1","DoubleEdge+1"],"picked":"Misdirection+1","floor":44},{"not_picked":["BottledTime+1","Starlight+1"],"picked":"Shuttle+1","floor":45},{"not_picked":["FastForward+1","Hightail+1"],"picked":"DualDimension+1","floor":47},{"not_picked":["BottledTime+1","DualDimension+1"],"picked":"Duplication+1","floor":48}],"player_experience":41557,"relics_obtained":[{"floor":7,"key":"Odd Mushroom"},{"floor":9,"key":"HollowMod:StagPassRelic"},{"floor":11,"key":"Boot"},{"floor":13,"key":"InkBottle"},{"floor":25,"key":"Regal Pillow"},{"floor":26,"key":"HollowMod:LifeEnderRelic"},{"floor":34,"key":"Ancient Tea Set"},{"floor":34,"key":"TungstenRod"},{"floor":34,"key":"Molten Egg 2"},{"floor":41,"key":"Strawberry"},{"floor":43,"key":"Shuriken"}],"event_choices":[{"damage_healed":0,"gold_gain":0,"player_choice":"Grow","damage_taken":0,"max_hp_gain":0,"max_hp_loss":0,"event_name":"Living Wall","floor":3,"gold_loss":0,"cards_upgraded":["Spin"]},{"damage_healed":0,"gold_gain":0,"player_choice":"Donut","damage_taken":0,"max_hp_gain":5,"max_hp_loss":0,"event_name":"Big Fish","floor":5,"gold_loss":0},{"damage_healed":0,"gold_gain":0,"player_choice":"Fought Mushrooms","damage_taken":0,"max_hp_gain":0,"max_hp_loss":0,"event_name":"Mushrooms","floor":7,"gold_loss":0},{"damage_healed":0,"gold_gain":30,"player_choice":"Searched \u00272\u0027 times","damage_taken":0,"relics_obtained":["Happy Flower"],"max_hp_gain":0,"max_hp_loss":0,"event_name":"Dead Adventurer","floor":12,"gold_loss":0},{"damage_healed":0,"gold_gain":0,"cards_transformed":["Defend_S","Defend_S"],"player_choice":"Became Test Subject","damage_taken":0,"max_hp_gain":0,"max_hp_loss":0,"event_name":"Drug Dealer","floor":19,"gold_loss":0,"cards_obtained":["Rewind","Dilation"]},{"damage_healed":23,"gold_gain":0,"player_choice":"Heal","damage_taken":0,"max_hp_gain":0,"max_hp_loss":0,"event_name":"The Library","floor":21,"gold_loss":0},{"damage_healed":0,"gold_gain":0,"player_choice":"Ignored","damage_taken":0,"max_hp_gain":0,"max_hp_loss":0,"event_name":"Beggar","floor":22,"gold_loss":0},{"damage_healed":0,"gold_gain":0,"player_choice":"Ignored","damage_taken":0,"max_hp_gain":0,"max_hp_loss":0,"event_name":"Vampires","floor":24,"gold_loss":0},{"cards_removed":["Strike_S"],"damage_healed":0,"gold_gain":0,"player_choice":"Removed Attack","damage_taken":0,"max_hp_gain":0,"max_hp_loss":0,"event_name":"Falling","floor":36,"gold_loss":0},{"cards_removed":["Snipe"],"damage_healed":0,"gold_gain":0,"player_choice":"Purged","damage_taken":0,"max_hp_gain":0,"max_hp_loss":0,"event_name":"Purifier","floor":37,"gold_loss":0}],"is_beta":false,"boss_relics":[{"not_picked":["Philosopher\u0027s Stone","Sozu"],"picked":"Snecko Eye"},{"not_picked":["Empty Cage","StoneMask"],"picked":"Calling Bell"}],"items_purged_floors":[],"is_endless":false,"potions_floor_spawned":[4,13,16,18,28,31,33,38,39,41,44],"ascension_level":0}}