{"host":"mcdusr64esz012l0","time":1609211427,"event":{"mods":["BaseMod","Minty Spire (QoL Compilation)","Relic Stats"],"gold_per_floor":[114,127,140,209,209,537,557,568,568,568,568,568],"floor_reached":11,"playtime":387,"items_purged":[],"score":150,"play_id":"992a812c-01e6-4a5f-81f2-261648746444","local_time":"20201228221027","is_ascension_mode":true,"campfire_choices":[{"floor":10,"key":"REST"}],"circlet_count":0,"master_deck":["AscendersBane","Strike_G","Strike_G","Strike_G","Strike_G","Strike_G","Defend_G","Defend_G","Defend_G","Defend_G","Defend_G","Survivor","Neutralize","Blade Dance","Choke","Dagger Throw","Finisher","Backflip","Crippling Poison","Noxious Fumes"],"relics":["Ring of the Snake","GremlinMask","Old Coin","Dream Catcher"],"acts_visited":["Exordium"],"potions_floor_usage":[6,8,8],"damage_taken":[{"damage":5,"enemies":"Small Slimes","floor":1,"turns":5},{"damage":0,"enemies":"2 Louse","floor":2,"turns":3},{"damage":6,"enemies":"Cultist","floor":3,"turns":3},{"damage":34,"enemies":"Gremlin Nob","floor":6,"turns":5},{"damage":4,"enemies":"3 Louse","floor":7,"turns":4},{"damage":2,"enemies":"Exordium Wildlife","floor":8,"turns":3},{"damage":22,"enemies":"Lagavulin","floor":11,"turns":5}],"seed_played":"6455966464992654665","potions_obtained":[{"floor":0,"key":"SteroidPotion"},{"floor":0,"key":"Block Potion"},{"floor":6,"key":"PowerPotion"}],"is_trial":false,"path_per_floor":["M","M","M","?","?","E","M","M","T","R","E"],"character_chosen":"THE_SILENT","items_purchased":[],"campfire_rested":1,"item_purchase_floors":[],"current_hp_per_floor":[54,54,48,48,48,14,10,8,8,27,5,5],"gold":568,"neow_bonus":"THREE_SMALL_POTIONS","is_daily":false,"chose_seed":false,"campfire_upgraded":0,"win_rate":0.0,"timestamp":1609211427,"path_taken":["M","M","M","?","?","E","M","?","T","R","E"],"items_purchased_type":[],"build_version":"2020-12-22","purchased_purges":0,"victory":false,"max_hp_per_floor":[66,66,66,66,66,66,66,66,66,66,66,66],"relic_stats":{"Dream Catcher":1,"counters":[7,28],"obtain_stats":[{"Dream Catcher":9,"GremlinMask":5,"Ring of the Snake":0,"Old Coin":6},{"Dream Catcher":6,"GremlinMask":3,"Ring of the Snake":0,"Old Coin":4},{"Dream Catcher":23,"GremlinMask":11,"Ring of the Snake":0,"Old Coin":16}],"Ring of the Snake":[14]},"card_choices":[{"not_picked":["Dodge and Roll","Acrobatics"],"picked":"Blade Dance","floor":1},{"not_picked":["Cloak And Dagger","Backflip"],"picked":"Choke","floor":2},{"not_picked":["Acrobatics","Slice"],"picked":"Dagger Throw","floor":3},{"not_picked":["Phantasmal Killer","Prepared"],"picked":"Finisher","floor":6},{"not_picked":["Tactician","Escape Plan"],"picked":"Backflip","floor":7},{"not_picked":["Cloak And Dagger","Escape Plan"],"picked":"Crippling Poison","floor":8},{"not_picked":["Underhanded Strike","Acrobatics"],"picked":"Noxious Fumes","floor":10}],"player_experience":1012675,"relics_obtained":[{"floor":6,"key":"Old Coin"},{"floor":9,"key":"Dream Catcher"}],"event_choices":[{"damage_healed":0,"gold_gain":69,"player_choice":"Gained Gold","damage_taken":0,"max_hp_gain":0,"max_hp_loss":0,"event_name":"Golden Wing","floor":4,"gold_loss":0},{"damage_healed":0,"gold_gain":0,"player_choice":"Trade","damage_taken":0,"relics_obtained":["GremlinMask"],"max_hp_gain":0,"max_hp_loss":0,"event_name":"FaceTrader","floor":5,"gold_loss":0}],"is_beta":false,"boss_relics":[],"items_purged_floors":[],"is_endless":false,"potions_floor_spawned":[6,7],"killed_by":"Lagavulin","ascension_level":20}}