{"host":"yvxwvf4t2vu8n8lg","time":1609245923,"event":{"mods":["BaseMod","Downfall","Hermit","Marisa£®ÏF”Í°°ƒß¿Ì…≥£©","Minty Spire (QoL Compilation)","Prisma Mod","Reimu£®≤©¿ˆ¡È√Œ£©","Remilia£®¿Ÿ√◊¿Ú—«£©","Replay The Spire","StSLib","The Alterego","The Cursed","The Servant 0.9.4","WarShipGirlsR/’ΩΩ¢…Ÿ≈ÆR mod","Yakumo Yukari mod","Youmu£®ªÍ∆«—˝√Œ£©","Yuyuko"],"gold_per_floor":[99,32,50,50,35,35,60,92,92,102,102,119,148,182,198,198,198,198],"floor_reached":16,"playtime":787,"items_purged":[],"score":108,"play_id":"c7e4922f-2c42-4fda-a06c-1fee53e54e87","local_time":"20201229204523","is_ascension_mode":false,"campfire_choices":[{"floor":1,"key":"RECALL"},{"data":"Slimebound:SamplingLick","floor":6,"key":"SMITH"},{"data":"Slimebound:Chomp","floor":9,"key":"SMITH"},{"data":"Slimebound:GoopTackle","floor":11,"key":"SMITH"}],"circlet_count":0,"master_deck":["Slimebound:Strike_Slimebound","Slimebound:Strike_Slimebound","Slimebound:Strike_Slimebound","Slimebound:Tackle","Slimebound:Defend_Slimebound","Slimebound:Defend_Slimebound","Slimebound:Defend_Slimebound","Slimebound:Defend_Slimebound","Slimebound:Split","Slimebound:CorrosiveSpit","Slimebound:RallyTheTroops","Slimebound:SamplingLick+1","Slimebound:Chomp+1","Slimebound:SplitBruiser","Slimebound:SplitAcid","Slimebound:GoopTackle+1","Slimebound:LeadByExample","Slimebound:RejuvenatingLick","Slimebound:RollThrough","Slimebound:Equalize"],"relics":["Slimebound:AbsorbEndCombat","Mercury Hourglass","Odd Mushroom","RuthlessExorcism:ReiMu"],"acts_visited":["Exordium"],"potions_floor_usage":[14,16,16,16],"damage_taken":[{"damage":14,"enemies":"downfall:FleeingMerchant","floor":2,"turns":4},{"damage":12,"enemies":"Small Slimes","floor":3,"turns":3},{"damage":16,"enemies":"downfall:FleeingMerchant","floor":5,"turns":4},{"damage":19,"enemies":"Gremlin Nob","floor":8,"turns":3},{"damage":12,"enemies":"Jaw Worm","floor":10,"turns":2},{"damage":8,"enemies":"2 Louse","floor":12,"turns":2},{"damage":34,"enemies":"The Mushroom Lair","floor":13,"turns":3},{"damage":47,"enemies":"Lagavulin","floor":14,"turns":4},{"damage":0,"enemies":"Lots of Slimes","floor":15,"turns":1},{"damage":29,"enemies":"downfall:Silent","floor":16,"turns":2}],"seed_played":"2531052664973415730","potions_obtained":[{"floor":8,"key":"SteroidPotion"},{"floor":10,"key":"GamblersBrew"},{"floor":12,"key":"Elixir"},{"floor":14,"key":"Fire Potion"}],"is_trial":false,"path_per_floor":["R","$","M","?","$","R","T","E","R","M","R","M","?","E","M","B"],"character_chosen":"SLIMEBOUND","items_purchased":["Slimebound:SamplingLick"],"campfire_rested":0,"item_purchase_floors":[2],"current_hp_per_floor":[66,63,63,63,58,58,58,55,55,51,51,55,37,16,20,0,0,0],"gold":198,"neow_bonus":"TEN_PERCENT_HP_BONUS","is_daily":false,"chose_seed":false,"campfire_upgraded":3,"win_rate":0.0,"timestamp":1609245923,"path_taken":["R","$","M","?","$","R","T","E","R","M","R","M","?","E","M","BOSS"],"items_purchased_type":["Card"],"build_version":"2020-12-22","purchased_purges":0,"victory":false,"max_hp_per_floor":[66,66,66,66,66,66,66,66,66,66,66,66,66,66,66,66,66,66],"card_choices":[{"not_picked":["Slimebound:SplitLeeching","Slimebound:RainOfGoop"],"picked":"Slimebound:RallyTheTroops","floor":2},{"not_picked":["Slimebound:SplitMire","Slimebound:Replication"],"picked":"Slimebound:Chomp","floor":3},{"not_picked":["Slimebound:SplitMire","Slimebound:GrowthPunch"],"picked":"Slimebound:SplitBruiser","floor":5},{"not_picked":["Slimebound:GrowthPunch","Slimebound:PrepareCrush"],"picked":"Slimebound:SplitAcid","floor":8},{"not_picked":["Slimebound:SplitMire","Slimebound:ItLooksTasty"],"picked":"Slimebound:GoopTackle","floor":10},{"not_picked":["Slimebound:LeechingTouch","Slimebound:GoopSpray"],"picked":"Slimebound:LeadByExample","floor":12},{"not_picked":["Slimebound:FormOfPuddle","Slimebound:SplitLeeching"],"picked":"Slimebound:RejuvenatingLick","floor":13},{"not_picked":["Slimebound:SplitAcid","Slimebound:LeechEnergy"],"picked":"Slimebound:RollThrough","floor":14},{"not_picked":["Slimebound:FinishingTackle","Slimebound:LeechingTouch"],"picked":"Slimebound:Equalize","floor":15}],"player_experience":2966,"relics_obtained":[{"floor":8,"key":"Mercury Hourglass"},{"floor":13,"key":"Odd Mushroom"},{"floor":14,"key":"RuthlessExorcism:ReiMu"}],"event_choices":[{"damage_healed":0,"gold_gain":0,"player_choice":"Fought Mushrooms","damage_taken":0,"max_hp_gain":0,"max_hp_loss":0,"event_name":"Mushrooms","floor":13,"gold_loss":0}],"is_beta":false,"boss_relics":[],"items_purged_floors":[],"is_endless":false,"potions_floor_spawned":[8,10,12,14],"killed_by":"downfall:Silent","ascension_level":0}}