{"host":"78zdngn0u28jm0pp","time":1609216718,"event":{"mods":["BaseMod","Jorbs\u0027s Wanderer Trilogy","Minty Spire (QoL Compilation)","Permanent Neow","Quick Restart","Relic Stats","StSLib","Unceasing Turn Reminder"],"gold_per_floor":[117,136,136,154,170,170,170,195,195,28,42,42,42,54,54,126,126,146,146,71,71,90,90,107,107,107],"floor_reached":25,"playtime":737,"items_purged":["Writhe"],"score":406,"play_id":"dc8cd1be-9703-4acb-83fe-feecfb863391","local_time":"20201228213838","is_ascension_mode":true,"campfire_choices":[{"floor":6.0,"key":"REST"},{"data":"Glass Knife","floor":13.0,"key":"SMITH"},{"data":"Phantasmal Killer","floor":15.0,"key":"SMITH"},{"data":"Tools of the Trade","floor":23.0,"key":"SMITH"}],"circlet_count":0,"master_deck":["AscendersBane","Strike_G","Strike_G","Strike_G","Strike_G","Defend_G","Defend_G","Defend_G","Defend_G","Defend_G","Survivor","Neutralize","Backstab","PiercingWail","Acrobatics","Quick Slash","Quick Slash","Calculated Gamble","Glass Knife+1","Phantasmal Killer+1","Blade Dance","Tools of the Trade+1","Dash","J.A.X.","Backflip","Backflip"],"relics":["HoveringKite","Pen Nib","MealTicket","WristBlade","Letter Opener"],"acts_visited":["Exordium","TheCity"],"potions_floor_usage":[25,25],"damage_taken":[{"damage":9.0,"enemies":"Cultist","floor":1.0,"turns":5.0},{"damage":8.0,"enemies":"2 Louse","floor":2.0,"turns":3.0},{"damage":1.0,"enemies":"Small Slimes","floor":4.0,"turns":4.0},{"damage":2.0,"enemies":"Blue Slaver","floor":5.0,"turns":5.0},{"damage":57.0,"enemies":"Gremlin Nob","floor":8.0,"turns":5.0},{"damage":5.0,"enemies":"Gremlin Gang","floor":11.0,"turns":6.0},{"damage":0.0,"enemies":"2 Fungi Beasts","floor":14.0,"turns":2.0},{"damage":23.0,"enemies":"Hexaghost","floor":16.0,"turns":9.0},{"damage":15.0,"enemies":"Shell Parasite","floor":18.0,"turns":3.0},{"damage":6.0,"enemies":"2 Thieves","floor":22.0,"turns":2.0},{"damage":0,"enemies":"Sentry and Sphere","floor":24,"turns":2},{"damage":60,"enemies":"Slavers","floor":25,"turns":4}],"seed_played":"-3634936222053293565","potions_obtained":[{"floor":4.0,"key":"GamblersBrew"},{"floor":5.0,"key":"Dexterity Potion"},{"floor":11.0,"key":"ColorlessPotion"},{"floor":16.0,"key":"SteroidPotion"},{"floor":18.0,"key":"AttackPotion"},{"floor":24,"key":"Fruit Juice"}],"is_trial":false,"path_per_floor":["M","M","?","M","M","R","?","E","T","$","M","$","R","M","R","B",null,"M","?","$","?","M","R","M","E"],"character_chosen":"THE_SILENT","items_purchased":["Glass Knife"],"campfire_rested":1,"item_purchase_floors":[10],"current_hp_per_floor":[50,42,42,41,39,58,58,1,1,16,11,26,26,26,26,3,50,35,35,50,50,44,44,44,0,0],"gold":107,"neow_bonus":"BOSS_RELIC","is_daily":false,"chose_seed":false,"campfire_upgraded":3,"win_rate":0.0,"timestamp":1609216718,"path_taken":["M","?","?","M","M","R","?","E","T","$","M","?","R","?","R","BOSS","M","?","$","?","?","R","M","E"],"items_purchased_type":["Card"],"build_version":"2020-12-22","purchased_purges":1,"victory":false,"max_hp_per_floor":[66,66,66,66,66,66,66,66,66,66,66,66,66,66,66,66,66,66,66,66,66,66,66,66,71,71],"relic_stats":{"counters":[12,50],"HoveringKite":[21],"MealTicket":45,"Pen Nib":[7],"Letter Opener":[30],"obtain_stats":[{"WristBlade":17,"HoveringKite":0,"MealTicket":9,"Pen Nib":8,"Letter Opener":19,"Ring of the Snake":0},{"WristBlade":8,"HoveringKite":0,"MealTicket":5,"Pen Nib":5,"Letter Opener":9,"Ring of the Snake":0},{"WristBlade":39,"HoveringKite":0,"MealTicket":22,"Pen Nib":22,"Letter Opener":42,"Ring of the Snake":0}]},"card_choices":[{"not_picked":["Poisoned Stab","Tactician"],"picked":"Backstab","floor":1.0},{"not_picked":["Deflect","Eviscerate"],"picked":"PiercingWail","floor":2.0},{"not_picked":["Cloak And Dagger","Dodge and Roll"],"picked":"Acrobatics","floor":4.0},{"not_picked":["Dodge and Roll","Quick Slash","Sucker Punch"],"picked":"SKIP","floor":5.0},{"not_picked":["Dodge and Roll","Sucker Punch"],"picked":"Quick Slash","floor":5.0},{"not_picked":["Flechettes","Accuracy"],"picked":"Calculated Gamble","floor":8.0},{"not_picked":["Backflip","Poisoned Stab"],"picked":"Phantasmal Killer","floor":11.0},{"not_picked":["Outmaneuver","PiercingWail"],"picked":"Blade Dance","floor":14.0},{"not_picked":["Grand Finale","Adrenaline"],"picked":"Tools of the Trade","floor":16.0},{"not_picked":["Setup","Dodge and Roll"],"picked":"Dash","floor":18.0},{"not_picked":["Underhanded Strike+1","Crippling Poison"],"picked":"Backflip","floor":22.0},{"not_picked":["Prepared","Outmaneuver"],"picked":"Backflip","floor":24}],"player_experience":704217,"relics_obtained":[{"floor":8.0,"key":"Pen Nib"},{"floor":9.0,"key":"MealTicket"}],"event_choices":[{"damage_healed":0.0,"max_hp_gain":0.0,"max_hp_loss":0.0,"gold_gain":0.0,"event_name":"Liars Game","player_choice":"Ignored","floor":3.0,"gold_loss":0.0,"damage_taken":0.0},{"damage_healed":0.0,"max_hp_gain":0.0,"max_hp_loss":0.0,"gold_gain":0.0,"cards_transformed":["Strike_G"],"event_name":"Living Wall","player_choice":"Change","floor":7.0,"gold_loss":0.0,"damage_taken":0.0,"cards_obtained":["Quick Slash"]},{"damage_healed":0.0,"max_hp_gain":0.0,"max_hp_loss":0.0,"gold_gain":0.0,"event_name":"The Mausoleum","player_choice":"Opened","floor":19.0,"gold_loss":0.0,"damage_taken":0.0,"relics_obtained":["Letter Opener"],"cards_obtained":["Writhe"]},{"damage_healed":0.0,"max_hp_gain":0.0,"max_hp_loss":0.0,"gold_gain":0.0,"event_name":"Drug Dealer","player_choice":"Obtain J.A.X.","floor":21.0,"gold_loss":0.0,"damage_taken":0.0,"cards_obtained":["J.A.X."]}],"is_beta":false,"boss_relics":[{"not_picked":["SlaversCollar","Runic Dome"],"picked":"WristBlade"}],"items_purged_floors":[20],"is_endless":false,"potions_floor_spawned":[4,5,11,16,18,24],"killed_by":"Slavers","ascension_level":20}}