{"host":"a1eatafr7pisesky","time":1609257191,"event":{"mods":["BaseMod","Colored Map","DeckTracker","Highlight Path","Keyboard Shortcuts","Minty Spire (QoL Compilation)","Permanent Neow","Random Character Button","StSLib","SuperFastMode","The Cursed","everything is the same but u backflip on backflip"],"gold_per_floor":[111,111,126,51,67,67,67],"floor_reached":6,"playtime":267,"items_purged":["TheCursedMod:Defend_TheCursed"],"score":36,"play_id":"a1b1550c-50e1-4203-97cf-1d0310026e1f","local_time":"20201230005311","is_ascension_mode":false,"campfire_choices":[],"circlet_count":0,"master_deck":["TheCursedMod:Strike_TheCursed","TheCursedMod:Strike_TheCursed","TheCursedMod:Strike_TheCursed","TheCursedMod:Defend_TheCursed","TheCursedMod:Defend_TheCursed","TheCursedMod:CursedWand","TheCursedMod:CleanUpWorkshop","TheCursedMod:Dregs","TheCursedMod:TroublousMinions","TheCursedMod:WearCloak","TheCursedMod:FleshFromBone","TheCursedMod:CursedAmulet"],"relics":["TheCursedMod:BlackMagic101"],"acts_visited":["Exordium"],"potions_floor_usage":[6],"damage_taken":[{"damage":5,"enemies":"Small Slimes","floor":1,"turns":5},{"damage":7,"enemies":"2 Louse","floor":3,"turns":3},{"damage":0,"enemies":"Jaw Worm","floor":5,"turns":5},{"damage":86,"enemies":"Gremlin Nob","floor":6,"turns":7}],"seed_played":"-8507172215285095585","potions_obtained":[{"floor":3,"key":"BlessingOfTheForge"},{"floor":5,"key":"DuplicationPotion"}],"is_trial":false,"path_per_floor":["M","?","M","$","M","E"],"character_chosen":"THE_CURSED","items_purchased":[],"campfire_rested":0,"item_purchase_floors":[],"current_hp_per_floor":[70,63,56,56,56,0,0],"gold":67,"neow_bonus":"TRANSFORM_CARD","is_daily":false,"chose_seed":false,"campfire_upgraded":0,"win_rate":0.0,"timestamp":1609257191,"path_taken":["M","?","M","$","M","E"],"items_purchased_type":[],"build_version":"2020-12-22","purchased_purges":1,"victory":false,"max_hp_per_floor":[75,75,75,75,75,75,75],"card_choices":[{"not_picked":["TheCursedMod:CursedStaff","TheCursedMod:SmokeScreen"],"picked":"TheCursedMod:WearCloak","floor":1},{"not_picked":["TheCursedMod:WearCloak","TheCursedMod:LuckyCharm"],"picked":"TheCursedMod:FleshFromBone","floor":3},{"not_picked":["TheCursedMod:CursedBoomerang","TheCursedMod:DoubleShield"],"picked":"TheCursedMod:CursedAmulet","floor":5}],"player_experience":273227,"relics_obtained":[],"event_choices":[{"cards_removed":["TheCursedMod:Defend_TheCursed"],"damage_healed":0,"gold_gain":0,"player_choice":"Card Removal","damage_taken":7,"max_hp_gain":0,"max_hp_loss":0,"event_name":"Golden Wing","floor":2,"gold_loss":0}],"is_beta":false,"boss_relics":[],"items_purged_floors":[4],"is_endless":false,"potions_floor_spawned":[3,5],"killed_by":"Gremlin Nob","ascension_level":0}}