{"host":"qdfumeom6htv8yxl","time":1609260748,"event":{"mods":["AchievementEnabler","BaseMod","Block Reminder","Minty Spire (QoL Compilation)","Quick Restart","Relic Stats"],"gold_per_floor":[116,130,141,141,141,141,156,156,156,156,156,199,199,218,218,311,311,281,281],"floor_reached":18,"playtime":735,"items_purged":[],"score":287,"play_id":"526cdc0b-e5b5-4514-b0f3-3c7672c6595a","local_time":"20201229105228","is_ascension_mode":true,"campfire_choices":[{"data":"Footwork","floor":6,"key":"SMITH"},{"data":"Blur","floor":8,"key":"SMITH"},{"data":"Neutralize","floor":11,"key":"SMITH"},{"data":"Sucker Punch","floor":15,"key":"SMITH"}],"circlet_count":0,"master_deck":["AscendersBane","Strike_G","Strike_G","Strike_G","Strike_G","Strike_G","Defend_G","Defend_G","Defend_G","Defend_G","Defend_G","Survivor","Neutralize+1","Sucker Punch+1","Backflip","Footwork+1","Blur+1","Parasite","Dagger Spray","A Thousand Cuts"],"relics":["Ring of the Serpent","Du-Vu Doll","Spirit Poop","Sundial","Golden Idol","Tiny Chest"],"acts_visited":["Exordium","TheCity"],"potions_floor_usage":[7,7],"damage_taken":[{"damage":4,"enemies":"Cultist","floor":1,"turns":6},{"damage":1,"enemies":"Jaw Worm","floor":2,"turns":4},{"damage":2,"enemies":"2 Louse","floor":3,"turns":3},{"damage":6,"enemies":"Exordium Thugs","floor":7,"turns":4},{"damage":27,"enemies":"Gremlin Nob","floor":12,"turns":6},{"damage":7,"enemies":"3 Louse","floor":14,"turns":5},{"damage":5,"enemies":"The Guardian","floor":16,"turns":19},{"damage":14,"enemies":"2 Thieves","floor":18,"turns":2}],"seed_played":"-5265272359406746768","potions_obtained":[{"floor":2,"key":"Swift Potion"},{"floor":3,"key":"Block Potion"},{"floor":12,"key":"Dexterity Potion"}],"is_trial":false,"path_per_floor":["M","M","M","?","?","R","M","R","T","?","R","E","?","M","R","B",null,"M"],"character_chosen":"THE_SILENT","items_purchased":[],"campfire_rested":0,"item_purchase_floors":[],"current_hp_per_floor":[61,60,58,58,58,58,52,52,52,52,52,25,41,34,34,29,56,42,42],"gold":281,"neow_bonus":"TEN_PERCENT_HP_BONUS","is_daily":false,"chose_seed":false,"campfire_upgraded":4,"win_rate":0.0,"timestamp":1609260748,"path_taken":["M","?","M","?","?","R","?","R","T","?","R","E","?","M","R","BOSS","M"],"items_purchased_type":[],"build_version":"2020-12-22","purchased_purges":0,"victory":false,"max_hp_per_floor":[72,72,72,72,72,72,72,72,72,65,65,65,65,65,65,65,65,65,65],"relic_stats":{"counters":[8,49],"Sundial":[6],"Golden Idol":32,"Tiny Chest":0,"obtain_stats":[{"Du-Vu Doll":4,"Sundial":9,"Golden Idol":10,"Spirit Poop":5,"Tiny Chest":12,"Ring of the Serpent":17,"Ring of the Snake":0},{"Du-Vu Doll":3,"Sundial":4,"Golden Idol":4,"Spirit Poop":3,"Tiny Chest":5,"Ring of the Serpent":7,"Ring of the Snake":0},{"Du-Vu Doll":13,"Sundial":17,"Golden Idol":17,"Spirit Poop":13,"Tiny Chest":23,"Ring of the Serpent":47,"Ring of the Snake":0}]},"card_choices":[{"not_picked":["Flying Knee","Endless Agony"],"picked":"Sucker Punch","floor":1},{"not_picked":["Outmaneuver","Slice"],"picked":"Backflip","floor":2},{"not_picked":["Outmaneuver","Bane"],"picked":"Footwork","floor":3},{"not_picked":["Expertise","PiercingWail"],"picked":"Blur","floor":7},{"not_picked":["All Out Attack","Phantasmal Killer","Tactician"],"picked":"SKIP","floor":12},{"not_picked":["Heel Hook","Bane"],"picked":"Dagger Spray","floor":14},{"not_picked":["Storm of Steel","Glass Knife"],"picked":"A Thousand Cuts","floor":16}],"player_experience":1621798,"relics_obtained":[{"floor":9,"key":"Sundial"},{"floor":12,"key":"Tiny Chest"}],"event_choices":[{"damage_healed":0,"gold_gain":0,"player_choice":"Box","damage_taken":0,"relics_obtained":["Du-Vu Doll"],"max_hp_gain":0,"max_hp_loss":0,"event_name":"Big Fish","floor":4,"gold_loss":0,"cards_obtained":["Regret"]},{"cards_removed":["Regret"],"damage_healed":0,"gold_gain":0,"player_choice":"Offered Curse","damage_taken":0,"relics_obtained":["Spirit Poop"],"max_hp_gain":0,"max_hp_loss":0,"event_name":"Bonfire Elementals","floor":5,"gold_loss":0},{"damage_healed":0,"gold_gain":0,"player_choice":"Lose Max HP","damage_taken":0,"relics_obtained":["Golden Idol"],"max_hp_gain":0,"max_hp_loss":7,"event_name":"Golden Idol","floor":10,"gold_loss":0},{"damage_healed":16,"gold_gain":0,"player_choice":"Healed and dodged fight","damage_taken":0,"max_hp_gain":0,"max_hp_loss":0,"event_name":"Mushrooms","floor":13,"gold_loss":0,"cards_obtained":["Parasite"]}],"is_beta":false,"boss_relics":[{"not_picked":["Runic Pyramid","SacredBark"],"picked":"Ring of the Serpent"}],"items_purged_floors":[],"is_endless":false,"potions_floor_spawned":[2,3,12],"killed_by":"2 Thieves","ascension_level":16}}