{"host":"0ydzwspkajt4brzd","time":1609242091,"event":{"mods":["AchievementEnabler","BaseMod","Colored Map","DeckTracker","Googly Eyes","Highlight Path","Minty Spire (QoL Compilation)","Quick Restart","Random Character Button","Rare Cards Sparkle"],"gold_per_floor":[115,115,40,60,71,101,118,118,118],"floor_reached":8,"playtime":621,"items_purged":["Strike_R"],"score":87,"play_id":"866d3678-0d98-448a-93f7-7208e267f862","local_time":"20201229034131","is_ascension_mode":true,"campfire_choices":[],"circlet_count":0,"master_deck":["AscendersBane","Strike_R","Strike_R","Defend_R","Defend_R","Defend_R","Bash","Twin Strike","Rampage","Flame Barrier"],"relics":["Burning Blood","Tiny Chest"],"acts_visited":["Exordium"],"potions_floor_usage":[8,8],"damage_taken":[{"damage":13,"enemies":"Jaw Worm","floor":1,"turns":5},{"damage":1,"enemies":"Cultist","floor":4,"turns":3},{"damage":2,"enemies":"Small Slimes","floor":5,"turns":4},{"damage":44,"enemies":"Lagavulin","floor":6,"turns":9},{"damage":4,"enemies":"Blue Slaver","floor":7,"turns":5},{"damage":15,"enemies":"3 Sentries","floor":8,"turns":6}],"seed_played":"2022980152387159068","potions_obtained":[{"floor":5,"key":"Swift Potion"},{"floor":7,"key":"Weak Potion"}],"is_trial":false,"path_per_floor":["M","?","$","M","M","E","M","E"],"character_chosen":"IRONCLAD","items_purchased":[],"campfire_rested":0,"item_purchase_floors":[],"current_hp_per_floor":[44,44,44,49,53,15,17,2,2],"gold":118,"neow_bonus":"REMOVE_TWO","is_daily":false,"chose_seed":false,"campfire_upgraded":0,"win_rate":0.0,"timestamp":1609242091,"path_taken":["M","?","$","?","M","E","M","E"],"items_purchased_type":[],"build_version":"2020-12-22","purchased_purges":1,"victory":false,"max_hp_per_floor":[80,80,80,80,80,80,80,80,80],"card_choices":[{"not_picked":["Wild Strike","Clash"],"picked":"Twin Strike","floor":1},{"not_picked":["Body Slam","Exhume"],"picked":"Rampage","floor":4},{"not_picked":["Disarm","Warcry","Clothesline"],"picked":"SKIP","floor":5},{"not_picked":["Dropkick","Power Through"],"picked":"Flame Barrier","floor":6},{"not_picked":["Clothesline","Feel No Pain","Exhume"],"picked":"SKIP","floor":7}],"player_experience":371012,"relics_obtained":[{"floor":6,"key":"Tiny Chest"}],"event_choices":[{"cards_removed":["Defend_R"],"damage_healed":0,"gold_gain":0,"player_choice":"Offered Basic","damage_taken":0,"max_hp_gain":0,"max_hp_loss":0,"event_name":"Bonfire Elementals","floor":2,"gold_loss":0}],"is_beta":false,"boss_relics":[],"items_purged_floors":[3],"is_endless":false,"potions_floor_spawned":[5,7],"killed_by":"3 Sentries","ascension_level":10}}