{"host":"2se5dq1do2gp0x9k","time":1609271856,"event":{"mods":["BaseMod","Block Reminder","Colored Map","Colored Powertips","Minty Spire (QoL Compilation)","Relic Stats","StSLib","SuperFastMode","Synergy Search"],"gold_per_floor":[362,377,30,30,30,45,45,78,126,155,155,155,177,192,192,268,268,285,301,39,51,101,101,121,146,146,161,193,20,30,55,55,127,427,441,455,455,468,227,262,262,262,262],"floor_reached":42,"playtime":2836,"items_purged":["Doubt","Bash"],"score":977,"play_id":"dae9e958-db09-48fc-8042-4e64ceb59a19","local_time":"20201229115736","is_ascension_mode":true,"campfire_choices":[{"floor":7.0,"key":"REST"},{"data":"Metamorphosis","floor":11.0,"key":"SMITH"},{"data":"True Grit","floor":15.0,"key":"SMITH"},{"floor":23.0,"key":"REST"},{"floor":32,"key":"REST"},{"data":"Corruption","floor":41,"key":"SMITH"}],"circlet_count":0,"master_deck":["AscendersBane","Dark Embrace","Pommel Strike","Metamorphosis+1","Pummel","Corruption+1","True Grit+1","Reaper","Exhume","Dropkick","Brutality","Battle Trance","Feel No Pain","Immolate","Second Wind","Metallicize","Pommel Strike","Pommel Strike","Infernal Blade+1","Power Through","Demon Form","CurseOfTheBell","Rage+1","Power Through+1","Deep Breath","Metamorphosis","Entrench"],"relics":["Burning Blood","Art of War","Oddly Smooth Stone","Meat on the Bone","Red Skull","Odd Mushroom","Pandora\u0027s Box","Strange Spoon","Regal Pillow","Paper Frog","Membership Card","Anchor","Calling Bell","PreservedInsect","White Beast Statue","Old Coin","Lee\u0027s Waffle","Turnip"],"acts_visited":["Exordium","TheCity","TheBeyond"],"potions_floor_usage":[28,33,38,40,42,42],"damage_taken":[{"damage":11.0,"enemies":"Cultist","floor":1.0,"turns":4.0},{"damage":18.0,"enemies":"2 Louse","floor":2.0,"turns":3.0},{"damage":4.0,"enemies":"Small Slimes","floor":6.0,"turns":4.0},{"damage":14.0,"enemies":"Lagavulin","floor":8.0,"turns":7.0},{"damage":14.0,"enemies":"3 Sentries","floor":10.0,"turns":7.0},{"damage":9.0,"enemies":"The Mushroom Lair","floor":13.0,"turns":3.0},{"damage":13.0,"enemies":"3 Louse","floor":14.0,"turns":4.0},{"damage":48.0,"enemies":"The Guardian","floor":16.0,"turns":13.0},{"damage":11.0,"enemies":"Shell Parasite","floor":18.0,"turns":3.0},{"damage":10.0,"enemies":"Chosen","floor":19.0,"turns":4.0},{"damage":50.0,"enemies":"Snake Plant","floor":21.0,"turns":4.0},{"damage":25,"enemies":"Sentry and Sphere","floor":24,"turns":5},{"damage":23,"enemies":"Centurion and Healer","floor":27,"turns":4},{"damage":42,"enemies":"Book of Stabbing","floor":28,"turns":4},{"damage":26,"enemies":"Chosen and Byrds","floor":30,"turns":6},{"damage":68,"enemies":"Gremlin Leader","floor":31,"turns":6},{"damage":40,"enemies":"Champ","floor":33,"turns":10},{"damage":49,"enemies":"3 Shapes","floor":35,"turns":10},{"damage":38,"enemies":"Orb Walker","floor":36,"turns":4},{"damage":20,"enemies":"Writhing Mass","floor":38,"turns":7},{"damage":67,"enemies":"Reptomancer","floor":40,"turns":5},{"damage":54,"enemies":"Giant Head","floor":42,"turns":5}],"seed_played":"1114199858056896941","potions_obtained":[{"floor":6.0,"key":"HeartOfIron"},{"floor":8.0,"key":"ColorlessPotion"},{"floor":10.0,"key":"BloodPotion"},{"floor":13.0,"key":"Fruit Juice"},{"floor":14.0,"key":"Dexterity Potion"},{"floor":21.0,"key":"FearPotion"},{"floor":24,"key":"FearPotion"},{"floor":33,"key":"SmokeBomb"},{"floor":35,"key":"BlessingOfTheForge"},{"floor":36,"key":"PowerPotion"},{"floor":38,"key":"Explosive Potion"},{"floor":40,"key":"ColorlessPotion"}],"is_trial":false,"path_per_floor":["M","M","$","?","?","M","R","E","T","E","R","?","?","M","R","B",null,"M","M","$","M","?","R","M","T","T","M","E","$","M","E","R","B",null,"M","M","?","M","$","E","R","E"],"character_chosen":"IRONCLAD","items_purchased":["Metamorphosis","Pummel","Strange Spoon","Membership Card","Deep Breath","Lee\u0027s Waffle","Metamorphosis"],"campfire_rested":3,"item_purchase_floors":[3,3,20,29,39,39,39],"current_hp_per_floor":[63,51,51,44,21,23,45,37,37,29,29,18,42,52,52,22,66,61,57,57,25,25,49,49,49,49,58,44,44,36,34,73,51,73,54,34,34,32,87,38,38,0,0],"gold":262,"neow_bonus":"TWO_FIFTY_GOLD","is_daily":false,"chose_seed":false,"campfire_upgraded":3,"win_rate":0.0,"timestamp":1609271856,"path_taken":["M","M","$","?","?","M","R","E","T","E","R","?","?","M","R","BOSS","M","M","$","M","?","R","M","?","T","M","E","$","M","E","R","BOSS","M","M","?","M","$","E","R","E"],"items_purchased_type":["Card","Card","Relic","Relic","Card","Relic","Card"],"build_version":"2020-12-22","purchased_purges":2,"victory":false,"max_hp_per_floor":[75,75,75,75,75,75,75,75,75,75,75,75,75,80,80,80,80,80,80,80,80,80,80,80,80,80,80,80,80,80,80,80,80,80,80,80,80,80,87,87,87,87,87],"relic_stats":{"Strange Spoon":[38],"Regal Pillow":15,"Lee\u0027s Waffle":55,"counters":[22,122],"Pandora\u0027s Box":["Exhume","Dropkick","Brutality","Battle Trance","Feel No Pain","Immolate","Second Wind","Metallicize"],"PreservedInsect":190,"Turnip":[0],"Art of War":[24],"obtain_stats":[{"Regal Pillow":26,"Lee\u0027s Waffle":39,"Oddly Smooth Stone":9,"PreservedInsect":34,"Odd Mushroom":13,"Burning Blood":0,"White Beast Statue":34,"Old Coin":34,"Calling Bell":34,"Strange Spoon":20,"Anchor":31,"Pandora\u0027s Box":17,"Turnip":40,"Art of War":8,"Membership Card":29,"Red Skull":12,"Meat on the Bone":10,"Paper Frog":28},{"Regal Pillow":12,"Lee\u0027s Waffle":20,"Oddly Smooth Stone":4,"PreservedInsect":17,"Odd Mushroom":6,"Burning Blood":0,"White Beast Statue":17,"Old Coin":17,"Calling Bell":17,"Strange Spoon":10,"Anchor":16,"Pandora\u0027s Box":8,"Turnip":21,"Art of War":4,"Membership Card":14,"Red Skull":5,"Meat on the Bone":5,"Paper Frog":14},{"Regal Pillow":61,"Lee\u0027s Waffle":112,"Oddly Smooth Stone":18,"PreservedInsect":91,"Odd Mushroom":28,"Burning Blood":0,"White Beast Statue":91,"Old Coin":91,"Calling Bell":91,"Strange Spoon":52,"Anchor":81,"Pandora\u0027s Box":45,"Turnip":117,"Art of War":18,"Membership Card":69,"Red Skull":25,"Meat on the Bone":25,"Paper Frog":69}],"Burning Blood":126,"Meat on the Bone":168},"card_choices":[{"not_picked":["Perfected Strike","Evolve"],"picked":"Dark Embrace","floor":1.0},{"not_picked":["Intimidate","Sever Soul"],"picked":"Pommel Strike","floor":2.0},{"not_picked":["Combust","Body Slam","Thunderclap"],"picked":"SKIP","floor":6.0},{"not_picked":["Havoc","Iron Wave"],"picked":"Thunderclap","floor":8.0},{"not_picked":["True Grit","Pommel Strike"],"picked":"Corruption","floor":10.0},{"not_picked":["Heavy Blade","Sword Boomerang"],"picked":"True Grit","floor":13.0},{"not_picked":["Clothesline","Limit Break","Cleave"],"picked":"SKIP","floor":14.0},{"not_picked":["Bludgeon","Double Tap"],"picked":"Reaper","floor":16.0},{"not_picked":["Headbutt","Twin Strike"],"picked":"Pommel Strike","floor":18.0},{"not_picked":["Headbutt","Anger","Carnage"],"picked":"SKIP","floor":19.0},{"not_picked":["Second Wind","Searing Blow","Armaments"],"picked":"SKIP","floor":21.0},{"not_picked":["Spot Weakness","Combust","Clash"],"picked":"SKIP","floor":24},{"not_picked":["Clash","Spot Weakness+1"],"picked":"Pommel Strike","floor":27},{"not_picked":["Heavy Blade","Headbutt"],"picked":"Infernal Blade+1","floor":28},{"not_picked":["Ghostly Armor+1","Iron Wave+1","Wild Strike"],"picked":"SKIP","floor":30},{"not_picked":["Intimidate","True Grit"],"picked":"Power Through","floor":31},{"not_picked":["Reaper","Immolate"],"picked":"Demon Form","floor":33},{"not_picked":["Havoc","Perfected Strike"],"picked":"Rage+1","floor":35},{"not_picked":["Bloodletting+1","Cleave","Perfected Strike"],"picked":"SKIP","floor":36},{"not_picked":["Sword Boomerang+1","Anger"],"picked":"Power Through+1","floor":38},{"not_picked":["Heavy Blade","Headbutt"],"picked":"Entrench","floor":40}],"player_experience":3653335,"relics_obtained":[{"floor":8.0,"key":"Art of War"},{"floor":9.0,"key":"Oddly Smooth Stone"},{"floor":10.0,"key":"Meat on the Bone"},{"floor":13.0,"key":"Odd Mushroom"},{"floor":26,"key":"Regal Pillow"},{"floor":28,"key":"Paper Frog"},{"floor":31,"key":"Anchor"},{"floor":34,"key":"PreservedInsect"},{"floor":34,"key":"White Beast Statue"},{"floor":34,"key":"Old Coin"},{"floor":40,"key":"Turnip"}],"event_choices":[{"cards_removed":["Strike_R"],"damage_healed":0.0,"max_hp_gain":0.0,"max_hp_loss":0.0,"gold_gain":0.0,"event_name":"Golden Wing","player_choice":"Card Removal","floor":4.0,"gold_loss":0.0,"damage_taken":7.0},{"damage_healed":0.0,"max_hp_gain":0.0,"max_hp_loss":0.0,"gold_gain":0.0,"event_name":"Shining Light","player_choice":"Entered Light","floor":5.0,"gold_loss":0.0,"damage_taken":23.0,"cards_upgraded":["Defend_R","Defend_R"]},{"damage_healed":0.0,"max_hp_gain":0.0,"max_hp_loss":0.0,"gold_gain":0.0,"event_name":"Scrap Ooze","player_choice":"Success","floor":12.0,"gold_loss":0.0,"damage_taken":11.0,"relics_obtained":["Red Skull"]},{"damage_healed":0.0,"max_hp_gain":0.0,"max_hp_loss":0.0,"gold_gain":0.0,"event_name":"Mushrooms","player_choice":"Fought Mushrooms","floor":13.0,"gold_loss":0.0,"damage_taken":0.0},{"damage_healed":0.0,"max_hp_gain":0.0,"max_hp_loss":0.0,"gold_gain":50.0,"event_name":"Nest","player_choice":"Stole From Cult","floor":22.0,"gold_loss":0.0,"damage_taken":0.0},{"cards_removed":["Thunderclap"],"damage_healed":0,"gold_gain":0,"player_choice":"Removed Attack","damage_taken":0,"max_hp_gain":0,"max_hp_loss":0,"event_name":"Falling","floor":37,"gold_loss":0}],"is_beta":false,"boss_relics":[{"not_picked":["Mark of Pain","Snecko Eye"],"picked":"Pandora\u0027s Box"},{"not_picked":["Empty Cage","Coffee Dripper"],"picked":"Calling Bell"}],"items_purged_floors":[3,20],"is_endless":false,"potions_floor_spawned":[6,8,10,13,14,21,24,33,35,36,38,40],"killed_by":"Giant Head","ascension_level":20}}