{"host":"utqe55yv0jihe4d6","time":1609211686,"event":{"mods":["2.2 Compatiblity","AchievementEnabler","BaseMod","Block Reminder","Colored Map","Colored Powertips","Minty Spire (QoL Compilation)","Quick Restart","Rare Cards Sparkle","Relic Stats","SuperFastMode"],"gold_per_floor":[113,129,129,139,189,223,16,42,42,55,55,68,79,96,96,172,172,184,197,197,73,73,73,108,108,159,492,492,492,492],"floor_reached":29,"playtime":1055,"items_purged":["Writhe"],"score":596,"play_id":"9b2c9f7c-eb4b-4594-bf32-f7b1574df7c8","local_time":"20201228221446","is_ascension_mode":true,"campfire_choices":[{"data":"Adaptation","floor":15,"key":"SMITH"},{"floor":23,"key":"REST"},{"floor":25,"key":"REST"},{"data":"TalkToTheHand","floor":28,"key":"SMITH"}],"circlet_count":0,"master_deck":["AscendersBane","Strike_P+1","Strike_P","Strike_P","Strike_P","Defend_P","Defend_P","Defend_P","Defend_P","Eruption","Vigilance","Blasphemy","SashWhip","FlyingSleeves","CutThroughFate","FlurryOfBlows+1","Meditate","Adaptation+1","TalkToTheHand+1","Protect","ClearTheMind","EmptyFist","LessonLearned","CurseOfTheBell","CrushJoints","Consecrate","RitualDagger","Wireheading","Wallop","Necronomicurse","Wallop"],"relics":["PureWater","Bag of Preparation","Ornamental Fan","MealTicket","Calling Bell","Lantern","Pantograph","Torii","Necronomicon","Boot","Bag of Marbles","Old Coin"],"acts_visited":["Exordium","TheCity"],"potions_floor_usage":[8,16,16,18,19,27,27],"damage_taken":[{"damage":0.0,"enemies":"2 Louse","floor":1.0,"turns":1.0},{"damage":0.0,"enemies":"Small Slimes","floor":2.0,"turns":3.0},{"damage":0.0,"enemies":"Cultist","floor":4.0,"turns":2.0},{"damage":12,"enemies":"Lagavulin","floor":6,"turns":4},{"damage":17,"enemies":"3 Sentries","floor":8,"turns":5},{"damage":25,"enemies":"Exordium Thugs","floor":10,"turns":4},{"damage":0,"enemies":"Large Slime","floor":12,"turns":2},{"damage":1,"enemies":"Looter","floor":13,"turns":3},{"damage":0,"enemies":"Blue Slaver","floor":14,"turns":5},{"damage":6,"enemies":"Slime Boss","floor":16,"turns":5},{"damage":9,"enemies":"3 Byrds","floor":18,"turns":6},{"damage":22,"enemies":"Spheric Guardian","floor":19,"turns":5},{"damage":33,"enemies":"Slavers","floor":24,"turns":6},{"damage":0,"enemies":"Book of Stabbing","floor":27,"turns":3},{"damage":13,"enemies":"Colosseum Slavers","floor":29,"turns":4},{"damage":100009,"enemies":"Colosseum Nobs","floor":29,"turns":3}],"seed_played":"724321854279305584","potions_obtained":[{"floor":8,"key":"Dexterity Potion"},{"floor":10,"key":"Swift Potion"},{"floor":13,"key":"DistilledChaos"},{"floor":16,"key":"LiquidBronze"},{"floor":18,"key":"ColorlessPotion"},{"floor":19,"key":"FearPotion"},{"floor":24,"key":"LiquidBronze"}],"is_trial":false,"path_per_floor":["M","M","?","M","?","E","$","E","T","M","$","M","M","M","R","B",null,"M","M","?","$","?","R","E","R","T","E","R","?"],"character_chosen":"WATCHER","items_purchased":["Meditate","SkillPotion","Wireheading","Wallop"],"campfire_rested":2,"item_purchase_floors":[7,7,21,21],"current_hp_per_floor":[61,61,66,66,66,54,54,37,37,12,27,27,26,26,26,20,60,51,29,23,38,17,38,5,26,26,26,26,0,0],"gold":492,"neow_bonus":"THREE_RARE_CARDS","is_daily":false,"chose_seed":false,"campfire_upgraded":2,"win_rate":0.0,"timestamp":1609211686,"path_taken":["M","M","?","M","?","E","$","E","T","M","$","M","?","M","R","BOSS","M","M","?","$","?","R","E","R","T","E","R","?"],"items_purchased_type":["Card","Potion","Card","Card"],"build_version":"2020-12-22","purchased_purges":1,"victory":false,"max_hp_per_floor":[68,68,73,73,73,73,73,73,73,73,73,73,73,73,73,73,73,73,73,73,73,73,73,73,73,73,73,73,73,73],"relic_stats":{"Torii":14,"counters":[16,60],"Ornamental Fan":[108],"Pantograph":0,"MealTicket":30,"Bag of Preparation":[24],"Necronomicon":[8],"Boot":[4],"obtain_stats":[{"Calling Bell":17,"Lantern":17,"Torii":17,"Ornamental Fan":8,"Pantograph":17,"MealTicket":9,"Bag of Preparation":6,"Necronomicon":22,"Bag of Marbles":26,"PureWater":0,"Boot":24,"Old Coin":27},{"Calling Bell":10,"Lantern":10,"Torii":10,"Ornamental Fan":5,"Pantograph":10,"MealTicket":5,"Bag of Preparation":4,"Necronomicon":12,"Bag of Marbles":13,"PureWater":0,"Boot":13,"Old Coin":14},{"Calling Bell":34,"Lantern":34,"Torii":34,"Ornamental Fan":15,"Pantograph":34,"MealTicket":15,"Bag of Preparation":10,"Necronomicon":45,"Bag of Marbles":51,"PureWater":0,"Boot":51,"Old Coin":54}]},"card_choices":[{"not_picked":["Alpha","Establishment"],"picked":"Blasphemy","floor":0.0},{"not_picked":["JustLucky","Evaluate"],"picked":"SashWhip","floor":1.0},{"not_picked":["PathToVictory","Halt"],"picked":"FlyingSleeves","floor":2.0},{"not_picked":["FollowUp","DevaForm"],"picked":"CutThroughFate","floor":4.0},{"not_picked":["LikeWater","CrushJoints"],"picked":"FlurryOfBlows","floor":6},{"not_picked":["FlurryOfBlows","BowlingBash"],"picked":"Adaptation","floor":8},{"not_picked":["EmptyFist","Conclude"],"picked":"TalkToTheHand","floor":10},{"not_picked":["Vengeance","WreathOfFlame"],"picked":"Protect","floor":12},{"not_picked":["PathToVictory","FlurryOfBlows"],"picked":"ClearTheMind","floor":13},{"not_picked":["Pray","Sanctity"],"picked":"EmptyFist","floor":14},{"not_picked":["Ragnarok","Vault"],"picked":"LessonLearned","floor":16},{"not_picked":["ForeignInfluence","Study"],"picked":"CrushJoints","floor":18},{"not_picked":["FlurryOfBlows","JustLucky"],"picked":"Consecrate","floor":19},{"not_picked":["DeusExMachina","ReachHeaven"],"picked":"Wallop","floor":24},{"not_picked":["Evaluate","Consecrate","Crescendo"],"picked":"SKIP","floor":27}],"player_experience":2886868,"relics_obtained":[{"floor":6,"key":"Bag of Preparation"},{"floor":8,"key":"Ornamental Fan"},{"floor":9,"key":"MealTicket"},{"floor":17,"key":"Lantern"},{"floor":17,"key":"Pantograph"},{"floor":17,"key":"Torii"},{"floor":22,"key":"Necronomicon"},{"floor":24,"key":"Boot"},{"floor":26,"key":"Bag of Marbles"},{"floor":27,"key":"Old Coin"}],"event_choices":[{"damage_healed":0.0,"max_hp_gain":5.0,"max_hp_loss":0.0,"gold_gain":0.0,"event_name":"Big Fish","player_choice":"Donut","floor":3.0,"gold_loss":0.0,"damage_taken":0.0},{"damage_healed":0.0,"max_hp_gain":0.0,"max_hp_loss":0.0,"gold_gain":50.0,"event_name":"Golden Shrine","player_choice":"Pray","floor":5.0,"gold_loss":0.0,"damage_taken":0.0},{"damage_healed":0,"gold_gain":0,"player_choice":"Joined the Cult","damage_taken":6,"max_hp_gain":0,"max_hp_loss":0,"event_name":"Nest","floor":20,"gold_loss":0,"cards_obtained":["RitualDagger"]},{"damage_healed":0,"gold_gain":0,"player_choice":"Obtained Book","damage_taken":21,"max_hp_gain":0,"max_hp_loss":0,"event_name":"Cursed Tome","floor":22,"gold_loss":0},{"damage_healed":0,"gold_gain":0,"player_choice":"Fight","damage_taken":0,"max_hp_gain":0,"max_hp_loss":0,"event_name":"Colosseum","floor":29,"gold_loss":0},{"damage_healed":0,"gold_gain":0,"player_choice":"Fought Nobs","damage_taken":0,"max_hp_gain":0,"max_hp_loss":0,"event_name":"Colosseum","floor":29,"gold_loss":0}],"is_beta":false,"boss_relics":[{"not_picked":["Velvet Choker","SacredBark"],"picked":"Calling Bell"}],"items_purged_floors":[7],"is_endless":false,"potions_floor_spawned":[8,10,12,13,16,18,19,24],"killed_by":"Colosseum Nobs","ascension_level":20}}