{"host":"5fasz840ryq7obdf","time":1609228273,"event":{"mods":["AchievementEnabler","BaseMod","Bestiary","Better Altar","Better Skull","Better Third Choice","BetterRewards","Block Reminder","Colored Powertips","Curses Come First","Highlight Path","Minty Spire (QoL Compilation)","Quick Restart","Rare Cards Sparkle","Relic Sorter","Relic Stats","Shop Mod","Slay-I","Spicy Shops","StSLib","SuperFastMode"],"gold_per_floor":[110,185,205,6,6,6,35,45,45,1,1,1,1],"floor_reached":12,"playtime":372,"items_purged":[],"score":152,"play_id":"5c4b954a-d35b-4393-9e02-eb450eeb1e73","local_time":"20201229075113","is_ascension_mode":true,"campfire_choices":[{"floor":6,"key":"REST"}],"circlet_count":0,"master_deck":["AscendersBane","Strike_B","Strike_B","Strike_B","Defend_B","Defend_B","Defend_B","Defend_B","Zap","Dualcast","Sweeping Beam","Steam+1","Hologram+1","Sadistic Nature","Sunder","Streamline","Seek+1","Hologram+1","Glacier+1","Streamline","Doom and Gloom"],"relics":["Cracked Core","Toxic Egg 2","Anchor","Ice Cream","Vajra","Cables","Blood Vial","Symbiotic Virus"],"acts_visited":[],"potions_floor_usage":[],"damage_taken":[{"damage":0,"enemies":"2 Louse","floor":1,"turns":1},{"damage":0,"enemies":"Small Slimes","floor":3,"turns":2},{"damage":22,"enemies":"Lagavulin","floor":7,"turns":5},{"damage":0,"enemies":"Cultist","floor":8,"turns":3},{"damage":8,"enemies":"Gremlin Nob","floor":12,"turns":2}],"seed_played":"-3938342961111931476","potions_obtained":[{"floor":1,"key":"Strength Potion"},{"floor":7,"key":"DuplicationPotion"}],"is_trial":false,"path_per_floor":["M","?","M","$","?","R","E","M","T","$","?","E"],"character_chosen":"DEFECT","items_purchased":["Toxic Egg 2","Sweeping Beam","Anchor","Ice Cream","Vajra","Steam+1","Hologram+1","Seek+1","Hologram+1","Doom and Gloom"],"campfire_rested":1,"item_purchase_floors":[0,0,0,0,0,0,0,4,4,10],"current_hp_per_floor":[24,13,13,13,6,27,5,5,5,5,5,0,0],"gold":1,"neow_bonus":"","is_daily":false,"chose_seed":false,"campfire_upgraded":0,"win_rate":0.0,"timestamp":1609228273,"path_taken":["M","?","M","$","?","R","E","M","T","$","?","E"],"items_purchased_type":["Relic","Card","Relic","Relic","Relic","Card","Card","Card","Card","Card"],"build_version":"2020-12-22","purchased_purges":0,"victory":false,"max_hp_per_floor":[71,71,71,71,71,71,71,71,71,71,71,71,71],"relic_stats":{"Blood Vial":2,"counters":[29,139],"obtain_stats":[{"Ice Cream":0,"Lantern":0,"Gremlin Horn":0,"Vajra":0,"Incense Burner":38,"Blood Vial":9,"Matryoshka":9,"Mummified Hand":0,"Sundial":41,"MealTicket":25,"Toxic Egg 2":0,"Cracked Core":0,"PreservedInsect":0,"Omamori":26,"Letter Opener":26,"War Paint":0,"Odd Mushroom":8,"Orichalcum":45,"MawBank":43,"Akabeko":27,"Nuclear Battery":17,"Cables":7,"DataDisk":0,"Anchor":7,"Busted Crown":34,"Bird Faced Urn":13,"Orrery":22,"Symbiotic Virus":0},{"Ice Cream":24,"Lantern":0,"Gremlin Horn":0,"Vajra":24,"Incense Burner":17,"Blood Vial":28,"Matryoshka":5,"Mummified Hand":0,"Sundial":19,"MealTicket":12,"Toxic Egg 2":24,"Cracked Core":0,"PreservedInsect":0,"Omamori":12,"Letter Opener":12,"War Paint":0,"Odd Mushroom":5,"Orichalcum":22,"MawBank":20,"Akabeko":13,"Nuclear Battery":9,"Cables":27,"DataDisk":0,"Anchor":4,"Busted Crown":15,"Bird Faced Urn":7,"Orrery":10,"Symbiotic Virus":0},{"Ice Cream":126,"Lantern":0,"Gremlin Horn":0,"Vajra":126,"Incense Burner":87,"Blood Vial":137,"Matryoshka":20,"Mummified Hand":0,"Sundial":101,"MealTicket":61,"Toxic Egg 2":126,"Cracked Core":0,"PreservedInsect":0,"Omamori":61,"Letter Opener":61,"War Paint":0,"Odd Mushroom":20,"Orichalcum":115,"MawBank":106,"Akabeko":67,"Nuclear Battery":40,"Cables":134,"DataDisk":0,"Anchor":15,"Busted Crown":78,"Bird Faced Urn":28,"Orrery":44,"Symbiotic Virus":0}],"Cables":[3,2,0,1,0]},"card_choices":[{"not_picked":["Hello World","Capacitor"],"picked":"Sunder","floor":1},{"not_picked":["Redo+1","Melter"],"picked":"Streamline","floor":3},{"not_picked":["Ball Lightning","Sunder"],"picked":"Glacier+1","floor":7},{"not_picked":["Beam Cell","Heatsinks"],"picked":"Streamline","floor":8}],"player_experience":1243647,"relics_obtained":[{"floor":7,"key":"Cables"},{"floor":9,"key":"Blood Vial"}],"event_choices":[{"damage_healed":0,"gold_gain":75,"player_choice":"Gold","damage_taken":11,"max_hp_gain":0,"max_hp_loss":0,"event_name":"betterThird:BetterGoop","floor":2,"gold_loss":0},{"cards_removed":["Strike_B"],"damage_healed":0,"gold_gain":0,"player_choice":"Card Removal","damage_taken":7,"max_hp_gain":0,"max_hp_loss":0,"event_name":"Golden Wing","floor":5,"gold_loss":0},{"damage_healed":0,"gold_gain":0,"player_choice":"Gave Potion","damage_taken":0,"relics_obtained":["Symbiotic Virus"],"max_hp_gain":0,"max_hp_loss":0,"event_name":"WeMeetAgain","floor":11,"gold_loss":0}],"is_beta":false,"boss_relics":[],"items_purged_floors":[],"is_endless":false,"potions_floor_spawned":[1,7],"killed_by":"Gremlin Nob","ascension_level":20}}