{"host":"xrbxyo513dr24h85","time":1609207591,"event":{"mods":["BaseMod","Better Third Choice","Colored Map","Downfall","Googly Eyes","Halation","Hubris","Lobotomy","Minty Spire (QoL Compilation)","Random Character Button","Relic Stats","Replay The Spire","Retaliation","StSLib","The Blue Laboratory"],"gold_per_floor":[114,131,142,142,153,185,185,212,235,235,235,251,269,286,286,388,388,402,402,420,432,450,483,483,35,35,51,51,51,51,78,78,173,173,186,200,200,160,176,176,176,201,201,201,213,228,228,254,254,254,254,254,15,50,50],"floor_reached":56,"playtime":1870,"items_purged":[],"score":1284,"play_id":"4323ca8e-469b-4e04-8ff7-f0ca87be4a7d","local_time":"20201228180631","is_ascension_mode":false,"campfire_choices":[{"floor":7,"key":"REST"},{"floor":10,"key":"REST"},{"data":"Accuracy","floor":15,"key":"SMITH"},{"data":"ReplayTheSpireMod:Scrap Shanks","floor":24,"key":"SMITH"},{"floor":28,"key":"RECALL"},{"floor":41,"key":"REST"},{"floor":47,"key":"REST"},{"floor":49,"key":"DIG"},{"data":"Blade Dance","floor":52,"key":"SMITH"}],"circlet_count":0,"master_deck":["Strike_G","Strike_G","Strike_G","Strike_G","Strike_G","Defend_G","Defend_G","Survivor","Neutralize","Sucker Punch","Sucker Punch","Blade Dance+1","Tactician+1","Backflip","Accuracy+1","Dagger Throw","Poisoned Stab","ReplayTheSpireMod:From All Sides","ReplayTheSpireMod:Scrap Shanks+1","Blade Dance","Dagger Throw+1","ReplayTheSpireMod:Scrap Shanks+1","ReplayTheSpireMod:Scrap Shanks+1","Accuracy+1","Reflex","PiercingWail","Wraith Form v2+1","Cloak And Dagger+1","Cloak And Dagger+1","Tools of the Trade+1","expansioncontent:Chronoboost+1","Blade Dance+1","PiercingWail","Cloak And Dagger+1"],"relics":["Ring of the Snake","Bag of Marbles","Vajra","Replay:WaspNest","Akabeko","Painkiller Herb","ReplayTheSpireMod:TigerMarble","Frozen Egg 2","DollysMirror","Matryoshka","Tough Bandages","Empty Cage","halation:PapillonHeart","Golden Egg","Meat on the Bone","Nunchaku","hubris:Teleporter","Shuriken","hubris:BottledRain"],"acts_visited":["Exordium","TheCity","TheBeyond","TheEnding"],"potions_floor_usage":[5,8,16,16,21,31,33,33,39,46,50,50,55],"damage_taken":[{"damage":1,"enemies":"Cultist","floor":1,"turns":3},{"damage":0,"enemies":"Jaw Worm","floor":2,"turns":5},{"damage":0,"enemies":"2 Louse","floor":3,"turns":3},{"damage":4,"enemies":"Gremlin Gang","floor":5,"turns":3},{"damage":42,"enemies":"Lagavulin","floor":6,"turns":7},{"damage":11,"enemies":"3 Sentries","floor":8,"turns":7},{"damage":0,"enemies":"2 Fungi Beasts","floor":12,"turns":2},{"damage":5,"enemies":"Large Slime","floor":13,"turns":3},{"damage":0,"enemies":"3 Louse","floor":14,"turns":2},{"damage":14,"enemies":"Fading Forest","floor":16,"turns":11},{"damage":0,"enemies":"Chosen","floor":18,"turns":3},{"damage":0,"enemies":"2 Thieves","floor":20,"turns":3},{"damage":10,"enemies":"Shelled Parasite and Fungi","floor":21,"turns":3},{"damage":0,"enemies":"3 Cultists","floor":22,"turns":3},{"damage":17,"enemies":"Gremlin Leader","floor":23,"turns":6},{"damage":2,"enemies":"Sentry and Sphere","floor":27,"turns":3},{"damage":17,"enemies":"Colosseum Slavers","floor":30,"turns":4},{"damage":20,"enemies":"Book of Stabbing","floor":31,"turns":3},{"damage":23,"enemies":"hubris:MusketHawk","floor":33,"turns":7},{"damage":20,"enemies":"3 Shapes","floor":35,"turns":5},{"damage":17,"enemies":"3 Darklings","floor":36,"turns":5},{"damage":11,"enemies":"Jaw Worm Horde","floor":39,"turns":3},{"damage":6,"enemies":"Giant Head","floor":42,"turns":4},{"damage":0,"enemies":"Spire Growth","floor":45,"turns":2},{"damage":0,"enemies":"Sphere and 2 Shapes","floor":46,"turns":4},{"damage":0,"enemies":"Reptomancer","floor":48,"turns":5},{"damage":15,"enemies":"hubris:GrandSnecko","floor":50,"turns":5},{"damage":0,"enemies":"Shield and Spear","floor":54,"turns":3},{"damage":46,"enemies":"The Heart","floor":55,"turns":5}],"seed_played":"2844023685010991307","potions_obtained":[{"floor":2,"key":"blueLaboratory:SuffocatingSmog"},{"floor":3,"key":"blueLaboratory:BubblePotion"},{"floor":6,"key":"Adrenaline Potion"},{"floor":8,"key":"blueLaboratory:Moonshine"},{"floor":13,"key":"Milkshake"},{"floor":14,"key":"blueLaboratory:BlinkPotion"},{"floor":16,"key":"LifebloodPotion"},{"floor":20,"key":"Reflective Coating"},{"floor":23,"key":"Reflective Coating"},{"floor":33,"key":"blueLaboratory:BottleOfRum"},{"floor":35,"key":"Strength Potion"},{"floor":42,"key":"SkillPotion"},{"floor":54,"key":"champ:CounterPotion"}],"is_trial":false,"path_per_floor":["M","M","M","?","M","E","R","E","T","R","?","M","M","M","R","B",null,"?","?","?","?","?","E","T","T","T","?","T","T","?","E","T","B",null,"?","?","?","?","?","?","T","E","T","?","?","?","T","E","T","B",null,"T","T","E","B",null],"character_chosen":"THE_SILENT","items_purchased":["Frozen Egg 2","ReplayTheSpireMod:Scrap Shanks+1","DollysMirror","Shuriken"],"campfire_rested":4,"item_purchase_floors":[25,25,25,53],"current_hp_per_floor":[69,69,69,69,65,23,44,33,33,54,54,54,49,49,49,45,70,70,70,70,60,60,43,43,43,43,41,41,41,24,4,25,2,70,50,33,33,33,22,22,41,35,35,35,35,35,54,54,54,39,66,66,66,66,32],"gold":50,"neow_bonus":"RANDOM_COMMON_RELIC","is_daily":false,"chose_seed":false,"campfire_upgraded":3,"win_rate":0.0,"timestamp":1609207591,"path_taken":["M","M","?","?","M","E","R","E","T","R","?","M","M","?","R","BOSS","?","?","?","?","?","E","T","T","T","?","T","T","?","E","T","BOSS","?","?","?","?","?","?","T","E","T","?","?","?","T","E","T","BOSS","T","T","E","BOSS"],"items_purchased_type":["Relic","Card","Relic","Relic"],"build_version":"2020-12-22","purchased_purges":0,"victory":true,"max_hp_per_floor":[70,70,70,70,70,70,70,70,70,70,70,70,70,70,70,70,70,70,70,70,70,70,70,70,70,70,70,70,70,70,70,70,70,70,70,70,66,66,66,66,66,66,66,66,66,66,66,66,66,66,66,66,66,66,66],"relic_stats":{"Tough Bandages":[129],"Nunchaku":[7],"counters":[29,122],"Shuriken":[11],"obtain_stats":[{"Golden Egg":42,"halation:PapillonHeart":37,"hubris:Teleporter":49,"Vajra":6,"Painkiller Herb":17,"Replay:WaspNest":8,"Frozen Egg 2":25,"Empty Cage":34,"Akabeko":9,"Tough Bandages":31,"Nunchaku":48,"Matryoshka":26,"DollysMirror":25,"Shuriken":53,"Bag of Marbles":0,"ReplayTheSpireMod:TigerMarble":23,"Ring of the Snake":0,"Meat on the Bone":43,"hubris:BottledRain":54},{"Golden Egg":23,"halation:PapillonHeart":21,"hubris:Teleporter":26,"Vajra":5,"Painkiller Herb":10,"Replay:WaspNest":6,"Frozen Egg 2":15,"Empty Cage":19,"Akabeko":6,"Tough Bandages":18,"Nunchaku":26,"Matryoshka":15,"DollysMirror":15,"Shuriken":27,"Bag of Marbles":0,"ReplayTheSpireMod:TigerMarble":15,"Ring of the Snake":0,"Meat on the Bone":23,"hubris:BottledRain":28},{"Golden Egg":98,"halation:PapillonHeart":91,"hubris:Teleporter":109,"Vajra":21,"Painkiller Herb":46,"Replay:WaspNest":28,"Frozen Egg 2":64,"Empty Cage":81,"Akabeko":28,"Tough Bandages":74,"Nunchaku":109,"Matryoshka":64,"DollysMirror":64,"Shuriken":114,"Bag of Marbles":0,"ReplayTheSpireMod:TigerMarble":64,"Ring of the Snake":0,"Meat on the Bone":98,"hubris:BottledRain":117}],"Ring of the Snake":[58],"Meat on the Bone":12},"card_choices":[{"not_picked":["PiercingWail","Blade Dance"],"picked":"Sucker Punch","floor":1},{"not_picked":["Dagger Throw","ReplayTheSpireMod:Exploit Weakness"],"picked":"Sucker Punch","floor":2},{"not_picked":["Acrobatics","Prepared"],"picked":"Blade Dance","floor":3},{"not_picked":["Reflex","Deflect","Doppelganger"],"picked":"SKIP","floor":5},{"not_picked":["Setup","Caltrops"],"picked":"Backflip","floor":6},{"not_picked":["Sucker Punch","Escape Plan"],"picked":"Noxious Fumes","floor":8},{"not_picked":["Underhanded Strike","Backflip"],"picked":"Accuracy","floor":12},{"not_picked":["Prepared","Slice"],"picked":"Dagger Throw","floor":13},{"not_picked":["PiercingWail","Burst"],"picked":"Poisoned Stab","floor":14},{"not_picked":["Corpse Explosion","ReplayTheSpireMod:Necrosis"],"picked":"ReplayTheSpireMod:From All Sides","floor":16},{"not_picked":["Deadly Poison","All Out Attack"],"picked":"ReplayTheSpireMod:Scrap Shanks+1","floor":18},{"not_picked":["Blur","Prepared"],"picked":"Blade Dance","floor":20},{"not_picked":["Flying Knee","Endless Agony"],"picked":"Dagger Throw","floor":21},{"not_picked":["Poisoned Stab","Backflip","Dagger Spray"],"picked":"SKIP","floor":22},{"not_picked":["Dagger Throw","Wraith Form v2"],"picked":"ReplayTheSpireMod:Scrap Shanks","floor":23},{"not_picked":["Deflect+1","Quick Slash"],"picked":"Reflex","floor":27},{"not_picked":["Poisoned Stab","Bane"],"picked":"PiercingWail","floor":31},{"not_picked":["Grand Finale","Die Die Die"],"picked":"Wraith Form v2+1","floor":33},{"not_picked":["Deadly Poison+1","Slice+1"],"picked":"Cloak And Dagger","floor":35},{"not_picked":["Masterful Stab+1","Skewer+1"],"picked":"Cloak And Dagger+1","floor":36},{"not_picked":["Backflip+1","Deflect"],"picked":"Tools of the Trade+1","floor":39},{"not_picked":["hubris:Ssssneak","Midas Touch"],"picked":"expansioncontent:Chronoboost+1","floor":40},{"not_picked":["Deadly Poison+1","Predator","Well Laid Plans+1"],"picked":"SKIP","floor":42},{"not_picked":["Bouncing Flask+1","Calculated Gamble"],"picked":"Blade Dance+1","floor":45},{"not_picked":["Dash","Flying Knee+1"],"picked":"PiercingWail","floor":46},{"not_picked":["Predator","Quick Slash+1","ReplayTheSpireMod:Exploit Weakness+1"],"picked":"SKIP","floor":48},{"not_picked":["Sucker Punch+1","Backflip"],"picked":"Cloak And Dagger+1","floor":54}],"player_experience":1152645,"relics_obtained":[{"floor":6,"key":"Vajra"},{"floor":8,"key":"Replay:WaspNest"},{"floor":9,"key":"Akabeko"},{"floor":23,"key":"ReplayTheSpireMod:TigerMarble"},{"floor":26,"key":"Matryoshka"},{"floor":31,"key":"Tough Bandages"},{"floor":42,"key":"Golden Egg"},{"floor":43,"key":"Meat on the Bone"},{"floor":48,"key":"Nunchaku"},{"floor":49,"key":"hubris:Teleporter"},{"floor":54,"key":"hubris:BottledRain"}],"event_choices":[{"cards_removed":["Noxious Fumes"],"damage_healed":0,"gold_gain":0,"player_choice":"Purged","damage_taken":0,"max_hp_gain":0,"max_hp_loss":0,"event_name":"Purifier","floor":11,"gold_loss":0},{"damage_healed":0,"gold_gain":0,"player_choice":"Fight","damage_taken":0,"max_hp_gain":0,"max_hp_loss":0,"event_name":"Colosseum","floor":30,"gold_loss":0},{"damage_healed":0,"gold_gain":0,"player_choice":"Fled From Nobs","damage_taken":0,"max_hp_gain":0,"max_hp_loss":0,"event_name":"Colosseum","floor":30,"gold_loss":0},{"damage_healed":0,"gold_gain":0,"player_choice":"Upgrade","damage_taken":0,"max_hp_gain":0,"max_hp_loss":0,"event_name":"Designer","floor":38,"gold_loss":40,"cards_upgraded":["Cloak And Dagger"]},{"damage_healed":0,"gold_gain":0,"player_choice":"Memory 1","damage_taken":0,"max_hp_gain":0,"max_hp_loss":0,"event_name":"SensoryStone","floor":40,"gold_loss":0}],"is_beta":false,"boss_relics":[{"not_picked":["hubris:RunicObelisk","halation:LoveArrow"],"picked":"Painkiller Herb"},{"not_picked":["halation:SmartPhone","Replay:Bronze Core"],"picked":"Empty Cage"}],"items_purged_floors":[],"is_endless":false,"potions_floor_spawned":[2,3,6,8,13,14,16,20,23,30,33,35,42,54],"ascension_level":0}}