{"host":"j6locglyv7e0c0tm","time":1609279302,"event":{"mods":["BaseMod","Better Altar","Better Match","Better Note","Better Sensory Stone","Better Skull","Better Third Choice","Better Vampires","BetterRewards","Card Forge","Colored Powertips","Custom Start","DeckTracker","Downfall","Googly Eyes","Hermit","Highlight Path","Jorbs\u0027s Wanderer Trilogy","Marked Mod","Minty Spire (QoL Compilation)","Relic Stats","Replay The Spire","Shade Mod","Shop Mod","StSLib","Swap Starting Deck Mod","The Runesmith","TheFirefly"],"gold_per_floor":[117,67,67,67,77,109,129,53,106,116,133,133,133,160,160,160,160],"floor_reached":16,"playtime":644,"items_purged":[],"score":160,"play_id":"25a706c0-867b-4c58-a71e-1bfb58d17035","local_time":"20201230090142","is_ascension_mode":false,"campfire_choices":[{"floor":12,"key":"REST"}],"circlet_count":0,"master_deck":["Strike_B","Strike_B","Strike_B","Defend_B","Defend_B+1","Defend_B","Defend_B","Zap","Dualcast","Defragment","Lockon","Thunder Strike","FIFO Queue+1","Go for the Eyes","Lockon","Leap","Defragment"],"relics":["Cracked Core","Hammer of Thor","Seething Fire","Anvil of the Gods","Vajra","Strawberry","ReplayTheSpireMod:Ring of Challenge","Replay:Baseball"],"acts_visited":["Exordium"],"potions_floor_usage":[14,14,16],"damage_taken":[{"damage":7,"enemies":"Small Slimes","floor":1,"turns":3},{"damage":15,"enemies":"2 Louse","floor":5,"turns":3},{"damage":17,"enemies":"Replay:BlueRogue","floor":6,"turns":6},{"damage":6,"enemies":"Jaw Worm","floor":7,"turns":2},{"damage":27,"enemies":"Lots of Slimes","floor":10,"turns":4},{"damage":0,"enemies":"3 Louse","floor":11,"turns":3},{"damage":18,"enemies":"3 Sentries","floor":14,"turns":7},{"damage":45,"enemies":"Fading Forest","floor":16,"turns":9}],"seed_played":"-486956868671241038","potions_obtained":[{"floor":7,"key":"Strength Potion"},{"floor":10,"key":"Dexterity Potion"},{"floor":14,"key":"Adrenaline Potion"}],"is_trial":false,"path_per_floor":["M","?","?","?","M","E","M","$","T","M","M","R","?","E","R","B"],"character_chosen":"DEFECT","items_purchased":["Defragment","Vajra","Lockon"],"campfire_rested":1,"item_purchase_floors":[0,0,8],"current_hp_per_floor":[62,62,62,62,47,37,31,31,31,4,4,28,28,10,34,0,0],"gold":160,"neow_bonus":"","is_daily":false,"chose_seed":false,"campfire_upgraded":0,"win_rate":0.0,"timestamp":1609279302,"path_taken":["M","?","?","?","?","E","M","?","T","M","M","R","?","E","R","BOSS"],"items_purchased_type":["Card","Relic","Card"],"build_version":"2020-12-22","purchased_purges":0,"victory":false,"max_hp_per_floor":[75,75,75,75,75,82,82,82,82,82,82,82,82,82,82,82,82],"relic_stats":{"counters":[19,96],"obtain_stats":[{"NeowsBlessing":0,"Vajra":0,"Hammer of Thor":0,"Seething Fire":0,"FrozenCore":17,"Replay:Baseball":14,"Anvil of the Gods":0,"Bronze Scales":6,"Strawberry":6,"Kunai":9,"ReplayTheSpireMod:Ring of Challenge":13,"Cracked Core":0,"StrikeDummy":11},{"NeowsBlessing":0,"Vajra":11,"Hammer of Thor":0,"Seething Fire":0,"FrozenCore":8,"Replay:Baseball":18,"Anvil of the Gods":0,"Bronze Scales":4,"Strawberry":14,"Kunai":4,"ReplayTheSpireMod:Ring of Challenge":17,"Cracked Core":0,"StrikeDummy":5},{"NeowsBlessing":0,"Vajra":59,"Hammer of Thor":0,"Seething Fire":0,"FrozenCore":38,"Replay:Baseball":87,"Anvil of the Gods":0,"Bronze Scales":9,"Strawberry":71,"Kunai":9,"ReplayTheSpireMod:Ring of Challenge":80,"Cracked Core":0,"StrikeDummy":17}]},"card_choices":[{"not_picked":["Coolheaded","FTL"],"picked":"Lockon","floor":1},{"not_picked":["Panic Button","ReplayTheSpireMod:Repulse","Glacier"],"picked":"SKIP","floor":5},{"not_picked":["Streamline","Undo"],"picked":"FIFO Queue","floor":6},{"not_picked":["Stack","Redo"],"picked":"Go for the Eyes","floor":7},{"not_picked":["Streamline","FTL","Beam Cell"],"picked":"SKIP","floor":10},{"not_picked":["Sweeping Beam","Force Field"],"picked":"Leap","floor":11},{"not_picked":["Fusion","Conserve Battery"],"picked":"Defragment","floor":14}],"player_experience":799698,"relics_obtained":[{"floor":6,"key":"Strawberry"},{"floor":13,"key":"ReplayTheSpireMod:Ring of Challenge"},{"floor":14,"key":"Replay:Baseball"}],"event_choices":[{"cards_removed":["Strike_B"],"damage_healed":0,"gold_gain":0,"player_choice":"Card Removal","damage_taken":0,"max_hp_gain":0,"max_hp_loss":0,"event_name":"The Cleric","floor":2,"gold_loss":50},{"damage_healed":0,"gold_gain":1,"player_choice":"4","damage_taken":0,"max_hp_gain":0,"max_hp_loss":0,"event_name":"betterStone:BetterStone","floor":3,"gold_loss":0,"cards_obtained":["Thunder Strike"]}],"is_beta":false,"boss_relics":[],"items_purged_floors":[],"is_endless":false,"potions_floor_spawned":[7,10,14],"killed_by":"Fading Forest","ascension_level":0}}