{"host":"2e5gbsni44p3458r","time":1609240878,"event":{"mods":["BaseMod","Downfall","Hermit","Hubris","Minty Spire (QoL Compilation)","Replay The Spire","StSLib","The Cursed"],"gold_per_floor":[99,99,99,99,99,99,99,116,145,172,202,219,232,232,232,19,34,34,34,34],"floor_reached":18,"playtime":915,"items_purged":["Guardian:Strike_Guardian"],"score":119,"play_id":"dcf67670-175e-4d96-8072-49727f98c6f3","local_time":"20201229202118","is_ascension_mode":true,"campfire_choices":[{"floor":1.0,"key":"DIG"}],"circlet_count":0,"master_deck":["Guardian:Strike_Guardian","Guardian:Strike_Guardian","Guardian:Strike_Guardian","Guardian:Defend_Guardian","Guardian:Defend_Guardian","Guardian:Defend_Guardian","Guardian:Defend_Guardian","Guardian:CurlUp","Guardian:TwinSlam","Guardian:Gem_Blue","Guardian:Gem_Lightblue","Guardian:Gem_Crimson","Guardian:Emergency","Guardian:Gem_Cyan","Guardian:StasisEngine","Guardian:TemporalStrike","Guardian:Preprogram","Guardian:FuturePlans","Guardian:FloatingOrbs","Guardian:Gem_Cyan","Guardian:Suspension"],"relics":["Guardian:ModeShifter","downfall:HeartsMalice","sneckomod:BlankCard","Replay:Kaleidoscope","Guardian:DefensiveModeMoreBlock","Odd Mushroom"],"acts_visited":["Exordium"],"potions_floor_usage":[17,17],"damage_taken":[{"damage":0.0,"enemies":"2 Louse","floor":2.0,"turns":1.0},{"damage":0.0,"enemies":"Cultist","floor":3.0,"turns":1.0},{"damage":0.0,"enemies":"Jaw Worm","floor":5.0,"turns":1.0},{"damage":7.0,"enemies":"Gremlin Gang","floor":8.0,"turns":6.0},{"damage":37.0,"enemies":"Lagavulin","floor":9.0,"turns":11.0},{"damage":16.0,"enemies":"The Mushroom Lair","floor":10.0,"turns":6.0},{"damage":0.0,"enemies":"Large Slime","floor":12.0,"turns":7.0},{"damage":2.0,"enemies":"2 Fungi Beasts","floor":13.0,"turns":4.0},{"damage":0.0,"enemies":"downfall:FleeingMerchant","floor":16.0,"turns":4.0},{"damage":1,"enemies":"Exordium Thugs","floor":17,"turns":5},{"damage":5,"enemies":"downfall:Silent","floor":18,"turns":2}],"seed_played":"884643139785431417","potions_obtained":[{"floor":8.0,"key":"Fire Potion"},{"floor":12.0,"key":"SpeedPotion"},{"floor":13.0,"key":"PowerPotion"},{"floor":17,"key":"Elixir"}],"is_trial":false,"path_per_floor":["R","M","M","?","M","?","T","M","E","?","?","M","M","PTL","PTL","$","M","B"],"character_chosen":"GUARDIAN","items_purchased":["Guardian:FloatingOrbs","Guardian:Gem_Cyan"],"campfire_rested":0,"item_purchase_floors":[16,16],"current_hp_per_floor":[80,80,80,80,80,68,68,61,24,8,8,8,6,6,6,6,5,0,0,0],"gold":34,"neow_bonus":"THREE_ENEMY_KILL","is_daily":false,"chose_seed":false,"campfire_upgraded":0,"win_rate":0.0,"timestamp":1609240878,"path_taken":["R","M","M","?","?","?","T","M","E","?","?","M","M","PTL","PTL","$","M","BOSS"],"items_purchased_type":["Card","Card"],"build_version":"2020-12-22","purchased_purges":1,"victory":false,"max_hp_per_floor":[80,80,80,80,80,80,80,80,80,80,80,80,80,80,80,80,80,80,80,80],"card_choices":[{"not_picked":["Guardian:PrismaticBarrier","Guardian:Preprogram"],"picked":"Guardian:Gem_Blue","floor":2.0},{"not_picked":["Guardian:Gem_Blue","Guardian:Recover","Guardian:RefractedBeam"],"picked":"SKIP","floor":3.0},{"not_picked":["Guardian:Incinerate","Guardian:PrimingBeam"],"picked":"Guardian:Emergency","floor":5.0},{"not_picked":["Guardian:Recover","Guardian:Planning"],"picked":"Guardian:Gem_Cyan","floor":8.0},{"not_picked":["Guardian:PrismaticBeam","Guardian:TemporalStrike"],"picked":"Guardian:StasisEngine","floor":9.0},{"not_picked":["Guardian:PrismaticBeam","Guardian:ChargeUp"],"picked":"Guardian:TemporalStrike","floor":10.0},{"not_picked":["Guardian:MultiBeam","Guardian:ChargeUp"],"picked":"Guardian:Preprogram","floor":12.0},{"not_picked":["Guardian:Recover","Guardian:VentSteam","Guardian:Gem_Purple"],"picked":"SKIP","floor":13.0},{"not_picked":["Guardian:SphericShield","Guardian:RollAttack"],"picked":"Guardian:FuturePlans","floor":16.0},{"not_picked":["Guardian:PrismaticBeam","Guardian:ArmoredProtocol"],"picked":"Guardian:Suspension","floor":17}],"player_experience":712709,"relics_obtained":[{"floor":1.0,"key":"sneckomod:BlankCard"},{"floor":9.0,"key":"Guardian:DefensiveModeMoreBlock"},{"floor":10.0,"key":"Odd Mushroom"}],"event_choices":[{"damage_healed":0.0,"max_hp_gain":0.0,"max_hp_loss":0.0,"gold_gain":0.0,"event_name":"Scrap Ooze","player_choice":"Success","floor":6.0,"gold_loss":0.0,"damage_taken":12.0,"relics_obtained":["Replay:Kaleidoscope"]},{"damage_healed":0.0,"max_hp_gain":0.0,"max_hp_loss":0.0,"gold_gain":0.0,"event_name":"Mushrooms","player_choice":"Fought Mushrooms","floor":10.0,"gold_loss":0.0,"damage_taken":0.0}],"is_beta":false,"boss_relics":[],"items_purged_floors":[16],"is_endless":false,"potions_floor_spawned":[8,12,13,17],"killed_by":"downfall:Silent","ascension_level":2}}