{"host":"tr12w2fixbnujl15","time":1609268796,"event":{"mods":["2.2 Compatiblity","BaseMod","Better Skull","BetterRewards","CatGirl Mod","Colored Powertips","Hubris","Infinite Spire","Jorbs\u0027s Wanderer Trilogy","Luminous","Minty Spire (QoL Compilation)","Quick Restart","Reimu??????","Replay The Spire","StSLib","SuperFastMode","Td1madao Mod","The Sage","The Spell Scribe","WarShipGirlsR/????R mod"],"gold_per_floor":[112,123,123,11,29,29,47,47,72,72,83,100,120,145,145,243,243,256,28,48,58,58,58,58,72,72,83,83,83,108,123,123,219,219,229,274,274,294,294,294,294,294],"floor_reached":41,"playtime":1748,"items_purged":["Parasite"],"score":385,"play_id":"41acf53e-34b4-41eb-be92-53359512df42","local_time":"20201229140636","is_ascension_mode":false,"campfire_choices":[{"data":"Hello World","floor":6,"key":"SMITH"},{"floor":8,"key":"REST"},{"data":"Storm","floor":15,"key":"SMITH"},{"data":"Apotheosis","floor":23,"key":"SMITH"},{"floor":28,"key":"REST"},{"floor":32,"key":"REST"},{"floor":40,"key":"REST"}],"circlet_count":0,"master_deck":["Strike_B","Strike_B","Strike_B","Strike_B","Defend_B","Defend_B","Defend_B","Defend_B","Zap","Dualcast","Crystallizer","Hello World+1","Heatsinks","Ball Lightning","Iron Wave","ReplayTheSpireMod:Reroute Power","Force Field","Storm+1","Amplify","CurseOfTheBell","Self Repair+1","Apotheosis+1","White Noise+1","Sweeping Beam","Chill+1","RitualDagger","FIFO Queue","Leap","Electrodynamics","Coolheaded","Seek","Barrage+1","Tempest","Melter+1"],"relics":["Cracked Core","NeowsBlessing","Ring of Peace","ReplayTheSpireMod:Ring of Exchange","Pen Nib","Bag of Preparation","Calling Bell","Geode","hubris:Metronome","Lizard Tail","Mastiff:ReiMu","ReplayTheSpireMod:TigerMarble","Black Star","StoneCalendar","hubris:Icosahedron"],"acts_visited":["Exordium","TheCity","TheBeyond"],"potions_floor_usage":[13,20,33,33,36,41],"damage_taken":[{"damage":0,"enemies":"2 Louse","floor":1,"turns":1},{"damage":0,"enemies":"Small Slimes","floor":2,"turns":1},{"damage":0,"enemies":"Cultist","floor":5,"turns":1},{"damage":15,"enemies":"Exordium Thugs","floor":7,"turns":5},{"damage":7,"enemies":"3 Louse","floor":11,"turns":4},{"damage":0,"enemies":"Blue Slaver","floor":12,"turns":4},{"damage":0,"enemies":"Lots of Slimes","floor":13,"turns":3},{"damage":8,"enemies":"Hexaghost","floor":16,"turns":9},{"damage":0,"enemies":"Spheric Guardian","floor":18,"turns":3},{"damage":7,"enemies":"2 Thieves","floor":20,"turns":3},{"damage":13,"enemies":"Snake Plant","floor":21,"turns":4},{"damage":0,"enemies":"Cultist and Chosen","floor":25,"turns":5},{"damage":8,"enemies":"Chosen and Byrds","floor":27,"turns":4},{"damage":14,"enemies":"Sentry and Sphere","floor":31,"turns":4},{"damage":45,"enemies":"Champ","floor":33,"turns":8},{"damage":15,"enemies":"3 Darklings","floor":35,"turns":4},{"damage":79,"enemies":"2 Orb Walkers","floor":36,"turns":7},{"damage":3,"enemies":"3 Shapes","floor":38,"turns":3},{"damage":84,"enemies":"Giant Head","floor":41,"turns":8}],"seed_played":"1004364995331080908","potions_obtained":[{"floor":5,"key":"Strength Potion"},{"floor":7,"key":"Cursed Concoction"},{"floor":16,"key":"infinitespire:BlackPotion"},{"floor":21,"key":"FearPotion"},{"floor":25,"key":"FocusPotion"},{"floor":31,"key":"Elixir"},{"floor":35,"key":"Weak Potion"},{"floor":36,"key":"Adrenaline Potion"}],"is_trial":false,"path_per_floor":["M","M","?","$","M","R","M","R","T","?","M","M","M","T","R","B",null,"M","$","M","M","?","R","$","M","T","M","R","?","T","M","R","B",null,"M","?","?","M","?","R","E"],"character_chosen":"DEFECT","items_purchased":["Heatsinks","Apotheosis","White Noise+1"],"campfire_rested":4,"item_purchase_floors":[4,19,19],"current_hp_per_floor":[75,75,75,72,72,72,57,72,72,72,65,65,65,65,65,57,72,72,72,72,69,63,63,63,63,63,55,72,72,72,58,72,37,72,57,46,46,43,43,64,0,0],"gold":294,"neow_bonus":"THREE_ENEMY_KILL","is_daily":false,"chose_seed":false,"campfire_upgraded":3,"win_rate":0.0,"timestamp":1609268796,"path_taken":["M","M","?","$","M","R","M","R","T","?","M","?","M","?","R","BOSS","M","$","M","M","?","R","$","M","T","M","R","?","?","?","R","BOSS","M","?","?","M","?","R","E"],"items_purchased_type":["Card","Card","Card"],"build_version":"2020-12-22","purchased_purges":1,"victory":false,"max_hp_per_floor":[75,75,75,72,72,72,72,72,72,72,72,72,72,72,72,72,72,72,72,72,72,72,72,72,72,72,72,72,72,72,72,72,72,72,72,72,72,72,72,72,72,72],"card_choices":[{"not_picked":["Cold Snap","Force Field"],"picked":"Crystallizer","floor":1},{"not_picked":["Beam Cell","Redo"],"picked":"Hello World","floor":2},{"not_picked":["Chaos","Barrage"],"picked":"Ball Lightning","floor":5},{"not_picked":["Barrage","Gash"],"picked":"Streamline","floor":7},{"not_picked":["Panic Button","Sweeping Beam"],"picked":"ReplayTheSpireMod:Reroute Power","floor":11},{"not_picked":["Conserve Battery","Panic Button"],"picked":"Force Field","floor":12},{"not_picked":["Ball Lightning","Barrage"],"picked":"Storm","floor":13},{"not_picked":["hubris:Prefetch","ReplayTheSpireMod:Fabricate Wheel"],"picked":"Amplify","floor":16},{"not_picked":["Conserve Battery+1","ReplayTheSpireMod:Calculation Training"],"picked":"Self Repair+1","floor":18},{"not_picked":["Beam Cell","Redo+1"],"picked":"Sweeping Beam","floor":20},{"not_picked":["Doom and Gloom","Coolheaded"],"picked":"Chill+1","floor":21},{"not_picked":["Redo","Steam"],"picked":"FIFO Queue","floor":25},{"not_picked":["ReplayTheSpireMod:Repulse","Streamline"],"picked":"Leap","floor":27},{"not_picked":["Beam Cell","Hologram"],"picked":"Coolheaded","floor":31},{"not_picked":["Biased Cognition","Amplify"],"picked":"Seek","floor":33},{"not_picked":["Ball Lightning","Steam"],"picked":"Barrage+1","floor":35},{"not_picked":["BasicCrystalCard","Reinforced Body"],"picked":"Tempest","floor":36},{"not_picked":["BasicCrystalCard","Streamline"],"picked":"Melter+1","floor":38}],"player_experience":3349,"relics_obtained":[{"floor":3,"key":"Ring of Peace"},{"floor":3,"key":"ReplayTheSpireMod:Ring of Exchange"},{"floor":9,"key":"Pen Nib"},{"floor":14,"key":"Bag of Preparation"},{"floor":17,"key":"Geode"},{"floor":17,"key":"hubris:Metronome"},{"floor":17,"key":"Lizard Tail"},{"floor":26,"key":"Mastiff:ReiMu"},{"floor":30,"key":"ReplayTheSpireMod:TigerMarble"},{"floor":36,"key":"StoneCalendar"}],"event_choices":[{"cards_removed":["Streamline"],"damage_healed":0,"gold_gain":0,"player_choice":"Took Card","damage_taken":0,"max_hp_gain":0,"max_hp_loss":0,"event_name":"NoteForYourself","floor":10,"gold_loss":0,"cards_obtained":["Iron Wave"]},{"damage_healed":0,"gold_gain":0,"player_choice":"Joined the Cult","damage_taken":6,"max_hp_gain":0,"max_hp_loss":0,"event_name":"Nest","floor":22,"gold_loss":0,"cards_obtained":["RitualDagger"]},{"damage_healed":0,"gold_gain":0,"player_choice":"Read","damage_taken":0,"max_hp_gain":0,"max_hp_loss":0,"event_name":"The Library","floor":29,"gold_loss":0,"cards_obtained":["Electrodynamics"]},{"damage_healed":0,"gold_gain":0,"player_choice":"Fight","damage_taken":0,"max_hp_gain":0,"max_hp_loss":0,"event_name":"Mysterious Sphere","floor":36,"gold_loss":0},{"damage_healed":0,"gold_gain":0,"player_choice":"Ignored","damage_taken":0,"max_hp_gain":0,"max_hp_loss":0,"event_name":"Tomb of Lord Red Mask","floor":39,"gold_loss":0}],"is_beta":false,"boss_relics":[{"not_picked":["sagemod:Falmels_Amulet","hubris:TerracottaHorce"],"picked":"Calling Bell"},{"not_picked":["Raider\u0027s Mask","hubris:Stopwatch"],"picked":"Black Star"}],"items_purged_floors":[4],"is_endless":false,"potions_floor_spawned":[5,7,16,21,25,31,35,36],"killed_by":"Giant Head","ascension_level":0}}