{"host":"a6jc8uoa78jpqx9a","time":1609218731,"event":{"mods":["BaseMod","Duelist Mod","GifTheSpireLib","Hermit","Hubris","Infinite Spire","Mimic Mod","Minty Spire (QoL Compilation)","Replay The Spire","StSLib","The Animator","The Bug Knight","The Construct","The Cursed","The Mystic","The Servant 0.9.4"],"gold_per_floor":[143,162,3,3,3,35,86,86,120,130,145,159,193,193,193,292,292,308,326,251,251,251,251,261,261,261,275,293,293,193,193,193,295,295,306,361,64,83,83,83,83],"floor_reached":40,"playtime":3137,"items_purged":["theDuelist:CastleWalls","theDuelist:BeaverWarrior"],"score":467,"play_id":"15dbe1ef-de98-450b-8a92-2c72b4fcfd2e","local_time":"20201229001211","is_ascension_mode":false,"campfire_choices":[{"floor":15,"key":"REST"},{"data":"theDuelist:Raigeki","floor":23,"key":"SMITH"},{"data":"theDuelist:InfernoFireBlast+1","floor":25,"key":"SMITH"},{"floor":29,"key":"REST"},{"floor":32,"key":"REST"}],"circlet_count":0,"master_deck":["theDuelist:BeaverWarrior","theDuelist:FinalFlame","theDuelist:GiantSoldier","theDuelist:GiantSoldier","theDuelist:ScrapFactory","theDuelist:Sparks","theDuelist:GravityAxe","theDuelist:KamionTimelord","theDuelist:WormApocalypse","theDuelist:GridRod","Iron Wave","theDuelist:FusionFire","theDuelist:Fissure","theDuelist:Sangan","theDuelist:YellowBelliedOni","theDuelist:Raigeki+1","theDuelist:InfernoFireBlast+2","theDuelist:KamionTimelord","theDuelist:SpiritHarp","theDuelist:CircleFireKings+1","theDuelist:ImperialOrder","theDuelist:RainbowKuriboh","theDuelist:WormApocalypse","theDuelist:ImperialOrder+1","theDuelist:PsychicShockwave","theDuelist:WormApocalypse"],"relics":["Cracked Core","theDuelist:CardPoolRelic","theDuelist:CardPoolBasicRelic","theDuelist:BoosterPackPoolRelic","theDuelist:CardPoolAddRelic","theDuelist:CardPoolMinusRelic","theDuelist:CardPoolSaveRelic","theDuelist:CardPoolOptionsRelic","NeowsBlessing","Nunchaku","hubris:Icosahedron","Replay:Ringing Soul","infinitespire:Cubic Diamond","Velvet Choker","Replay:Baseball","Coffee Dripper","FossilizedHelix","Vampiric Spirits","theDuelist:ResummonBranch","Mummified Hand"],"acts_visited":["Exordium","TheCity","TheBeyond"],"potions_floor_usage":[],"damage_taken":[{"damage":0,"enemies":"Cultist","floor":1,"turns":1},{"damage":0,"enemies":"2 Louse","floor":2,"turns":1},{"damage":0,"enemies":"Lagavulin","floor":6,"turns":1},{"damage":0,"enemies":"Small Slimes","floor":9,"turns":4},{"damage":1,"enemies":"Small Slimes","floor":10,"turns":3},{"damage":0,"enemies":"3 Louse","floor":11,"turns":3},{"damage":6,"enemies":"Blue Slaver","floor":12,"turns":3},{"damage":19,"enemies":"3 Sentries","floor":13,"turns":6},{"damage":6,"enemies":"Slime Boss","floor":16,"turns":5},{"damage":12,"enemies":"3 Byrds","floor":18,"turns":5},{"damage":10,"enemies":"Chosen","floor":24,"turns":3},{"damage":18,"enemies":"Centurion and Healer","floor":27,"turns":4},{"damage":27,"enemies":"Cultist and Chosen","floor":28,"turns":5},{"damage":58,"enemies":"Automaton","floor":33,"turns":7},{"damage":20,"enemies":"3 Shapes","floor":35,"turns":2},{"damage":50,"enemies":"3 Shapes","floor":36,"turns":7},{"damage":14,"enemies":"Orb Walker","floor":38,"turns":3},{"damage":42,"enemies":"Nightmare","floor":40,"turns":3}],"seed_played":"-773385468550738384","potions_obtained":[{"floor":1,"key":"Block Potion"},{"floor":6,"key":"theDuelist:BurningPotion"},{"floor":10,"key":"theDuelist:CoolBottle"},{"floor":22,"key":"ColorlessPotion"},{"floor":22,"key":"theDuelist:TokenPotion"},{"floor":33,"key":"theDuelist:TokenPotionB"}],"is_trial":false,"path_per_floor":["M","M","$","?","$","E","?","?","MIM","M","M","M","E","?","R","B",null,"M","?","$","?","?","R","M","R","T","M","M","R","$","AVR","R","B",null,"M","?","$","M","?","NM"],"character_chosen":"THE_DUELIST","items_purchased":["theDuelist:WormApocalypse","theDuelist:GridRod","theDuelist:PsychicShockwave","Mummified Hand"],"campfire_rested":3,"item_purchase_floors":[3,3,37,37],"current_hp_per_floor":[80,80,80,80,80,80,80,80,80,79,79,73,57,57,81,78,86,80,80,80,80,80,80,73,73,73,55,31,60,60,60,89,34,101,84,37,40,34,34,0,0],"gold":83,"neow_bonus":"THREE_ENEMY_KILL","is_daily":false,"chose_seed":false,"campfire_upgraded":2,"win_rate":0.0,"timestamp":1609218731,"path_taken":["M","M","$","?","?","E","?","?","MIM","M","?","M","E","?","R","BOSS","M","?","$","?","?","R","M","R","T","?","M","R","?","AVR","R","BOSS","M","?","$","M","?","NM"],"items_purchased_type":["Card","Card","Card","Relic"],"build_version":"2020-12-22","purchased_purges":2,"victory":false,"max_hp_per_floor":[80,80,80,80,80,80,80,80,80,80,80,80,83,83,83,86,86,92,92,92,92,92,92,95,95,95,95,98,98,98,98,98,101,101,104,107,110,113,113,113,113],"card_choices":[{"not_picked":["theDuelist:UnderworldCannon","theDuelist:FluteKuriboh","theDuelist:Electrowhip","theDuelist:AfterTheStorm"],"picked":"theDuelist:GravityAxe","floor":1},{"not_picked":["theDuelist:SparkBlaster","theDuelist:DeltaAttacker","theDuelist:MythicalBeast","theDuelist:GridRod"],"picked":"theDuelist:KamionTimelord","floor":2},{"not_picked":["theDuelist:SpiralSpearStrike","theDuelist:MeteorDestruction","theDuelist:PowerKaishin","theDuelist:LegendarySword"],"picked":"theDuelist:FusionFire","floor":6},{"not_picked":["theDuelist:DarklordSuperbia","theDuelist:DestroyerGolem","theDuelist:LightningRodLord","theDuelist:Sangan"],"picked":"theDuelist:Fissure","floor":9},{"not_picked":["theDuelist:CoreBlaster","theDuelist:BigFire","theDuelist:SpiralSpearStrike","theDuelist:BreakDraw"],"picked":"theDuelist:Sangan","floor":10},{"not_picked":["theDuelist:RainbowNeos","theDuelist:KamionTimelord","theDuelist:HappyLover","theDuelist:Eva"],"picked":"theDuelist:YellowBelliedOni","floor":11},{"not_picked":["theDuelist:PineappleBlast","theDuelist:ForbiddenLance","theDuelist:MillenniumShield","theDuelist:Mathematician"],"picked":"theDuelist:Raigeki","floor":12},{"not_picked":["theDuelist:SpiralSpearStrike+1","theDuelist:FeatherShot+1"],"picked":"theDuelist:InfernoFireBlast+1","floor":13},{"not_picked":["theDuelist:RainbowNeos","theDuelist:HappyLover","theDuelist:RainbowKuriboh","theDuelist:RainbowOverdragon"],"picked":"theDuelist:KamionTimelord","floor":16},{"not_picked":["theDuelist:RainbowNeos","theDuelist:WhiteMagicalHat","theDuelist:AfterTheStorm+1","theDuelist:OnslaughtFireKings"],"picked":"theDuelist:SpiritHarp","floor":18},{"not_picked":["theDuelist:BlackPendant","theDuelist:CharcoalInpachi+1","theDuelist:HappyLover","theDuelist:AfterTheStorm+1"],"picked":"theDuelist:CircleFireKings+1","floor":24},{"not_picked":["theDuelist:DestroyerGolem","theDuelist:TimeSeal","theDuelist:DokiDoki","theDuelist:HeavyStorm+1","theDuelist:EarthEffigy+1"],"picked":"SKIP","floor":27},{"not_picked":["theDuelist:WhiteHowling+1","theDuelist:GravityAxe+1","theDuelist:Electrowhip"],"picked":"theDuelist:ImperialOrder","floor":28},{"not_picked":["theDuelist:KamionTimelord","theDuelist:HappyLover","theDuelist:Eva","theDuelist:RainbowOverdragon+1"],"picked":"theDuelist:RainbowKuriboh","floor":33},{"not_picked":["theDuelist:AttackTheMoon","theDuelist:ReinforcementsArmy","theDuelist:RedMedicine","theDuelist:BlackPendant"],"picked":"theDuelist:WormApocalypse","floor":35},{"not_picked":["theDuelist:WhiteHowling+1","theDuelist:PsychicShockwave","theDuelist:PowerWall","theDuelist:MiraculousDescent"],"picked":"theDuelist:ImperialOrder+1","floor":36},{"not_picked":["theDuelist:SpellShatteringArrow+1","theDuelist:Eva","theDuelist:SwordDeepSeated","theDuelist:LightningVortex"],"picked":"theDuelist:WormApocalypse","floor":38}],"player_experience":31482,"relics_obtained":[{"floor":6,"key":"Nunchaku"},{"floor":13,"key":"Replay:Ringing Soul"},{"floor":26,"key":"Replay:Baseball"},{"floor":36,"key":"FossilizedHelix"},{"floor":36,"key":"Vampiric Spirits"},{"floor":36,"key":"theDuelist:ResummonBranch"}],"event_choices":[{"cards_removed":["theDuelist:CastleWalls"],"damage_healed":0,"gold_gain":0,"player_choice":"Took Card","damage_taken":0,"max_hp_gain":0,"max_hp_loss":0,"event_name":"NoteForYourself","floor":4,"gold_loss":0,"cards_obtained":["Iron Wave"]},{"damage_healed":0,"gold_gain":51,"player_choice":"Gained Gold","damage_taken":0,"max_hp_gain":0,"max_hp_loss":0,"event_name":"Golden Wing","floor":7,"gold_loss":0},{"damage_healed":0,"gold_gain":0,"player_choice":"Sold Sparks for 18 Gold.","duelist":true,"damage_taken":0,"max_hp_gain":0,"max_hp_loss":0,"event_name":"Card Trader","floor":19,"gold_loss":0},{"damage_healed":0,"gold_gain":0,"player_choice":"Ignored","damage_taken":0,"max_hp_gain":0,"max_hp_loss":0,"event_name":"Vampires","floor":21,"gold_loss":0},{"damage_healed":0,"gold_gain":0,"player_choice":"Got Potions","damage_taken":0,"max_hp_gain":0,"max_hp_loss":0,"event_name":"Lab","floor":22,"gold_loss":0},{"damage_healed":0,"gold_gain":0,"player_choice":"Fight","duelist":true,"damage_taken":0,"max_hp_gain":0,"max_hp_loss":0,"event_name":"Battle City","floor":36,"gold_loss":0}],"is_beta":false,"boss_relics":[{"not_picked":["hubris:TerracottaHorce","infinitespire:Burning Sword"],"picked":"Velvet Choker"},{"not_picked":["Replay:Grab Bag","Mark of Pain"],"picked":"Coffee Dripper"}],"items_purged_floors":[20,30],"is_endless":false,"potions_floor_spawned":[1,6,10,28,33,38],"killed_by":"Nightmare","ascension_level":0}}