{"host":"xrbxyo513dr24h85","time":1609202985,"event":{"mods":["BaseMod","Better Third Choice","Colored Map","Downfall","Googly Eyes","Halation","Hubris","Lobotomy","Minty Spire (QoL Compilation)","Random Character Button","Relic Stats","Replay The Spire","Retaliation","StSLib","The Blue Laboratory"],"gold_per_floor":[110,127,127,127,138,168,168,197,197,197,213,226,237,255,255,352,352,362,376,74,89,101,101,101],"floor_reached":23,"playtime":766,"items_purged":[],"score":207,"play_id":"6270117c-6b30-4e00-a219-40c23f88ea10","local_time":"20201228164945","is_ascension_mode":false,"campfire_choices":[{"data":"Seek","floor":7,"key":"SMITH"},{"data":"White Noise","floor":10,"key":"SMITH"},{"floor":15,"key":"REST"}],"circlet_count":0,"master_deck":["Strike_B","Strike_B","Strike_B","Strike_B","Defend_B","Defend_B","Defend_B","Zap","Dualcast","Mind Blast","Cold Snap","Hyperbeam+1","Seek+1","White Noise+1","Coolheaded","Defragment","Ball Lightning","Thunder Strike+1","Cold Snap","Coolheaded+1","Glacier","Ball Lightning"],"relics":["Cracked Core","Replay:Bottled Snecko","Replay:Towering Pillar of Hats","Turnip","halation:HeavySnake","Guide Book","Lantern"],"acts_visited":["Exordium","TheCity"],"potions_floor_usage":[6,8,11,16,16,21],"damage_taken":[{"damage":1,"enemies":"Cultist","floor":1,"turns":3},{"damage":0,"enemies":"2 Louse","floor":2,"turns":2},{"damage":0,"enemies":"Small Slimes","floor":5,"turns":1},{"damage":10,"enemies":"Replay:BlueRogue","floor":6,"turns":7},{"damage":22,"enemies":"Lagavulin","floor":8,"turns":6},{"damage":0,"enemies":"Exordium Thugs","floor":11,"turns":5},{"damage":10,"enemies":"Gremlin Gang","floor":12,"turns":2},{"damage":15,"enemies":"Blue Slaver","floor":13,"turns":3},{"damage":0,"enemies":"3 Louse","floor":14,"turns":2},{"damage":14,"enemies":"Hexaghost","floor":16,"turns":10},{"damage":5,"enemies":"Chosen","floor":18,"turns":3},{"damage":1,"enemies":"Spheric Guardian","floor":19,"turns":3},{"damage":10,"enemies":"Chosen and Byrds","floor":21,"turns":6},{"damage":29,"enemies":"Centurion and Healer","floor":22,"turns":12},{"damage":152,"enemies":"Book of Stabbing","floor":23,"turns":4}],"seed_played":"3768674670286173805","potions_obtained":[{"floor":1,"key":"EssenceOfSteel"},{"floor":5,"key":"GamblersBrew"},{"floor":8,"key":"BlessingOfTheForge"},{"floor":13,"key":"Energy Potion"},{"floor":14,"key":"Block Potion"},{"floor":18,"key":"blueLaboratory:SystemWipe"}],"is_trial":false,"path_per_floor":["M","M","$","?","M","E","R","E","T","R","M","M","M","M","R","B",null,"M","M","$","M","M","E"],"character_chosen":"DEFECT","items_purchased":["Guide Book","Lantern"],"campfire_rested":1,"item_purchase_floors":[20,20],"current_hp_per_floor":[74,74,74,74,74,64,64,42,42,42,42,32,17,17,39,25,75,70,69,69,59,30,0,0],"gold":101,"neow_bonus":"RANDOM_COLORLESS","is_daily":false,"chose_seed":false,"campfire_upgraded":2,"win_rate":0.0,"timestamp":1609202985,"path_taken":["M","M","?","?","?","E","R","E","T","R","M","?","M","M","R","BOSS","M","M","$","M","M","E"],"items_purchased_type":["Relic","Card"],"build_version":"2020-12-22","purchased_purges":0,"victory":false,"max_hp_per_floor":[75,75,75,75,75,75,75,75,75,75,75,75,75,75,75,75,75,75,75,75,75,75,75,75],"relic_stats":{"counters":[15,69],"Turnip":[8],"obtain_stats":[{"Lantern":20,"Replay:Towering Pillar of Hats":8,"Guide Book":20,"Turnip":9,"Replay:Bottled Snecko":6,"Cracked Core":0,"halation:HeavySnake":17},{"Lantern":12,"Replay:Towering Pillar of Hats":5,"Guide Book":12,"Turnip":5,"Replay:Bottled Snecko":4,"Cracked Core":0,"halation:HeavySnake":10},{"Lantern":47,"Replay:Towering Pillar of Hats":19,"Guide Book":47,"Turnip":19,"Replay:Bottled Snecko":13,"Cracked Core":0,"halation:HeavySnake":41}]},"card_choices":[{"not_picked":["expansioncontent:BronzeBeam","Specialist"],"picked":"Mind Blast","floor":0},{"not_picked":["Beam Cell","BasicCrystalCard"],"picked":"Cold Snap","floor":1},{"not_picked":["Capacitor","Compile Driver","Rebound"],"picked":"SKIP","floor":2},{"not_picked":["Tempest","ReplayTheSpireMod:System Scan","Coolheaded"],"picked":"SKIP","floor":5},{"not_picked":["Panic Button","Rebound"],"picked":"Seek","floor":6},{"not_picked":["ReplaySolidLightProjector","Compile Driver"],"picked":"White Noise","floor":8},{"not_picked":["Lockon","ReplayTheSpireMod:Calculation Training"],"picked":"Coolheaded","floor":11},{"not_picked":["Hologram","Beam Cell"],"picked":"Defragment","floor":12},{"not_picked":["Panic Button","Turbo","Hologram"],"picked":"SKIP","floor":13},{"not_picked":["Lockon","Compile Driver"],"picked":"Ball Lightning","floor":14},{"not_picked":["Hyperbeam","Rainbow"],"picked":"Thunder Strike","floor":16},{"not_picked":["ReplayTheSpireMod:System Scan+1","Coolheaded"],"picked":"Cold Snap","floor":18},{"not_picked":["Glacier","White Noise"],"picked":"Coolheaded+1","floor":19},{"not_picked":["Leap+1","Skim+1"],"picked":"Glacier","floor":21},{"not_picked":["ReplayGash+1","Darkness"],"picked":"Ball Lightning","floor":22}],"player_experience":1150980,"relics_obtained":[{"floor":6,"key":"Replay:Bottled Snecko"},{"floor":8,"key":"Replay:Towering Pillar of Hats"},{"floor":9,"key":"Turnip"}],"event_choices":[{"damage_healed":0,"gold_gain":0,"cards_transformed":["Defend_B"],"player_choice":"Transformed","damage_taken":0,"max_hp_gain":0,"max_hp_loss":0,"event_name":"Transmorgrifier","floor":4,"gold_loss":0,"cards_obtained":["Hyperbeam"]}],"is_beta":false,"boss_relics":[{"not_picked":["hubris:TerracottaHorce","SacredBark"],"picked":"halation:HeavySnake"}],"items_purged_floors":[],"is_endless":false,"potions_floor_spawned":[1,5,8,13,14,18,21],"killed_by":"Book of Stabbing","ascension_level":0}}