{"host":"sz8c8ni79nvzjmmg","time":1609261061,"event":{"mods":["AchievementEnabler","BaseMod","DeckTracker","Keyboard Shortcuts","Minty Spire (QoL Compilation)","SuperFastMode"],"gold_per_floor":[109,121,26,41,60,85,102,130,205,205,205],"floor_reached":10,"playtime":405,"items_purged":[],"score":160,"play_id":"63e01a63-5129-4617-8df3-f4ae132c7ba6","local_time":"20201230015741","is_ascension_mode":true,"campfire_choices":[],"circlet_count":0,"master_deck":["AscendersBane","Strike_G","Strike_G","Strike_G","Strike_G","Strike_G","Defend_G","Defend_G","Defend_G","Defend_G","Defend_G","Survivor","Neutralize","Escape Plan","Dash","Accuracy","Cloak And Dagger","Blade Dance","Cloak And Dagger"],"relics":["Ring of the Snake","Bottled Lightning","Peace Pipe"],"acts_visited":["Exordium"],"potions_floor_usage":[6,8],"damage_taken":[{"damage":2,"enemies":"Small Slimes","floor":1,"turns":5},{"damage":0,"enemies":"Jaw Worm","floor":2,"turns":5},{"damage":0,"enemies":"Cultist","floor":4,"turns":4},{"damage":0,"enemies":"2 Fungi Beasts","floor":5,"turns":4},{"damage":6,"enemies":"Lagavulin","floor":6,"turns":5},{"damage":8,"enemies":"Exordium Thugs","floor":7,"turns":6},{"damage":11,"enemies":"3 Sentries","floor":8,"turns":9},{"damage":30,"enemies":"Gremlin Nob","floor":10,"turns":4}],"seed_played":"-8570984283305176564","potions_obtained":[{"floor":1,"key":"Swift Potion"},{"floor":4,"key":"LiquidMemories"}],"is_trial":false,"path_per_floor":["M","M","$","M","M","E","M","E","T","E"],"character_chosen":"THE_SILENT","items_purchased":["Accuracy","Cloak And Dagger"],"campfire_rested":0,"item_purchase_floors":[3,3],"current_hp_per_floor":[63,63,63,63,63,57,49,38,38,8,8],"gold":205,"neow_bonus":"TEN_PERCENT_HP_BONUS","is_daily":false,"chose_seed":false,"campfire_upgraded":0,"win_rate":0.0,"timestamp":1609261061,"path_taken":["M","M","$","M","M","E","M","E","T","E"],"items_purchased_type":["Card","Card"],"build_version":"2020-12-22","purchased_purges":0,"victory":false,"max_hp_per_floor":[72,72,72,72,72,72,72,72,72,72,72],"card_choices":[{"not_picked":["Endless Agony","Underhanded Strike"],"picked":"Escape Plan","floor":1},{"not_picked":["Sucker Punch","Dodge and Roll"],"picked":"Dash","floor":2},{"not_picked":["Outmaneuver","Deadly Poison"],"picked":"Blade Dance","floor":4},{"not_picked":["PiercingWail","Poisoned Stab","Deflect"],"picked":"SKIP","floor":5},{"not_picked":["Flying Knee","Underhanded Strike"],"picked":"Cloak And Dagger","floor":6},{"not_picked":["Slice","Catalyst","Quick Slash"],"picked":"SKIP","floor":7},{"not_picked":["Die Die Die","Predator","Blur"],"picked":"SKIP","floor":8}],"player_experience":1212258,"relics_obtained":[{"floor":6,"key":"Bottled Lightning"},{"floor":8,"key":"Peace Pipe"}],"event_choices":[],"is_beta":false,"boss_relics":[],"items_purged_floors":[],"is_endless":false,"potions_floor_spawned":[1,4,5],"killed_by":"Gremlin Nob","ascension_level":20}}