{"host":"9ylwqx3xq4e4v98b","time":1609273172,"event":{"mods":["AchievementEnabler","BaseMod","Colored Map","DeckTracker","Minty Spire (QoL Compilation)","Permanent Neow","StSLib","SuperFastMode","Td1madao Mod","The Animator"],"gold_per_floor":[114,126,140,140,154,154,172,58,58,58,58,70,70,83,83,83,83],"floor_reached":16,"playtime":703,"items_purged":["Strike_G"],"score":94,"play_id":"62ebbe4e-b62f-49cf-98e7-4a4db81cea7a","local_time":"20201229121932","is_ascension_mode":false,"campfire_choices":[{"data":"Phantasmal Killer","floor":6,"key":"SMITH"},{"data":"Neutralize","floor":10,"key":"SMITH"},{"data":"Deadly Poison","floor":13,"key":"SMITH"},{"data":"Footwork","floor":15,"key":"SMITH"}],"circlet_count":0,"master_deck":["Strike_G","Strike_G","Strike_G","Defend_G","Defend_G","Defend_G","Defend_G","Defend_G","Survivor","Neutralize+1","Phantasmal Killer+1","Deadly Poison+1","Slice","Caltrops","Deflect","Caltrops","Footwork+1","Slice"],"relics":["Ring of the Snake"],"acts_visited":["Exordium"],"potions_floor_usage":[1,7,12,14,16],"damage_taken":[{"damage":0,"enemies":"2 Louse","floor":1,"turns":4},{"damage":4,"enemies":"Jaw Worm","floor":2,"turns":5},{"damage":0,"enemies":"Small Slimes","floor":3,"turns":4},{"damage":7,"enemies":"Looter","floor":5,"turns":4},{"damage":0,"enemies":"Blue Slaver","floor":7,"turns":4},{"damage":6,"enemies":"Large Slime","floor":12,"turns":7},{"damage":11,"enemies":"Gremlin Gang","floor":14,"turns":4},{"damage":41,"enemies":"Slime Boss","floor":16,"turns":11}],"seed_played":"3674588085852152835","potions_obtained":[{"floor":1,"key":"EntropicBrew"},{"floor":12,"key":"ColorlessPotion"}],"is_trial":false,"path_per_floor":["M","M","M","?","M","R","M","$","T","R","?","M","R","M","R","B"],"character_chosen":"THE_SILENT","items_purchased":["Footwork"],"campfire_rested":0,"item_purchase_floors":[8],"current_hp_per_floor":[70,66,66,59,52,52,52,52,52,52,52,46,46,35,35,0,0],"gold":83,"neow_bonus":"ONE_RANDOM_RARE_CARD","is_daily":false,"chose_seed":false,"campfire_upgraded":4,"win_rate":0.0,"timestamp":1609273172,"path_taken":["M","M","M","?","M","R","M","$","T","R","?","M","R","M","R","BOSS"],"items_purchased_type":["Card"],"build_version":"2020-12-22","purchased_purges":1,"victory":false,"max_hp_per_floor":[70,70,70,70,70,70,70,70,70,70,70,70,70,70,70,70,70],"card_choices":[{"not_picked":["Flying Knee","Eviscerate"],"picked":"Deadly Poison","floor":1},{"not_picked":["PiercingWail","Choke"],"picked":"Slice","floor":2},{"not_picked":["Heel Hook","Distraction"],"picked":"Caltrops","floor":3},{"not_picked":["Acrobatics","Underhanded Strike"],"picked":"Deflect","floor":5},{"not_picked":["Outmaneuver","Acrobatics"],"picked":"Caltrops","floor":7},{"not_picked":["PiercingWail","Predator","Concentrate"],"picked":"SKIP","floor":12},{"not_picked":["Choke","Noxious Fumes"],"picked":"Slice","floor":14}],"player_experience":182989,"relics_obtained":[],"event_choices":[{"cards_removed":["Strike_G"],"damage_healed":0,"gold_gain":0,"player_choice":"Card Removal","damage_taken":7,"max_hp_gain":0,"max_hp_loss":0,"event_name":"Golden Wing","floor":4,"gold_loss":0},{"damage_healed":0,"gold_gain":0,"player_choice":"Ignored","damage_taken":0,"max_hp_gain":0,"max_hp_loss":0,"event_name":"Liars Game","floor":11,"gold_loss":0}],"is_beta":false,"boss_relics":[],"items_purged_floors":[8],"is_endless":false,"potions_floor_spawned":[1,2,5,12],"killed_by":"Slime Boss","ascension_level":0}}