{"host":"ab2s6ezjqdgtrlyf","time":1609250351,"event":{"mods":["BaseMod","Colored Map","Downfall","Highlight Path","Marked Mod","Minty Spire (QoL Compilation)","Quick Restart","Relic Stats","Spicy Shops","StSLib","Waifu the Spire","vexMod","¡¾ÒÅÎï¿¨ÅÆ¡¿REMEMod"],"gold_per_floor":[116,116,116,41,141,173,173,204,204,204,221,221,221,319,319,323,323],"floor_reached":16,"playtime":216,"items_purged":["Strike_P"],"score":262,"play_id":"65fbd119-c09b-4b1c-88ac-d257336a927a","local_time":"20201229215911","is_ascension_mode":true,"campfire_choices":[{"data":"Eruption","floor":7.0,"key":"SMITH"},{"data":"Conclude","floor":10.0,"key":"SMITH"},{"data":"Vigilance","floor":13.0,"key":"SMITH"},{"data":"Indignation","floor":15.0,"key":"SMITH"}],"circlet_count":0,"master_deck":["AscendersBane","Strike_P","Strike_P","Defend_P","Defend_P","Defend_P","Eruption+1","Vigilance+1","Consecrate","Conclude+1","Scrawl","Indignation+1"],"relics":["PureWater","REME_ComplimentaryCards","NeowsBlessing","Mercury Hourglass","vexMod:ConsolationPrize","Singing Bowl","Regal Pillow"],"acts_visited":["Exordium"],"potions_floor_usage":[],"damage_taken":[{"damage":0.0,"enemies":"2 Louse","floor":1.0,"turns":1.0},{"damage":0.0,"enemies":"Lagavulin","floor":6.0,"turns":1.0},{"damage":0.0,"enemies":"3 Sentries","floor":8.0,"turns":1.0},{"damage":0.0,"enemies":"Cultist","floor":11.0,"turns":1.0},{"damage":40.0,"enemies":"Lagavulin Event","floor":14.0,"turns":3.0},{"damage":28,"enemies":"Hexaghost","floor":16,"turns":4}],"seed_played":"-7190274536963516778","potions_obtained":[{"floor":6.0,"key":"REME_GoldPotion"},{"floor":11.0,"key":"CultistPotion"}],"is_trial":false,"path_per_floor":["M","?","$","$","?","E","R","E","T","R","M","?","R","?","R","B"],"character_chosen":"WATCHER","items_purchased":[],"campfire_rested":0,"item_purchase_floors":[],"current_hp_per_floor":[61,61,61,61,61,61,61,61,61,61,61,61,61,23,23,0,0],"gold":323,"neow_bonus":"THREE_ENEMY_KILL","is_daily":false,"chose_seed":false,"campfire_upgraded":4,"win_rate":0.0,"timestamp":1609250351,"path_taken":["M","?","?","$","?","E","R","E","T","R","?","?","R","?","R","BOSS"],"items_purchased_type":[],"build_version":"2020-12-22","purchased_purges":1,"victory":false,"max_hp_per_floor":[68,68,68,68,68,68,68,68,68,68,68,68,68,70,70,70,70],"relic_stats":{"Regal Pillow":0,"Singing Bowl":2,"counters":[6,11],"obtain_stats":[{"Regal Pillow":14,"NeowsBlessing":0,"Singing Bowl":9,"vexMod:ConsolationPrize":8,"PureWater":0,"REME_ComplimentaryCards":0,"Mercury Hourglass":6},{"Regal Pillow":5,"NeowsBlessing":0,"Singing Bowl":3,"vexMod:ConsolationPrize":3,"PureWater":0,"REME_ComplimentaryCards":0,"Mercury Hourglass":2},{"Regal Pillow":7,"NeowsBlessing":0,"Singing Bowl":3,"vexMod:ConsolationPrize":3,"PureWater":0,"REME_ComplimentaryCards":0,"Mercury Hourglass":2}],"Mercury Hourglass":[27]},"card_choices":[{"not_picked":["MarkedMod:Acupuncture","WaveOfTheHand"],"picked":"Consecrate","floor":1.0},{"not_picked":["Ragnarok","Halt"],"picked":"Conclude","floor":6.0},{"not_picked":["JustLucky","PathToVictory"],"picked":"Scrawl","floor":8.0},{"not_picked":["Evaluate","Crescendo"],"picked":"Indignation","floor":11.0},{"not_picked":["SashWhip","WaveOfTheHand","CutThroughFate"],"picked":"Singing Bowl","floor":14.0}],"player_experience":652568,"relics_obtained":[{"floor":6.0,"key":"Mercury Hourglass"},{"floor":8.0,"key":"vexMod:ConsolationPrize"},{"floor":9.0,"key":"Singing Bowl"},{"floor":14.0,"key":"Regal Pillow"}],"event_choices":[{"cards_removed":["Defend_P"],"damage_healed":0.0,"max_hp_gain":0.0,"max_hp_loss":0.0,"gold_gain":0.0,"event_name":"Purifier","player_choice":"Purged","floor":2.0,"gold_loss":0.0,"damage_taken":0.0},{"damage_healed":0.0,"max_hp_gain":0.0,"max_hp_loss":0.0,"gold_gain":100.0,"event_name":"Golden Shrine","player_choice":"Pray","floor":5.0,"gold_loss":0.0,"damage_taken":0.0},{"cards_removed":["Strike_P"],"damage_healed":0.0,"max_hp_gain":0.0,"max_hp_loss":0.0,"gold_gain":0.0,"event_name":"Living Wall","player_choice":"Forget","floor":12.0,"gold_loss":0.0,"damage_taken":0.0},{"damage_healed":0.0,"max_hp_gain":0.0,"max_hp_loss":0.0,"gold_gain":0.0,"event_name":"Dead Adventurer","player_choice":"Searched \u00271\u0027 times","floor":14.0,"gold_loss":0.0,"damage_taken":0.0}],"is_beta":false,"boss_relics":[],"items_purged_floors":[4],"is_endless":false,"potions_floor_spawned":[6,11],"killed_by":"Hexaghost","ascension_level":14}}