{"host":"94aus4jnk6thj94q","time":1609248726,"event":{"mods":["BaseMod","Minty Spire (QoL Compilation)","Quick Restart","StSLib"],"gold_per_floor":[115,132,145,164,176,176,219,219,246,266,293,304,332,37,37,143,193,213,223,78,97,111,111,134,154,154,154,182,182,182,213,213,318,318,329,329,329],"floor_reached":36,"playtime":2850,"items_purged":[],"score":396,"play_id":"c179e824-4dc3-4eeb-b69e-0b5eb14f505b","local_time":"20201229153206","is_ascension_mode":false,"campfire_choices":[{"data":"Juggernaut","floor":6.0,"key":"SMITH"},{"floor":8.0,"key":"REST"},{"floor":15.0,"key":"RECALL"},{"floor":23.0,"key":"REST"},{"floor":27.0,"key":"REST"},{"floor":29.0,"key":"REST"},{"floor":32,"key":"REST"}],"circlet_count":0,"master_deck":["Strike_R","Strike_R","Strike_R+1","Strike_R","Strike_R","Defend_R","Defend_R","Defend_R","Defend_R","Bash","Injury","Armaments","Cleave","Juggernaut+1","Iron Wave","Evolve","Flame Barrier","Heavy Blade","Shrug It Off","Metallicize","Good Instincts","Barricade","Rage+1","Metallicize","Entrench","Impervious"],"relics":["Black Blood","Du-Vu Doll","CeramicFish","Anchor","ClockworkSouvenir","Tiny House","Lantern","Tiny Chest"],"acts_visited":["Exordium","TheCity","TheBeyond"],"potions_floor_usage":[],"damage_taken":[{"damage":1.0,"enemies":"Cultist","floor":1.0,"turns":3.0},{"damage":8.0,"enemies":"Jaw Worm","floor":2.0,"turns":3.0},{"damage":2.0,"enemies":"2 Louse","floor":3.0,"turns":2.0},{"damage":6.0,"enemies":"Red Slaver","floor":4.0,"turns":4.0},{"damage":9.0,"enemies":"2 Fungi Beasts","floor":5.0,"turns":3.0},{"damage":38.0,"enemies":"3 Sentries","floor":7.0,"turns":7.0},{"damage":2.0,"enemies":"Exordium Wildlife","floor":10.0,"turns":5.0},{"damage":0.0,"enemies":"Red Slaver","floor":11.0,"turns":3.0},{"damage":2.0,"enemies":"Blue Slaver","floor":12.0,"turns":3.0},{"damage":12.0,"enemies":"Looter","floor":13.0,"turns":4.0},{"damage":15.0,"enemies":"Slime Boss","floor":16.0,"turns":9.0},{"damage":14.0,"enemies":"Chosen","floor":18.0,"turns":6.0},{"damage":12.0,"enemies":"Spheric Guardian","floor":19.0,"turns":4.0},{"damage":21.0,"enemies":"Snake Plant","floor":21.0,"turns":5.0},{"damage":29.0,"enemies":"Snecko","floor":22.0,"turns":7.0},{"damage":10.0,"enemies":"Centurion and Healer","floor":24.0,"turns":11.0},{"damage":0.0,"enemies":"Chosen and Byrds","floor":25.0,"turns":7.0},{"damage":27.0,"enemies":"Cultist and Chosen","floor":28.0,"turns":8.0},{"damage":0.0,"enemies":"Snake Plant","floor":30.0,"turns":1.0},{"damage":31.0,"enemies":"Book of Stabbing","floor":31.0,"turns":8.0},{"damage":28,"enemies":"Champ","floor":33,"turns":22},{"damage":12,"enemies":"Orb Walker","floor":35,"turns":4},{"damage":22,"enemies":"3 Darklings","floor":36,"turns":5}],"seed_played":"5714335765181513428","potions_obtained":[{"floor":1.0,"key":"DuplicationPotion"},{"floor":2.0,"key":"Block Potion"},{"floor":5.0,"key":"Swift Potion"},{"floor":12.0,"key":"EssenceOfSteel"},{"floor":13.0,"key":"Ancient Potion"},{"floor":17.0,"key":"SteroidPotion"},{"floor":22.0,"key":"LiquidMemories"},{"floor":24.0,"key":"SmokeBomb"},{"floor":28.0,"key":"SkillPotion"},{"floor":33,"key":"Strength Potion"}],"is_trial":false,"path_per_floor":["M","M","M","M","M","R","E","R","T","M","M","M","M","$","R","B",null,"M","M","$","M","M","R","M","M","T","R","M","R","M","E","R","B",null,"M","M"],"character_chosen":"IRONCLAD","items_purchased":["ClockworkSouvenir","Metallicize","Good Instincts","Lantern"],"campfire_rested":5,"item_purchase_floors":[14,14,14,20],"current_hp_per_floor":[80,78,80,80,77,77,45,69,69,73,79,80,74,74,74,65,85,77,71,71,56,33,58,54,60,60,85,64,85,85,60,85,63,85,85,63,63],"gold":329,"neow_bonus":"ONE_RARE_RELIC","is_daily":false,"chose_seed":false,"campfire_upgraded":1,"win_rate":0.0,"timestamp":1609248726,"path_taken":["M","?","M","M","M","R","E","R","T","M","M","M","M","$","R","BOSS","M","M","$","M","M","R","M","M","T","R","M","R","M","E","R","BOSS","M","M"],"items_purchased_type":["Relic","Card","Card","Relic"],"build_version":"2020-12-22","purchased_purges":0,"victory":false,"max_hp_per_floor":[80,80,80,80,80,80,80,80,80,80,80,80,80,80,80,80,85,85,85,85,85,85,85,85,85,85,85,85,85,85,85,85,85,85,85,85,85],"card_choices":[{"not_picked":["Warcry","Searing Blow"],"picked":"Armaments","floor":1.0},{"not_picked":["Burning Pact","Havoc"],"picked":"Cleave","floor":2.0},{"not_picked":["Shrug It Off","Dark Embrace"],"picked":"Juggernaut","floor":3.0},{"not_picked":["Headbutt","Wild Strike"],"picked":"Iron Wave","floor":4.0},{"not_picked":["True Grit","Bloodletting"],"picked":"Evolve","floor":5.0},{"not_picked":["Second Wind","Rampage"],"picked":"Flame Barrier","floor":7.0},{"not_picked":["Headbutt","Clothesline","Flex"],"picked":"SKIP","floor":10.0},{"not_picked":["Thunderclap","Feed"],"picked":"Heavy Blade","floor":11.0},{"not_picked":["Power Through","Thunderclap","Warcry"],"picked":"SKIP","floor":12.0},{"not_picked":["Fire Breathing","Armaments"],"picked":"Shrug It Off","floor":13.0},{"not_picked":["Limit Break","Fiend Fire"],"picked":"Barricade","floor":16.0},{"not_picked":["Clothesline+1","Pummel","Heavy Blade"],"picked":"SKIP","floor":18.0},{"not_picked":["Feel No Pain","Perfected Strike+1","Disarm+1"],"picked":"SKIP","floor":19.0},{"not_picked":["Searing Blow","Clothesline","Battle Trance"],"picked":"SKIP","floor":21.0},{"not_picked":["Rupture","Pummel+1","Burning Pact"],"picked":"SKIP","floor":22.0},{"not_picked":["Bloodletting","Spot Weakness"],"picked":"Rage+1","floor":24.0},{"not_picked":["Perfected Strike","Havoc+1"],"picked":"Metallicize","floor":25.0},{"not_picked":["Power Through+1","Thunderclap"],"picked":"Entrench","floor":28.0},{"not_picked":["Clothesline","Dropkick","Headbutt"],"picked":"SKIP","floor":31.0},{"not_picked":["Immolate","Offering"],"picked":"Impervious","floor":33},{"not_picked":["Bloodletting+1","Anger+1","Pummel"],"picked":"SKIP","floor":35}],"player_experience":5646326,"relics_obtained":[{"floor":7.0,"key":"CeramicFish"},{"floor":9.0,"key":"Anchor"},{"floor":31.0,"key":"Tiny Chest"}],"event_choices":[],"is_beta":false,"boss_relics":[{"not_picked":["Philosopher\u0027s Stone","Empty Cage"],"picked":"Tiny House"},{"not_picked":["SlaversCollar","Busted Crown"],"picked":"Black Blood"}],"items_purged_floors":[],"is_endless":false,"potions_floor_spawned":[1,2,5,12,13,22,24,25,28,30,33],"killed_by":"3 Darklings","ascension_level":0}}