{"host":"61ejhfsushs0xmcl","time":1609249725,"event":{"mods":["ATMod(阿瑾Mod)","Act Like it!","BaseMod","Colored Map","Gensokyo","Gold Saver","Marisa（F雨　魔理沙）","Minty Spire (QoL Compilation)","MostiFishMod","Pale of the Ancients","Spicy Shops","StSLib","TestMod","Waifu the Spire","【遗物卡牌】REMEMod","篝火指南"],"gold_per_floor":[112,132,132,532,555,567,582,609,609,609,635,735,242,254,254,575,575,741,741,756,756,756,789,789,902,902,760,230,230,273,323,323,431,431,619,66,345,345,13,13,37,316,316,347,347,389,412,429,429,432,435,460,479,499,65,65,83,83,83,83,86],"floor_reached":62,"playtime":2472,"items_purged":["Doubt","Gensokyo:AllTheWorldsEvil","DeceiveReality","Protect"],"score":3603,"play_id":"64f11b9d-9ad4-46a3-a900-7fb9ad6df065","local_time":"20201229214845","is_ascension_mode":true,"campfire_choices":[{"data":"AT_Dispersion","floor":10.0,"key":"SMITH"},{"data":"1","floor":15.0,"key":"LIFT"},{"data":"AT_ChampionKick","floor":24.0,"key":"SMITH"},{"data":"2","floor":29.0,"key":"LIFT"},{"data":"3","floor":32.0,"key":"LIFT"},{"data":"Adaptation","floor":40,"key":"SMITH"},{"floor":45,"key":"RECALL"},{"data":"MostiFishMod:Pointsdynamics","floor":49,"key":"SMITH"},{"data":"Tantrum","floor":56,"key":"SMITH"},{"data":"InnerPeace","floor":58,"key":"SMITH"}],"circlet_count":0,"master_deck":["AscendersBane","Eruption+1","Vigilance","AT_Dispersion+1","Gensokyo:MorningStar+1","InnerPeace+1","Adaptation+1","MostiFishMod:Pointsdynamics+1","Gensokyo:SpontaneousHumanCombustion+1","AT_ChampionKick+1","AT_IrregularMenstruation","AT_ChampionStep+1","Pray+1","Indignation","MostiFishMod:LegendTransform+1","PathToVictory","MostiFishMod:DisColor+1","Gensokyo:ShootingStar","Brilliance+1","MostiFishMod:Adaptation+1","Scrawl+1","ClearTheMind","MostiFishMod:Disappear+1","Worship","MostiFishMod:DisColor+1","InnerPeace","Omniscience+1","Tantrum+1","Devotion+1"],"relics":["PureWater","testmod-TestBox","AT_ATBox","REME_ComplimentaryCards","NeowsBlessing","testmod-NegativeEmotionEnhancer","SentryEyes","SynthV:TestCard","ImprovedEquipment","testmod-Hope","Bottled Lightning","Girya","Dodecahedron","GuanYuAspect","testmod-ArcanaOfDestiny","Gensokyo:RedStar","REME_ArchaeologicalTools","HornCleat","AT_BellowingDragoncrestRing","BrkXgEgg","ClockworkSouvenir","TheAbacus","Regal Pillow","Pandora\u0027s Box","testmod-IndustrialRevolution","Whetstone","BionicSphere","ThornShield","DianDianMeat","Technique","Mercury Hourglass","AT_DeathDance","Vajra","CeramicFish","Torii","Yang","paleoftheancients:Timepiece","paleoftheancients:KeyRelic","Oddly Smooth Stone","Gremlin Horn","paleoftheancients:SoulOfTheShapes","paleoftheancients:BlurryLens","TeardropLocket","testmod-Justice"],"acts_visited":["Exordium","Gensokyo:Gensokyo","Gensokyo:Gensokyoer","Gensokyo:Gensokyoest"],"potions_floor_usage":[],"damage_taken":[{"damage":0.0,"enemies":"Gensokyo:3_Fairies","floor":1.0,"turns":1.0},{"damage":0.0,"enemies":"Gensokyo:Gryphon","floor":2.0,"turns":1.0},{"damage":0.0,"enemies":"Gensokyo:2_Kodama","floor":6.0,"turns":1.0},{"damage":0.0,"enemies":"Gensokyo:LivingMonolith","floor":7.0,"turns":2.0},{"damage":0.0,"enemies":"Gensokyo:Cirno","floor":8.0,"turns":4.0},{"damage":0.0,"enemies":"Gensokyo:Mamizou","floor":11.0,"turns":5.0},{"damage":19.0,"enemies":"Gensokyo:CorruptedTreant","floor":14.0,"turns":3.0},{"damage":28.0,"enemies":"Gensokyo:Reimu","floor":16.0,"turns":6.0},{"damage":4.0,"enemies":"Gensokyo:AngelMirror","floor":18.0,"turns":3.0},{"damage":5.0,"enemies":"Gensokyo:CosmicMonolith","floor":20.0,"turns":2.0},{"damage":18.0,"enemies":"Gensokyo:Tenshi","floor":23.0,"turns":1.0},{"damage":11.0,"enemies":"Gensokyo:Reisen","floor":25.0,"turns":4.0},{"damage":26.0,"enemies":"Gensokyo:Slime_Group","floor":30.0,"turns":4.0},{"damage":3.0,"enemies":"Gensokyo:Tenshi","floor":31.0,"turns":4.0},{"damage":0.0,"enemies":"Gensokyo:Eternal_Rivals","floor":33.0,"turns":6.0},{"damage":0.0,"enemies":"Gensokyo:3_Bats","floor":35.0,"turns":2.0},{"damage":0,"enemies":"Gensokyo:AncientGuardian","floor":37,"turns":3},{"damage":0,"enemies":"Gensokyo:3_Boulders","floor":41,"turns":2},{"damage":0,"enemies":"Gensokyo:Marisa","floor":42,"turns":1},{"damage":0,"enemies":"Gensokyo:Kasen","floor":44,"turns":1},{"damage":0,"enemies":"Gensokyo:Marisa","floor":46,"turns":1},{"damage":0,"enemies":"Gensokyo:SeedOfUnknown","floor":47,"turns":1},{"damage":0,"enemies":"Gensokyo:Sharpion","floor":48,"turns":2},{"damage":0,"enemies":"Gensokyo:Scarlet_Devils","floor":50,"turns":2},{"damage":0,"enemies":"Gensokyo:Shinki","floor":51,"turns":3},{"damage":0,"enemies":"Gensokyo:Shinki","floor":52,"turns":1},{"damage":0,"enemies":"Gensokyo:Shinki","floor":53,"turns":2},{"damage":0,"enemies":"paleoftheancients:BASlime2","floor":54,"turns":1},{"damage":0,"enemies":"paleoftheancients:BASlime2","floor":20,"turns":1},{"damage":0,"enemies":"paleoftheancients:N","floor":61,"turns":2}],"seed_played":"-3291546629180442413","potions_obtained":[{"floor":1.0,"key":"Explosive Potion"},{"floor":14.0,"key":"LiquidBronze"},{"floor":25.0,"key":"Energy Potion"},{"floor":35.0,"key":"StancePotion"},{"floor":52,"key":"Ambrosia"}],"is_trial":false,"path_per_floor":["M","M","?","?","T","M","M","E","T","R","E","?","COS","M","R","B",null,"M","?","M","?","?","E","R","E","T","$","COS","R","M","E","R","B",null,"M","$","M","?","COS","R","M","E","T","E","R","E","M","M","R","B","B","M","M","M","$","R","M","R","T","?","B",null],"character_chosen":"WATCHER","items_purchased":["BrkXgEgg","testmod-IndustrialRevolution","Whetstone","TeardropLocket"],"campfire_rested":0,"item_purchase_floors":[27,36,36,55],"current_hp_per_floor":[65,67,67,67,67,70,72,73,73,73,74,74,74,57,57,31,38,39,39,37,37,37,41,41,33,33,33,33,33,13,17,17,34,38,45,45,47,24,30,30,37,45,45,54,54,62,69,74,74,75,76,81,85,86,86,86,87,87,87,87,88],"gold":86,"neow_bonus":"THREE_ENEMY_KILL","is_daily":false,"chose_seed":false,"campfire_upgraded":6,"win_rate":0.0,"timestamp":1609249725,"path_taken":["M","M","?","?","?","M","M","E","T","R","E","?","COS","M","R","BOSS","M","?","M","?","?","E","R","E","T","?","COS","R","M","E","R","BOSS","M","$","M","?","COS","R","M","E","T","E","R","E","M","?","R","BOSS","BOSS","M","M","?","$","R","M","R","T","?","BOSS"],"items_purchased_type":["Relic","Relic","Relic","Relic"],"build_version":"2020-12-22","purchased_purges":4,"victory":true,"max_hp_per_floor":[69,70,70,70,70,71,72,73,73,73,74,74,74,75,75,76,38,39,39,40,40,40,41,41,42,42,42,42,42,43,44,44,45,45,46,46,47,47,57,57,58,64,64,65,65,72,73,74,74,75,76,84,85,86,86,86,87,87,87,87,88],"card_choices":[{"not_picked":["BowlingBash","Evaluate"],"picked":"InnerPeace","floor":1.0},{"not_picked":["InnerPeace","AT_DivineConfetti","ThirdEye","FlurryOfBlows"],"picked":"Adaptation","floor":2.0},{"not_picked":["BowlingBash","CrushJoints","Wish","Meditate","Evaluate"],"picked":"SKIP","floor":6.0},{"not_picked":["CrushJoints","Consecrate","MostiFishMod:Nomercy","FollowUp","WaveOfTheHand"],"picked":"SKIP","floor":7.0},{"not_picked":["Vengeance","SashWhip","MostiFishMod:Speedup","AT_RealFormLess"],"picked":"MostiFishMod:Pointsdynamics","floor":8.0},{"not_picked":["Study","ClearTheMind","Prostrate","Protect","EmptyMind"],"picked":"SKIP","floor":11.0},{"not_picked":["WindmillStrike","CutThroughFate","MostiFishMod:Speedup","EmptyBody","Prostrate"],"picked":"SKIP","floor":14.0},{"not_picked":["Wish","DevaForm","Devotion","REME_CRH"],"picked":"AT_ChampionKick","floor":16.0},{"not_picked":["Scrawl","MostiFishMod:Moonprays","Establishment","MostiFishMod:Minus"],"picked":"AT_IrregularMenstruation","floor":18.0},{"not_picked":["Protect","Swivel","EmptyFist","Consecrate"],"picked":"AT_ChampionStep","floor":18.0},{"not_picked":["JustLucky","ClearTheMind","FollowUp","MostiFishMod:Dust"],"picked":"Pray+1","floor":20.0},{"not_picked":["SashWhip","EmptyFist","Consecrate","FlyingSleeves","Collect"],"picked":"SKIP","floor":23.0},{"not_picked":["CrushJoints","MostiFishMod:StarOceanP","Swivel","MostiFishMod:Speedup"],"picked":"MostiFishMod:LegendTransform+1","floor":25.0},{"not_picked":["ForeignInfluence","Halt","SashWhip","MostiFishMod:FlowState"],"picked":"PathToVictory","floor":30.0},{"not_picked":["REME_Repentance","FlurryOfBlows","DeceiveReality","FearNoEvil"],"picked":"MostiFishMod:DisColor+1","floor":31.0},{"not_picked":[],"picked":"Gensokyo:ShootingStar","floor":33.0},{"not_picked":["MostiFishMod:OutWit+1","MostiFishMod:DustFall+1","SpiritShield+1","AT_RealColorLess+1"],"picked":"Brilliance+1","floor":33.0},{"not_picked":["MostiFishMod:KamiSmash+1","Alpha+1","MostiFishMod:StarLaLaLa+1","AT_RealColorLess+1"],"picked":"MostiFishMod:Adaptation+1","floor":33.0},{"not_picked":["Sanctity","Nirvana","PathToVictory","Evaluate","SashWhip"],"picked":"SKIP","floor":35.0},{"not_picked":["ClearTheMind","PathToVictory","EmptyMind+1","SashWhip","Swivel"],"picked":"SKIP","floor":37},{"not_picked":["Protect+1","MostiFishMod:Clarity","Collect+1","MostiFishMod:Nomercy","BowlingBash"],"picked":"SKIP","floor":41},{"not_picked":["MostiFishMod:StarOceanP","MostiFishMod:Unraveling","MasterReality","MostiFishMod:StarWish"],"picked":"Omniscience","floor":42},{"not_picked":["ThirdEye","Evaluate","BowlingBash","REME_Repentance+1","Crescendo"],"picked":"SKIP","floor":42},{"not_picked":["MostiFishMod:LegendTransform","ThirdEye+1","Protect+1","ClearTheMind+1","Swivel+1"],"picked":"SKIP","floor":44},{"not_picked":["WaveOfTheHand","AT_OneInchPunch","ThirdEye","EmptyFist"],"picked":"Tantrum","floor":46},{"not_picked":["CarveReality","Consecrate","Protect","FlurryOfBlows","JustLucky"],"picked":"SKIP","floor":47},{"not_picked":["EmptyMind","BowlingBash","WindmillStrike","SignatureMove+1","EmptyBody+1"],"picked":"SKIP","floor":48},{"not_picked":["MentalFortress","Vengeance","Prostrate+1","Crescendo+1"],"picked":"Devotion+1","floor":52},{"not_picked":["FollowUp","Consecrate","FlyingSleeves","BattleHymn","JustLucky+1"],"picked":"SKIP","floor":53},{"not_picked":["Vengeance","ClearTheMind","AT_SoftenMuscles+1","FlyingSleeves+1","BowlingBash+1"],"picked":"SKIP","floor":54},{"not_picked":["Prostrate","REME_Repentance","MostiFishMod:Clarity","Wallop+1","MostiFishMod:Nomercy"],"picked":"SKIP","floor":107}],"player_experience":818699,"relics_obtained":[{"floor":1.0,"key":"SynthV:TestCard"},{"floor":8.0,"key":"testmod-Hope"},{"floor":9.0,"key":"Bottled Lightning"},{"floor":11.0,"key":"Girya"},{"floor":23.0,"key":"REME_ArchaeologicalTools"},{"floor":25.0,"key":"HornCleat"},{"floor":26.0,"key":"AT_BellowingDragoncrestRing"},{"floor":31.0,"key":"Regal Pillow"},{"floor":42,"key":"Mercury Hourglass"},{"floor":43,"key":"AT_DeathDance"},{"floor":44,"key":"CeramicFish"},{"floor":46,"key":"Yang"},{"floor":53,"key":"paleoftheancients:SoulOfTheShapes"},{"floor":54,"key":"paleoftheancients:BlurryLens"},{"floor":58,"key":"paleoftheancients:SoulOfTheHexaghost"},{"floor":59,"key":"testmod-Justice"}],"event_choices":[{"damage_healed":0.0,"max_hp_gain":0.0,"max_hp_loss":0.0,"gold_gain":0.0,"event_name":"给自己的盒子","player_choice":"Swap Relic","floor":3.0,"relics_lost":["DaveBox"],"gold_loss":0.0,"damage_taken":0.0,"relics_obtained":["DaveBox"]},{"damage_healed":0.0,"max_hp_gain":0.0,"max_hp_loss":0.0,"gold_gain":400.0,"event_name":"恩洛斯的盘子","player_choice":"Sell","floor":4.0,"relics_lost":["DaveBox"],"gold_loss":0.0,"damage_taken":0.0}],"is_beta":false,"boss_relics":[{"not_picked":["MostiFishMod:Hod","testmod-DeterminationOfClimber"],"picked":"GuanYuAspect"},{"not_picked":["PatriotShield","HolyWater"],"picked":"Pandora\u0027s Box"}],"items_purged_floors":[27,36,36,55],"is_endless":false,"potions_floor_spawned":[1,14,18,25,33,35,41,46,48,52,54],"ascension_level":20}}