{"host":"h4lp0eeso8a0ssq0","time":1609205854,"event":{"mods":["2.2 Compatiblity","AchievementEnabler","Astrologer","BaseMod","CapriCore","Colored Map","Downfall","Hermit","Lobotomy","Marisa£¨Ùöéë¡¡Øª×âÞÞ£©","Minty Spire (QoL Compilation)","StSLib","SuperFastMode","The Cursed","The Hierophant","The Immortal"],"gold_per_floor":[19,19,40,40,63,13,47,47,126,144,144,187,208,222,222,352,352,377,138,53,67,67,67,105,105,105,105,130,130,130,148,148,148,148],"floor_reached":33,"playtime":1427,"items_purged":["astrologer:Strike"],"score":275,"play_id":"85515c5b-c398-4ee6-ae7a-0ab75547fc60","local_time":"20201229103734","is_ascension_mode":false,"campfire_choices":[{"floor":8.0,"key":"REST"},{"data":"astrologer:Fate","floor":11.0,"key":"SMITH"},{"floor":15.0,"key":"REST"},{"data":"astrologer:Strength","floor":23.0,"key":"SMITH"},{"data":"1","floor":25.0,"key":"LIFT"},{"floor":29.0,"key":"REST"},{"floor":32,"key":"RECALL"}],"circlet_count":0,"master_deck":["astrologer:Strike","astrologer:Strike","astrologer:Defend+1","astrologer:Defend+1","astrologer:Defend","astrologer:Defend","astrologer:NorthStar","astrologer:TheFool","astrologer:Opposition","astrologer:CosmicExpanse+1","astrologer:Opposition","astrologer:Fate+1","astrologer:TheHermit","astrologer:Opposition","astrologer:Moonlight+1","astrologer:Strength+1","astrologer:TheSun","astrologer:TheSun","astrologer:Judgement","astrologer:Trine","astrologer:Stardust+1"],"relics":["astrologer:SkyMirror","Bloody Idol","Omamori","White Beast Statue","Anchor","Calling Bell","War Paint","Mercury Hourglass","Bird Faced Urn","Ornamental Fan","Girya","Lizard Tail"],"acts_visited":["Exordium","TheCity"],"potions_floor_usage":[33],"damage_taken":[{"damage":0.0,"enemies":"Small Slimes","floor":1.0,"turns":4.0},{"damage":0.0,"enemies":"2 Louse","floor":3.0,"turns":2.0},{"damage":0.0,"enemies":"Jaw Worm","floor":5.0,"turns":3.0},{"damage":40.0,"enemies":"Lagavulin","floor":7.0,"turns":6.0},{"damage":2.0,"enemies":"Large Slime","floor":10.0,"turns":6.0},{"damage":23.0,"enemies":"3 Sentries","floor":12.0,"turns":11.0},{"damage":0.0,"enemies":"Looter","floor":13.0,"turns":3.0},{"damage":0.0,"enemies":"3 Louse","floor":14.0,"turns":3.0},{"damage":31.0,"enemies":"The Guardian","floor":16.0,"turns":12.0},{"damage":10.0,"enemies":"Chosen","floor":18.0,"turns":4.0},{"damage":15.0,"enemies":"3 Byrds","floor":21.0,"turns":4.0},{"damage":13.0,"enemies":"Slavers","floor":24.0,"turns":3.0},{"damage":4.0,"enemies":"Snecko","floor":28.0,"turns":4.0},{"damage":18,"enemies":"Centurion and Healer","floor":31,"turns":5},{"damage":77,"enemies":"Champ","floor":33,"turns":8}],"seed_played":"-6560548064457160966","potions_obtained":[{"floor":1.0,"key":"DistilledChaos"},{"floor":7.0,"key":"SteroidPotion"},{"floor":10.0,"key":"SpeedPotion"},{"floor":12.0,"key":"ColorlessPotion"},{"floor":13.0,"key":"hexamod:EctoCoolerPotion"},{"floor":16.0,"key":"LiquidMemories"},{"floor":18.0,"key":"LiquidBronze"},{"floor":21.0,"key":"Regen Potion"},{"floor":24.0,"key":"Explosive Potion"},{"floor":31,"key":"GamblersBrew"}],"is_trial":false,"path_per_floor":["M","?","M","?","M","?","E","R","T","M","R","E","M","M","R","B",null,"M","$","?","M","?","R","E","R","T","?","M","R","?","M","R","B"],"character_chosen":"ASTROLOGER","items_purchased":["astrologer:TheSun"],"campfire_rested":3,"item_purchase_floors":[19],"current_hp_per_floor":[84,78,78,62,62,62,22,45,45,43,43,20,20,20,43,12,78,68,68,68,53,53,53,40,40,40,40,38,61,61,48,48,39,39],"gold":148,"neow_bonus":"TWENTY_PERCENT_HP_BONUS","is_daily":false,"chose_seed":false,"campfire_upgraded":2,"win_rate":0.0,"timestamp":1609205854,"path_taken":["M","?","M","?","M","?","E","R","T","M","R","E","M","?","R","BOSS","M","$","?","M","?","R","E","R","T","?","M","R","?","M","R","BOSS"],"items_purchased_type":["Card"],"build_version":"2020-12-22","purchased_purges":1,"victory":false,"max_hp_per_floor":[84,78,78,78,78,78,78,78,78,78,78,78,78,78,78,78,78,78,78,78,78,78,78,78,78,78,78,78,78,78,78,78,78,78],"card_choices":[{"not_picked":["astrologer:TheLovers","astrologer:ReadTheStars"],"picked":"astrologer:Opposition","floor":1.0},{"not_picked":["astrologer:SolarFlare","astrologer:Radiance"],"picked":"astrologer:CosmicExpanse","floor":3.0},{"not_picked":["astrologer:MeteorShower","astrologer:Conjunction"],"picked":"astrologer:Opposition","floor":5.0},{"not_picked":["astrologer:Observe","astrologer:MeteorShower"],"picked":"astrologer:Fate","floor":7.0},{"not_picked":["astrologer:Moonlight","astrologer:Opposition"],"picked":"astrologer:TheHermit","floor":10.0},{"not_picked":["astrologer:Stardust","astrologer:ReadTheStars"],"picked":"astrologer:Opposition","floor":12.0},{"not_picked":["astrologer:Stardust","astrologer:SolarFlare"],"picked":"astrologer:Moonlight","floor":13.0},{"not_picked":["astrologer:Radiance","astrologer:Still"],"picked":"astrologer:Strength","floor":14.0},{"not_picked":["astrologer:Trine","astrologer:Nova"],"picked":"astrologer:TheSun","floor":16.0},{"not_picked":["astrologer:CometStrike","astrologer:Opposition","astrologer:Still"],"picked":"SKIP","floor":18.0},{"not_picked":["astrologer:TheStar","astrologer:Eclipse","astrologer:SpaceDust"],"picked":"SKIP","floor":21.0},{"not_picked":["astrologer:FadingStar+1","astrologer:CosmicExpanse"],"picked":"astrologer:Judgement","floor":24.0},{"not_picked":["astrologer:Still","astrologer:Opposition","astrologer:SolarFlare"],"picked":"SKIP","floor":28.0},{"not_picked":["astrologer:Conjunction","astrologer:TheChariot"],"picked":"astrologer:Stardust+1","floor":31}],"player_experience":26110,"relics_obtained":[{"floor":7.0,"key":"Omamori"},{"floor":9.0,"key":"White Beast Statue"},{"floor":12.0,"key":"Anchor"},{"floor":17.0,"key":"War Paint"},{"floor":17.0,"key":"Mercury Hourglass"},{"floor":17.0,"key":"Bird Faced Urn"},{"floor":24.0,"key":"Lizard Tail"}],"event_choices":[{"damage_healed":0.0,"max_hp_gain":0.0,"max_hp_loss":6.0,"gold_gain":0.0,"event_name":"Golden Idol","player_choice":"Lose Max HP","floor":2.0,"gold_loss":0.0,"damage_taken":0.0,"relics_obtained":["Golden Idol"]},{"damage_healed":0.0,"max_hp_gain":0.0,"max_hp_loss":0.0,"gold_gain":0.0,"event_name":"Shining Light","player_choice":"Entered Light","floor":4.0,"gold_loss":0.0,"damage_taken":16.0,"cards_upgraded":["astrologer:CosmicExpanse","astrologer:Defend"]},{"cards_removed":["astrologer:Strike"],"damage_healed":0.0,"max_hp_gain":0.0,"max_hp_loss":0.0,"gold_gain":0.0,"event_name":"The Cleric","player_choice":"Card Removal","floor":6.0,"gold_loss":50.0,"damage_taken":0.0},{"damage_healed":0.0,"max_hp_gain":0.0,"max_hp_loss":0.0,"gold_gain":0.0,"event_name":"Addict","player_choice":"Obtained Relic","floor":20.0,"gold_loss":85.0,"damage_taken":0.0,"relics_obtained":["Ornamental Fan"]},{"damage_healed":0.0,"max_hp_gain":0.0,"max_hp_loss":0.0,"gold_gain":0.0,"event_name":"The Mausoleum","player_choice":"Opened","floor":22.0,"gold_loss":0.0,"damage_taken":0.0,"relics_obtained":["Girya"]},{"damage_healed":0.0,"max_hp_gain":0.0,"max_hp_loss":0.0,"gold_gain":0.0,"event_name":"The Library","player_choice":"Read","floor":27.0,"gold_loss":0.0,"damage_taken":0.0,"cards_obtained":["astrologer:Trine"]},{"damage_healed":0.0,"max_hp_gain":0.0,"max_hp_loss":0.0,"gold_gain":0.0,"event_name":"Forgotten Altar","player_choice":"Gave Idol","floor":30.0,"relics_lost":["Golden Idol"],"gold_loss":0.0,"damage_taken":0.0,"relics_obtained":["Bloody Idol"]}],"is_beta":false,"boss_relics":[{"not_picked":["Coffee Dripper","Black Star"],"picked":"Calling Bell"}],"items_purged_floors":[19],"is_endless":false,"potions_floor_spawned":[1,7,10,12,13,14,16,18,21,24,28,31],"killed_by":"Champ","ascension_level":0}}