{"host":"kda2p2afd6bvz6qo","time":1609282666,"event":{"mods":["BaseMod","Colored Map","Minty Spire (QoL Compilation)","Relic Stats"],"gold_per_floor":[110,110,71,71,146,189,189,229,274,274,274,295,334,357,357,446,446,460,475,493,493,493],"floor_reached":21,"playtime":1210,"items_purged":[],"score":432,"play_id":"33b414b4-9021-4703-a54f-9134e0e51a57","local_time":"20201229225746","is_ascension_mode":true,"campfire_choices":[{"data":"Eviscerate","floor":7,"key":"SMITH"},{"data":"Crippling Poison","floor":10,"key":"SMITH"},{"data":"Bouncing Flask","floor":15,"key":"SMITH"}],"circlet_count":0,"master_deck":["AscendersBane","Survivor","Neutralize","Eviscerate+1","Regret","Crippling Poison+1","Injury","All Out Attack","Escape Plan","Backflip","Reflex","Bouncing Flask+1","Burst","Noxious Fumes","Riddle With Holes","Sucker Punch","Doppelganger","Bane","Slice","All Out Attack","Predator","Adrenaline","Unload","Dagger Throw","Deflect"],"relics":["Ring of the Snake","NeowsBlessing","Lantern","Golden Idol","MealTicket","Torii","Bag of Preparation","The Courier","Darkstone Periapt","Pandora\u0027s Box"],"acts_visited":["Exordium","TheCity"],"potions_floor_usage":[16,18,18],"damage_taken":[{"damage":0,"enemies":"Small Slimes","floor":1,"turns":1},{"damage":0,"enemies":"3 Sentries","floor":6,"turns":2},{"damage":0,"enemies":"Lagavulin","floor":8,"turns":1},{"damage":0,"enemies":"2 Louse","floor":12,"turns":2},{"damage":5,"enemies":"3 Sentries","floor":13,"turns":7},{"damage":7,"enemies":"Jaw Worm","floor":14,"turns":2},{"damage":14,"enemies":"Slime Boss","floor":16,"turns":10},{"damage":2,"enemies":"2 Thieves","floor":18,"turns":3},{"damage":0,"enemies":"Spheric Guardian","floor":19,"turns":1},{"damage":50,"enemies":"Shelled Parasite and Fungi","floor":20,"turns":7},{"damage":3,"enemies":"Cultist and Chosen","floor":21,"turns":2}],"seed_played":"-896522007521271790","potions_obtained":[{"floor":8,"key":"EntropicBrew"},{"floor":14,"key":"DuplicationPotion"},{"floor":16,"key":"Ancient Potion"},{"floor":18,"key":"EssenceOfSteel"}],"is_trial":false,"path_per_floor":["M","?","$","?","?","E","R","E","T","R","T","M","E","M","R","B",null,"M","M","M","M"],"character_chosen":"THE_SILENT","items_purchased":["Crippling Poison"],"campfire_rested":0,"item_purchase_floors":[3],"current_hp_per_floor":[59,59,59,59,48,48,48,48,48,48,48,48,43,36,36,22,55,53,53,3,0,0],"gold":493,"neow_bonus":"THREE_ENEMY_KILL","is_daily":false,"chose_seed":false,"campfire_upgraded":3,"win_rate":0.0,"timestamp":1609282666,"path_taken":["M","?","$","?","?","E","R","E","T","R","?","?","E","M","R","BOSS","M","?","M","M"],"items_purchased_type":["Card"],"build_version":"2020-12-22","purchased_purges":0,"victory":false,"max_hp_per_floor":[66,66,66,66,66,66,66,66,66,66,66,66,66,66,66,66,66,66,66,66,66,66],"relic_stats":{"Darkstone Periapt":0,"Torii":24,"counters":[11,38],"Golden Idol":62,"MealTicket":0,"Pandora\u0027s Box":["Noxious Fumes","Riddle With Holes","Sucker Punch","Doppelganger","Bane","Slice","All Out Attack","Predator","Adrenaline","Unload"],"Bag of Preparation":[16],"obtain_stats":[{"Darkstone Periapt":13,"Lantern":2,"NeowsBlessing":0,"Torii":8,"Golden Idol":4,"MealTicket":6,"Pandora\u0027s Box":17,"The Courier":11,"Bag of Preparation":9,"Ring of the Snake":0},{"Darkstone Periapt":5,"Lantern":1,"NeowsBlessing":0,"Torii":3,"Golden Idol":1,"MealTicket":2,"Pandora\u0027s Box":7,"The Courier":3,"Bag of Preparation":3,"Ring of the Snake":0},{"Darkstone Periapt":13,"Lantern":1,"NeowsBlessing":0,"Torii":4,"Golden Idol":1,"MealTicket":3,"Pandora\u0027s Box":25,"The Courier":4,"Bag of Preparation":4,"Ring of the Snake":0}],"Ring of the Snake":[22]},"card_choices":[{"not_picked":["Underhanded Strike","Well Laid Plans"],"picked":"Eviscerate","floor":1},{"not_picked":["Quick Slash","Reflex"],"picked":"All Out Attack","floor":6},{"not_picked":["Dagger Spray","Underhanded Strike"],"picked":"Escape Plan","floor":8},{"not_picked":["Cloak And Dagger","Deflect"],"picked":"Backflip","floor":12},{"not_picked":["Masterful Stab","Blade Dance"],"picked":"Reflex","floor":13},{"not_picked":["Blur","Acrobatics"],"picked":"Bouncing Flask","floor":14},{"not_picked":["Storm of Steel","After Image"],"picked":"Burst","floor":16},{"not_picked":["Deflect","PiercingWail"],"picked":"Dagger Throw","floor":18},{"not_picked":["Flying Knee","Masterful Stab"],"picked":"Deflect","floor":20}],"player_experience":90815,"relics_obtained":[{"floor":6,"key":"MealTicket"},{"floor":8,"key":"Torii"},{"floor":9,"key":"Bag of Preparation"},{"floor":11,"key":"The Courier"},{"floor":13,"key":"Darkstone Periapt"}],"event_choices":[{"damage_healed":0,"gold_gain":0,"player_choice":"Box","damage_taken":0,"relics_obtained":["Lantern"],"max_hp_gain":0,"max_hp_loss":0,"event_name":"Big Fish","floor":2,"gold_loss":0,"cards_obtained":["Regret"]},{"damage_healed":0,"gold_gain":0,"player_choice":"Take Wound","damage_taken":0,"relics_obtained":["Golden Idol"],"max_hp_gain":0,"max_hp_loss":0,"event_name":"Golden Idol","floor":4,"gold_loss":0,"cards_obtained":["Injury"]},{"damage_healed":0,"gold_gain":75,"player_choice":"Gather Gold","damage_taken":11,"max_hp_gain":0,"max_hp_loss":0,"event_name":"World of Goop","floor":5,"gold_loss":0}],"is_beta":false,"boss_relics":[{"not_picked":["Runic Dome","Empty Cage"],"picked":"Pandora\u0027s Box"}],"items_purged_floors":[],"is_endless":false,"potions_floor_spawned":[8,14,16,18],"killed_by":"Cultist and Chosen","ascension_level":15}}