{"host":"2se5dq1do2gp0x9k","time":1609227318,"event":{"mods":["AchievementEnabler","BaseMod","Block Reminder","Colored Map","Colored Powertips","Minty Spire (QoL Compilation)","Relic Stats","StSLib","SuperFastMode"],"gold_per_floor":[113,128,128,128,141,176,176,176,176,57,82,121,136,36,36,129,129,144,169,169,205,224,224,18,18,18,18,18,18,33,83,83,83,83],"floor_reached":33,"playtime":919,"items_purged":["Strike_R","Bash","Strike_R"],"score":506,"play_id":"2f092957-0f08-4ace-bf7c-49cf4fd0c1f6","local_time":"20201228233518","is_ascension_mode":true,"campfire_choices":[{"data":"Shockwave","floor":8,"key":"SMITH"},{"floor":15,"key":"REST"},{"data":"Offering","floor":23,"key":"SMITH"},{"data":"Berserk","floor":25,"key":"SMITH"},{"data":"J.A.X.","floor":29,"key":"SMITH"},{"data":"Uppercut","floor":32,"key":"SMITH"}],"circlet_count":0,"master_deck":["AscendersBane","Strike_R","Strike_R","Strike_R","Defend_R","Defend_R","Defend_R","Defend_R","Uppercut+1","Twin Strike","Carnage","Shockwave+1","Disarm","Anger","Headbutt","Offering+1","CurseOfTheBell","Flame Barrier","Fire Breathing","Ghostly","Ghostly","Ghostly","Wild Strike+1","Bloodletting+1","Berserk+1","J.A.X.+1","Pommel Strike"],"relics":["Burning Blood","NeowsBlessing","Golden Idol","InkBottle","Happy Flower","TungstenRod","Calling Bell","Blood Vial","Singing Bowl","Pocketwatch","Red Mask","Paper Frog"],"acts_visited":["Exordium","TheCity"],"potions_floor_usage":[12,21,33,33],"damage_taken":[{"damage":0,"enemies":"Jaw Worm","floor":1,"turns":1},{"damage":0,"enemies":"Cultist","floor":2,"turns":1},{"damage":0,"enemies":"Small Slimes","floor":5,"turns":1},{"damage":57,"enemies":"Lagavulin","floor":6,"turns":8},{"damage":10,"enemies":"2 Fungi Beasts","floor":11,"turns":3},{"damage":29,"enemies":"3 Sentries","floor":12,"turns":6},{"damage":8,"enemies":"Blue Slaver","floor":13,"turns":4},{"damage":23,"enemies":"The Guardian","floor":16,"turns":11},{"damage":14,"enemies":"Chosen","floor":18,"turns":3},{"damage":15,"enemies":"Shell Parasite","floor":19,"turns":6},{"damage":0,"enemies":"Masked Bandits","floor":21,"turns":5},{"damage":0,"enemies":"Centurion and Healer","floor":22,"turns":5},{"damage":0,"enemies":"Cultist and Chosen","floor":30,"turns":3},{"damage":60,"enemies":"Automaton","floor":33,"turns":6}],"seed_played":"3142130117866331425","potions_obtained":[{"floor":1,"key":"Regen Potion"},{"floor":12,"key":"Swift Potion"},{"floor":13,"key":"EssenceOfSteel"},{"floor":18,"key":"AttackPotion"},{"floor":21,"key":"SteroidPotion"}],"is_trial":false,"path_per_floor":["M","M","?","?","M","E","?","R","T","$","M","E","M","$","R","B",null,"M","M","?","?","M","R","$","R","T","?","?","R","M","?","R","B"],"character_chosen":"IRONCLAD","items_purchased":["Disarm","Berserk"],"campfire_rested":1,"item_purchase_floors":[10,24],"current_hp_per_floor":[74,75,68,58,64,13,35,35,35,35,31,17,15,15,35,18,56,50,43,34,34,34,34,34,34,34,34,34,34,34,34,34,0,0],"gold":83,"neow_bonus":"THREE_ENEMY_KILL","is_daily":false,"chose_seed":false,"campfire_upgraded":5,"win_rate":0.0,"timestamp":1609227318,"path_taken":["M","M","?","?","?","E","?","R","T","$","M","E","M","$","R","BOSS","M","M","?","?","?","R","$","R","T","?","?","R","?","?","R","BOSS"],"items_purchased_type":["Card","Card"],"build_version":"2020-12-22","purchased_purges":3,"victory":false,"max_hp_per_floor":[75,75,68,68,68,68,68,68,68,68,68,68,68,68,68,68,68,68,68,34,34,34,34,34,34,34,34,34,34,34,34,34,34,34],"relic_stats":{"Blood Vial":4,"Happy Flower":[17],"Singing Bowl":0,"counters":[14,63],"Golden Idol":67,"obtain_stats":[{"Calling Bell":17,"Blood Vial":17,"NeowsBlessing":0,"Happy Flower":9,"Singing Bowl":17,"Golden Idol":3,"Red Mask":21,"Burning Blood":0,"InkBottle":6,"TungstenRod":12,"Pocketwatch":17,"Paper Frog":26},{"Calling Bell":8,"Blood Vial":8,"NeowsBlessing":0,"Happy Flower":4,"Singing Bowl":8,"Golden Idol":2,"Red Mask":11,"Burning Blood":0,"InkBottle":4,"TungstenRod":6,"Pocketwatch":8,"Paper Frog":12},{"Calling Bell":35,"Blood Vial":35,"NeowsBlessing":0,"Happy Flower":11,"Singing Bowl":35,"Golden Idol":2,"Red Mask":49,"Burning Blood":0,"InkBottle":11,"TungstenRod":20,"Pocketwatch":35,"Paper Frog":54}],"Burning Blood":55,"InkBottle":[16],"TungstenRod":33,"Pocketwatch":[33]},"card_choices":[{"not_picked":["Evolve","Bloodletting"],"picked":"Uppercut","floor":1},{"not_picked":["Burning Pact","Fire Breathing"],"picked":"Twin Strike","floor":2},{"not_picked":["Seeing Red","Clash"],"picked":"Carnage","floor":5},{"not_picked":["Demon Form","Cleave"],"picked":"Shockwave","floor":6},{"not_picked":["Armaments","Twin Strike"],"picked":"Anger","floor":11},{"not_picked":["Clash","Heavy Blade"],"picked":"Headbutt","floor":12},{"not_picked":["Pommel Strike","Blood for Blood","Metallicize"],"picked":"SKIP","floor":13},{"not_picked":["Impervious","Exhume"],"picked":"Offering","floor":16},{"not_picked":["Headbutt+1","Sentinel"],"picked":"Flame Barrier","floor":18},{"not_picked":["Body Slam+1","Clash"],"picked":"Fire Breathing","floor":19},{"not_picked":["Pommel Strike","Cleave"],"picked":"Wild Strike+1","floor":21},{"not_picked":["Cleave+1","Shrug It Off"],"picked":"Bloodletting+1","floor":22},{"not_picked":["Thunderclap","Combust"],"picked":"Pommel Strike","floor":30}],"player_experience":3650785,"relics_obtained":[{"floor":6,"key":"InkBottle"},{"floor":9,"key":"Happy Flower"},{"floor":12,"key":"TungstenRod"},{"floor":17,"key":"Blood Vial"},{"floor":17,"key":"Singing Bowl"},{"floor":17,"key":"Pocketwatch"},{"floor":21,"key":"Red Mask"},{"floor":26,"key":"Paper Frog"}],"event_choices":[{"damage_healed":0,"gold_gain":0,"player_choice":"Lose Max HP","damage_taken":0,"relics_obtained":["Golden Idol"],"max_hp_gain":0,"max_hp_loss":7,"event_name":"Golden Idol","floor":3,"gold_loss":0},{"damage_healed":0,"gold_gain":0,"player_choice":"Damaged","damage_taken":10,"max_hp_gain":0,"max_hp_loss":0,"event_name":"Wheel of Change","floor":4,"gold_loss":0},{"damage_healed":22,"gold_gain":0,"player_choice":"Banana","damage_taken":0,"max_hp_gain":0,"max_hp_loss":0,"event_name":"Big Fish","floor":7,"gold_loss":0},{"damage_healed":0,"gold_gain":0,"player_choice":"Became a Ghost","damage_taken":0,"max_hp_gain":0,"max_hp_loss":34,"event_name":"Ghosts","floor":20,"gold_loss":0,"cards_obtained":["Ghostly","Ghostly","Ghostly"]},{"damage_healed":0,"gold_gain":0,"player_choice":"Fought Bandits","damage_taken":0,"max_hp_gain":0,"max_hp_loss":0,"event_name":"Masked Bandits","floor":21,"gold_loss":0},{"damage_healed":0,"gold_gain":0,"player_choice":"Obtain J.A.X.","damage_taken":0,"max_hp_gain":0,"max_hp_loss":0,"event_name":"Drug Dealer","floor":27,"gold_loss":0,"cards_obtained":["J.A.X."]},{"damage_healed":0,"gold_gain":0,"player_choice":"Full Heal","damage_taken":0,"max_hp_gain":0,"max_hp_loss":0,"event_name":"Wheel of Change","floor":28,"gold_loss":0},{"damage_healed":0,"gold_gain":50,"player_choice":"Stole From Cult","damage_taken":0,"max_hp_gain":0,"max_hp_loss":0,"event_name":"Nest","floor":31,"gold_loss":0}],"is_beta":false,"boss_relics":[{"not_picked":["Runic Dome","Empty Cage"],"picked":"Calling Bell"}],"items_purged_floors":[10,14,24],"is_endless":false,"potions_floor_spawned":[1,12,13,18,21],"killed_by":"Automaton","ascension_level":20}}