{"host":"kdt6w7ix8lwe69i9","time":1609214577,"event":{"mods":["Bartender","BaseMod","ChefMod","Downfall","Fiend Mod","Jorbs\u0027s Wanderer Trilogy","Minty Spire (QoL Compilation)","Reimu（博丽灵梦）","Robot Space Explorer","StSLib","The Cursed","The Disciple","The Dragon Tamer","The Druid","The Elementalist","The Forsaken","The Gatherer","The Judge","The Marked","TheBandit"],"gold_per_floor":[118,293,313,324,324,324,358,358,358,358,318,348,348,363,363,459,459,469,485,502,601,601,601,614,648,720,261,273,273,293,313,313,411,411,427,82,94,94,94,120,132,132,159,159,171,2,22,22,22,22,22],"floor_reached":50,"playtime":5848,"items_purged":["Doubt"],"score":527,"play_id":"21f0e811-04c2-457f-b951-126e357b3ab8","local_time":"20201228230257","is_ascension_mode":false,"campfire_choices":[{"data":"chefmod:CuttingBoard","floor":6,"key":"SMITH"},{"data":"chefmod:HotSoup","floor":8,"key":"SMITH"},{"floor":15,"key":"REST"},{"floor":23,"key":"REST"},{"floor":29,"key":"REST"},{"floor":32,"key":"REST"},{"floor":42,"key":"REST"},{"floor":44,"key":"RECALL"},{"data":"expansioncontent:StudyTheSpire","floor":49,"key":"SMITH"}],"circlet_count":0,"master_deck":["chefmod:QuickThaw","chefmod:TodaysSpecial","chefmod:HotSoup+1","chefmod:Flambe","chefmod:CuttingBoard+1","chefmod:QuickChop","chefmod:Omelette+1","chefmod:Chop","chefmod:Canape","chefmod:FullBurn","chefmod:Canape","chefmod:Fillet","chefmod:Fillet","chefmod:Omelette","chefmod:HotSoup+1","chefmod:NewMenu","chefmod:FrozenTuna","chefmod:SliceAndDice+1","chefmod:IcePick+1","chefmod:FrozenTuna+1","stsjorbsmod:Procrastination","chefmod:Sorbet+1","chefmod:Gelato+1","expansioncontent:DashGenerateEvil","chefmod:Julienne","chefmod:TonkotsuRamen","chefmod:Sorbet","chefmod:Chop","chefmod:OrderUp","chefmod:FreezerBurn+1","chefmod:SearedScallops","chefmod:KnifeFlurry","chefmod:ColdSteel","Transmutation","chefmod:DinoKale+1","expansioncontent:StudyTheSpire+1","Bandage Up","Bandage Up","chefmod:FrozenTuna","chefmod:RaidPantry","chefmod:Ratatouille+1","chefmod:SaveForLater+1","chefmod:LiquidNitrogen","Writhe"],"relics":["chefmod:PepperMill","Bird Faced Urn","chefmod:WoodenSpoon","Question Card","PaintedHorse:ReiMu","Vajra","Pandora\u0027s Box","Potion Belt","Membership Card","Bronze Scales","Whetstone","Silver_Glasses","RuthlessExorcism:ReiMu","Orichalcum","Nunchaku","War Paint","Meat on the Bone"],"acts_visited":["Exordium","TheCity","TheBeyond"],"potions_floor_usage":[7,16,16,20,25,25,33,40,45,47,50],"damage_taken":[{"damage":1,"enemies":"Cultist","floor":1,"turns":3},{"damage":0,"enemies":"2 Louse","floor":3,"turns":3},{"damage":0,"enemies":"Small Slimes","floor":4,"turns":2},{"damage":15,"enemies":"3 Sentries","floor":7,"turns":8},{"damage":29,"enemies":"Gremlin Nob","floor":12,"turns":4},{"damage":16,"enemies":"Exordium Wildlife","floor":14,"turns":3},{"damage":44,"enemies":"Hexaghost","floor":16,"turns":10},{"damage":28,"enemies":"2 Thieves","floor":18,"turns":4},{"damage":4,"enemies":"Chosen","floor":19,"turns":4},{"damage":20,"enemies":"Shelled Parasite and Fungi","floor":20,"turns":3},{"damage":7,"enemies":"Snecko","floor":24,"turns":3},{"damage":10,"enemies":"Gremlin Leader","floor":25,"turns":9},{"damage":9,"enemies":"Snake Plant","floor":28,"turns":3},{"damage":0,"enemies":"Centurion and Healer","floor":30,"turns":2},{"damage":10,"enemies":"Chosen and Byrds","floor":31,"turns":3},{"damage":34,"enemies":"Collector","floor":33,"turns":8},{"damage":10,"enemies":"3 Darklings","floor":35,"turns":3},{"damage":20,"enemies":"3 Shapes","floor":37,"turns":3},{"damage":18,"enemies":"Nemesis","floor":40,"turns":5},{"damage":0,"enemies":"3 Darklings","floor":41,"turns":2},{"damage":26,"enemies":"Maw","floor":45,"turns":7},{"damage":2,"enemies":"Jaw Worm Horde","floor":47,"turns":3},{"damage":89,"enemies":"Awakened One","floor":50,"turns":12}],"seed_played":"3808042668840532067","potions_obtained":[{"floor":1,"key":"Block Potion"},{"floor":7,"key":"PowerPotion"},{"floor":12,"key":"DuplicationPotion"},{"floor":18,"key":"ColorlessPotion"},{"floor":19,"key":"DuplicationPotion"},{"floor":24,"key":"EssenceOfSteel"},{"floor":28,"key":"GrandPatriotsElixir:ReiMu"},{"floor":37,"key":"ColorlessPotion"},{"floor":40,"key":"GamblersBrew"},{"floor":41,"key":"FearPotion"},{"floor":47,"key":"SteroidPotion"}],"is_trial":false,"path_per_floor":["M","?","M","M","?","R","E","R","T","?","?","E","?","M","R","B",null,"M","M","M","?","?","R","M","E","T","$","M","R","M","M","R","B",null,"M","$","M","?","?","E","M","R","T","R","M","$","M","?","R","B"],"character_chosen":"THE_CHEF","items_purchased":["Membership Card","Bronze Scales","Whetstone","expansioncontent:DashGenerateEvil","chefmod:Julienne","RuthlessExorcism:ReiMu","Orichalcum","chefmod:SearedScallops","chefmod:KnifeFlurry","chefmod:ColdSteel","Transmutation","Meat on the Bone","Block Potion","Energy Potion"],"campfire_rested":5,"item_purchase_floors":[27,27,27,27,27,36,36,36,36,36,36,46,46,46],"current_hp_per_floor":[75,75,75,75,75,75,62,62,62,62,62,35,35,21,43,5,76,50,48,30,30,30,52,47,43,43,43,34,56,56,46,68,36,76,66,66,48,38,38,28,28,50,50,50,38,38,44,63,63,0,0],"gold":22,"neow_bonus":"BOSS_RELIC","is_daily":false,"chose_seed":false,"campfire_upgraded":3,"win_rate":0.0,"timestamp":1609214577,"path_taken":["M","?","M","M","?","R","E","R","T","?","?","E","?","M","R","BOSS","M","M","M","?","?","R","M","E","T","$","?","R","M","?","R","BOSS","M","$","M","?","?","E","?","R","T","R","M","$","?","?","R","BOSS"],"items_purchased_type":["Relic","Relic","Relic","Card","Card","Relic","Relic","Card","Card","Card","Card","Relic","Potion","Potion"],"build_version":"2020-12-22","purchased_purges":1,"victory":false,"max_hp_per_floor":[76,76,76,76,76,76,76,76,76,76,76,76,76,76,76,76,76,76,76,76,76,76,76,76,76,76,76,76,76,76,76,76,76,76,76,76,76,76,76,76,76,76,76,76,76,76,76,76,76,76,76],"card_choices":[{"not_picked":["chefmod:Sorbet","chefmod:Gelato"],"picked":"chefmod:HotSoup","floor":1},{"not_picked":["chefmod:DoubleChop","chefmod:HotSoup"],"picked":"chefmod:Flambe","floor":3},{"not_picked":["chefmod:Defrost","chefmod:DinoKale"],"picked":"chefmod:CuttingBoard","floor":4},{"not_picked":["chefmod:IcePick","chefmod:BaoBuns"],"picked":"chefmod:QuickChop","floor":7},{"not_picked":["chefmod:Leftovers","chefmod:DeathByChocolate","chefmod:CayenneCloud"],"picked":"chefmod:Omelette","floor":12},{"not_picked":["chefmod:CleanHouse","chefmod:IcePick","chefmod:DimSum"],"picked":"chefmod:Chop","floor":14},{"not_picked":["chefmod:BananaSplit","chefmod:FullCourseMeal","chefmod:CandyBowl"],"picked":"chefmod:Canape","floor":16},{"not_picked":["chefmod:IcePick+1","chefmod:HotSoup","chefmod:SaveForLater+1"],"picked":"chefmod:SliceAndDice+1","floor":18},{"not_picked":["chefmod:Sorbet+1","chefmod:NewMenu","chefmod:PotatoGratin"],"picked":"chefmod:IcePick+1","floor":19},{"not_picked":["chefmod:ColdSteel","chefmod:Defrost+1","chefmod:FreezerBurn"],"picked":"chefmod:FrozenTuna","floor":20},{"not_picked":["chefmod:BaoBuns","chefmod:HotSoup","chefmod:FireUp"],"picked":"chefmod:Sorbet+1","floor":24},{"not_picked":["chefmod:QuickChop","chefmod:NewMenu+1","chefmod:Tenderizer"],"picked":"chefmod:Gelato","floor":25},{"not_picked":["chefmod:DinoKale","chefmod:PotatoGratin","chefmod:Sorbet"],"picked":"chefmod:TonkotsuRamen","floor":28},{"not_picked":["chefmod:IcePick","chefmod:BaoBuns","chefmod:Granita"],"picked":"chefmod:Sorbet","floor":30},{"not_picked":["chefmod:TonkotsuRamen+1","chefmod:Sorbet","chefmod:Fillet"],"picked":"chefmod:Chop","floor":31},{"not_picked":["chefmod:CandyBowl","chefmod:TwoForOne","chefmod:Mince"],"picked":"chefmod:OrderUp","floor":33},{"not_picked":["chefmod:BaoBuns+1","chefmod:DinoKale","chefmod:FryPan+1"],"picked":"chefmod:FreezerBurn+1","floor":35},{"not_picked":["chefmod:HotSoup+1","chefmod:SliceAndDice","chefmod:Bruschetta+1"],"picked":"chefmod:DinoKale+1","floor":37},{"not_picked":["Violence","expansioncontent:SlimeTackle","expansioncontent:Chronoboost"],"picked":"expansioncontent:StudyTheSpire","floor":38},{"not_picked":["expansioncontent:Collect","expansioncontent:LastStand","Enlightenment"],"picked":"Bandage Up","floor":38},{"not_picked":["Deep Breath","Thinking Ahead","The Bomb"],"picked":"Bandage Up","floor":38},{"not_picked":["chefmod:SliceAndDice+1","chefmod:Sorbet","chefmod:QuickChop"],"picked":"chefmod:RaidPantry","floor":40},{"not_picked":["chefmod:Defrost+1","chefmod:BaoBuns+1","chefmod:TonkotsuRamen"],"picked":"chefmod:Ratatouille","floor":41},{"not_picked":["chefmod:ZaruSoba","chefmod:NoSoupForYou+1","chefmod:Sorbet+1"],"picked":"chefmod:SaveForLater+1","floor":45},{"not_picked":["chefmod:Sorbet+1","chefmod:SpaghettiCarbonara","chefmod:FireUp+1"],"picked":"chefmod:LiquidNitrogen","floor":47}],"player_experience":1627730,"relics_obtained":[{"floor":7,"key":"chefmod:WoodenSpoon"},{"floor":9,"key":"Question Card"},{"floor":12,"key":"Vajra"},{"floor":25,"key":"Potion Belt"},{"floor":40,"key":"Nunchaku"},{"floor":43,"key":"War Paint"}],"event_choices":[{"damage_healed":0,"gold_gain":175,"player_choice":"AGREE","damage_taken":0,"max_hp_gain":0,"max_hp_loss":0,"event_name":"Liars Game","floor":2,"gold_loss":0,"cards_obtained":["Doubt"]},{"damage_healed":0,"gold_gain":0,"player_choice":"Box","damage_taken":0,"relics_obtained":["Bird Faced Urn"],"max_hp_gain":0,"max_hp_loss":0,"event_name":"Big Fish","floor":5,"gold_loss":0,"cards_obtained":["Regret"]},{"damage_healed":0,"gold_gain":0,"player_choice":"Donate","damage_taken":0,"relics_obtained":["PaintedHorse:ReiMu"],"max_hp_gain":0,"max_hp_loss":0,"event_name":"yidonshenshe","floor":11,"gold_loss":40},{"damage_healed":0,"gold_gain":0,"player_choice":"Grow","damage_taken":0,"max_hp_gain":0,"max_hp_loss":0,"event_name":"Living Wall","floor":13,"gold_loss":0,"cards_upgraded":["chefmod:Omelette"]},{"damage_healed":0,"gold_gain":99,"player_choice":"Stole From Cult","damage_taken":0,"max_hp_gain":0,"max_hp_loss":0,"event_name":"Nest","floor":21,"gold_loss":0},{"damage_healed":0,"gold_gain":0,"cards_transformed":["Regret"],"player_choice":"Transformed","damage_taken":0,"max_hp_gain":0,"max_hp_loss":0,"event_name":"Transmorgrifier","floor":22,"gold_loss":0,"cards_obtained":["stsjorbsmod:Procrastination"]},{"damage_healed":0,"gold_gain":0,"player_choice":"Memory 3","damage_taken":10,"max_hp_gain":0,"max_hp_loss":0,"event_name":"SensoryStone","floor":38,"gold_loss":0},{"damage_healed":0,"gold_gain":0,"player_choice":"1 cards matched","damage_taken":0,"max_hp_gain":0,"max_hp_loss":0,"event_name":"Match and Keep!","floor":39,"gold_loss":0,"cards_obtained":["chefmod:FrozenTuna"]},{"damage_healed":19,"gold_gain":0,"player_choice":"Writhe","damage_taken":0,"max_hp_gain":0,"max_hp_loss":0,"event_name":"Winding Halls","floor":48,"gold_loss":0,"cards_obtained":["Writhe"]}],"is_beta":false,"boss_relics":[{"not_picked":["Tiny House","Black Star"],"picked":"Pandora\u0027s Box"},{"not_picked":["Coffee Dripper","theForsaken:PaleLantern"],"picked":"Silver_Glasses"}],"items_purged_floors":[27],"is_endless":false,"potions_floor_spawned":[1,7,12,18,19,24,28,37,40,41,47],"killed_by":"Awakened One","ascension_level":0}}