{"host":"851hhqouejqwzba1","time":1609253084,"event":{"mods":["BaseMod","Minty Spire (QoL Compilation)","Permanent Neow","Shop Mod","StSLib","óô»ðÖ¸ÄÏ"],"gold_per_floor":[117,37,55,75,27,27,55,55,55,55,55,75,91,91,91,212,212,233,110,128,152,152,152,191,224,270,395,149,6,6,30,30,153,153,174,14,77,177,192,192,230,249,249,268,268,294,132,152,152,152],"floor_reached":51,"playtime":4470,"items_purged":["Strike_G","Strike_G","Parasite"],"score":1271,"play_id":"6a2f1a1f-46ab-4c2b-ac65-66aa20e8cda1","local_time":"20201229224444","is_ascension_mode":true,"campfire_choices":[{"data":"Adrenaline","floor":6.0,"key":"SMITH"},{"data":"Backflip","floor":8.0,"key":"SMITH"},{"floor":15.0,"key":"REST"},{"data":"Deadly Poison","floor":23.0,"key":"SMITH"},{"data":"Venomology","floor":32.0,"key":"SMITH"},{"data":"Burst","floor":40.0,"key":"SMITH"},{"data":"Blur","floor":45.0,"key":"SMITH"},{"data":"Tactician","floor":49,"key":"SMITH"}],"circlet_count":0,"master_deck":["AscendersBane","Strike_G","Strike_G+1","Defend_G","Defend_G","Defend_G","Defend_G","Survivor+1","Neutralize","Backstab+1","Bane+1","Acrobatics","Adrenaline+1","Calculated Gamble","Backflip+1","Crippling Poison+1","Venomology+1","Deadly Poison+1","Well Laid Plans","Prepared","Outmaneuver+1","Catalyst+1","Burst+1","PiercingWail","Blur+1","Noxious Fumes","Tactician+1"],"relics":["Ring of the Snake","Kunai","Ninja Scroll","Golden Idol","SacredBark","HornCleat","Red Mask","Snake Skull","Prayer Wheel","Paper Crane","Orrery","Whetstone","Nilry\u0027s Codex","Strawberry","Philosopher\u0027s Stone","Unceasing Top","Orichalcum","Mercury Hourglass","MealTicket"],"acts_visited":["Exordium","TheCity","TheBeyond"],"potions_floor_usage":[50,50],"damage_taken":[{"damage":2.0,"enemies":"Jaw Worm","floor":1.0,"turns":4.0},{"damage":0.0,"enemies":"Small Slimes","floor":3.0,"turns":2.0},{"damage":0.0,"enemies":"Cultist","floor":4.0,"turns":4.0},{"damage":33.0,"enemies":"Lagavulin","floor":7.0,"turns":9.0},{"damage":3.0,"enemies":"Exordium Wildlife","floor":12.0,"turns":3.0},{"damage":0.0,"enemies":"3 Louse","floor":13.0,"turns":2.0},{"damage":5.0,"enemies":"Hexaghost","floor":16.0,"turns":14.0},{"damage":3.0,"enemies":"Chosen","floor":18.0,"turns":4.0},{"damage":0.0,"enemies":"2 Thieves","floor":20.0,"turns":2.0},{"damage":1.0,"enemies":"Shelled Parasite and Fungi","floor":21.0,"turns":4.0},{"damage":8.0,"enemies":"Slavers","floor":24.0,"turns":6.0},{"damage":0.0,"enemies":"Masked Bandits","floor":25.0,"turns":4.0},{"damage":1.0,"enemies":"Colosseum Slavers","floor":27.0,"turns":3.0},{"damage":0.0,"enemies":"Colosseum Nobs","floor":27.0,"turns":4.0},{"damage":0.0,"enemies":"Champ","floor":33.0,"turns":4.0},{"damage":0.0,"enemies":"3 Darklings","floor":35.0,"turns":4.0},{"damage":0.0,"enemies":"Mind Bloom Boss Battle","floor":37.0,"turns":2.0},{"damage":0.0,"enemies":"3 Shapes","floor":39.0,"turns":2.0},{"damage":2.0,"enemies":"Reptomancer","floor":41.0,"turns":4.0},{"damage":0.0,"enemies":"Jaw Worm Horde","floor":42.0,"turns":4.0},{"damage":0.0,"enemies":"Writhing Mass","floor":44.0,"turns":3.0},{"damage":0.0,"enemies":"3 Darklings","floor":48.0,"turns":3.0},{"damage":23,"enemies":"Time Eater","floor":50,"turns":5}],"seed_played":"3046610208155876258","potions_obtained":[{"floor":1.0,"key":"PowerPotion"},{"floor":3.0,"key":"SpeedPotion"},{"floor":7.0,"key":"ColorlessPotion"},{"floor":12.0,"key":"Dexterity Potion"},{"floor":20.0,"key":"DuplicationPotion"},{"floor":21.0,"key":"AttackPotion"},{"floor":41.0,"key":"DuplicationPotion"},{"floor":42.0,"key":"Block Potion"}],"is_trial":false,"path_per_floor":["M","$","M","M","$","R","E","R","T","?","?","M","M","?","R","B",null,"M","$","M","M","$","R","E","?","T","?","R","$","?","T","R","B",null,"M","$","?","?","M","R","E","M","T","M","R","T","R","M","R","B",null],"character_chosen":"THE_SILENT","items_purchased":["Adrenaline","Backflip","Deadly Poison","Orrery","Whetstone","Burst","Noxious Fumes"],"campfire_rested":1,"item_purchase_floors":[2,5,19,28,29,36,47],"current_hp_per_floor":[61,61,61,61,61,61,28,28,28,15,15,12,12,12,29,24,50,47,47,47,58,58,58,50,50,50,49,49,49,33,40,40,65,65,65,65,65,65,65,65,63,63,63,63,63,63,62,62,62,39],"gold":152,"neow_bonus":"TRANSFORM_TWO_CARDS","is_daily":false,"chose_seed":false,"campfire_upgraded":7,"win_rate":0.0,"timestamp":1609253084,"path_taken":["M","$","M","M","$","R","E","R","T","?","?","M","M","?","R","BOSS","M","$","M","M","$","R","E","?","T","?","R","$","?","?","R","BOSS","M","$","?","?","?","R","E","M","T","M","R","?","R","M","R","BOSS"],"items_purchased_type":["Card","Card","Card","Relic","Relic","Card","Card"],"build_version":"2020-12-22","purchased_purges":3,"victory":true,"max_hp_per_floor":[63,63,63,63,63,63,63,63,63,63,58,58,58,58,58,58,58,58,58,58,58,58,58,58,58,58,58,58,58,58,65,65,65,65,65,65,65,65,65,65,65,65,65,65,65,65,62,62,62,62],"card_choices":[{"not_picked":["Distraction","Outmaneuver"],"picked":"Acrobatics","floor":1.0},{"not_picked":["Infinite Blades","Cloak And Dagger","Caltrops"],"picked":"SKIP","floor":3.0},{"not_picked":["Dagger Throw","PiercingWail"],"picked":"Calculated Gamble","floor":4.0},{"not_picked":["Deflect","After Image"],"picked":"Crippling Poison","floor":7.0},{"not_picked":["Outmaneuver","Acrobatics","Accuracy"],"picked":"SKIP","floor":12.0},{"not_picked":["Backflip","Skewer","Dagger Throw"],"picked":"SKIP","floor":13.0},{"not_picked":["Corpse Explosion","Wraith Form v2"],"picked":"Venomology","floor":16.0},{"not_picked":["Underhanded Strike","Footwork","Bane"],"picked":"SKIP","floor":18.0},{"not_picked":["Heel Hook","Underhanded Strike","Deadly Poison"],"picked":"SKIP","floor":20.0},{"not_picked":["Heel Hook","Infinite Blades","Distraction"],"picked":"SKIP","floor":21.0},{"not_picked":["A Thousand Cuts","Infinite Blades","Predator"],"picked":"SKIP","floor":24.0},{"not_picked":["Flying Knee","Deflect"],"picked":"Well Laid Plans","floor":28.0},{"not_picked":["Sucker Punch","Underhanded Strike"],"picked":"Prepared","floor":28.0},{"not_picked":["Predator+1","Bouncing Flask+1"],"picked":"Outmaneuver+1","floor":28.0},{"not_picked":["Outmaneuver","Footwork"],"picked":"Catalyst+1","floor":28.0},{"not_picked":["Well Laid Plans","Quick Slash","Footwork"],"picked":"SKIP","floor":35.0},{"not_picked":["Poisoned Stab","Prepared","Escape Plan"],"picked":"SKIP","floor":35.0},{"not_picked":["Skewer","Underhanded Strike"],"picked":"PiercingWail","floor":37.0},{"not_picked":["Cloak And Dagger","After Image"],"picked":"Blur","floor":39.0},{"not_picked":["Riddle With Holes","Acrobatics","Dash+1"],"picked":"SKIP","floor":39.0},{"not_picked":["Cloak And Dagger","Caltrops+1","Dodge and Roll"],"picked":"SKIP","floor":41.0},{"not_picked":["Footwork","Flying Knee","Quick Slash"],"picked":"SKIP","floor":42.0},{"not_picked":["Dagger Throw","Caltrops+1","Blade Dance"],"picked":"SKIP","floor":42.0},{"not_picked":["Distraction","Sucker Punch","Dagger Spray"],"picked":"SKIP","floor":44.0},{"not_picked":["Terror","Deflect+1","Quick Slash"],"picked":"SKIP","floor":44.0},{"not_picked":["Prepared","Finisher"],"picked":"Tactician","floor":48.0},{"not_picked":["Slice","Die Die Die","Caltrops"],"picked":"SKIP","floor":48.0}],"player_experience":389292,"relics_obtained":[{"floor":7.0,"key":"Kunai"},{"floor":9.0,"key":"Ninja Scroll"},{"floor":24.0,"key":"HornCleat"},{"floor":25.0,"key":"Red Mask"},{"floor":26.0,"key":"Snake Skull"},{"floor":27.0,"key":"Prayer Wheel"},{"floor":27.0,"key":"Paper Crane"},{"floor":30.0,"key":"Nilry\u0027s Codex"},{"floor":31.0,"key":"Strawberry"},{"floor":37.0,"key":"Unceasing Top"},{"floor":41.0,"key":"Orichalcum"},{"floor":43.0,"key":"Mercury Hourglass"},{"floor":46.0,"key":"MealTicket"}],"event_choices":[{"damage_healed":0.0,"max_hp_gain":0.0,"max_hp_loss":0.0,"gold_gain":0.0,"event_name":"Shining Light","player_choice":"Entered Light","floor":10.0,"gold_loss":0.0,"damage_taken":13.0,"cards_upgraded":["Survivor","Bane"]},{"damage_healed":0.0,"max_hp_gain":0.0,"max_hp_loss":5.0,"gold_gain":0.0,"event_name":"Golden Idol","player_choice":"Lose Max HP","floor":11.0,"gold_loss":0.0,"damage_taken":0.0,"relics_obtained":["Golden Idol"]},{"damage_healed":0.0,"max_hp_gain":0.0,"max_hp_loss":0.0,"gold_gain":0.0,"event_name":"Upgrade Shrine","player_choice":"Upgraded","floor":14.0,"gold_loss":0.0,"damage_taken":0.0,"cards_upgraded":["Crippling Poison"]},{"damage_healed":0.0,"max_hp_gain":0.0,"max_hp_loss":0.0,"gold_gain":0.0,"event_name":"Masked Bandits","player_choice":"Fought Bandits","floor":25.0,"gold_loss":0.0,"damage_taken":0.0},{"damage_healed":0.0,"max_hp_gain":0.0,"max_hp_loss":0.0,"gold_gain":0.0,"event_name":"Colosseum","player_choice":"Fight","floor":27.0,"gold_loss":0.0,"damage_taken":0.0},{"damage_healed":0.0,"max_hp_gain":0.0,"max_hp_loss":0.0,"gold_gain":0.0,"event_name":"Colosseum","player_choice":"Fought Nobs","floor":27.0,"gold_loss":0.0,"damage_taken":0.0},{"damage_healed":0.0,"max_hp_gain":0.0,"max_hp_loss":0.0,"gold_gain":0.0,"event_name":"Cursed Tome","player_choice":"Obtained Book","floor":30.0,"gold_loss":0.0,"damage_taken":16.0},{"damage_healed":0.0,"max_hp_gain":0.0,"max_hp_loss":0.0,"gold_gain":0.0,"event_name":"MindBloom","player_choice":"Fight","floor":37.0,"gold_loss":0.0,"damage_taken":0.0},{"damage_healed":0.0,"max_hp_gain":0.0,"max_hp_loss":0.0,"gold_gain":100.0,"event_name":"Golden Shrine","player_choice":"Pray","floor":38.0,"gold_loss":0.0,"damage_taken":0.0}],"is_beta":false,"boss_relics":[{"not_picked":["Runic Dome","SlaversCollar"],"picked":"SacredBark"},{"not_picked":["Pandora\u0027s Box","Cursed Key"],"picked":"Philosopher\u0027s Stone"}],"items_purged_floors":[19,28,47],"is_endless":false,"potions_floor_spawned":[1,3,7,12,20,21,41,42,44],"ascension_level":12}}