{"host":"y15j0sqd0it1yzon","time":1609268506,"event":{"mods":["AchievementEnabler","BaseMod","Minty Spire (QoL Compilation)","StSLib"],"gold_per_floor":[111,129,129,61,11,11,21,36,86,96,131,145,179,193,193,292,292,311,311,113,124,142,142,142],"floor_reached":23,"playtime":4104,"items_purged":["Headbutt"],"score":205,"play_id":"a385784d-427a-4af2-b136-b63a009e7530","local_time":"20201229190146","is_ascension_mode":false,"campfire_choices":[{"data":"Flex","floor":6,"key":"SMITH"},{"floor":15,"key":"REST"}],"circlet_count":0,"master_deck":["Strike_R","Strike_R","Strike_R","Defend_R","Defend_R","Defend_R","Bash","Flex+1","Body Slam","Metallicize","Iron Wave","Carnage","Cleave","Seeing Red","Berserk","Shrug It Off","Inflame","Dark Shackles","Rampage"],"relics":["Burning Blood","Red Skull","Lantern","Kunai","Sozu"],"acts_visited":["Exordium","TheCity"],"potions_floor_usage":[11,12,16,16],"damage_taken":[{"damage":13,"enemies":"Jaw Worm","floor":1,"turns":6},{"damage":4,"enemies":"2 Louse","floor":2,"turns":3},{"damage":1,"enemies":"Cultist","floor":7,"turns":4},{"damage":18,"enemies":"Exordium Thugs","floor":8,"turns":6},{"damage":0,"enemies":"Blue Slaver","floor":10,"turns":7},{"damage":11,"enemies":"Gremlin Nob","floor":11,"turns":3},{"damage":21,"enemies":"Gremlin Gang","floor":12,"turns":7},{"damage":28,"enemies":"Lagavulin","floor":13,"turns":7},{"damage":0,"enemies":"3 Louse","floor":14,"turns":4},{"damage":42,"enemies":"The Guardian","floor":16,"turns":13},{"damage":8,"enemies":"3 Byrds","floor":18,"turns":6},{"damage":14,"enemies":"Chosen","floor":21,"turns":3},{"damage":15,"enemies":"Centurion and Healer","floor":22,"turns":7},{"damage":72,"enemies":"Gremlin Leader","floor":23,"turns":4}],"seed_played":"-3406344959522761362","potions_obtained":[{"floor":1,"key":"FearPotion"},{"floor":2,"key":"Ancient Potion"},{"floor":7,"key":"FearPotion"},{"floor":13,"key":"Weak Potion"}],"is_trial":false,"path_per_floor":["M","M","?","$","?","R","M","M","T","M","E","M","E","M","R","B",null,"M","?","$","M","M","E"],"character_chosen":"IRONCLAD","items_purchased":["Metallicize","Inflame","Dark Shackles"],"campfire_rested":1,"item_purchase_floors":[4,20,20],"current_hp_per_floor":[73,75,75,75,75,75,80,68,68,74,69,54,32,38,62,26,80,78,78,78,70,61,0,0],"gold":142,"neow_bonus":"TRANSFORM_CARD","is_daily":false,"chose_seed":false,"campfire_upgraded":1,"win_rate":0.0,"timestamp":1609268506,"path_taken":["M","M","?","$","?","R","M","M","T","M","E","M","E","?","R","BOSS","M","?","$","M","M","E"],"items_purchased_type":["Card","Card","Card"],"build_version":"2020-12-22","purchased_purges":1,"victory":false,"max_hp_per_floor":[80,80,80,80,80,80,80,80,80,80,80,80,80,80,80,80,80,80,80,80,80,80,80,80],"card_choices":[{"not_picked":["Whirlwind","Shrug It Off"],"picked":"Body Slam","floor":1},{"not_picked":["Clash","Anger","Rupture"],"picked":"SKIP","floor":2},{"not_picked":["Flex","Clash","Disarm"],"picked":"SKIP","floor":7},{"not_picked":["Armaments","Sword Boomerang"],"picked":"Iron Wave","floor":8},{"not_picked":["Immolate","Warcry"],"picked":"Carnage","floor":10},{"not_picked":["Heavy Blade","Anger"],"picked":"Cleave","floor":11},{"not_picked":["Dual Wield","Shockwave","True Grit"],"picked":"SKIP","floor":12},{"not_picked":["Intimidate","Rupture"],"picked":"Seeing Red","floor":13},{"not_picked":["Dropkick","Sword Boomerang","Heavy Blade"],"picked":"SKIP","floor":14},{"not_picked":["Fiend Fire","Exhume"],"picked":"Berserk","floor":16},{"not_picked":["Seeing Red+1","Dropkick"],"picked":"Shrug It Off","floor":18},{"not_picked":["Hemokinesis","Flame Barrier","Perfected Strike"],"picked":"SKIP","floor":21},{"not_picked":["Perfected Strike","Hemokinesis"],"picked":"Rampage","floor":22}],"player_experience":403895,"relics_obtained":[{"floor":9,"key":"Red Skull"},{"floor":11,"key":"Lantern"},{"floor":13,"key":"Kunai"}],"event_choices":[{"damage_healed":0,"gold_gain":0,"player_choice":"Ignored","damage_taken":0,"max_hp_gain":0,"max_hp_loss":0,"event_name":"Liars Game","floor":3,"gold_loss":0},{"cards_removed":["Strike_R"],"damage_healed":0,"gold_gain":0,"player_choice":"Card Removal","damage_taken":0,"max_hp_gain":0,"max_hp_loss":0,"event_name":"The Cleric","floor":5,"gold_loss":50},{"damage_healed":0,"gold_gain":0,"cards_transformed":["Defend_R"],"player_choice":"Transformed","damage_taken":0,"max_hp_gain":0,"max_hp_loss":0,"event_name":"Transmorgrifier","floor":19,"gold_loss":0,"cards_obtained":["Headbutt"]}],"is_beta":false,"boss_relics":[{"not_picked":["Ectoplasm","Runic Cube"],"picked":"Sozu"}],"items_purged_floors":[20],"is_endless":false,"potions_floor_spawned":[1,2,7,13,18],"killed_by":"Gremlin Leader","ascension_level":0}}