{"host":"8rwnpls8n88jrgbg","time":1609246199,"event":{"mods":["AchievementEnabler","BaseMod","Colored Map","Colored Powertips","DeckTracker","Keyboard Shortcuts","Minty Spire (QoL Compilation)","Relic Stats","StSLib","SuperFastMode"],"gold_per_floor":[19,19,29,46,57,57,77,77,77],"floor_reached":8,"playtime":330,"items_purged":[],"score":100,"play_id":"290eb851-b5a4-4d5f-a963-29eb34c28cfd","local_time":"20201229214959","is_ascension_mode":true,"campfire_choices":[{"data":"1","floor":6.0,"key":"LIFT"}],"circlet_count":0,"master_deck":["AscendersBane","Strike_G","Strike_G","Strike_G","Strike_G","Defend_G","Defend_G","Defend_G","Defend_G","Defend_G","Survivor","Neutralize","Dagger Spray","Dagger Spray","Crippling Poison","Escape Plan","Dagger Throw"],"relics":["Ring of the Snake","Girya"],"acts_visited":["Exordium"],"potions_floor_usage":[8],"damage_taken":[{"damage":0.0,"enemies":"2 Louse","floor":1.0,"turns":4.0},{"damage":4.0,"enemies":"Cultist","floor":3.0,"turns":5.0},{"damage":5.0,"enemies":"Jaw Worm","floor":4.0,"turns":4.0},{"damage":19.0,"enemies":"Red Slaver","floor":5.0,"turns":7.0},{"damage":4.0,"enemies":"Gremlin Gang","floor":7.0,"turns":3.0},{"damage":46,"enemies":"Lagavulin","floor":8,"turns":7}],"seed_played":"-1911312116891068328","potions_obtained":[{"floor":4.0,"key":"SkillPotion"},{"floor":5.0,"key":"Fruit Juice"}],"is_trial":false,"path_per_floor":["M","?","M","M","M","R","M","E"],"character_chosen":"THE_SILENT","items_purchased":[],"campfire_rested":0,"item_purchase_floors":[],"current_hp_per_floor":[59,59,55,50,31,31,27,0,0],"gold":77,"neow_bonus":"ONE_RARE_RELIC","is_daily":false,"chose_seed":false,"campfire_upgraded":0,"win_rate":0.0,"timestamp":1609246199,"path_taken":["M","?","?","M","M","R","M","E"],"items_purchased_type":[],"build_version":"2020-12-22","purchased_purges":0,"victory":false,"max_hp_per_floor":[66,66,66,66,66,66,66,71,71],"relic_stats":{"counters":[6,30],"obtain_stats":[{"Girya":0,"Ring of the Snake":0},{"Girya":0,"Ring of the Snake":0},{"Girya":0,"Ring of the Snake":0}],"Ring of the Snake":[12]},"card_choices":[{"not_picked":["Flying Knee","Acrobatics"],"picked":"Dagger Spray","floor":1.0},{"not_picked":["Catalyst","Bane"],"picked":"Dagger Spray","floor":3.0},{"not_picked":["Slice","Deflect"],"picked":"Crippling Poison","floor":4.0},{"not_picked":["Backflip","Cloak And Dagger"],"picked":"Escape Plan","floor":5.0},{"not_picked":["Sucker Punch","Acrobatics"],"picked":"Dagger Throw","floor":7.0}],"player_experience":1474124,"relics_obtained":[],"event_choices":[{"cards_removed":["Strike_G"],"damage_healed":0.0,"max_hp_gain":0.0,"max_hp_loss":0.0,"gold_gain":0.0,"event_name":"Bonfire Elementals","player_choice":"Offered Basic","floor":2.0,"gold_loss":0.0,"damage_taken":0.0}],"is_beta":false,"boss_relics":[],"items_purged_floors":[],"is_endless":false,"potions_floor_spawned":[4,5],"killed_by":"Lagavulin","ascension_level":20}}