{"host":"9v3x998ddbx8o276","time":1609206566,"event":{"mods":["BaseMod","Colored Map","Highlight Path","Minty Spire (QoL Compilation)","Quick Restart","Rare Cards Sparkle"],"gold_per_floor":[114,134,3,16,91,91,102,136,136,161,320,320,364,26,26,108,135,163,172,0,24,53,53,89,89,135,155,155,155],"floor_reached":28,"playtime":1336,"items_purged":["Strike_G","Doubt"],"score":596,"play_id":"cc8b034c-2e7f-4f92-b50a-60e557fa7e9c","local_time":"20201229121926","is_ascension_mode":true,"campfire_choices":[{"floor":6,"key":"REST"},{"floor":12,"key":"REST"},{"floor":15,"key":"REST"},{"floor":23,"key":"REST"}],"circlet_count":0,"master_deck":["AscendersBane","Strike_G","Strike_G","Defend_G","Defend_G","Defend_G","Defend_G","Defend_G","Survivor","Neutralize","Dagger Spray","Poisoned Stab","Calculated Gamble","Dagger Throw","Backflip","Blade Dance","Storm of Steel","Crippling Poison","Noxious Fumes","Wraith Form v2","Heel Hook+1","Blade Dance+1","Catalyst+1","Masterful Stab+1","Catalyst+1","Noxious Fumes","Deadly Poison","Deflect","Finisher","Deflect+1","Calculated Gamble"],"relics":["Ring of the Snake","Orichalcum","Toy Ornithopter","CeramicFish","Paper Crane","Bronze Scales","Astrolabe","Art of War","Lantern"],"acts_visited":["Exordium","TheCity"],"potions_floor_usage":[13,13,22,27],"damage_taken":[{"damage":9,"enemies":"Jaw Worm","floor":1,"turns":7},{"damage":0,"enemies":"2 Louse","floor":2,"turns":3},{"damage":1,"enemies":"Cultist","floor":4,"turns":4},{"damage":7,"enemies":"Looter","floor":7,"turns":3},{"damage":26,"enemies":"3 Sentries","floor":8,"turns":10},{"damage":3,"enemies":"Red Slaver","floor":10,"turns":3},{"damage":17,"enemies":"Lagavulin","floor":13,"turns":4},{"damage":29,"enemies":"Hexaghost","floor":16,"turns":10},{"damage":6,"enemies":"Spheric Guardian","floor":18,"turns":6},{"damage":7,"enemies":"Shell Parasite","floor":21,"turns":3},{"damage":21,"enemies":"Shelled Parasite and Fungi","floor":22,"turns":2},{"damage":0,"enemies":"Gremlin Leader","floor":24,"turns":5},{"damage":24,"enemies":"Snecko","floor":27,"turns":5},{"damage":20,"enemies":"Centurion and Healer","floor":28,"turns":3}],"seed_played":"13708503952175952","potions_obtained":[{"floor":7,"key":"BlessingOfTheForge"},{"floor":8,"key":"Strength Potion"},{"floor":10,"key":"DuplicationPotion"},{"floor":18,"key":"Swift Potion"}],"is_trial":false,"path_per_floor":["M","M","$","M","?","R","M","E","T","M","?","R","E","$","R","B",null,"M","?","$","M","M","R","E","?","T","M","M"],"character_chosen":"THE_SILENT","items_purchased":["Poisoned Stab","Crippling Poison","Noxious Fumes","Bronze Scales","ColorlessPotion","Noxious Fumes","Deadly Poison"],"campfire_rested":4,"item_purchase_floors":[3,14,14,14,14,20,20],"current_hp_per_floor":[50,50,50,49,38,57,50,24,24,21,21,40,33,33,52,23,55,49,49,49,42,26,45,45,45,45,26,6,6],"gold":155,"neow_bonus":"RANDOM_COMMON_RELIC","is_daily":false,"chose_seed":false,"campfire_upgraded":0,"win_rate":0.0,"timestamp":1609206566,"path_taken":["M","M","$","M","?","R","M","E","T","M","?","R","E","$","R","BOSS","M","?","$","M","?","R","E","?","T","M","M"],"items_purchased_type":["Card","Card","Card","Relic","Potion","Card","Card"],"build_version":"2020-12-22","purchased_purges":2,"victory":false,"max_hp_per_floor":[66,66,66,66,66,66,66,66,66,66,66,66,66,66,66,66,66,66,66,66,66,66,66,66,66,66,66,66,66],"card_choices":[{"not_picked":["Leg Sweep","Slice"],"picked":"Dagger Spray","floor":1},{"not_picked":["Choke","Acrobatics"],"picked":"Dagger Spray","floor":2},{"not_picked":["Blur","Concentrate"],"picked":"Calculated Gamble","floor":4},{"not_picked":["Acrobatics","Dodge and Roll"],"picked":"Dagger Throw","floor":7},{"not_picked":["Riddle With Holes","Flying Knee"],"picked":"Backflip","floor":8},{"not_picked":["Dodge and Roll","Acrobatics"],"picked":"Blade Dance","floor":10},{"not_picked":["Doppelganger","Bane"],"picked":"Storm of Steel","floor":13},{"not_picked":["Envenom","Phantasmal Killer"],"picked":"Wraith Form v2","floor":16},{"not_picked":["Flying Knee","Dagger Throw"],"picked":"Masterful Stab+1","floor":18},{"not_picked":["Dagger Spray","Prepared"],"picked":"Deflect","floor":21},{"not_picked":["Riddle With Holes","Dodge and Roll"],"picked":"Finisher","floor":22},{"not_picked":["Dodge and Roll+1","Cloak And Dagger"],"picked":"Deflect+1","floor":24},{"not_picked":["Quick Slash","Backflip"],"picked":"Calculated Gamble","floor":27}],"player_experience":2077436,"relics_obtained":[{"floor":8,"key":"Toy Ornithopter"},{"floor":9,"key":"CeramicFish"},{"floor":13,"key":"Paper Crane"},{"floor":24,"key":"Art of War"},{"floor":26,"key":"Lantern"}],"event_choices":[{"damage_healed":0,"gold_gain":75,"player_choice":"Gather Gold","damage_taken":11,"max_hp_gain":0,"max_hp_loss":0,"event_name":"World of Goop","floor":5,"gold_loss":0},{"damage_healed":0,"gold_gain":150,"player_choice":"AGREE","damage_taken":0,"max_hp_gain":0,"max_hp_loss":0,"event_name":"Liars Game","floor":11,"gold_loss":0,"cards_obtained":["Doubt"]},{"damage_healed":0,"gold_gain":0,"player_choice":"Copied","damage_taken":0,"max_hp_gain":0,"max_hp_loss":0,"event_name":"Duplicator","floor":19,"gold_loss":0,"cards_obtained":["Catalyst"]},{"damage_healed":0,"gold_gain":0,"player_choice":"Ignored","damage_taken":0,"max_hp_gain":0,"max_hp_loss":0,"event_name":"Ghosts","floor":25,"gold_loss":0}],"is_beta":false,"boss_relics":[{"not_picked":["Runic Dome","Velvet Choker"],"picked":"Astrolabe"}],"items_purged_floors":[3,20],"is_endless":false,"potions_floor_spawned":[7,8,10,18],"killed_by":"Centurion and Healer","ascension_level":20}}