{"host":"jpyc2kczef5p02oc","time":1609245961,"event":{"mods":["ATMod(阿瑾Mod)","BaseMod","Friendly Minions","Hubris","Marisa（F雨　魔理沙）","Minty Spire (QoL Compilation)","StSLib","Td1madao Mod","The Servant 0.9.4","【功能Mod】聪明的最终Boss"],"gold_per_floor":[110,110,59,73,122,154,170,202,202,227,227,227,227,271,271,365,365,386,17,0,0],"floor_reached":20,"playtime":827,"items_purged":[],"score":396,"play_id":"68a10fae-16a7-4542-a1a4-0b69eff723ec","local_time":"20201229204601","is_ascension_mode":true,"campfire_choices":[{"data":"AT_ShrugMaster","floor":15.0,"key":"SMITH"}],"circlet_count":0,"master_deck":["AscendersBane","Strike_R","Strike_R","Strike_R","Strike_R","Strike_R","Defend_R","Defend_R","Defend_R","Defend_R","Bash","AT_FamilyPortrait","Shrug It Off","AT_CaressingTears","AT_ShrugMaster+1","Wild Strike","Battle Trance","Sword Boomerang","Barricade","Ghostly Armor","Pummel"],"relics":["Burning Blood","AT_ATBox","AT_ArchangelStaff","hubris:Icosahedron","Juzu Bracelet","Strawberry","Tiny Chest","Pantograph","Regal Pillow","Incense Burner","Golden Idol","Meat on the Bone","Darkstone Periapt","hubris:GrandSneckoEye","Oddly Smooth Stone","Pen Nib"],"acts_visited":["Exordium","TheCity"],"potions_floor_usage":[],"damage_taken":[{"damage":2.0,"enemies":"2 Louse","floor":1.0,"turns":5.0},{"damage":17.0,"enemies":"Jaw Worm","floor":4.0,"turns":7.0},{"damage":6.0,"enemies":"Gremlin Nob","floor":6.0,"turns":3.0},{"damage":6.0,"enemies":"Cultist","floor":7.0,"turns":3.0},{"damage":12.0,"enemies":"Lagavulin","floor":8.0,"turns":7.0},{"damage":24.0,"enemies":"3 Sentries","floor":10.0,"turns":6.0},{"damage":5.0,"enemies":"Gremlin Nob","floor":14.0,"turns":3.0},{"damage":45.0,"enemies":"The Guardian","floor":16.0,"turns":10.0},{"damage":16.0,"enemies":"Shell Parasite","floor":18.0,"turns":3.0},{"damage":11,"enemies":"2 Thieves","floor":20,"turns":1}],"seed_played":"-3551233479231556739","potions_obtained":[{"floor":4.0,"key":"SteroidPotion"},{"floor":6.0,"key":"DistilledChaos"},{"floor":8.0,"key":"Regen Potion"},{"floor":16.0,"key":"Weak Potion"}],"is_trial":false,"path_per_floor":["M","?","$","M","T","E","M","E","T","E","?","?","?","E","R","B",null,"M","$","M"],"character_chosen":"IRONCLAD","items_purchased":["Shrug It Off","Pummel","Oddly Smooth Stone","Pen Nib"],"campfire_rested":0,"item_purchase_floors":[3,19,19,19],"current_hp_per_floor":[72,72,72,61,61,68,68,62,62,57,57,29,24,47,47,48,74,64,64,53,53],"gold":0,"neow_bonus":"RANDOM_COMMON_RELIC","is_daily":false,"chose_seed":false,"campfire_upgraded":1,"win_rate":0.0,"timestamp":1609245961,"path_taken":["M","?","$","M","?","E","M","E","T","E","?","?","?","E","R","BOSS","M","$","M"],"items_purchased_type":["Card","Card","Relic","Relic"],"build_version":"2020-12-22","purchased_purges":0,"victory":false,"max_hp_per_floor":[75,75,75,75,75,82,82,82,82,82,82,82,82,82,82,82,82,82,82,82,82],"card_choices":[{"not_picked":["Evolve","Clothesline"],"picked":"Sword Boomerang","floor":1.0},{"not_picked":["Shrug It Off","Anger","Perfected Strike"],"picked":"SKIP","floor":4.0},{"not_picked":["Burning Pact","hubris:ReadiedAction"],"picked":"AT_CaressingTears","floor":6.0},{"not_picked":["Pommel Strike","Perfected Strike"],"picked":"AT_ShrugMaster","floor":7.0},{"not_picked":["Ghostly Armor","Havoc"],"picked":"Wild Strike","floor":8.0},{"not_picked":["AT_CaressingTears","Sever Soul"],"picked":"Battle Trance","floor":10.0},{"not_picked":["hubris:CleavingFinish","Exhume"],"picked":"Sword Boomerang","floor":14.0},{"not_picked":["Reaper","Juggernaut"],"picked":"Barricade","floor":16.0},{"not_picked":["Rage+1","hubris:SharpeningStone+1"],"picked":"Ghostly Armor","floor":18.0}],"player_experience":291873,"relics_obtained":[{"floor":5.0,"key":"Juzu Bracelet"},{"floor":6.0,"key":"Strawberry"},{"floor":8.0,"key":"Tiny Chest"},{"floor":9.0,"key":"Pantograph"},{"floor":10.0,"key":"Regal Pillow"},{"floor":14.0,"key":"Darkstone Periapt"}],"event_choices":[{"cards_removed":["Sword Boomerang"],"damage_healed":0.0,"max_hp_gain":0.0,"max_hp_loss":0.0,"gold_gain":0.0,"event_name":"WeMeetAgain","player_choice":"Gave Card","floor":11.0,"gold_loss":0.0,"damage_taken":0.0,"relics_obtained":["Incense Burner"]},{"damage_healed":0.0,"max_hp_gain":0.0,"max_hp_loss":0.0,"gold_gain":0.0,"event_name":"Golden Idol","player_choice":"Take Damage","floor":12.0,"gold_loss":0.0,"damage_taken":28.0,"relics_obtained":["Golden Idol"]},{"damage_healed":0.0,"max_hp_gain":0.0,"max_hp_loss":0.0,"gold_gain":0.0,"event_name":"Scrap Ooze","player_choice":"Success","floor":13.0,"gold_loss":0.0,"damage_taken":5.0,"relics_obtained":["Meat on the Bone"]}],"is_beta":false,"boss_relics":[{"not_picked":["Pandora\u0027s Box","Runic Dome"],"picked":"hubris:GrandSneckoEye"}],"items_purged_floors":[],"is_endless":false,"potions_floor_spawned":[4,6,8,16],"killed_by":"2 Thieves","ascension_level":20}}