{"host":"m77rrhbqzv44va4v","time":1609210131,"event":{"mods":["AchievementEnabler","BaseMod","Colored Map","DeckTracker","Keyboard Shortcuts","Minty Spire (QoL Compilation)","StSLib","SuperFastMode","everything is the same but u backflip on backflip"],"gold_per_floor":[110,121,133,208,218,218,252,154,154,165,165,176,204,26,26,101,101,115,127,137,149,162,162,187,187,187,187,187,112,123,10,10,87,87,98,98,115,115,115],"floor_reached":38,"playtime":1389,"items_purged":["Strike_R","Strike_R"],"score":694,"play_id":"8ba5a110-34be-460e-bb22-10882471ac7e","local_time":"20201229114851","is_ascension_mode":true,"campfire_choices":[{"data":"Offering","floor":6.0,"key":"SMITH"},{"data":"Inflame","floor":15.0,"key":"SMITH"},{"floor":23.0,"key":"REST"},{"floor":28.0,"key":"REST"},{"floor":32.0,"key":"REST"}],"circlet_count":0,"master_deck":["AscendersBane","Strike_R+1","Defend_R","Defend_R","Defend_R","Defend_R","Bash+1","Heavy Blade","Battle Trance","Wild Strike","Offering+1","Blood for Blood","Pommel Strike","Shrug It Off","Intimidate","Inflame+1","Offering","Fire Breathing","Shrug It Off","Power Through","Purity","Twin Strike+1","Impervious"],"relics":["Burning Blood","Whetstone","Nunchaku","Meat on the Bone","StoneCalendar","Fusion Hammer","Molten Egg 2","Shuriken","Nilry\u0027s Codex","Snecko Eye"],"acts_visited":["Exordium","TheCity","TheBeyond"],"potions_floor_usage":[],"damage_taken":[{"damage":2.0,"enemies":"Small Slimes","floor":1.0,"turns":4.0},{"damage":6.0,"enemies":"Cultist","floor":2.0,"turns":4.0},{"damage":7.0,"enemies":"2 Louse","floor":3.0,"turns":2.0},{"damage":10.0,"enemies":"Exordium Wildlife","floor":5.0,"turns":3.0},{"damage":29.0,"enemies":"Lagavulin","floor":7.0,"turns":4.0},{"damage":7.0,"enemies":"Looter","floor":10.0,"turns":2.0},{"damage":0.0,"enemies":"Large Slime","floor":12.0,"turns":3.0},{"damage":21.0,"enemies":"3 Sentries","floor":13.0,"turns":8.0},{"damage":38.0,"enemies":"Slime Boss","floor":16.0,"turns":7.0},{"damage":7.0,"enemies":"Spheric Guardian","floor":18.0,"turns":3.0},{"damage":12.0,"enemies":"3 Byrds","floor":19.0,"turns":5.0},{"damage":33.0,"enemies":"Shelled Parasite and Fungi","floor":20.0,"turns":4.0},{"damage":17.0,"enemies":"Snecko","floor":21.0,"turns":4.0},{"damage":19.0,"enemies":"Snake Plant","floor":22.0,"turns":2.0},{"damage":49.0,"enemies":"Slavers","floor":24.0,"turns":4.0},{"damage":10.0,"enemies":"3 Cultists","floor":30.0,"turns":5.0},{"damage":37.0,"enemies":"Champ","floor":33.0,"turns":10.0},{"damage":6.0,"enemies":"3 Shapes","floor":35.0,"turns":4.0},{"damage":24.0,"enemies":"Orb Walker","floor":37.0,"turns":4.0},{"damage":48,"enemies":"Transient","floor":38,"turns":3}],"seed_played":"4327652838878560646","potions_obtained":[{"floor":2.0,"key":"FearPotion"},{"floor":3.0,"key":"Block Potion"},{"floor":7.0,"key":"GamblersBrew"},{"floor":10.0,"key":"Block Potion"},{"floor":16.0,"key":"GamblersBrew"},{"floor":20.0,"key":"SteroidPotion"},{"floor":37.0,"key":"HeartOfIron"}],"is_trial":false,"path_per_floor":["M","M","M","?","M","R","E","$","T","M","?","M","E","$","R","B",null,"M","M","M","M","M","R","E","?","T","?","R","?","M","$","R","B",null,"M","?","M","M"],"character_chosen":"IRONCLAD","items_purchased":["Pommel Strike","Inflame","Purity","Twin Strike+1"],"campfire_rested":3,"item_purchase_floors":[8,14,31,31],"current_hp_per_floor":[79,79,78,70,66,66,43,43,43,42,39,57,54,54,54,34,70,69,63,48,49,48,72,41,41,41,25,49,49,57,57,81,50,74,74,74,56,8,8],"gold":115,"neow_bonus":"TEN_PERCENT_HP_BONUS","is_daily":false,"chose_seed":false,"campfire_upgraded":2,"win_rate":0.0,"timestamp":1609210131,"path_taken":["M","M","M","?","M","R","E","$","T","?","?","M","E","$","R","BOSS","M","M","M","M","M","R","E","?","T","?","R","?","M","$","R","BOSS","M","?","M","M"],"items_purchased_type":["Card","Card","Card","Card"],"build_version":"2020-12-22","purchased_purges":2,"victory":false,"max_hp_per_floor":[82,82,82,82,82,82,82,82,82,82,82,82,82,82,82,82,82,82,82,82,82,82,82,82,82,82,82,82,82,82,82,82,82,82,82,78,78,78,78],"card_choices":[{"not_picked":["Entrench","Shockwave"],"picked":"Heavy Blade","floor":1.0},{"not_picked":["Heavy Blade","Clothesline"],"picked":"Battle Trance","floor":2.0},{"not_picked":["Carnage","Headbutt"],"picked":"Wild Strike","floor":3.0},{"not_picked":["Searing Blow","Pommel Strike"],"picked":"Offering","floor":5.0},{"not_picked":["Bloodletting","Rage"],"picked":"Blood for Blood","floor":7.0},{"not_picked":["Sword Boomerang","Iron Wave","Clash"],"picked":"SKIP","floor":10.0},{"not_picked":["Pummel","Cleave"],"picked":"Shrug It Off","floor":12.0},{"not_picked":["Pommel Strike","Sword Boomerang"],"picked":"Intimidate","floor":13.0},{"not_picked":["Juggernaut","Berserk"],"picked":"Offering","floor":16.0},{"not_picked":["Havoc","Power Through"],"picked":"Fire Breathing","floor":18.0},{"not_picked":["Whirlwind","Rampage","Headbutt"],"picked":"SKIP","floor":19.0},{"not_picked":["Sentinel","Sword Boomerang"],"picked":"Shrug It Off","floor":20.0},{"not_picked":["Body Slam","Hemokinesis","True Grit"],"picked":"SKIP","floor":21.0},{"not_picked":["Shrug It Off","Sword Boomerang","Spot Weakness"],"picked":"SKIP","floor":22.0},{"not_picked":["Anger+1","Rampage+1"],"picked":"Power Through","floor":24.0},{"not_picked":["Blood for Blood+1","Clothesline+1","Rampage+1"],"picked":"SKIP","floor":30.0},{"not_picked":["Fiend Fire+1","Reaper+1"],"picked":"Impervious","floor":33.0},{"not_picked":["Shrug It Off","Body Slam+1","Sword Boomerang+1"],"picked":"SKIP","floor":35.0},{"not_picked":["Blood for Blood+1","Anger+1","Battle Trance+1"],"picked":"SKIP","floor":37.0}],"player_experience":831074,"relics_obtained":[{"floor":7.0,"key":"Whetstone"},{"floor":9.0,"key":"Nunchaku"},{"floor":13.0,"key":"StoneCalendar"},{"floor":24.0,"key":"Molten Egg 2"},{"floor":26.0,"key":"Shuriken"},{"floor":27.0,"key":"Nilry\u0027s Codex"}],"event_choices":[{"damage_healed":0.0,"max_hp_gain":0.0,"max_hp_loss":0.0,"gold_gain":75.0,"event_name":"FaceTrader","player_choice":"Touch","floor":4.0,"gold_loss":0.0,"damage_taken":8.0},{"damage_healed":0.0,"max_hp_gain":0.0,"max_hp_loss":0.0,"gold_gain":0.0,"event_name":"Scrap Ooze","player_choice":"Success","floor":11.0,"gold_loss":0.0,"damage_taken":3.0,"relics_obtained":["Meat on the Bone"]},{"cards_removed":["Strike_R"],"damage_healed":0.0,"max_hp_gain":0.0,"max_hp_loss":0.0,"gold_gain":0.0,"event_name":"Back to Basics","player_choice":"Elegance","floor":25.0,"gold_loss":0.0,"damage_taken":0.0},{"damage_healed":0.0,"max_hp_gain":0.0,"max_hp_loss":0.0,"gold_gain":0.0,"event_name":"Cursed Tome","player_choice":"Obtained Book","floor":27.0,"gold_loss":0.0,"damage_taken":16.0},{"cards_removed":["Strike_R"],"damage_healed":0.0,"max_hp_gain":0.0,"max_hp_loss":0.0,"gold_gain":0.0,"event_name":"Beggar","player_choice":"Gave Gold","floor":29.0,"gold_loss":75.0,"damage_taken":0.0},{"damage_healed":0.0,"max_hp_gain":0.0,"max_hp_loss":4.0,"gold_gain":0.0,"event_name":"Winding Halls","player_choice":"Max HP","floor":36.0,"gold_loss":0.0,"damage_taken":0.0}],"is_beta":false,"boss_relics":[{"not_picked":["Tiny House","Ectoplasm"],"picked":"Fusion Hammer"},{"not_picked":["Runic Dome","Astrolabe"],"picked":"Snecko Eye"}],"items_purged_floors":[8,14],"is_endless":false,"potions_floor_spawned":[2,3,7,10,16,20,30,33,35,37],"killed_by":"Transient","ascension_level":14}}