{"host":"p5nht1vx148lgsp8","time":1609232117,"event":{"mods":["AchievementEnabler","BaseMod","Better Altar","Better Match","Better Note","Better Sensory Stone","Better Skull","Better Third Choice","Colored Map","Colored Powertips","Downfall","Infinite Spire","Marisa????????","Minty Spire (QoL Compilation)","Permanent Neow","Replay The Spire","StSLib","The Servant 0.9.4","Waifu the Spire"],"gold_per_floor":[113,113,124,124,143,143,72,72,95,128,153,153,153,172,172,302,302,325,325,325,344,344,385,398,398,398,413,538,574,14,28,28,161,161,194,194,221,221,221,279,322,322,322,361,423,38,38,38,38,38],"floor_reached":51,"playtime":3043,"items_purged":["Injury"],"score":1097,"play_id":"c993dd8e-f9c8-4ffa-8050-5a74844bdda5","local_time":"20201229005517","is_ascension_mode":true,"campfire_choices":[{"data":"Bash","floor":6,"key":"SMITH"},{"data":"Fire Breathing","floor":8,"key":"SMITH"},{"data":"Reckless Charge","floor":13,"key":"SMITH"},{"data":"Strike_R","floor":15,"key":"PURGE"},{"floor":25,"key":"REST"},{"data":"ReplayTheSpireMod:Brewmster","floor":32,"key":"SMITH"},{"data":"infinitespire:SevenWalls","floor":42,"key":"SMITH"},{"floor":47,"key":"REST"},{"data":"Demon Form","floor":49,"key":"SMITH"}],"circlet_count":0,"master_deck":["Strike_R","Strike_R","Strike_R","Defend_R","Defend_R","Defend_R","Defend_R","Bash+1","Dropkick","Reckless Charge+1","Fire Breathing+1","ReplayTheSpireMod:Stacked","Clothesline+1","Reckless Charge","Reaper","Burning Pact","infinitespire:SevenWalls+1","Fire Breathing+1","Metallicize","Demon Form+1","ReplayTheSpireMod:Brewmster+1","Impervious","Demonic Infusion","Brutality","Pummel","Dual Wield"],"relics":["Burning Blood","infinitespire:Satchel","Golden Idol","Replay:Baseball","ChewingGum","Nloth\u0027s Gift","Black Blood","Quantum Egg","Replay:Mystery Machine","infinitespire:FocusingShard","infinitespire:Golems Mask","Mummified Hand","Replay:Accelerometer","Durian","infinitespire:EvilPickle","Busted Crown","Divine Protection","Pet Ghost","Peace Pipe","Ancient Tea Set","Replay:Towering Pillar of Hats","Art of War"],"acts_visited":["Exordium","TheCity","TheBeyond"],"potions_floor_usage":[3,10,11,27,28,33,33,35,37,37,40,40,40,40,41,41,41,44,44,45,45,45,50,50,50,50,50],"damage_taken":[{"damage":7,"enemies":"Jaw Worm","floor":1,"turns":3},{"damage":11,"enemies":"2 Louse","floor":3,"turns":3},{"damage":6,"enemies":"Cultist","floor":5,"turns":3},{"damage":29,"enemies":"Replay:BlueRogue","floor":10,"turns":4},{"damage":0,"enemies":"2 Fungi Beasts","floor":11,"turns":2},{"damage":8,"enemies":"3 Louse","floor":14,"turns":4},{"damage":34,"enemies":"Hexaghost","floor":16,"turns":9},{"damage":19,"enemies":"3 Byrds","floor":18,"turns":4},{"damage":3,"enemies":"Chosen","floor":21,"turns":4},{"damage":32,"enemies":"Book of Stabbing","floor":23,"turns":5},{"damage":22,"enemies":"Snake Plant","floor":24,"turns":5},{"damage":38,"enemies":"Sentry and Sphere","floor":27,"turns":4},{"damage":3,"enemies":"Colosseum Slavers","floor":28,"turns":4},{"damage":31,"enemies":"Colosseum Nobs","floor":28,"turns":5},{"damage":15,"enemies":"Replay:Snechameleon","floor":29,"turns":5},{"damage":6,"enemies":"Snecko","floor":31,"turns":5},{"damage":18,"enemies":"Pondfish","floor":33,"turns":7},{"damage":33,"enemies":"3 Darklings","floor":35,"turns":5},{"damage":8,"enemies":"3 Shapes","floor":37,"turns":4},{"damage":3,"enemies":"Giant Head","floor":40,"turns":8},{"damage":30,"enemies":"Transient","floor":41,"turns":5},{"damage":5,"enemies":"3 Darklings","floor":44,"turns":5},{"damage":50,"enemies":"Nightmare","floor":45,"turns":8},{"damage":63,"enemies":"Time Eater","floor":50,"turns":7}],"seed_played":"206652757064654642","potions_obtained":[{"floor":1,"key":"Weak Potion"},{"floor":3,"key":"Explosive Potion"},{"floor":5,"key":"sneckomod:MuddlingPotion"},{"floor":24,"key":"Dexterity Potion"},{"floor":27,"key":"LiquidMemories"},{"floor":29,"key":"Energy Potion"},{"floor":44,"key":"SkillPotion"}],"is_trial":false,"path_per_floor":["M","?","M","?","M","R","$","R","T","E","M","?","R","M","R_BF","B",null,"M","?","?","M","AVR","E","M","R","T","M","?","E","$","M","R","B",null,"M","?","M","$","T","E","M","R","T","M","NM","$","R","T","R","B",null],"character_chosen":"IRONCLAD","items_purchased":["Fire Breathing","ReplayTheSpireMod:Brewmster","Durian","Replay:Towering Pillar of Hats","Dual Wield"],"campfire_rested":2,"item_purchase_floors":[7,30,30,46,46],"current_hp_per_floor":[79,79,74,74,74,74,74,74,74,51,57,57,57,55,55,27,80,73,53,53,62,62,48,44,68,68,48,50,59,64,81,81,85,85,70,70,85,85,85,85,76,76,76,85,58,58,83,83,83,38],"gold":38,"neow_bonus":"THREE_CARDS","is_daily":false,"chose_seed":false,"campfire_upgraded":6,"win_rate":0.0,"timestamp":1609232117,"path_taken":["M","?","M","?","M","R","$","R","T","E","M","?","R","M","R_BF","BOSS","M","?","?","?","AVR","E","M","R","T","M","?","E","$","M","R","BOSS","M","?","M","$","?","E","?","R","T","M","NM","$","R","?","R","BOSS"],"items_purchased_type":["Card","Card","Relic","Relic","Card"],"build_version":"2020-12-22","purchased_purges":1,"victory":true,"max_hp_per_floor":[80,80,80,80,80,80,80,80,80,80,80,80,80,80,80,80,80,80,80,80,80,80,80,80,80,80,80,80,80,85,85,85,85,85,85,85,85,85,85,85,85,85,85,85,85,85,85,85,85,85],"card_choices":[{"not_picked":["Clash","Feel No Pain"],"picked":"Dropkick","floor":0},{"not_picked":["Wild Strike","Flex","Sword Boomerang"],"picked":"SKIP","floor":1},{"not_picked":["Headbutt","Pommel Strike"],"picked":"ReplayTheSpireMod:Corrosion Curse","floor":3},{"not_picked":["Replay:Undeath\u0027s Touch","Pommel Strike"],"picked":"Reckless Charge","floor":5},{"not_picked":["Rupture","Juggernaut"],"picked":"ReplayTheSpireMod:Stacked","floor":10},{"not_picked":["Clash","Cleave","True Grit"],"picked":"SKIP","floor":11},{"not_picked":["Sword Boomerang","ReplayTheSpireMod:Strike From Hell"],"picked":"Reckless Charge","floor":14},{"not_picked":["Barricade","Fiend Fire"],"picked":"Reaper","floor":16},{"not_picked":["Wild Strike","Rupture"],"picked":"Burning Pact","floor":18},{"not_picked":["infinitespire:TheBestDefense","infinitespire:Oblivion"],"picked":"infinitespire:SevenWalls","floor":19},{"not_picked":["Clash+1","Twin Strike+1","Perfected Strike"],"picked":"SKIP","floor":21},{"not_picked":["Berserk","Reaper"],"picked":"Fire Breathing+1","floor":23},{"not_picked":["Replay:Undeath\u0027s Touch","True Grit","Perfected Strike"],"picked":"SKIP","floor":24},{"not_picked":["Headbutt+1","Rage"],"picked":"Metallicize","floor":27},{"not_picked":["Second Wind","ReplayReversal"],"picked":"Demon Form","floor":29},{"not_picked":["Wild Strike","Clash+1"],"picked":"Impervious","floor":31},{"not_picked":["Eclipse","Fiend Fire"],"picked":"Demonic Infusion","floor":33},{"not_picked":["Anger+1"],"picked":"SKIP","floor":35},{"not_picked":["ReplayTheSpireMod:Limb From Limb"],"picked":"SKIP","floor":37},{"not_picked":[],"picked":"Brutality","floor":40},{"not_picked":["Headbutt+1"],"picked":"SKIP","floor":41},{"not_picked":["Shrug It Off"],"picked":"SKIP","floor":44},{"not_picked":[],"picked":"Pummel","floor":45}],"player_experience":186039,"relics_obtained":[{"floor":2,"key":"infinitespire:Satchel"},{"floor":9,"key":"Replay:Baseball"},{"floor":10,"key":"Blue Doll"},{"floor":23,"key":"Replay:Mystery Machine"},{"floor":26,"key":"infinitespire:FocusingShard"},{"floor":28,"key":"infinitespire:Golems Mask"},{"floor":28,"key":"Mummified Hand"},{"floor":29,"key":"Replay:Accelerometer"},{"floor":39,"key":"Divine Protection"},{"floor":40,"key":"Pet Ghost"},{"floor":43,"key":"Peace Pipe"},{"floor":45,"key":"Ancient Tea Set"},{"floor":48,"key":"Art of War"}],"event_choices":[{"damage_healed":0,"gold_gain":0,"player_choice":"Take Wound","damage_taken":0,"relics_obtained":["Golden Idol"],"max_hp_gain":0,"max_hp_loss":0,"event_name":"Golden Idol","floor":4,"gold_loss":0,"cards_obtained":["Injury"]},{"damage_healed":0,"gold_gain":0,"player_choice":"Traded Relic","damage_taken":0,"relics_obtained":["Nloth\u0027s Gift"],"max_hp_gain":0,"max_hp_loss":0,"event_name":"N\u0027loth","floor":20,"relics_lost":["Blue Doll"],"gold_loss":0},{"damage_healed":0,"gold_gain":0,"player_choice":"Fight","damage_taken":0,"max_hp_gain":0,"max_hp_loss":0,"event_name":"Colosseum","floor":28,"gold_loss":0},{"damage_healed":0,"gold_gain":0,"player_choice":"Fought Nobs","damage_taken":0,"max_hp_gain":0,"max_hp_loss":0,"event_name":"Colosseum","floor":28,"gold_loss":0},{"cards_removed":["ReplayTheSpireMod:Corrosion Curse"],"damage_healed":0,"gold_gain":0,"player_choice":"Purged","damage_taken":0,"max_hp_gain":0,"max_hp_loss":0,"event_name":"Purifier","floor":36,"gold_loss":0}],"is_beta":false,"boss_relics":[{"not_picked":["Honey Jar","Runic Pyramid"],"picked":"ChewingGum"},{"not_picked":["Fusion Hammer","Replay:Grab Bag"],"picked":"Busted Crown"}],"items_purged_floors":[30],"is_endless":false,"potions_floor_spawned":[1,3,5,24,27,28,29,44],"ascension_level":4}}