{"host":"v4tuy5ykrbdcm9o9","time":1609256823,"event":{"mods":["BaseMod","Duelist Mod","Minty Spire (QoL Compilation)","Replay The Spire","StSLib"],"gold_per_floor":[118,132,132,148,166,200,212,240,264,316,333,348,348,361,361,462,562,576,576,576,565,577,610,610,640,665,678,628,640,640,651,651,651,651],"floor_reached":33,"playtime":3399,"items_purged":[],"score":373,"play_id":"42eb72c2-808e-41aa-a4bf-6c51fbe46c49","local_time":"20201229104703","is_ascension_mode":true,"campfire_choices":[{"floor":13,"key":"REST"},{"floor":15,"key":"REST"},{"floor":24,"key":"REST"},{"floor":30,"key":"REST"},{"floor":32,"key":"REST"}],"circlet_count":0,"master_deck":["Defend_P","Defend_P","Defend_P","Defend_P","Eruption+1","Vigilance","FollowUp","SandsOfTime","ClearTheMind","TalkToTheHand","Halt","EmptyBody+1","Meditate","ThirdEye+1","Perseverance","EmptyFist","Establishment","Replay:ManipulateFuture","Bite+1","Bite","Bite","Bite+1","Bite","Replay:Hum+1","CrushJoints+1","FlurryOfBlows","FlurryOfBlows+1","Replay:ManipulateFuture","Crescendo","BowlingBash+1"],"relics":["PureWater","Lizard Tail","Ancient Tea Set","PreservedInsect","Replay:Wanted Poster","Bronze Scales","War Paint","Gremlin Food"],"acts_visited":["Exordium","TheCity"],"potions_floor_usage":[5,12,12,14,16,25,29,29,33],"damage_taken":[{"damage":1,"enemies":"2 Louse","floor":1,"turns":4},{"damage":2,"enemies":"Jaw Worm","floor":2,"turns":3},{"damage":0,"enemies":"Small Slimes","floor":4,"turns":2},{"damage":8,"enemies":"Blue Slaver","floor":5,"turns":3},{"damage":23,"enemies":"Gremlin Nob","floor":6,"turns":4},{"damage":1,"enemies":"Red Slaver","floor":7,"turns":3},{"damage":8,"enemies":"Lagavulin","floor":8,"turns":5},{"damage":2,"enemies":"2 Fungi Beasts","floor":11,"turns":3},{"damage":9,"enemies":"Exordium Thugs","floor":12,"turns":5},{"damage":0,"enemies":"3 Louse","floor":14,"turns":3},{"damage":6,"enemies":"Fading Forest","floor":16,"turns":11},{"damage":10,"enemies":"Shell Parasite","floor":18,"turns":4},{"damage":10,"enemies":"2 Thieves","floor":21,"turns":4},{"damage":41,"enemies":"Shelled Parasite and Fungi","floor":22,"turns":5},{"damage":29,"enemies":"theDuelist:KaibaA2","floor":23,"turns":5},{"damage":48,"enemies":"Book of Stabbing","floor":25,"turns":5},{"damage":5,"enemies":"Chosen and Byrds","floor":27,"turns":3},{"damage":0,"enemies":"Snecko","floor":29,"turns":3},{"damage":20,"enemies":"Centurion and Healer","floor":31,"turns":5},{"damage":73,"enemies":"Automaton","floor":33,"turns":6}],"seed_played":"5860825160431750924","potions_obtained":[{"floor":2,"key":"Adrenaline Potion"},{"floor":6,"key":"Elixir"},{"floor":7,"key":"SpeedPotion"},{"floor":11,"key":"ColorlessPotion"},{"floor":12,"key":"BottledMiracle"},{"floor":14,"key":"LiquidBronze"},{"floor":18,"key":"Ancient Potion"},{"floor":23,"key":"LiquidMemories"},{"floor":25,"key":"SpeedPotion"},{"floor":31,"key":"Weak Potion"}],"is_trial":false,"path_per_floor":["M","M","?","M","M","E","M","E","T","?","M","M","R","M","R","B",null,"M","?","?","M","M","E","R","E","T","M","$","M","R","M","R","B"],"character_chosen":"WATCHER","items_purchased":["AttackPotion"],"campfire_rested":5,"item_purchase_floors":[28],"current_hp_per_floor":[78,76,76,76,68,45,44,36,36,36,34,25,48,48,71,73,79,69,55,55,53,20,27,43,7,7,8,8,12,28,17,33,0,0],"gold":651,"neow_bonus":"TEN_PERCENT_HP_BONUS","is_daily":false,"chose_seed":false,"campfire_upgraded":0,"win_rate":0.0,"timestamp":1609256823,"path_taken":["M","M","?","M","M","E","M","E","T","?","M","M","R","M","R","BOSS","M","?","?","M","M","E","R","E","T","M","$","M","R","M","R","BOSS"],"items_purchased_type":["Potion"],"build_version":"2020-12-22","purchased_purges":0,"victory":false,"max_hp_per_floor":[79,79,79,79,79,79,79,79,79,79,79,79,79,79,79,79,79,79,55,55,55,55,55,55,55,55,55,55,55,55,55,55,55,55],"card_choices":[{"not_picked":["EmptyFist","Crescendo"],"picked":"FollowUp","floor":1},{"not_picked":["Collect","CrushJoints"],"picked":"SandsOfTime","floor":2},{"not_picked":["Tantrum","Sanctity"],"picked":"ClearTheMind","floor":4},{"not_picked":["JustLucky","Swivel"],"picked":"TalkToTheHand","floor":5},{"not_picked":["PathToVictory","Protect"],"picked":"Halt","floor":6},{"not_picked":["LikeWater","Nirvana"],"picked":"EmptyBody","floor":7},{"not_picked":["MasterReality","Pray"],"picked":"Meditate","floor":8},{"not_picked":["PathToVictory","Replay:DivineShield"],"picked":"ThirdEye","floor":11},{"not_picked":["ForeignInfluence","ThirdEye"],"picked":"Perseverance","floor":12},{"not_picked":["Protect","BowlingBash"],"picked":"EmptyFist","floor":14},{"not_picked":["Scrawl","SpiritShield"],"picked":"Establishment","floor":16},{"not_picked":["Replay:DivineShield","EmptyMind"],"picked":"Replay:ManipulateFuture","floor":18},{"not_picked":["CarveReality","CrushJoints"],"picked":"Replay:Hum+1","floor":21},{"not_picked":["CutThroughFate+1","Evaluate"],"picked":"CrushJoints+1","floor":22},{"not_picked":["CrushJoints","Nirvana+1"],"picked":"FlurryOfBlows","floor":23},{"not_picked":["WreathOfFlame","BowlingBash"],"picked":"FlurryOfBlows+1","floor":25},{"not_picked":["LikeWater","Tantrum"],"picked":"Replay:ManipulateFuture","floor":27},{"not_picked":["Replay:BluntJabs","Replay:ManipulateFuture"],"picked":"Crescendo","floor":29},{"not_picked":["DeceiveReality","Replay:ManipulateFuture+1"],"picked":"BowlingBash+1","floor":31}],"player_experience":477670,"relics_obtained":[{"floor":6,"key":"Lizard Tail"},{"floor":8,"key":"Ancient Tea Set"},{"floor":9,"key":"PreservedInsect"},{"floor":23,"key":"Bronze Scales"},{"floor":25,"key":"War Paint"},{"floor":26,"key":"Gremlin Food"}],"event_choices":[{"damage_healed":0,"gold_gain":0,"player_choice":"Grow","damage_taken":0,"max_hp_gain":0,"max_hp_loss":0,"event_name":"Living Wall","floor":3,"gold_loss":0,"cards_upgraded":["Eruption"]},{"damage_healed":0,"gold_gain":52,"player_choice":"Gained Gold","damage_taken":0,"max_hp_gain":0,"max_hp_loss":0,"event_name":"Golden Wing","floor":10,"gold_loss":0},{"damage_healed":0,"gold_gain":0,"player_choice":"Became a vampire","damage_taken":0,"max_hp_gain":0,"max_hp_loss":24,"event_name":"Vampires","floor":19,"gold_loss":0,"cards_obtained":["Bite","Bite","Bite","Bite","Bite"]},{"damage_healed":0,"gold_gain":0,"player_choice":"Ignored","damage_taken":0,"max_hp_gain":0,"max_hp_loss":0,"event_name":"Cursed Tome","floor":20,"gold_loss":0}],"is_beta":false,"boss_relics":[{"not_picked":["Coffee Dripper","Pandora\u0027s Box"],"picked":"Replay:Wanted Poster"}],"items_purged_floors":[],"is_endless":false,"potions_floor_spawned":[2,6,7,11,12,14,18,23,25,31],"killed_by":"Automaton","ascension_level":3}}