{"host":"1c52r9kaxdyo25eq","time":1609239337,"event":{"mods":["AchievementEnabler","BaseMod","Minty Spire (QoL Compilation)","Rare Cards Sparkle","SuperFastMode","everything is the same but u backflip on backflip"],"gold_per_floor":[109,109,124,139,149,149,184,201,225,225,240,240,157,174,174,174,174],"floor_reached":16,"playtime":402,"items_purged":[],"score":208,"play_id":"77b62bcd-409d-4bf8-9d48-f913a38a0438","local_time":"20201229195537","is_ascension_mode":true,"campfire_choices":[{"data":"Crippling Poison","floor":6.0,"key":"SMITH"},{"floor":12,"key":"REST"},{"floor":15,"key":"REST"}],"circlet_count":0,"master_deck":["AscendersBane","Strike_G","Strike_G","Strike_G","Defend_G","Defend_G","Defend_G","Defend_G","Survivor","Neutralize","Crippling Poison+1","Quick Slash","Reflex","Acrobatics","Grand Finale"],"relics":["Ring of the Snake","Bronze Scales","Happy Flower"],"acts_visited":["Exordium"],"potions_floor_usage":[16],"damage_taken":[{"damage":1.0,"enemies":"Jaw Worm","floor":1.0,"turns":4.0},{"damage":0.0,"enemies":"Cultist","floor":3.0,"turns":5.0},{"damage":4.0,"enemies":"2 Louse","floor":4.0,"turns":3.0},{"damage":3.0,"enemies":"Looter","floor":5.0,"turns":4.0},{"damage":31.0,"enemies":"Lagavulin","floor":7.0,"turns":6.0},{"damage":1.0,"enemies":"Blue Slaver","floor":8.0,"turns":4.0},{"damage":0,"enemies":"Large Slime","floor":11,"turns":2},{"damage":7,"enemies":"Exordium Wildlife","floor":14,"turns":4},{"damage":43,"enemies":"Hexaghost","floor":16,"turns":10}],"seed_played":"-5465255095718076434","potions_obtained":[{"floor":4.0,"key":"CunningPotion"},{"floor":5.0,"key":"ColorlessPotion"},{"floor":7.0,"key":"Explosive Potion"},{"floor":8.0,"key":"FairyPotion"}],"is_trial":false,"path_per_floor":["M","?","M","M","M","R","E","M","T","?","M","R","$","M","R","B"],"character_chosen":"THE_SILENT","items_purchased":["DuplicationPotion"],"campfire_rested":2,"item_purchase_floors":[13],"current_hp_per_floor":[43,43,43,39,36,36,5,4,4,4,4,23,23,16,35,13,13],"gold":174,"neow_bonus":"REMOVE_TWO","is_daily":false,"chose_seed":false,"campfire_upgraded":1,"win_rate":0.0,"timestamp":1609239337,"path_taken":["M","?","?","M","M","R","E","M","T","?","M","R","$","M","R","BOSS"],"items_purchased_type":["Potion"],"build_version":"2020-12-22","purchased_purges":0,"victory":false,"max_hp_per_floor":[66,66,66,66,66,66,66,66,66,66,66,66,66,66,66,66,66],"card_choices":[{"not_picked":["Prepared","Quick Slash"],"picked":"Crippling Poison","floor":1.0},{"not_picked":["Bane","Slice"],"picked":"Quick Slash","floor":3.0},{"not_picked":["Slice","Sucker Punch","Cloak And Dagger"],"picked":"SKIP","floor":4.0},{"not_picked":["PiercingWail","Dodge and Roll"],"picked":"Reflex","floor":5.0},{"not_picked":["Reflex","Cloak And Dagger"],"picked":"Acrobatics","floor":7.0},{"not_picked":["Bane","Accuracy"],"picked":"Grand Finale","floor":8.0},{"not_picked":["Expertise","Endless Agony","Blade Dance"],"picked":"SKIP","floor":11},{"not_picked":["Poisoned Stab","Distraction","Flying Knee"],"picked":"SKIP","floor":14}],"player_experience":526926,"relics_obtained":[{"floor":7.0,"key":"Bronze Scales"},{"floor":9.0,"key":"Happy Flower"}],"event_choices":[{"cards_removed":["Strike_G"],"damage_healed":0.0,"max_hp_gain":0.0,"max_hp_loss":0.0,"gold_gain":0.0,"event_name":"Purifier","player_choice":"Purged","floor":2.0,"gold_loss":0.0,"damage_taken":0.0},{"damage_healed":0.0,"max_hp_gain":0.0,"max_hp_loss":0.0,"gold_gain":0.0,"event_name":"Shining Light","player_choice":"Ignored","floor":10.0,"gold_loss":0.0,"damage_taken":0.0}],"is_beta":false,"boss_relics":[],"items_purged_floors":[],"is_endless":false,"potions_floor_spawned":[4,5,7,8,11],"killed_by":"Hexaghost","ascension_level":20}}