{"host":"fbjkyf8096sobcph","time":1609201935,"event":{"mods":["2.2 Compatiblity","AchievementEnabler","Aspiration","BaseMod","Better Altar","Better Match","Better Note","Better Sensory Stone","Better Skull","Better Third Choice","BetterRewards","CCEM","Clawfect","Colored Map","Conspire","Downfall","GifTheSpireLib","Halation","Highlight Path","Hubris","Infinite Spire","Mimic Mod","Minty Spire (QoL Compilation)","Permanent Neow","Replay The Spire","Shop Mod","Spicy Shops","StSLib","Stuff the Spire","Unceasing Turn Reminder","Waifu the Spire","everything is the same but u backflip on backflip","slay the spire mod where everything is the same but ironclad has a cowboy hat"],"gold_per_floor":[349,361,381,381,381,219,219,144,129,147,159,109,34,68,88,186,186,36,79,90,90,90,166,205,205,224,234,234],"floor_reached":27,"playtime":2459,"items_purged":["Spreading Infection"],"score":263,"play_id":"89794ea2-1d3c-4a03-9b9b-fa0df2dd3eda","local_time":"20201229013215","is_ascension_mode":false,"campfire_choices":[{"floor":1,"key":"DIG"},{"floor":13,"key":"RECALL"},{"floor":18,"key":"DIG"}],"circlet_count":0,"master_deck":["sneckomod:Strike","sneckomod:Strike","sneckomod:Defend","sneckomod:Defend","sneckomod:Defend","sneckomod:TailWhip","sneckomod:SnekBite","sneckomod:Unknown","sneckomod:Unknown","sneckomod:QuickMove","sneckomod:UnknownStrike","sneckomod:UnknownDexterity","sneckomod:MasterEye","sneckomod:CheapStock","expansioncontent:QuickStudy+1","sneckomod:UnlimitedRolls","sneckomod:UnknownClassTHE_CHAMP_GRAY","sneckomod:ImprovisedGuard","conspire:SpireCoStock","sneckomod:Unknown1Cost","sneckomod:UnknownClassBLESSING","sneckomod:UnknownColorless","sneckomod:UnknownClassGREEN+1","sneckomod:UnknownUncommonSkill","sneckomod:UnknownStrike+1","sneckomod:UnknownClassBLESSING+1","sneckomod:ImprovisedAttack+1"],"relics":["sneckomod:SuperSneckoSoul","Counterbalance","Ring of Fangs","Ring of Searing","downfall:HeartBlessingBlue","Pocketwatch","downfall:HeartBlessingRed","downfall:HeartBlessingGreen","Molten Egg 2","downfall:KnowingSkull","Replay:Ringing Soul"],"acts_visited":["Exordium","TheCity"],"potions_floor_usage":[14,14,19,27,27,27],"damage_taken":[{"damage":3,"enemies":"Jaw Worm","floor":2,"turns":4},{"damage":0,"enemies":"Small Slimes","floor":3,"turns":3},{"damage":0,"enemies":"downfall:FleeingMerchant","floor":6,"turns":4},{"damage":11,"enemies":"downfall:FleeingMerchant","floor":9,"turns":4},{"damage":5,"enemies":"Cultist","floor":10,"turns":5},{"damage":3,"enemies":"Large Slime","floor":11,"turns":6},{"damage":12,"enemies":"Lagavulin","floor":14,"turns":3},{"damage":0,"enemies":"2 Fungi Beasts","floor":15,"turns":3},{"damage":26,"enemies":"downfall:Ironclad","floor":16,"turns":5},{"damage":32,"enemies":"Shell Parasite","floor":19,"turns":6},{"damage":17,"enemies":"3 Byrds","floor":20,"turns":3},{"damage":52,"enemies":"Sentry and Sphere","floor":23,"turns":10},{"damage":7,"enemies":"Chosen and Byrds","floor":24,"turns":4},{"damage":16,"enemies":"Chosen and Byrds","floor":26,"turns":5},{"damage":12,"enemies":"Centurion and Healer","floor":27,"turns":1}],"seed_played":"-5505633111602383474","potions_obtained":[{"floor":2,"key":"Fire Potion"},{"floor":10,"key":"AttackPotion"},{"floor":11,"key":"sneckomod:MuddlingPotion"},{"floor":15,"key":"Adrenaline Potion"},{"floor":16,"key":"Regen Potion"},{"floor":23,"key":"Strength Potion"},{"floor":26,"key":"DistilledChaos"}],"is_trial":false,"path_per_floor":["R_BF","M","M","?","?","$","T","?","$","M","M","?","R","E","M","B",null,"R_BF","M","M","?","?","M","MIM","?","M","M"],"character_chosen":"THE_SNECKO","items_purchased":["sneckomod:CheapStock"],"campfire_rested":0,"item_purchase_floors":[6],"current_hp_per_floor":[63,60,61,61,62,62,62,62,51,47,44,44,54,43,44,23,122,122,90,73,73,66,22,18,18,5,0,0],"gold":234,"neow_bonus":"TWO_FIFTY_GOLD","is_daily":false,"chose_seed":false,"campfire_upgraded":0,"win_rate":0.0,"timestamp":1609201935,"path_taken":["R_BF","M","M","?","?","?","T","?","$","M","M","?","R","E","M","BOSS","R_BF","M","M","?","?","?","MIM","?","M","?"],"items_purchased_type":["Card"],"build_version":"2020-12-22","purchased_purges":1,"victory":false,"max_hp_per_floor":[90,90,91,91,92,92,92,92,92,93,93,93,103,104,105,106,122,122,122,122,122,122,122,125,125,128,128,128],"card_choices":[{"not_picked":["sneckomod:UnknownCommonAttack","sneckomod:QuickBite"],"picked":"sneckomod:QuickMove","floor":2},{"not_picked":["sneckomod:UnknownVulnerable","sneckomod:IronFang"],"picked":"sneckomod:UnknownStrike","floor":3},{"not_picked":["sneckomod:UnknownVulnerable","sneckomod:SoulRoll"],"picked":"sneckomod:MasterEye","floor":6},{"not_picked":["ReplayTheSpireMod:Necrogeddon+1","Violence+1"],"picked":"expansioncontent:QuickStudy+1","floor":8},{"not_picked":["sneckomod:DiceBlock","sneckomod:DiceCrush"],"picked":"sneckomod:UnlimitedRolls","floor":9},{"not_picked":["sneckomod:SoulRoll","sneckomod:UnknownDexterity"],"picked":"sneckomod:UnknownClassTHE_CHAMP_GRAY","floor":10},{"not_picked":["sneckomod:Nope","sneckomod:SoulDraw"],"picked":"sneckomod:ImprovisedGuard","floor":11},{"not_picked":["sneckomod:UnknownStrike","sneckomod:SoulRoll"],"picked":"sneckomod:Unknown1Cost","floor":14},{"not_picked":["sneckomod:UnknownCommonSkill","sneckomod:SnakeSap"],"picked":"sneckomod:UnknownClassBLESSING","floor":15},{"not_picked":["sneckomod:Restock","sneckomod:UnknownRareAttack"],"picked":"sneckomod:UnknownColorless","floor":16},{"not_picked":["sneckomod:UnknownWeak","sneckomod:MasterEye"],"picked":"sneckomod:UnknownClassGREEN+1","floor":19},{"not_picked":["sneckomod:UnknownVulnerable","sneckomod:SoulCleanse"],"picked":"sneckomod:UnknownUncommonSkill","floor":20},{"not_picked":["sneckomod:QuickMove","sneckomod:SoulDraw"],"picked":"sneckomod:UnknownStrike+1","floor":23},{"not_picked":["sneckomod:UnknownClassRED","sneckomod:UnknownVulnerable"],"picked":"sneckomod:UnknownClassBLESSING+1","floor":24},{"not_picked":["sneckomod:UnknownVulnerable","sneckomod:SoulDraw"],"picked":"sneckomod:ImprovisedAttack+1","floor":26}],"player_experience":248467,"relics_obtained":[{"floor":1,"key":"Counterbalance"},{"floor":4,"key":"Ring of Fangs"},{"floor":4,"key":"Ring of Searing"},{"floor":14,"key":"Pocketwatch"},{"floor":18,"key":"Molten Egg 2"},{"floor":24,"key":"Replay:Ringing Soul"}],"event_choices":[{"damage_healed":0,"gold_gain":0,"player_choice":"2","damage_taken":0,"max_hp_gain":0,"max_hp_loss":0,"event_name":"betterMatch:BetterMatch","floor":8,"gold_loss":0,"cards_obtained":["betterMatch:ColorlessRareCard"]},{"damage_healed":0,"gold_gain":0,"player_choice":"Invest 1","damage_taken":0,"max_hp_gain":0,"max_hp_loss":0,"event_name":"conspire:Investor","floor":12,"gold_loss":0},{"cards_removed":["sneckomod:Strike"],"damage_healed":0,"gold_gain":0,"player_choice":"Purged","damage_taken":0,"max_hp_gain":0,"max_hp_loss":0,"event_name":"Purifier","floor":21,"gold_loss":0},{"cards_removed":["sneckomod:Strike"],"damage_healed":0,"gold_gain":0,"player_choice":"Give","damage_taken":0,"max_hp_gain":0,"max_hp_loss":0,"event_name":"betterNote:BetterNote","floor":25,"gold_loss":0,"cards_obtained":["sneckomod:Defend"]}],"is_beta":false,"boss_relics":[{"not_picked":["Cursed Key","hubris:Stopwatch"],"picked":"sneckomod:SuperSneckoSoul"}],"items_purged_floors":[6],"is_endless":false,"potions_floor_spawned":[2,10,11,15,16,23,26],"killed_by":"Centurion and Healer","ascension_level":0}}