{"host":"0rxdudjy6rylha1k","time":1609215844,"event":{"mods":["Aspiration","BaseMod","Colored Map","Colored Powertips","Downfall","Highlight Path","Hubris","Minty Spire (QoL Compilation)","StSLib"],"gold_per_floor":[0,17,34,44,44,29,55,67,82,115,115,40,2,2,15,110,110,110,121,134,85,185,185,185,185,195,195,224,224,243,254,267,362,362,362,375,375,425,525,542,542,572,584,584,204,204,1,1,15,15],"floor_reached":51,"playtime":11327,"items_purged":["Guardian:Strike_Guardian"],"score":1025,"play_id":"4f1aa922-ad77-43c7-af62-f09ddbd1a118","local_time":"20201228212404","is_ascension_mode":true,"campfire_choices":[{"floor":1.0,"key":"RECALL"},{"floor":12.0,"key":"REST"},{"data":"Guardian:BaubleBeam","floor":18.0,"key":"SMITH"},{"data":"Guardian:Orbwalk","floor":25.0,"key":"SMITH"},{"floor":27.0,"key":"REST"},{"data":"Guardian:RefractedBeam","floor":29,"key":"SMITH"},{"data":"Guardian:CompilePackage","floor":35,"key":"SMITH"},{"floor":46,"key":"REST"}],"circlet_count":0,"master_deck":["Guardian:Strike_Guardian","Guardian:Strike_Guardian","Guardian:Strike_Guardian","Guardian:Defend_Guardian","Guardian:Defend_Guardian","Guardian:Defend_Guardian","Guardian:Defend_Guardian","Guardian:CurlUp","Guardian:TwinSlam","Guardian:RefractedBeam+2","Guardian:FuturePlans","Guardian:TemporalStrike","Guardian:FuturePlans","Guardian:ExploitGems","Guardian:DecasProtection","Guardian:FierceBash","Guardian:TemporalShield","Guardian:BaubleBeam+1","Guardian:SentryBeam","Guardian:BronzeOrb","Guardian:Orbwalk+1","Guardian:ExploitGems","Guardian:PrimingBeam","Guardian:Emergency+1","Guardian:PiercingHide","Guardian:CompilePackage+1","Guardian:PrimingBeam+1","Guardian:Preprogram","Guardian:TimeCapacitor+1","Guardian:VentSteam+1","Guardian:PiercingHide","Guardian:MultiBeam"],"relics":["Guardian:ModeShifter","Boot","Centennial Puzzle","HornCleat","downfall:HeartBlessingRed","sneckomod:SneckoTalon","WingedGreaves","Prayer Wheel","aspiration:PoetsPen_weak","CaptainsWheel","aspiration:StickyExplosives_weak","Bottled Tornado","Pen Nib","Question Card","Chemical X","Bronze Scales","Letter Opener"],"acts_visited":["Exordium","TheCity","TheBeyond"],"potions_floor_usage":[33,33,42,50],"damage_taken":[{"damage":2.0,"enemies":"Jaw Worm","floor":2.0,"turns":4.0},{"damage":1.0,"enemies":"Cultist","floor":3.0,"turns":4.0},{"damage":0.0,"enemies":"2 Louse","floor":4.0,"turns":4.0},{"damage":0.0,"enemies":"downfall:FleeingMerchant","floor":6.0,"turns":4.0},{"damage":8.0,"enemies":"Blue Slaver","floor":8.0,"turns":3.0},{"damage":14.0,"enemies":"Large Slime","floor":9.0,"turns":7.0},{"damage":10.0,"enemies":"3 Sentries","floor":10.0,"turns":8.0},{"damage":0.0,"enemies":"downfall:FleeingMerchant","floor":13.0,"turns":4.0},{"damage":0.0,"enemies":"Red Slaver","floor":15.0,"turns":3.0},{"damage":29.0,"enemies":"downfall:Ironclad","floor":16.0,"turns":6.0},{"damage":12.0,"enemies":"Chosen","floor":19.0,"turns":4.0},{"damage":9.0,"enemies":"Shelled Parasite and Fungi","floor":20.0,"turns":6.0},{"damage":0.0,"enemies":"downfall:FleeingMerchant","floor":21.0,"turns":4.0},{"damage":10.0,"enemies":"Cultist and Chosen","floor":26.0,"turns":6.0},{"damage":28.0,"enemies":"Gremlin Leader","floor":28.0,"turns":8.0},{"damage":0,"enemies":"Snake Plant","floor":30,"turns":3},{"damage":12,"enemies":"3 Cultists","floor":31,"turns":5},{"damage":11,"enemies":"Shelled Parasite and Fungi","floor":32,"turns":5},{"damage":9,"enemies":"downfall:Watcher","floor":33,"turns":8},{"damage":29,"enemies":"3 Shapes","floor":36,"turns":6},{"damage":5,"enemies":"Mind Bloom Boss Battle","floor":38,"turns":7},{"damage":0,"enemies":"Orb Walker","floor":40,"turns":2},{"damage":0,"enemies":"Nemesis","floor":42,"turns":5},{"damage":3,"enemies":"Sphere and 2 Shapes","floor":43,"turns":4},{"damage":0,"enemies":"downfall:FleeingMerchant","floor":45,"turns":4},{"damage":10,"enemies":"Maw","floor":49,"turns":5},{"damage":0,"enemies":"downfall:Defect","floor":50,"turns":6}],"seed_played":"-3316757087054228031","potions_obtained":[{"floor":2.0,"key":"Guardian:BlockOnCardUsePotion"},{"floor":3.0,"key":"FearPotion"},{"floor":10.0,"key":"Ancient Potion"},{"floor":15.0,"key":"PowerPotion"},{"floor":19.0,"key":"hexamod:EctoCoolerPotion"},{"floor":26.0,"key":"Regen Potion"},{"floor":28.0,"key":"ColorlessPotion"},{"floor":32,"key":"Dexterity Potion"},{"floor":38,"key":"Guardian:AcceleratePotion"},{"floor":40,"key":"Guardian:AcceleratePotion"}],"is_trial":false,"path_per_floor":["R","M","M","M","?","$","T","M","M","E","?","R","$","?","M","B",null,"R","M","M","$","?","?","T","R","M","R","E","R","M","M","M","B",null,"R","M","?","?","?","M","T","E","M","R","$","R","$","?","M","B",null],"character_chosen":"GUARDIAN","items_purchased":["Guardian:Gem_Green","Guardian:Orbwalk","Pen Nib","Question Card","Chemical X","Guardian:Gem_Yellow","Guardian:MultiBeam","Bronze Scales","Weak Potion"],"campfire_rested":3,"item_purchase_floors":[13,21,45,45,45,45,45,47,47],"current_hp_per_floor":[88,86,85,85,85,85,85,77,63,53,35,63,63,95,95,66,89,89,77,68,68,68,68,68,68,58,86,69,69,69,57,46,37,81,81,52,52,47,47,47,47,47,44,44,44,72,72,72,62,62],"gold":15,"neow_bonus":"TWENTY_PERCENT_HP_BONUS","is_daily":false,"chose_seed":false,"campfire_upgraded":4,"win_rate":0.0,"timestamp":1609215844,"path_taken":["R","M","M","M","?","$","T","M","?","E","?","R","$","?","M","BOSS","R","M","M","$","?","?","T","R","M","R","E","R","?","M","M","BOSS","R","M","?","?","?","M","T","E","?","R","?","R","$","?","M","BOSS"],"items_purchased_type":["Card","Card","Relic","Relic","Relic","Card","Card","Relic","Potion"],"build_version":"2020-12-22","purchased_purges":1,"victory":true,"max_hp_per_floor":[96,96,96,96,96,96,96,96,96,96,96,96,96,96,96,96,96,96,96,96,96,96,96,96,96,96,96,96,96,96,96,96,96,96,96,96,96,96,96,96,96,96,96,96,96,96,96,96,96,96],"card_choices":[{"not_picked":["Guardian:Preprogram","Guardian:Emergency"],"picked":"Guardian:RefractedBeam","floor":2.0},{"not_picked":["Guardian:Planning","Guardian:PrimingBeam"],"picked":"Guardian:FuturePlans","floor":3.0},{"not_picked":["Guardian:Planning","Guardian:RollAttack"],"picked":"Guardian:TemporalStrike","floor":4.0},{"not_picked":["Guardian:Gem_Cyan","Guardian:Reroute"],"picked":"Guardian:DecasProtection","floor":6.0},{"not_picked":["Guardian:RollAttack","Guardian:VentSteam"],"picked":"Guardian:Gem_Blue","floor":8.0},{"not_picked":["Guardian:ShieldCharger","Guardian:WalkerClaw","Guardian:Planning"],"picked":"SKIP","floor":9.0},{"not_picked":["Guardian:PolyBeam","Guardian:Gem_Purple"],"picked":"Guardian:FierceBash","floor":10.0},{"not_picked":["Guardian:RefractedBeam","Guardian:CrystalBeam"],"picked":"Guardian:TemporalShield","floor":13.0},{"not_picked":["Guardian:WalkerClaw","Guardian:RefractedBeam"],"picked":"Guardian:Gem_Lightblue","floor":15.0},{"not_picked":["Guardian:GemFinder","Guardian:ConstructionForm"],"picked":"Guardian:BaubleBeam","floor":16.0},{"not_picked":["Guardian:ShieldSpikes","Guardian:ShieldCharger"],"picked":"Guardian:SentryBeam","floor":19.0},{"not_picked":["Guardian:PrimingBeam","Guardian:TemporalShield"],"picked":"Guardian:BronzeOrb","floor":20.0},{"not_picked":["Guardian:Recover","Guardian:Suspension","Guardian:SentryBeam"],"picked":"SKIP","floor":21.0},{"not_picked":["Guardian:Reroute","Guardian:Gem_Lightblue"],"picked":"Guardian:PrimingBeam","floor":26.0},{"not_picked":["Guardian:PrismaticBarrier+1","Guardian:PrismaticBeam"],"picked":"Guardian:Emergency+1","floor":28.0},{"not_picked":["Guardian:Gem_Cyan","Guardian:Incinerate"],"picked":"Guardian:Gem_Red","floor":30},{"not_picked":["Guardian:Incinerate+1","Guardian:StasisField"],"picked":"Guardian:Gem_Purple","floor":30},{"not_picked":["Guardian:Gem_Lightblue","Guardian:Repulse"],"picked":"Guardian:Gem_Fragmented","floor":31},{"not_picked":["Guardian:PiercingHide","Guardian:Gem_Cyan"],"picked":"Guardian:Gem_Crimson","floor":31},{"not_picked":["Guardian:CrystalBeam","Guardian:Gem_Red"],"picked":"Guardian:PiercingHide","floor":32},{"not_picked":["Guardian:Suspension","Guardian:Recover"],"picked":"Guardian:Gem_Red","floor":32},{"not_picked":["Guardian:RevengeProtocol","Guardian:GemFinder"],"picked":"Guardian:CompilePackage","floor":33},{"not_picked":["Guardian:WalkerClaw","Guardian:RollAttack+1"],"picked":"Guardian:PrimingBeam+1","floor":36},{"not_picked":["Guardian:Suspension","Guardian:Incinerate+1"],"picked":"Guardian:Preprogram","floor":36},{"not_picked":["Guardian:Gem_Lightblue","Guardian:DecasProtection"],"picked":"Guardian:TimeCapacitor+1","floor":40},{"not_picked":["Guardian:MultiBeam","Guardian:Incinerate"],"picked":"Guardian:Gem_Crimson","floor":40},{"not_picked":["Guardian:PrimingBeam+1","Guardian:Recover","Guardian:GuardianWhirl+1"],"picked":"SKIP","floor":42},{"not_picked":["Guardian:SentryBeam","Guardian:Gem_Cyan"],"picked":"Guardian:VentSteam+1","floor":43},{"not_picked":["Guardian:Recover","Guardian:WalkerClaw+1","Guardian:Repulse+1"],"picked":"SKIP","floor":43},{"not_picked":["Guardian:SentryBeam+1","Guardian:Incinerate"],"picked":"Guardian:PiercingHide","floor":45},{"not_picked":["Guardian:FierceBash","Guardian:WalkerClaw","Guardian:Gem_Cyan","Guardian:Incinerate"],"picked":"SKIP","floor":49},{"not_picked":["Guardian:ChargeCore+1","Guardian:Gem_Green","Guardian:Suspension","Guardian:GuardianWhirl+1"],"picked":"SKIP","floor":49}],"player_experience":2393805,"relics_obtained":[{"floor":7.0,"key":"Boot"},{"floor":10.0,"key":"Centennial Puzzle"},{"floor":24.0,"key":"WingedGreaves"},{"floor":28.0,"key":"Prayer Wheel"},{"floor":38,"key":"CaptainsWheel"},{"floor":41,"key":"aspiration:StickyExplosives_weak"},{"floor":42,"key":"Bottled Tornado"},{"floor":48,"key":"Letter Opener"}],"event_choices":[{"damage_healed":0.0,"max_hp_gain":0.0,"max_hp_loss":0.0,"gold_gain":0.0,"event_name":"Scrap Ooze","player_choice":"Success","floor":11.0,"gold_loss":0.0,"damage_taken":18.0,"relics_obtained":["HornCleat"]},{"damage_healed":32.0,"max_hp_gain":0.0,"max_hp_loss":0.0,"gold_gain":0.0,"event_name":"Big Fish","player_choice":"Banana","floor":14.0,"gold_loss":0.0,"damage_taken":0.0},{"damage_healed":0.0,"max_hp_gain":0.0,"max_hp_loss":0.0,"gold_gain":0.0,"event_name":"Duplicator","player_choice":"Copied","floor":23.0,"gold_loss":0.0,"damage_taken":0.0,"cards_obtained":["Guardian:ExploitGems"]}],"is_beta":false,"boss_relics":[{"not_picked":["hubris:GrandSneckoEye","Runic Dome"],"picked":"sneckomod:SneckoTalon"},{"not_picked":["Tiny House","hubris:BlackHole"],"picked":"aspiration:PoetsPen_weak"}],"items_purged_floors":[45],"is_endless":false,"potions_floor_spawned":[2,3,10,15,19,26,28,32,38,40],"ascension_level":7}}