{"host":"1jyvlwrg3lqf29t2","time":1609235723,"event":{"mods":["BaseMod","Colored Powertips","Downfall","Hermit","Minty Spire (QoL Compilation)","StSLib","The Blackbeard","The Cursed","The Poker Player","TheBandit"],"gold_per_floor":[118,118,118,128,303,303,378,378,378,409,440,163,163,163],"floor_reached":13,"playtime":578,"items_purged":["Regret"],"score":73,"play_id":"922f10ee-ec0f-4a27-b359-a2d4c3605dbd","local_time":"20201229035523","is_ascension_mode":false,"campfire_choices":[{"data":"Devotion","floor":6,"key":"SMITH"},{"data":"ThirdEye","floor":8,"key":"SMITH"}],"circlet_count":0,"master_deck":["Strike_P","Strike_P","Strike_P","Strike_P","Defend_P","Defend_P","Defend_P","Defend_P","Eruption","Vigilance","Devotion+1","ThirdEye+1","Doubt","LikeWater"],"relics":["PureWater","White Beast Statue","MawBank","Juzu Bracelet"],"acts_visited":["Exordium"],"potions_floor_usage":[],"damage_taken":[{"damage":3,"enemies":"2 Louse","floor":1,"turns":4},{"damage":14,"enemies":"Small Slimes","floor":4,"turns":4},{"damage":14,"enemies":"Cultist","floor":10,"turns":6},{"damage":10,"enemies":"Looter","floor":11,"turns":4},{"damage":34,"enemies":"Gremlin Nob","floor":13,"turns":4}],"seed_played":"-5400245136222044135","potions_obtained":[{"floor":4,"key":"champ:CounterPotion"},{"floor":10,"key":"PowerPotion"},{"floor":11,"key":"Explosive Potion"}],"is_trial":false,"path_per_floor":["M","?","?","M","?","R","?","R","T","M","M","$","E"],"character_chosen":"WATCHER","items_purchased":["LikeWater","Juzu Bracelet"],"campfire_rested":0,"item_purchase_floors":[12,12],"current_hp_per_floor":[69,69,69,55,55,55,48,48,48,34,24,24,0,0],"gold":163,"neow_bonus":"THREE_RARE_CARDS","is_daily":false,"chose_seed":false,"campfire_upgraded":2,"win_rate":0.0,"timestamp":1609235723,"path_taken":["M","?","?","M","?","R","?","R","T","M","?","$","E"],"items_purchased_type":["Card","Relic"],"build_version":"2020-12-22","purchased_purges":1,"victory":false,"max_hp_per_floor":[72,72,72,72,72,72,72,72,72,72,72,72,72,72],"card_choices":[{"not_picked":["SpiritShield","ConjureBlade"],"picked":"Devotion","floor":0},{"not_picked":["WaveOfTheHand","FlurryOfBlows"],"picked":"ThirdEye","floor":1},{"not_picked":["FlurryOfBlows","EmptyFist","Crescendo"],"picked":"SKIP","floor":4},{"not_picked":["Prostrate","ClearTheMind","BowlingBash"],"picked":"SKIP","floor":10},{"not_picked":["Pray","Meditate","BowlingBash"],"picked":"SKIP","floor":11}],"player_experience":384909,"relics_obtained":[{"floor":9,"key":"MawBank"}],"event_choices":[{"cards_removed":["Guardian:Aged"],"damage_healed":0,"gold_gain":0,"player_choice":"Forget","damage_taken":0,"max_hp_gain":0,"max_hp_loss":0,"event_name":"Living Wall","floor":2,"gold_loss":0},{"damage_healed":0,"gold_gain":0,"player_choice":"Box","damage_taken":0,"relics_obtained":["White Beast Statue"],"max_hp_gain":0,"max_hp_loss":0,"event_name":"Big Fish","floor":3,"gold_loss":0,"cards_obtained":["Regret"]},{"damage_healed":0,"gold_gain":175,"player_choice":"AGREE","damage_taken":0,"max_hp_gain":0,"max_hp_loss":0,"event_name":"Liars Game","floor":5,"gold_loss":0,"cards_obtained":["Doubt"]},{"damage_healed":0,"gold_gain":75,"player_choice":"Touch","damage_taken":7,"max_hp_gain":0,"max_hp_loss":0,"event_name":"FaceTrader","floor":7,"gold_loss":0}],"is_beta":false,"boss_relics":[],"items_purged_floors":[12],"is_endless":false,"potions_floor_spawned":[4,10,11],"killed_by":"Gremlin Nob","ascension_level":0}}