{"host":"yq9lr8gtbjek4ze8","time":1609212988,"event":{"mods":["Act Like it!","Arknights The Spire","BaseMod","CapriCore","Challenge The Spire","Conspire","Friendly Minions","Gensokyo","GifTheSpireLib","Hallownest","Koishi","Mimic Mod","Minty Spire (QoL Compilation)","MostiFishMod","Pale of the Ancients","Replay The Spire","StSLib","WarShipGirlsR/战舰少女R mod","【功能Mod】聪明的最终Boss"],"gold_per_floor":[116,116,128,128,139,139,139,139],"floor_reached":7,"playtime":370,"items_purged":[],"score":43,"play_id":"fc7847ec-53a4-41a3-9bda-0e1d36fd61dd","local_time":"20201229113628","is_ascension_mode":true,"campfire_choices":[{"data":"ats:Emotion Absorption","floor":6,"key":"SMITH"}],"circlet_count":0,"master_deck":["ats:Strike C","ats:Strike G","ats:Strike S","ats:Strike V","ats:Defend","ats:Defend","ats:Defend","ats:Defend","ats:Emotion Absorption+1","ats:Consecutive Shot Auto","Clumsy","ats:Healing Drone","ats:Healing Drone"],"relics":["ats:Sanity","DaveBox","Nloth\u0027s Gift","SynthV:TestCard","Happy Flower","Gensokyo:NagashiBinaDoll"],"acts_visited":["Gensokyo:Gensokyo"],"potions_floor_usage":[],"damage_taken":[{"damage":15,"enemies":"Gensokyo:Python","floor":1,"turns":5},{"damage":0,"enemies":"Gensokyo:3_Fairies","floor":3,"turns":6},{"damage":7,"enemies":"Gensokyo:Gryphon","floor":5,"turns":4},{"damage":118,"enemies":"Gensokyo:Mamizou","floor":7,"turns":14}],"seed_played":"-557797952573512894","potions_obtained":[{"floor":3,"key":"Adrenaline Potion"},{"floor":5,"key":"Venom Potion"}],"is_trial":false,"path_per_floor":["M","?","M","?","M","R","E"],"character_chosen":"DOCTOR_CLASS","items_purchased":[],"campfire_rested":0,"item_purchase_floors":[],"current_hp_per_floor":[64,64,64,64,57,57,0,0],"gold":139,"neow_bonus":"TEN_PERCENT_HP_BONUS","is_daily":false,"chose_seed":false,"campfire_upgraded":1,"win_rate":0.0,"timestamp":1609212988,"path_taken":["M","?","M","?","M","R","E"],"items_purchased_type":[],"build_version":"2020-12-22","purchased_purges":0,"victory":false,"max_hp_per_floor":[79,79,79,79,79,79,79,79],"card_choices":[{"not_picked":["ats:Apocalypse","ats:Hook Shot","ats:Assault Order"],"picked":"SKIP","floor":1},{"not_picked":["ats:Healing Strengthening","ats:Healing Drone","ats:Thorns","ats:Chain Hook"],"picked":"ats:Consecutive Shot Auto","floor":3},{"not_picked":["ats:Revitalization","ats:Neurotoxin","ats:Ignite","ats:Spore Proliferation"],"picked":"ats:Healing Drone","floor":5}],"player_experience":119517,"relics_obtained":[{"floor":1,"key":"SynthV:TestCard"}],"event_choices":[],"is_beta":false,"boss_relics":[],"items_purged_floors":[],"is_endless":false,"potions_floor_spawned":[3,5],"killed_by":"Gensokyo:Mamizou","ascension_level":1}}