{"host":"07ljfmttuzqopd7f","time":1609203255,"event":{"mods":["2.2 Compatiblity","BaseMod","Bestiary","Block Reminder","Colored Map","Colored Powertips","Hermit","Minty Spire (QoL Compilation)","Quick Restart","Rare Cards Sparkle","Relic Stats","StSLib"],"gold_per_floor":[110,60,60,85,95,128,144,144,144],"floor_reached":8,"playtime":340,"items_purged":[],"score":84,"play_id":"b1d28ff0-7a70-4aad-8d2c-5c1192b55c0c","local_time":"20201228195415","is_ascension_mode":true,"campfire_choices":[],"circlet_count":0,"master_deck":["AscendersBane","hermit:Strike_Hermit","hermit:Strike_Hermit+1","hermit:Strike_Hermit","hermit:Defend_Hermit","hermit:Defend_Hermit","hermit:Defend_Hermit","hermit:Defend_Hermit+1","hermit:Snapshot","hermit:Covet","hermit:Cheat","hermit:Glare","hermit:LoneWolf","hermit:Dive"],"relics":["SacredBark","Boot","hermit:RedScarf"],"acts_visited":["Exordium"],"potions_floor_usage":[8],"damage_taken":[{"damage":4,"enemies":"Jaw Worm","floor":1,"turns":4},{"damage":0,"enemies":"2 Louse","floor":5,"turns":3},{"damage":33,"enemies":"3 Sentries","floor":6,"turns":11},{"damage":6,"enemies":"Small Slimes","floor":7,"turns":4},{"damage":12,"enemies":"Lagavulin","floor":8,"turns":3}],"seed_played":"-4034082660409800285","potions_obtained":[{"floor":5,"key":"Explosive Potion"}],"is_trial":false,"path_per_floor":["M","?","?","T","M","E","M","E"],"character_chosen":"HERMIT","items_purchased":[],"campfire_rested":0,"item_purchase_floors":[],"current_hp_per_floor":[64,64,49,49,49,16,10,0,0],"gold":144,"neow_bonus":"BOSS_RELIC","is_daily":false,"chose_seed":false,"campfire_upgraded":0,"win_rate":0.0,"timestamp":1609203255,"path_taken":["M","?","?","?","M","E","M","E"],"items_purchased_type":[],"build_version":"2020-12-22","purchased_purges":0,"victory":false,"max_hp_per_floor":[75,75,75,75,75,75,75,75,75],"relic_stats":{"counters":[5,25],"Boot":[5],"obtain_stats":[{"SacredBark":0,"hermit:RedScarf":6,"Boot":4,"hermit:Momento":0},{"SacredBark":0,"hermit:RedScarf":3,"Boot":1,"hermit:Momento":0},{"SacredBark":0,"hermit:RedScarf":18,"Boot":4,"hermit:Momento":0}]},"card_choices":[{"not_picked":["hermit:Ricochet","hermit:Glare"],"picked":"hermit:Cheat","floor":1},{"not_picked":["hermit:Snipe","hermit:Brawl"],"picked":"hermit:Glare","floor":5},{"not_picked":["hermit:Coalescence","hermit:Purgatory"],"picked":"hermit:LoneWolf","floor":6},{"not_picked":["hermit:CalledShot","hermit:Snipe"],"picked":"hermit:Dive","floor":7}],"player_experience":428421,"relics_obtained":[{"floor":4,"key":"Boot"},{"floor":6,"key":"hermit:RedScarf"}],"event_choices":[{"cards_removed":["hermit:Strike_Hermit"],"damage_healed":0,"gold_gain":0,"player_choice":"Card Removal","damage_taken":0,"max_hp_gain":0,"max_hp_loss":0,"event_name":"The Cleric","floor":2,"gold_loss":50},{"damage_healed":0,"gold_gain":0,"player_choice":"Entered Light","damage_taken":15,"max_hp_gain":0,"max_hp_loss":0,"event_name":"Shining Light","floor":3,"gold_loss":0,"cards_upgraded":["hermit:Defend_Hermit","hermit:Strike_Hermit"]}],"is_beta":false,"boss_relics":[],"items_purged_floors":[],"is_endless":false,"potions_floor_spawned":[5],"killed_by":"Lagavulin","ascension_level":10}}