{"host":"qm4rv4rkpk76sbxu","time":1609255314,"event":{"mods":["BaseMod","Bestiary","Block Reminder","DeckTracker","Filter the Spire","Keyboard Shortcuts","Minty Spire (QoL Compilation)","MonsterHotkey","Potion Indicator Mod","Quick Restart","Random Character Button","Relic Stats","Slay-I","StSLib","ojb\u0027s Better Paths Mod"],"gold_per_floor":[212,487,507,525,33,33,59,59,86,86,115,127,156,168,168,239,239,254,254,254,44,59,89,89,118,188,188,214,214,214,232,232,308,308,327,378,396,396,407,441,441,441,466,466,484,497,497,527,527,527,527,527],"floor_reached":51,"playtime":3789,"items_purged":["Regret","Pain"],"score":1587,"play_id":"f9da305b-f069-4db4-a89c-28cdada9e3c2","local_time":"20201229162154","is_ascension_mode":true,"campfire_choices":[{"data":"Infinite Blades","floor":6.0,"key":"SMITH"},{"floor":8.0,"key":"REST"},{"floor":15.0,"key":"REST"},{"floor":24.0,"key":"REST"},{"data":"Terror","floor":27.0,"key":"SMITH"},{"data":"Footwork","floor":29.0,"key":"SMITH"},{"data":"Accuracy","floor":32.0,"key":"SMITH"},{"data":"Tools of the Trade","floor":44.0,"key":"SMITH"},{"data":"Footwork","floor":47.0,"key":"SMITH"},{"floor":49.0,"key":"RECALL"}],"circlet_count":0,"master_deck":["AscendersBane","Strike_G","Strike_G","Strike_G","Defend_G","Defend_G","Defend_G","Defend_G","Defend_G","Survivor","Neutralize","Dodge and Roll","Infinite Blades+1","Terror+1","Noxious Fumes","Accuracy+1","Blade Dance","Backstab","Adrenaline","PiercingWail","Cloak And Dagger","Blur+1","Bouncing Flask+1","Footwork+1","Tools of the Trade+1","Envenom+1","Blade Dance+1","Deflect+1","Deflect+1","Calculated Gamble+1","Footwork+1","Blur+1"],"relics":["Ring of the Snake","Ice Cream","PreservedInsect","Pen Nib","Centennial Puzzle","Bronze Scales","SlaversCollar","WarpedTongs","Snake Skull","Dream Catcher","Meat on the Bone","The Specimen","Black Star","Du-Vu Doll","Smiling Mask","Tough Bandages","Question Card","Ornamental Fan"],"acts_visited":["Exordium","TheCity","TheBeyond"],"potions_floor_usage":[],"damage_taken":[{"damage":4.0,"enemies":"Small Slimes","floor":1.0,"turns":4.0},{"damage":4.0,"enemies":"Cultist","floor":3.0,"turns":4.0},{"damage":14.0,"enemies":"2 Louse","floor":4.0,"turns":3.0},{"damage":20.0,"enemies":"3 Sentries","floor":7.0,"turns":10.0},{"damage":1.0,"enemies":"Gremlin Nob","floor":11.0,"turns":3.0},{"damage":14.0,"enemies":"Lots of Slimes","floor":12.0,"turns":5.0},{"damage":5.0,"enemies":"Lagavulin","floor":13.0,"turns":5.0},{"damage":15.0,"enemies":"Exordium Thugs","floor":14.0,"turns":4.0},{"damage":13.0,"enemies":"The Guardian","floor":16.0,"turns":8.0},{"damage":21.0,"enemies":"2 Thieves","floor":18.0,"turns":4.0},{"damage":7.0,"enemies":"Chosen","floor":22.0,"turns":5.0},{"damage":0.0,"enemies":"Gremlin Leader","floor":23.0,"turns":4.0},{"damage":8.0,"enemies":"Book of Stabbing","floor":25.0,"turns":3.0},{"damage":8.0,"enemies":"Slavers","floor":28.0,"turns":5.0},{"damage":12.0,"enemies":"Snecko","floor":31.0,"turns":5.0},{"damage":27.0,"enemies":"Automaton","floor":33.0,"turns":7.0},{"damage":8.0,"enemies":"Orb Walker","floor":35.0,"turns":4.0},{"damage":32.0,"enemies":"2 Orb Walkers","floor":36.0,"turns":5.0},{"damage":9.0,"enemies":"3 Shapes","floor":37.0,"turns":6.0},{"damage":18.0,"enemies":"Sphere and 2 Shapes","floor":39.0,"turns":6.0},{"damage":0.0,"enemies":"Reptomancer","floor":40.0,"turns":5.0},{"damage":1.0,"enemies":"Transient","floor":45.0,"turns":6.0},{"damage":24.0,"enemies":"3 Darklings","floor":46.0,"turns":6.0},{"damage":6.0,"enemies":"Giant Head","floor":48.0,"turns":6.0},{"damage":18.0,"enemies":"Donu and Deca","floor":50.0,"turns":8.0},{"damage":40,"enemies":"Time Eater","floor":51,"turns":8}],"seed_played":"-7037876307936197843","potions_obtained":[{"floor":4.0,"key":"SkillPotion"},{"floor":7.0,"key":"CultistPotion"},{"floor":23.0,"key":"CultistPotion"},{"floor":25.0,"key":"Weak Potion"},{"floor":31.0,"key":"SkillPotion"},{"floor":33.0,"key":"Poison Potion"},{"floor":35.0,"key":"FearPotion"},{"floor":40.0,"key":"Fire Potion"}],"is_trial":false,"path_per_floor":["M","?","M","M","$","R","E","R","T","?","E","M","E","M","R","B",null,"M","$","?","$","M","E","R","E","T","R","E","R","?","M","R","B",null,"M","?","M","?","M","E","?","?","T","R","M","M","R","E","R","B","B"],"character_chosen":"THE_SILENT","items_purchased":["Ice Cream","CunningPotion","Energy Potion","Cloak And Dagger"],"campfire_rested":3,"item_purchase_floors":[5,5,21,21],"current_hp_per_floor":[55,55,51,37,37,37,17,36,36,36,35,21,16,1,20,7,51,30,30,30,30,23,23,42,34,34,34,38,38,38,38,38,23,55,47,27,30,66,48,48,48,48,48,48,47,35,35,41,41,35,0,0],"gold":527,"neow_bonus":"HUNDRED_GOLD","is_daily":false,"chose_seed":false,"campfire_upgraded":6,"win_rate":0.0,"timestamp":1609255314,"path_taken":["M","?","?","M","$","R","E","R","T","?","E","M","E","M","R","BOSS","M","?","?","$","?","E","R","E","T","R","E","R","?","M","R","BOSS","M","?","M","?","?","E","?","?","T","R","?","M","R","E","R","BOSS","BOSS"],"items_purchased_type":["Relic","Potion","Potion","Card"],"build_version":"2020-12-22","purchased_purges":2,"victory":false,"max_hp_per_floor":[66,66,66,66,66,66,66,66,66,66,66,66,66,66,66,66,66,66,66,66,66,66,66,66,66,66,66,66,66,66,66,66,66,66,66,66,66,66,66,66,66,66,66,66,66,66,66,66,66,66,66,66],"relic_stats":{"counters":[26,139],"PreservedInsect":404,"Pen Nib":[31],"Snake Skull":[177],"Smiling Mask":0,"Question Card":0,"WarpedTongs":[88],"Centennial Puzzle":[57],"Dream Catcher":0,"Tough Bandages":[108],"Ornamental Fan":[32],"Bronze Scales":[276],"Black Star":2,"obtain_stats":[{"Ice Cream":5,"The Specimen":28,"PreservedInsect":7,"Pen Nib":9,"Snake Skull":23,"Smiling Mask":40,"Question Card":48,"WarpedTongs":20,"Du-Vu Doll":36,"SlaversCollar":17,"Centennial Puzzle":11,"Dream Catcher":25,"Tough Bandages":40,"Ornamental Fan":48,"Bronze Scales":13,"Black Star":34,"Ring of the Snake":0,"Meat on the Bone":26},{"Ice Cream":3,"The Specimen":14,"PreservedInsect":4,"Pen Nib":4,"Snake Skull":12,"Smiling Mask":21,"Question Card":24,"WarpedTongs":10,"Du-Vu Doll":18,"SlaversCollar":9,"Centennial Puzzle":5,"Dream Catcher":13,"Tough Bandages":21,"Ornamental Fan":24,"Bronze Scales":7,"Black Star":16,"Ring of the Snake":0,"Meat on the Bone":13},{"Ice Cream":11,"The Specimen":67,"PreservedInsect":21,"Pen Nib":21,"Snake Skull":59,"Smiling Mask":105,"Question Card":123,"WarpedTongs":50,"Du-Vu Doll":88,"SlaversCollar":46,"Centennial Puzzle":24,"Dream Catcher":62,"Tough Bandages":105,"Ornamental Fan":123,"Bronze Scales":34,"Black Star":79,"Ring of the Snake":0,"Meat on the Bone":62}],"Ring of the Snake":[52],"Meat on the Bone":96},"card_choices":[{"not_picked":["Sucker Punch","Outmaneuver"],"picked":"Masterful Stab","floor":1.0},{"not_picked":["Escape Plan","Quick Slash"],"picked":"Dodge and Roll","floor":3.0},{"not_picked":["Backflip","PiercingWail"],"picked":"Infinite Blades","floor":4.0},{"not_picked":["Quick Slash","Outmaneuver"],"picked":"Terror","floor":7.0},{"not_picked":["A Thousand Cuts","Flechettes"],"picked":"Noxious Fumes","floor":11.0},{"not_picked":["Riddle With Holes","Dodge and Roll"],"picked":"Accuracy","floor":12.0},{"not_picked":["Skewer","Flechettes"],"picked":"Blade Dance","floor":13.0},{"not_picked":["Deadly Poison","Choke"],"picked":"Backstab","floor":14.0},{"not_picked":["Glass Knife","Night Terror"],"picked":"Adrenaline","floor":16.0},{"not_picked":["Infinite Blades","Endless Agony"],"picked":"PiercingWail","floor":18.0},{"not_picked":["Dagger Spray","Blade Dance"],"picked":"Blur+1","floor":22.0},{"not_picked":["Cloak And Dagger","Choke"],"picked":"Bouncing Flask+1","floor":23.0},{"not_picked":["Prepared","Deadly Poison","Skewer+1"],"picked":"SKIP","floor":25.0},{"not_picked":["Dodge and Roll","Unload"],"picked":"Footwork","floor":28.0},{"not_picked":["Blade Dance","Escape Plan","Flechettes"],"picked":"SKIP","floor":31.0},{"not_picked":["Wraith Form v2","A Thousand Cuts"],"picked":"Envenom","floor":33.0},{"not_picked":["Underhanded Strike","Escape Plan"],"picked":"Blade Dance+1","floor":35.0},{"not_picked":["Acrobatics","Skewer+1"],"picked":"Deflect+1","floor":36.0},{"not_picked":["Cloak And Dagger","Masterful Stab","Dagger Spray"],"picked":"SKIP","floor":37.0},{"not_picked":["Underhanded Strike+1","All Out Attack"],"picked":"Deflect+1","floor":39.0},{"not_picked":["Footwork","Grand Finale"],"picked":"Calculated Gamble+1","floor":40.0},{"not_picked":["Quick Slash","Underhanded Strike","Poisoned Stab"],"picked":"SKIP","floor":45.0},{"not_picked":["Expertise+1","Predator+1"],"picked":"Footwork","floor":46.0},{"not_picked":["Dagger Spray","Acrobatics"],"picked":"Blur+1","floor":48.0}],"player_experience":1164381,"relics_obtained":[{"floor":7.0,"key":"PreservedInsect"},{"floor":9.0,"key":"Pen Nib"},{"floor":11.0,"key":"Centennial Puzzle"},{"floor":13.0,"key":"Bronze Scales"},{"floor":23.0,"key":"Snake Skull"},{"floor":25.0,"key":"Dream Catcher"},{"floor":26.0,"key":"Meat on the Bone"},{"floor":28.0,"key":"The Specimen"},{"floor":36.0,"key":"Du-Vu Doll"},{"floor":40.0,"key":"Smiling Mask"},{"floor":40.0,"key":"Tough Bandages"},{"floor":48.0,"key":"Question Card"},{"floor":48.0,"key":"Ornamental Fan"}],"event_choices":[{"damage_healed":0.0,"max_hp_gain":0.0,"max_hp_loss":0.0,"gold_gain":275.0,"event_name":"Golden Shrine","player_choice":"Desecrate","floor":2.0,"gold_loss":0.0,"damage_taken":0.0,"cards_obtained":["Regret"]},{"damage_healed":0.0,"max_hp_gain":0.0,"max_hp_loss":0.0,"gold_gain":0.0,"event_name":"Match and Keep!","player_choice":"0 cards matched","floor":10.0,"gold_loss":0.0,"damage_taken":0.0,"cards_obtained":[]},{"damage_healed":0.0,"max_hp_gain":0.0,"max_hp_loss":0.0,"gold_gain":0.0,"event_name":"Accursed Blacksmith","player_choice":"Rummage","floor":20.0,"gold_loss":0.0,"damage_taken":0.0,"relics_obtained":["WarpedTongs"],"cards_obtained":["Pain"]},{"damage_healed":0.0,"max_hp_gain":0.0,"max_hp_loss":0.0,"gold_gain":0.0,"cards_transformed":["Strike_G","Strike_G"],"event_name":"Drug Dealer","player_choice":"Became Test Subject","floor":30.0,"gold_loss":0.0,"damage_taken":0.0,"cards_obtained":["Tools of the Trade","Bane"]},{"damage_healed":0.0,"max_hp_gain":0.0,"max_hp_loss":0.0,"gold_gain":0.0,"event_name":"Mysterious Sphere","player_choice":"Fight","floor":36.0,"gold_loss":0.0,"damage_taken":0.0},{"cards_removed":["Masterful Stab"],"damage_healed":36.0,"max_hp_gain":0.0,"max_hp_loss":0.0,"gold_gain":0.0,"event_name":"Bonfire Elementals","player_choice":"Offered Uncommon","floor":38.0,"gold_loss":0.0,"damage_taken":0.0},{"cards_removed":["Bane"],"damage_healed":0.0,"max_hp_gain":0.0,"max_hp_loss":0.0,"gold_gain":0.0,"event_name":"Falling","player_choice":"Removed Attack","floor":41.0,"gold_loss":0.0,"damage_taken":0.0},{"damage_healed":0.0,"max_hp_gain":0.0,"max_hp_loss":0.0,"gold_gain":0.0,"event_name":"Upgrade Shrine","player_choice":"Upgraded","floor":42.0,"gold_loss":0.0,"damage_taken":0.0,"cards_upgraded":["Envenom"]}],"is_beta":false,"boss_relics":[{"not_picked":["Calling Bell","Runic Pyramid"],"picked":"SlaversCollar"},{"not_picked":["Velvet Choker","Astrolabe"],"picked":"Black Star"}],"items_purged_floors":[5,21],"is_endless":false,"potions_floor_spawned":[4,7,23,25,31,33,35,40],"killed_by":"Time Eater","ascension_level":20}}