{"host":"h7xtspmc2x3i8s2i","time":1609228393,"event":{"mods":["2.2 Compatiblity","AchievementEnabler","Act Like it!","AlwaysNeverKeys","Aspiration","Astrologer","BaseMod","Beaked The Cultist","Bestiary","Better Altar","Better Match","Better Note","Better Sensory Stone","Better Skull","Better Third Choice","Better Vampires","Better-Laid Plans","BetterRewards","Challenge The Spire","Colored Map","Colored Powertips","Colorless Booster Pack","Curses Come First","Defuse TimeMaze Blight","Dio Mod","Disable Question Mark Monsters","Downfall","Duelist Mod","EXCEPTION","Emptier Cage","Energized Spire","Friendly Minions","GifTheSpireLib","Gold Saver","Gremlin Skip","Halation","Hubris","Ironclad Rager","Jedi Mod","Key Reminder","Marked Mod","Minty Spire (QoL Compilation)","Permanent Neow","Potion Indicator Mod","Quick Restart","Random Character Button","Random Character Mod","Rare Cards Sparkle","Relic Filter","Relic Stats","Replay The Spire","SacredBarkPlus","Shop Mod","Somnambulant","Spicy Shops","Spikes Relics","Spire Birthday Party","StSLib","Steal the Spire","Stuff the Spire","SuperFastMode","The Awakened One except there are too many feathers","The Blue Laboratory","The Cursed","The Death Knight","The Dragon Tamer","The Edgeheg","The Hierophant","The Problem Sleuth","The Runesmith","The Wild Card","TheVelvet","Transform Curses","Uncapped","Unceasing Turn Reminder","Virulent Crown","everything is the same but u backflip on backflip","slay the spire mod where everything is the same but ironclad has a cowboy hat","vexMod"],"gold_per_floor":[1055,1065,1065,1065,240,260,286,299,331,256,256,275,275,275,290,393,393,393,408,428,479,53,53,79,112,37,66,66,66,78,91,109,210,210,210,222,233,244,23,57,110,35,42,76,90,90,90,121,133,133,133,168,10,10,10],"floor_reached":56,"playtime":2681,"items_purged":["theDuelist:CastleWalls"],"score":1475,"play_id":"7b52fb73-4a34-4a09-91fa-d6ad42f50a0e","local_time":"20201229025313","is_ascension_mode":false,"campfire_choices":[{"floor":1,"key":"RECALL"},{"data":"theDuelist:RainbowOverdragon","floor":10,"key":"SMITH"},{"data":"theDuelist:BabyDragon","floor":18,"key":"SMITH"},{"data":"theDuelist:ArmageddonDragonEmp","floor":23,"key":"SMITH"},{"data":"theDuelist:RedEyesZombie","floor":26,"key":"SMITH"},{"data":"theDuelist:RainbowDragon","floor":28,"key":"SMITH"},{"data":"Mayhem","floor":35,"key":"SMITH"},{"data":"theDuelist:OjamaPajama","floor":42,"key":"SMITH"},{"data":"theDuelist:RainbowOverdragon","floor":54,"key":"SMITH"}],"circlet_count":0,"master_deck":["Mayhem+1","theWildCard:Metatron+1","theDuelist:OjamaPajama+1","theDuelist:LesserDragon+1","theDuelist:TotemDragon+1","theDuelist:EvilMind","theDuelist:Raigeki+1","theDuelist:Mountain","theDuelist:SilverWing+1","theDuelist:RainbowOverdragon+1","theDuelist:Vandalgyon","theDuelist:ArmageddonDragonEmp+1","theDuelist:BoosterDragon+1","theDuelist:YamiForm+1","theDuelist:CaveDragon+1","theDuelist:AncientPixieDragon+1","theDuelist:BabyDragon+1","theDuelist:WingedDragonRa+1","theDuelist:StatueAnguishPattern","theDuelist:RainbowDragon+1","theDuelist:DarkFactory","theDuelist:Raigeki+1","theDuelist:FangCritias","theDuelist:YamataDragon","theDuelist:RedEyesZombie+1","theDuelist:CastleWalls","theDuelist:RainbowOverdragon+1","theDuelist:LesserDragon","theDuelist:FrostflameDragon+1","theDuelist:CaveDragon+1","theDuelist:YamataDragon+1","theDuelist:BusterDrake","theDuelist:WhiteMagicalHat"],"relics":["theDuelist:MillenniumPuzzle","theDuelist:CardPoolRelic","theDuelist:CardPoolBasicRelic","theDuelist:BoosterPackPoolRelic","theDuelist:CardPoolAddRelic","theDuelist:CardPoolMinusRelic","theDuelist:CardPoolSaveRelic","theDuelist:CardPoolOptionsRelic","MerchantsRug","SpikesRelics:DaevaFist","theDuelist:ZoneToken","RollingBoulder","aspiration:ChemicalBlood","Tiny Chest","jedi:Pinwheel","downfall:HeartBlessingRed","Replay:Wax Seal","Dream Catcher","sneckomod:BlankCard","jedi:arcanewood","Gremlin Food","Vajra","Rawhide","StuffTheSpire:Gunfinga","MealTicket","downfall:HeartBlessingBlue","aspiration:StickyExplosives_weak","SpikesRelics:ToyHorsey","jedi:crownofsimplicity","Runesmith:UraniumAnvil","ReplayTheSpireMod:TigerMarble","OrangePellets","halation:AfternoonTea","downfall:HeartBlessingGreen","jedi:matchstick","theDuelist:SolderToken","StuffTheSpire:ForceGauntlet","theDuelist:MillenniumArmor","halation:Komachan"],"acts_visited":["Exordium","TheCity","TheBeyond","TheEnding"],"potions_floor_usage":[9,16,22,33,33,33,40,45,48,49,49,50,55,55,55],"damage_taken":[{"damage":0,"enemies":"Small Slimes","floor":2,"turns":3},{"damage":0,"enemies":"downfall:FleeingMerchant","floor":5,"turns":4},{"damage":0,"enemies":"2 Louse","floor":6,"turns":3},{"damage":0,"enemies":"Jaw Worm","floor":8,"turns":2},{"damage":5,"enemies":"3 Sentries","floor":9,"turns":6},{"damage":0,"enemies":"Large Slime","floor":12,"turns":4},{"damage":0,"enemies":"2 Fungi Beasts","floor":15,"turns":2},{"damage":0,"enemies":"downfall:Ironclad","floor":16,"turns":10},{"damage":0,"enemies":"3 Byrds","floor":19,"turns":4},{"damage":0,"enemies":"Chosen","floor":20,"turns":5},{"damage":0,"enemies":"downfall:FleeingMerchant","floor":22,"turns":4},{"damage":0,"enemies":"Book of Stabbing","floor":25,"turns":5},{"damage":0,"enemies":"Gremlin Leader","floor":27,"turns":6},{"damage":0,"enemies":"Snecko","floor":30,"turns":6},{"damage":7,"enemies":"Shelled Parasite and Fungi","floor":31,"turns":4},{"damage":0,"enemies":"Centurion and Healer","floor":32,"turns":4},{"damage":6,"enemies":"downfall:Watcher","floor":33,"turns":8},{"damage":0,"enemies":"3 Shapes","floor":36,"turns":1},{"damage":1,"enemies":"Orb Walker","floor":37,"turns":3},{"damage":0,"enemies":"Sphere and 2 Shapes","floor":38,"turns":2},{"damage":0,"enemies":"downfall:FleeingMerchant","floor":39,"turns":6},{"damage":26,"enemies":"Nemesis","floor":40,"turns":7},{"damage":0,"enemies":"Reptomancer","floor":44,"turns":5},{"damage":12,"enemies":"Transient","floor":45,"turns":5},{"damage":21,"enemies":"Giant Head","floor":48,"turns":6},{"damage":0,"enemies":"Writhing Mass","floor":49,"turns":3},{"damage":2,"enemies":"downfall:Silent","floor":50,"turns":8},{"damage":31,"enemies":"downfall:CharBossMerchant","floor":52,"turns":6},{"damage":7,"enemies":"downfall:NeowBoss","floor":55,"turns":13}],"seed_played":"-5059032712694218408","potions_obtained":[{"floor":2,"key":"blueLaboratory:HorrorPotion"},{"floor":6,"key":"DuplicationPotion"},{"floor":8,"key":"theDuelist:FireBottle"},{"floor":12,"key":"theDuelist:BottledKuriboh"},{"floor":19,"key":"blueLaboratory:FrostheartPotion"},{"floor":27,"key":"Weak Potion"},{"floor":36,"key":"sneckomod:MuddlingPotion"},{"floor":40,"key":"blueLaboratory:BubblePotion"},{"floor":45,"key":"Elixir"},{"floor":48,"key":"blueLaboratory:RememoryPotion"},{"floor":49,"key":"theDuelist:BigTributeBottle"}],"is_trial":false,"path_per_floor":["R","M","?","?","$","M","T","M","E","R","?","M","?","$","M","B",null,"R","M","M","T","$","R","T","E","R","E","R","$","M","M","M","B",null,"R","M","M","M","$","E","T","R","$","E","M","?","T","E","M","B",null,"E","$","R","B",null],"character_chosen":"THE_DUELIST","items_purchased":["MerchantsRug","theDuelist:FrostflameDragon","SpikesRelics:DaevaFist","theDuelist:ZoneToken","RollingBoulder","aspiration:ChemicalBlood","Replay:Wax Seal","Dream Catcher","sneckomod:BlankCard","jedi:arcanewood","Vajra","Rawhide","StuffTheSpire:Gunfinga","Guide Book","SpikesRelics:ToyHorsey","jedi:crownofsimplicity","ReplayTheSpireMod:TigerMarble","OrangePellets","Whetstone","theDuelist:FangCritias","theDuelist:TotemDragon+1","theDuelist:Mountain","halation:Komachan","theDuelist:StatueAnguishPattern"],"campfire_rested":0,"item_purchase_floors":[5,5,5,5,5,5,14,14,14,14,22,22,22,29,29,29,39,39,39,39,39,43,53,53],"current_hp_per_floor":[80,80,80,80,80,80,80,80,75,75,75,75,75,40,40,40,80,80,80,80,80,80,80,80,80,90,90,90,53,53,46,46,40,90,90,90,89,89,90,64,64,64,79,79,67,76,76,55,55,53,90,59,74,74,67],"gold":10,"neow_bonus":"REMOVE_CARD","is_daily":false,"chose_seed":false,"campfire_upgraded":8,"win_rate":0.0,"timestamp":1609228393,"path_taken":["R","M","?","?","?","M","T","M","E","R","?","M","?","?","M","BOSS","R","M","M","?","$","R","T","E","R","E","R","?","M","?","M","BOSS","R","M","M","M","$","E","T","R","$","E","M","?","?","E","M","BOSS","E","$","R","BOSS"],"items_purchased_type":["Relic","Card","Relic","Relic","Relic","Relic","Relic","Relic","Relic","Relic","Relic","Relic","Relic","Relic","Relic","Relic","Relic","Relic","Relic","Card","Card","Card","Relic","Card"],"build_version":"2020-12-22","purchased_purges":1,"victory":true,"max_hp_per_floor":[80,80,80,80,80,80,80,80,80,80,80,80,80,80,80,80,80,80,80,80,80,80,80,80,80,90,90,90,90,90,90,90,90,90,90,90,90,90,90,90,90,90,90,90,90,90,90,90,90,90,90,90,90,90,90],"relic_stats":{"OrangePellets":[9],"Dream Catcher":0,"counters":[29,144],"Tiny Chest":2,"MealTicket":31,"obtain_stats":[{"theDuelist:MillenniumArmor":52,"vexMod:MemoryStick":41,"sneckomod:BlankCard":14,"Vajra":22,"Rawhide":22,"downfall:HeartBlessingGreen":42,"halation:Komachan":53,"theDuelist:MillenniumPuzzle":0,"Whetstone":39,"jedi:Pinwheel":9,"aspiration:StickyExplosives_weak":27,"theDuelist:BoosterPackPoolRelic":0,"Dream Catcher":14,"StuffTheSpire:Gunfinga":22,"SpikesRelics:ToyHorsey":29,"downfall:HeartBlessingBlue":26,"theDuelist:ZoneToken":5,"RollingBoulder":5,"Tiny Chest":7,"MealTicket":25,"jedi:matchstick":44,"theDuelist:CardPoolAddRelic":0,"theDuelist:CardPoolOptionsRelic":0,"Replay:Wax Seal":14,"theDuelist:CardPoolRelic":0,"aspiration:ChemicalBlood":5,"Gremlin Food":21,"MerchantsRug":5,"downfall:HeartBlessingRed":10,"Guide Book":29,"StuffTheSpire:ForceGauntlet":48,"theDuelist:CardPoolSaveRelic":0,"jedi:crownofsimplicity":29,"theDuelist:SolderToken":47,"keyreminder:keyreminder":1,"OrangePellets":39,"theDuelist:CardPoolMinusRelic":0,"theDuelist:CardPoolBasicRelic":0,"Runesmith:UraniumAnvil":34,"SpikesRelics:DaevaFist":5,"ReplayTheSpireMod:TigerMarble":39,"halation:AfternoonTea":40,"jedi:arcanewood":14,"vexMod:ImprovementManual":17},{"theDuelist:MillenniumArmor":28,"vexMod:MemoryStick":22,"sneckomod:BlankCard":6,"Vajra":11,"Rawhide":11,"downfall:HeartBlessingGreen":22,"halation:Komachan":28,"theDuelist:MillenniumPuzzle":0,"Whetstone":21,"jedi:Pinwheel":5,"aspiration:StickyExplosives_weak":13,"theDuelist:BoosterPackPoolRelic":0,"Dream Catcher":6,"StuffTheSpire:Gunfinga":11,"SpikesRelics:ToyHorsey":13,"downfall:HeartBlessingBlue":12,"theDuelist:ZoneToken":2,"RollingBoulder":2,"Tiny Chest":3,"MealTicket":12,"jedi:matchstick":23,"theDuelist:CardPoolAddRelic":0,"theDuelist:CardPoolOptionsRelic":0,"Replay:Wax Seal":6,"theDuelist:CardPoolRelic":0,"aspiration:ChemicalBlood":2,"Gremlin Food":10,"MerchantsRug":2,"downfall:HeartBlessingRed":5,"Guide Book":13,"StuffTheSpire:ForceGauntlet":25,"theDuelist:CardPoolSaveRelic":0,"jedi:crownofsimplicity":13,"theDuelist:SolderToken":24,"keyreminder:keyreminder":0,"OrangePellets":21,"theDuelist:CardPoolMinusRelic":0,"theDuelist:CardPoolBasicRelic":0,"Runesmith:UraniumAnvil":17,"SpikesRelics:DaevaFist":2,"ReplayTheSpireMod:TigerMarble":21,"halation:AfternoonTea":22,"jedi:arcanewood":6,"vexMod:ImprovementManual":8},{"theDuelist:MillenniumArmor":131,"vexMod:MemoryStick":98,"sneckomod:BlankCard":22,"Vajra":47,"Rawhide":47,"downfall:HeartBlessingGreen":98,"halation:Komachan":131,"theDuelist:MillenniumPuzzle":0,"Whetstone":91,"jedi:Pinwheel":18,"aspiration:StickyExplosives_weak":58,"theDuelist:BoosterPackPoolRelic":0,"Dream Catcher":22,"StuffTheSpire:Gunfinga":47,"SpikesRelics:ToyHorsey":58,"downfall:HeartBlessingBlue":52,"theDuelist:ZoneToken":7,"RollingBoulder":7,"Tiny Chest":10,"MealTicket":52,"jedi:matchstick":103,"theDuelist:CardPoolAddRelic":0,"theDuelist:CardPoolOptionsRelic":0,"Replay:Wax Seal":22,"theDuelist:CardPoolRelic":0,"aspiration:ChemicalBlood":7,"Gremlin Food":43,"MerchantsRug":7,"downfall:HeartBlessingRed":18,"Guide Book":58,"StuffTheSpire:ForceGauntlet":114,"theDuelist:CardPoolSaveRelic":0,"jedi:crownofsimplicity":58,"theDuelist:SolderToken":108,"keyreminder:keyreminder":0,"OrangePellets":91,"theDuelist:CardPoolMinusRelic":0,"theDuelist:CardPoolBasicRelic":0,"Runesmith:UraniumAnvil":79,"SpikesRelics:DaevaFist":7,"ReplayTheSpireMod:TigerMarble":91,"halation:AfternoonTea":98,"jedi:arcanewood":22,"vexMod:ImprovementManual":34}]},"card_choices":[{"not_picked":["theDuelist:LeviairSeaDragon","theDuelist:GraydleEagle","theDuelist:ViceDragon","theDuelist:LesserDragon","theDuelist:DiamondDust"],"picked":"SKIP","floor":2},{"not_picked":["theDuelist:GraydleSlimeJr","theDuelist:BlackStego","theDuelist:CloudianGhost","theDuelist:BlackTyranno"],"picked":"theDuelist:AncientPixieDragon","floor":5},{"not_picked":["theDuelist:BusterBlader","theDuelist:OhFish","theDuelist:LeviairSeaDragon","theDuelist:FishborgBlaster"],"picked":"theDuelist:YamataDragon","floor":6},{"not_picked":["theDuelist:BattleguardKing","theDuelist:Hinotama","theDuelist:LightningDarts","theDuelist:BigFire"],"picked":"theDuelist:RainbowOverdragon","floor":8},{"not_picked":["theDuelist:RedEyes","theDuelist:HyperancientShark","theDuelist:LeviaDragon","theDuelist:HighTideGyojin"],"picked":"theDuelist:BoosterDragon","floor":9},{"not_picked":["theDuelist:BattleguardKing","theDuelist:Hinotama","theDuelist:LightningDarts","theDuelist:RainbowOverdragon"],"picked":"theDuelist:Raigeki","floor":12},{"not_picked":["theDuelist:LesserDragon","theDuelist:ArmoredStarfish","theDuelist:Freezadon","theDuelist:FishSwaps","theDuelist:FishRain"],"picked":"SKIP","floor":15},{"not_picked":["theDuelist:Tierra+1","theDuelist:OjamaEmperor","theDuelist:VoidOgreDragon","theDuelist:BSkullDragon"],"picked":"theDuelist:ArmageddonDragonEmp","floor":19},{"not_picked":["theDuelist:SpiralSpearStrike+1","theDuelist:Ojamuscle","theDuelist:RainbowRuins","theDuelist:StampingDestruction"],"picked":"theDuelist:SilverWing+1","floor":20},{"not_picked":["theDuelist:VeilDarkness+1","theDuelist:Freezadon","theDuelist:BerserkerSoul","theDuelist:Babycerasaurus","theDuelist:Mudballman"],"picked":"SKIP","floor":22},{"not_picked":["theDuelist:Hydrogeddon","theDuelist:BlackPtera","theDuelist:BlackBrutdrago","theDuelist:Beatraptor"],"picked":"theDuelist:RedEyesZombie","floor":25},{"not_picked":["theDuelist:Beatraptor","theDuelist:Illusionist+1","theDuelist:CloudianGhost","theDuelist:AncientPixieDragon"],"picked":"theDuelist:RainbowDragon","floor":27},{"not_picked":["theDuelist:Frostosaurus","theDuelist:CyberDragonDrei+1","theDuelist:Illusionist"],"picked":"SKIP","floor":30},{"not_picked":["theDuelist:Eva","theDuelist:Pyrorex+1","theDuelist:DarkDriceratops","theDuelist:BlackVeloci","theDuelist:BlackTyranno"],"picked":"SKIP","floor":31},{"not_picked":["Dark Shackles+1","Dramatic Entrance","HandOfGreed"],"picked":"Mayhem","floor":32},{"not_picked":["theDuelist:KamionTimelord","theDuelist:FiveHeaded","theDuelist:BlueDuston","theDuelist:BerserkScales"],"picked":"theDuelist:WingedDragonRa+1","floor":33},{"not_picked":["theDuelist:VeilDarkness","theDuelist:TrihornedDragon+1","theDuelist:DarkHorus","theDuelist:BlackBrutdrago+1"],"picked":"theDuelist:EvilMind","floor":36},{"not_picked":["theDuelist:CastleWalls","theDuelist:AncientRules","theDuelist:SilverWing","theDuelist:EvilMind"],"picked":"theDuelist:Raigeki+1","floor":37},{"not_picked":["theDuelist:Zombyra+1","theDuelist:CloudianGhost","theDuelist:MoltenDestruction+1","theDuelist:HazyFlameHydra"],"picked":"theDuelist:WhiteMagicalHat","floor":38},{"not_picked":["theDuelist:OneDayPeace","theDuelist:CyberDinosaur+1"],"picked":"theDuelist:Vandalgyon","floor":39},{"not_picked":["theDuelist:IcyCrevasse","theDuelist:MiraculousDescent+1","theDuelist:CyberneticOverflow","theDuelist:Berserking"],"picked":"theDuelist:OjamaPajama","floor":40},{"not_picked":["theDuelist:QueenDragunDjinn","theDuelist:CyberEltanin"],"picked":"theDuelist:BusterDrake","floor":44},{"not_picked":["theDuelist:BattleguardKing","theDuelist:BigFire","theDuelist:Raigeki+1","theDuelist:SmashingGround"],"picked":"theDuelist:RainbowOverdragon","floor":45},{"not_picked":["theDuelist:CyberTwinDragon+1","theDuelist:BlackPtera","theDuelist:BarrelDragon","theDuelist:TrihornedDragon","theDuelist:Kabazauls"],"picked":"SKIP","floor":48},{"not_picked":["theDuelist:BigFire","theDuelist:SlotMachine+1","theDuelist:SmashingGround","theDuelist:TheCreator+1"],"picked":"theDuelist:DarkFactory","floor":49},{"not_picked":["theDuelist:LightningDarts+11","theDuelist:BlockGolem+1","theDuelist:ForbiddenLance+6","theDuelist:Solidarity+1"],"picked":"theDuelist:YamiForm+1","floor":52}],"player_experience":613955,"relics_obtained":[{"floor":7,"key":"Tiny Chest"},{"floor":9,"key":"jedi:Pinwheel"},{"floor":21,"key":"Gremlin Food"},{"floor":25,"key":"MealTicket"},{"floor":27,"key":"aspiration:StickyExplosives_weak"},{"floor":40,"key":"halation:AfternoonTea"},{"floor":41,"key":"vexMod:MemoryStick"},{"floor":44,"key":"jedi:matchstick"},{"floor":47,"key":"theDuelist:SolderToken"},{"floor":48,"key":"StuffTheSpire:ForceGauntlet"},{"floor":52,"key":"theDuelist:MillenniumArmor"}],"event_choices":[{"damage_healed":0,"gold_gain":0,"player_choice":"Leave","duelist":true,"damage_taken":0,"max_hp_gain":0,"max_hp_loss":0,"event_name":"Tomb of the Nameless","floor":4,"gold_loss":0},{"damage_healed":0,"gold_gain":0,"player_choice":"Leave","duelist":true,"damage_taken":0,"max_hp_gain":0,"max_hp_loss":0,"event_name":"Egyptian Village","floor":11,"gold_loss":0}],"is_beta":false,"boss_relics":[{"not_picked":["Replay:Drink Me","Ectoplasm"],"picked":"vexMod:ImprovementManual"},{"not_picked":["Calling Bell","Replay:Grab Bag"],"picked":"Runesmith:UraniumAnvil"}],"items_purged_floors":[5],"is_endless":false,"potions_floor_spawned":[2,6,8,12,19,27,31,36,40,45,48,49],"ascension_level":0}}