{"host":"udyc8f81k2jocuhg","time":1609254283,"event":{"mods":["2.2 Compatiblity","BaseMod","Better Third Choice","Colored Powertips","Conspire","Custom Start","GifTheSpireLib","Hermit","Minty Spire (QoL Compilation)","Permanent Neow","Quick Restart","Relic Filter","Relic Stats","Replay The Spire","Shop Mod","Spikes Relics","StSLib","Stuff the Spire"],"gold_per_floor":[113,132,168,168,188,219,236,236,236,268,283,283,314,88,88,160,160,170,189,208,60,71,105,105,134,134,134,149,177,192,203,203,274,274,291,48,62,81,81,81],"floor_reached":39,"playtime":4755,"items_purged":["Strike_P"],"score":839,"play_id":"1d0692ba-381a-4ae6-aaae-94409b4b6fc3","local_time":"20201229160443","is_ascension_mode":true,"campfire_choices":[{"data":"Zap","floor":8.0,"key":"SMITH"},{"data":"ReplayTheSpireMod:Calculation Training","floor":12.0,"key":"SMITH"},{"data":"Conserve Battery","floor":15.0,"key":"SMITH"},{"floor":24.0,"key":"REST"},{"floor":32.0,"key":"RECALL"}],"circlet_count":0,"master_deck":["AscendersBane","Strike_B","Defend_B","Defend_B","Defend_B","Defend_B","Zap+1","Dualcast","Survivor","Conserve Battery+1","Steam","Rip and Tear+1","Gash","Blizzard","ReplayTheSpireMod:Calculation Training+1","Blizzard","Self Repair+1","Gash","Cold Snap","Creative AI+1","CurseOfTheBell","Glacier","Loop+1","Loop+1","Ball Lightning","Coolheaded","FIFO Queue+1","Static Discharge+1","Buffer+1","ReplayTheSpireMod:Repulse+1","BootSequence+1","Streamline+1","PlatinumSkin+1","PlatinumSkin+1","White Noise"],"relics":["StuffTheSpire:OccultApparatus","Thread and Needle","ReplayTheSpireMod:Shallot","Cables","Vajra","Frozen Egg 2","Calling Bell","Calipers","Sundial","Centennial Puzzle","ClockworkSouvenir","StuffTheSpire:Experiment12","StuffTheSpire:Gunfinga","Blue Candle","Replay:PocketPolymizer","Astrolabe","DollysMirror"],"acts_visited":["Exordium","TheCity","TheBeyond"],"potions_floor_usage":[39,39],"damage_taken":[{"damage":0.0,"enemies":"Small Slimes","floor":1.0,"turns":3.0},{"damage":0.0,"enemies":"Jaw Worm","floor":2.0,"turns":3.0},{"damage":8.0,"enemies":"conspire:MimicChest","floor":3.0,"turns":5.0},{"damage":0.0,"enemies":"2 Louse","floor":5.0,"turns":3.0},{"damage":19.0,"enemies":"Gremlin Nob","floor":6.0,"turns":5.0},{"damage":0.0,"enemies":"Lots of Slimes","floor":7.0,"turns":4.0},{"damage":9.0,"enemies":"3 Sentries","floor":10.0,"turns":7.0},{"damage":4.0,"enemies":"Looter","floor":11.0,"turns":3.0},{"damage":9.0,"enemies":"Gremlin Nob","floor":13.0,"turns":3.0},{"damage":11.0,"enemies":"Hexaghost","floor":16.0,"turns":10.0},{"damage":4.0,"enemies":"Chosen","floor":18.0,"turns":5.0},{"damage":0.0,"enemies":"conspire:FuzzyDice","floor":19.0,"turns":10.0},{"damage":10.0,"enemies":"Snecko","floor":20.0,"turns":7.0},{"damage":11.0,"enemies":"Centurion and Healer","floor":22.0,"turns":10.0},{"damage":54.0,"enemies":"Slavers","floor":23.0,"turns":6.0},{"damage":3.0,"enemies":"Replay:Snechameleon","floor":25.0,"turns":9.0},{"damage":0.0,"enemies":"conspire:HollyBat","floor":28.0,"turns":11.0},{"damage":6.0,"enemies":"Book of Stabbing","floor":29.0,"turns":8.0},{"damage":0.0,"enemies":"Snecko","floor":30.0,"turns":7.0},{"damage":0.0,"enemies":"Cultist and Chosen","floor":31.0,"turns":8.0},{"damage":35,"enemies":"Champ","floor":33,"turns":11},{"damage":9,"enemies":"3 Darklings","floor":35,"turns":9},{"damage":7,"enemies":"Orb Walker","floor":37,"turns":6},{"damage":5,"enemies":"4 Shapes","floor":38,"turns":25},{"damage":76,"enemies":"2 Orb Walkers","floor":39,"turns":6}],"seed_played":"-556665688435179574","potions_obtained":[{"floor":2.0,"key":"Regen Potion"},{"floor":7.0,"key":"EssenceOfDarkness"},{"floor":11.0,"key":"DuplicationPotion"},{"floor":16.0,"key":"SteroidPotion"},{"floor":23.0,"key":"EssenceOfDarkness"},{"floor":33,"key":"Swift Potion"}],"is_trial":false,"path_per_floor":["M","M","?","?","M","E","M","R","T","E","M","R","E","$","R","B",null,"M","M","M","$","M","E","R","E","T","?","M","E","M","M","R","B",null,"M","$","M","M","?"],"character_chosen":"DEFECT","items_purchased":["Self Repair+1","Gash","Cold Snap","ClockworkSouvenir","PlatinumSkin+1","DollysMirror"],"campfire_rested":1,"item_purchase_floors":[14,14,14,21,36,36],"current_hp_per_floor":[64,64,56,56,56,37,37,37,37,28,24,24,15,15,15,14,57,63,71,61,61,60,21,42,49,49,49,59,63,71,71,71,46,65,66,66,69,71,0,0],"gold":81,"neow_bonus":"ONE_RARE_RELIC","is_daily":false,"chose_seed":false,"campfire_upgraded":3,"win_rate":0.0,"timestamp":1609254283,"path_taken":["M","M","?","?","M","E","M","R","T","E","M","R","E","$","R","BOSS","M","M","M","$","M","E","R","E","T","?","M","E","M","M","R","BOSS","M","$","M","M","?"],"items_purchased_type":["Card","Card","Card","Relic","Card","Relic"],"build_version":"2020-12-22","purchased_purges":1,"victory":false,"max_hp_per_floor":[71,71,71,71,71,71,71,71,71,71,71,71,71,71,71,71,71,71,71,71,71,71,71,71,71,71,71,71,71,71,71,71,71,71,71,71,71,71,71,71],"relic_stats":{"Centennial Puzzle":[33],"counters":[25,183],"Sundial":[12],"Blue Candle":[2],"Astrolabe":["ReplayTheSpireMod:Repulse","BootSequence","Streamline"],"obtain_stats":[{"Calipers":17,"Replay:PocketPolymizer":29,"Blue Candle":26,"Astrolabe":34,"Vajra":10,"Thread and Needle":0,"Frozen Egg 2":13,"Cables":6,"ClockworkSouvenir":21,"Calling Bell":17,"StuffTheSpire:OccultApparatus":27,"StuffTheSpire:Experiment12":23,"Centennial Puzzle":17,"StuffTheSpire:Gunfinga":25,"ReplayTheSpireMod:Shallot":3,"Sundial":17,"DollysMirror":36,"Cracked Core":0},{"Calipers":10,"Replay:PocketPolymizer":18,"Blue Candle":16,"Astrolabe":21,"Vajra":7,"Thread and Needle":0,"Frozen Egg 2":9,"Cables":5,"ClockworkSouvenir":13,"Calling Bell":10,"StuffTheSpire:OccultApparatus":16,"StuffTheSpire:Experiment12":15,"Centennial Puzzle":10,"StuffTheSpire:Gunfinga":16,"ReplayTheSpireMod:Shallot":3,"Sundial":10,"DollysMirror":22,"Cracked Core":0},{"Calipers":46,"Replay:PocketPolymizer":111,"Blue Candle":92,"Astrolabe":137,"Vajra":30,"Thread and Needle":0,"Frozen Egg 2":36,"Cables":19,"ClockworkSouvenir":68,"Calling Bell":46,"StuffTheSpire:OccultApparatus":92,"StuffTheSpire:Experiment12":84,"Centennial Puzzle":46,"StuffTheSpire:Gunfinga":92,"ReplayTheSpireMod:Shallot":11,"Sundial":46,"DollysMirror":146,"Cracked Core":0}],"Cables":[147,58,87,2,0]},"card_choices":[{"not_picked":["Leap","Turbo"],"picked":"Conserve Battery","floor":1.0},{"not_picked":["Streamline","Gash"],"picked":"Steam","floor":2.0},{"not_picked":["Stack","Leap"],"picked":"Rip and Tear","floor":3.0},{"not_picked":["DiskWipe","StuffTheSpire:Plugnplay"],"picked":"Gash","floor":5.0},{"not_picked":["Ball Lightning","Steam"],"picked":"Blizzard","floor":6.0},{"not_picked":["Redo","Steam Power","Go for the Eyes"],"picked":"SKIP","floor":7.0},{"not_picked":["Go for the Eyes","Reboot"],"picked":"ReplayTheSpireMod:Calculation Training","floor":10.0},{"not_picked":["Hologram","StuffTheSpire:Plugnplay"],"picked":"Blizzard","floor":11.0},{"not_picked":["Time Bomb","Turbo","Heatsinks+1"],"picked":"SKIP","floor":13.0},{"not_picked":["Meteor Strike","Electrodynamics+1"],"picked":"Creative AI+1","floor":16.0},{"not_picked":["Redo","Compile Driver"],"picked":"Glacier","floor":18.0},{"not_picked":["Rebound","Redo","DiskWipe+1"],"picked":"SKIP","floor":19.0},{"not_picked":["ReplayTheSpireMod:Dual Polarity+1","Streamline+1"],"picked":"Loop+1","floor":20.0},{"not_picked":["Hello World+1","ReplayTheSpireMod:System Scan+1","Barrage"],"picked":"SKIP","floor":22.0},{"not_picked":["Streamline","Sweeping Beam"],"picked":"Loop+1","floor":23.0},{"not_picked":["ReplayTheSpireMod:Reroute Power","Turbo"],"picked":"Ball Lightning","floor":25.0},{"not_picked":["Darkness","Conserve Battery"],"picked":"Coolheaded","floor":28.0},{"not_picked":["ReplaySolidLightProjector+1","Steam"],"picked":"FIFO Queue+1","floor":29.0},{"not_picked":["Sweeping Beam","Sunder"],"picked":"Static Discharge+1","floor":30.0},{"not_picked":["ReplayTheSpireMod:GoodbyeWorld+1","Redo+1","Sunder+1"],"picked":"SKIP","floor":31.0},{"not_picked":["Meteor Strike","StuffTheSpire:LaunchingStrike"],"picked":"Buffer+1","floor":33},{"not_picked":["Leap","ReplayTheSpireMod:GoodbyeWorld+1","Go for the Eyes"],"picked":"SKIP","floor":35},{"not_picked":["Cold Snap+1","DiskWipe+1","Turbo"],"picked":"SKIP","floor":37},{"not_picked":["Beam Cell","Darkness"],"picked":"White Noise","floor":38}],"player_experience":1933724,"relics_obtained":[{"floor":3.0,"key":"ReplayTheSpireMod:Shallot"},{"floor":6.0,"key":"Cables"},{"floor":10.0,"key":"Vajra"},{"floor":13.0,"key":"Frozen Egg 2"},{"floor":17.0,"key":"Calipers"},{"floor":17.0,"key":"Sundial"},{"floor":17.0,"key":"Centennial Puzzle"},{"floor":23.0,"key":"StuffTheSpire:Experiment12"},{"floor":25.0,"key":"StuffTheSpire:Gunfinga"},{"floor":26.0,"key":"Blue Candle"},{"floor":29.0,"key":"Replay:PocketPolymizer"}],"event_choices":[{"damage_healed":0.0,"max_hp_gain":0.0,"max_hp_loss":0.0,"gold_gain":0.0,"event_name":"Living Wall","player_choice":"Grow","floor":4.0,"gold_loss":0.0,"damage_taken":0.0,"cards_upgraded":["Rip and Tear"]},{"damage_healed":0,"gold_gain":0,"player_choice":"Fight","damage_taken":0,"max_hp_gain":0,"max_hp_loss":0,"event_name":"Mysterious Sphere","floor":39,"gold_loss":0}],"is_beta":false,"boss_relics":[{"not_picked":["Ring of Chaos","StuffTheSpire:ModemDavis"],"picked":"Calling Bell"},{"not_picked":["Philosopher\u0027s Stone","StuffTheSpire:Kangaroo"],"picked":"Astrolabe"}],"items_purged_floors":[14],"is_endless":false,"potions_floor_spawned":[2,7,10,11,16,23,28,30,31,33,38],"killed_by":"2 Orb Walkers","ascension_level":15}}