{"host":"eydwxg59205c3vtl","time":1609262545,"event":{"mods":["2.2 Compatiblity","BaseMod","Colored Map","Colored Powertips","Hubris","Minty Spire (QoL Compilation)","StSLib","The Necromancer"],"gold_per_floor":[117,117,117,117,135,135,164,164,164,164,179,204,245,265,265,359,359,374,449,22,47,65,65,65,106,106,140,160,198,198,221,221,221,221],"floor_reached":33,"playtime":2149,"items_purged":["Regret"],"score":599,"play_id":"958b8e05-1fc8-46de-8aaa-6c6fada5d3d5","local_time":"20201229122225","is_ascension_mode":true,"campfire_choices":[{"data":"Blood_Is_Power","floor":6.0,"key":"SMITH"},{"data":"Summon_Undead","floor":10.0,"key":"SMITH"},{"floor":15.0,"key":"REST"},{"floor":23,"key":"REST"},{"floor":30,"key":"DIG"},{"floor":32,"key":"REST"}],"circlet_count":0,"master_deck":["AscendersBane","Strike_W","Strike_W","Strike_W","Defend_W","Defend_W","Defend_W","Defend_W","Negative_Energy_Arrows","Bone_Wall","Plague_Bolt+1","Summon_Undead+1","Bone_Bullets","Negative_Energy_Javelin","Necrotic_Claws","Hellfire","Bone_Spikes","Bone_Armor","Negative_Energy_Shield+1","Bone_Spikes","hubris:DuctTapeCard","Skeleton_Dragon","Negative_Energy_Burst","Bone_Armory","Stop_Heart+1","Spectral_Armor+1"],"relics":["Vampire_Amulet","NeowsBlessing","Shuriken","Potion Belt","Golden Idol","hubris:CrystalStatue","Vajra","Dream Catcher","Black Star","Anchor","Strange Spoon","Shovel","hubris:TinFlute","hubris:DuctTape","MealTicket","hubris:PeanutButter","Toxic Egg 2","hubris:BottledRain","Sundial"],"acts_visited":["Exordium","TheCity"],"potions_floor_usage":[25,25,25,27,33,33],"damage_taken":[{"damage":0.0,"enemies":"Cultist","floor":1.0,"turns":1.0},{"damage":0.0,"enemies":"Small Slimes","floor":5.0,"turns":1.0},{"damage":2.0,"enemies":"Lagavulin","floor":7.0,"turns":2.0},{"damage":8.0,"enemies":"Jaw Worm","floor":11.0,"turns":4.0},{"damage":5.0,"enemies":"3 Sentries","floor":13.0,"turns":5.0},{"damage":24.0,"enemies":"Exordium Wildlife","floor":14.0,"turns":5.0},{"damage":19.0,"enemies":"Slime Boss","floor":16.0,"turns":7.0},{"damage":24.0,"enemies":"Spheric Guardian","floor":18.0,"turns":4.0},{"damage":28,"enemies":"Shell Parasite","floor":21,"turns":4},{"damage":15,"enemies":"Snake Plant","floor":22,"turns":5},{"damage":39,"enemies":"Slavers","floor":25,"turns":7},{"damage":35,"enemies":"Gremlin Leader","floor":27,"turns":7},{"damage":0,"enemies":"Snecko","floor":28,"turns":4},{"damage":19,"enemies":"Book of Stabbing","floor":29,"turns":6},{"damage":7,"enemies":"Centurion and Healer","floor":31,"turns":5},{"damage":54,"enemies":"Collector","floor":33,"turns":6}],"seed_played":"-7981085262620842943","potions_obtained":[{"floor":1.0,"key":"Strength Potion"},{"floor":11.0,"key":"SkillPotion"},{"floor":13.0,"key":"Energy Potion"},{"floor":14.0,"key":"Dexterity Potion"},{"floor":16.0,"key":"Fruit Juice"},{"floor":22,"key":"DuplicationPotion"},{"floor":25,"key":"FearPotion"},{"floor":28,"key":"SteroidPotion"},{"floor":31,"key":"FearPotion"}],"is_trial":false,"path_per_floor":["M","?","?","?","M","R","E","?","T","R","M","T","E","M","R","B",null,"M","?","$","M","M","R","?","E","T","E","M","E","R","M","R","B"],"character_chosen":"NECROMANCER","items_purchased":["Anchor","Bone_Armor","Strange Spoon"],"campfire_rested":3,"item_purchase_floors":[20,20,20],"current_hp_per_floor":[70,70,63,63,67,67,67,49,49,49,49,49,50,30,52,39,66,52,44,44,18,5,29,55,22,22,22,24,22,22,19,43,0,0],"gold":221,"neow_bonus":"THREE_ENEMY_KILL","is_daily":false,"chose_seed":false,"campfire_upgraded":2,"win_rate":0.0,"timestamp":1609262545,"path_taken":["M","?","?","?","M","R","E","?","T","R","?","?","E","M","R","BOSS","M","?","$","?","M","R","?","E","T","E","M","E","R","M","R","BOSS"],"items_purchased_type":["Relic","Card","Relic"],"build_version":"2020-12-22","purchased_purges":1,"victory":false,"max_hp_per_floor":[75,75,75,75,75,75,75,75,75,75,75,75,75,75,75,75,75,80,80,80,80,80,80,80,80,80,80,80,80,80,80,80,80,80],"card_choices":[{"not_picked":["Summon_Undead_Army","Shackles_Of_Pain"],"picked":"Plague_Bolt","floor":1.0},{"not_picked":["Bone_Armory","Bone_Armor"],"picked":"Blood_Is_Power","floor":5.0},{"not_picked":["Finger_Of_Death","Skeleton_Dragon"],"picked":"Summon_Undead","floor":7.0},{"not_picked":["Death_March_Dance","Finger_Of_Death"],"picked":"Bone_Bullets","floor":11.0},{"not_picked":["Stop_Heart","Death_March_Dance","Violent_Necrosis"],"picked":"SKIP","floor":13.0},{"not_picked":["Life_Tap","Blood_Curse"],"picked":"Negative_Energy_Javelin","floor":14.0},{"not_picked":["Blood_Whip","Shackles_Of_Pain"],"picked":"Necrotic_Claws","floor":15.0},{"not_picked":["Skeleton_Dragon","Reap_The_Weak"],"picked":"Hellfire","floor":16.0},{"not_picked":["Death_March_Dance","Negative_Energy_Mist"],"picked":"Bone_Spikes","floor":18.0},{"not_picked":["Summon_Undead_Army","Blood_for_Blood+1"],"picked":"Negative_Energy_Shield+1","floor":21},{"not_picked":["Negative_Energy_Mist","Finger_Of_Death"],"picked":"Shade_Step+1","floor":22},{"not_picked":["Acid_Javelin","Deaths_Shadow"],"picked":"Bone_Spikes","floor":25},{"not_picked":["Blood_Whip+1","Death_Coil"],"picked":"Skeleton_Dragon","floor":27},{"not_picked":["Death_Coil","Negative_Energy_Javelin"],"picked":"Negative_Energy_Burst","floor":28},{"not_picked":["Epidemic+1","Reap_The_Weak"],"picked":"Bone_Armory","floor":29},{"not_picked":["Negative_Energy_Sphere","Bone_Spikes"],"picked":"Stop_Heart+1","floor":31},{"not_picked":["Negative_Energy_Javelin","Death_March_Dance"],"picked":"Spectral_Armor+1","floor":32}],"player_experience":565627,"relics_obtained":[{"floor":7.0,"key":"Potion Belt"},{"floor":9.0,"key":"hubris:CrystalStatue"},{"floor":12.0,"key":"Vajra"},{"floor":13.0,"key":"Dream Catcher"},{"floor":25,"key":"Shovel"},{"floor":25,"key":"hubris:TinFlute"},{"floor":26,"key":"hubris:DuctTape"},{"floor":27,"key":"MealTicket"},{"floor":27,"key":"hubris:PeanutButter"},{"floor":29,"key":"Toxic Egg 2"},{"floor":29,"key":"hubris:BottledRain"},{"floor":30,"key":"Sundial"}],"event_choices":[{"damage_healed":0.0,"max_hp_gain":0.0,"max_hp_loss":0.0,"gold_gain":0.0,"event_name":"Living Wall","player_choice":"Grow","floor":2.0,"gold_loss":0.0,"damage_taken":0.0,"cards_upgraded":["Plague_Bolt"]},{"cards_removed":["Strike_W"],"damage_healed":0.0,"max_hp_gain":0.0,"max_hp_loss":0.0,"gold_gain":0.0,"event_name":"Golden Wing","player_choice":"Card Removal","floor":3.0,"gold_loss":0.0,"damage_taken":7.0},{"damage_healed":0.0,"max_hp_gain":0.0,"max_hp_loss":0.0,"gold_gain":0.0,"event_name":"Big Fish","player_choice":"Box","floor":4.0,"gold_loss":0.0,"damage_taken":0.0,"relics_obtained":["Shuriken"],"cards_obtained":["Regret"]},{"damage_healed":0.0,"max_hp_gain":0.0,"max_hp_loss":0.0,"gold_gain":0.0,"event_name":"Golden Idol","player_choice":"Take Damage","floor":8.0,"gold_loss":0.0,"damage_taken":18.0,"relics_obtained":["Golden Idol"]},{"damage_healed":0,"gold_gain":75,"player_choice":"Touch","damage_taken":8,"max_hp_gain":0,"max_hp_loss":0,"event_name":"FaceTrader","floor":19,"gold_loss":0},{"damage_healed":26,"gold_gain":0,"player_choice":"Heal","damage_taken":0,"max_hp_gain":0,"max_hp_loss":0,"event_name":"The Library","floor":24,"gold_loss":0}],"is_beta":false,"boss_relics":[{"not_picked":["hubris:HollowSoul","hubris:GrandSneckoEye"],"picked":"Black Star"}],"items_purged_floors":[20],"is_endless":false,"potions_floor_spawned":[1,11,13,14,16,22,25,28,31],"killed_by":"Collector","ascension_level":13}}