{"host":"z9811rt50ti81n54","time":1609242859,"event":{"mods":["BaseMod","Minty Spire (QoL Compilation)","Relic Stats"],"gold_per_floor":[112,112,9,28,28,28,53,72,97,97,58,58,98,117,117,247,247,271,49,49,49,64,100,100,25,25,25,2,2,15,28,28,151,151,176,176,176,45,45,45],"floor_reached":39,"playtime":1514,"items_purged":[],"score":504,"play_id":"ba6db6ed-179f-42f6-a5ab-c100b479f2dd","local_time":"20201229205419","is_ascension_mode":true,"campfire_choices":[{"data":"Dagger Spray","floor":6,"key":"SMITH"},{"data":"Footwork","floor":12,"key":"SMITH"},{"floor":15,"key":"REST"},{"floor":24,"key":"REST"},{"floor":27,"key":"REST"},{"floor":32,"key":"RECALL"}],"circlet_count":0,"master_deck":["Strike_G+1","Strike_G+1","Strike_G+1","Strike_G+1","Strike_G+1","Defend_G+1","Defend_G+1","Defend_G+1","Defend_G+1","Defend_G+1","Survivor+1","Underhanded Strike","Catalyst","Flying Knee+1","Dagger Spray+1","Footwork+1","PiercingWail","Well Laid Plans","Doppelganger","Expertise","Malaise","Footwork","Leg Sweep","Infinite Blades+1","Dagger Spray","All Out Attack+1","Infinite Blades+1","Storm of Steel","Poisoned Stab+1","Footwork+1"],"relics":["Ring of the Serpent","Blood Vial","Art of War","War Paint","Centennial Puzzle","Golden Idol","Whetstone","Fusion Hammer","OrangePellets","Shuriken","Frozen Egg 2","Pear"],"acts_visited":["Exordium","TheCity","TheBeyond"],"potions_floor_usage":[7,16,23,30,33],"damage_taken":[{"damage":2,"enemies":"2 Louse","floor":1,"turns":3},{"damage":1,"enemies":"Cultist","floor":4,"turns":3},{"damage":49,"enemies":"Lagavulin","floor":7,"turns":10},{"damage":0,"enemies":"Jaw Worm","floor":8,"turns":4},{"damage":22,"enemies":"Gremlin Nob","floor":13,"turns":4},{"damage":0,"enemies":"Looter","floor":14,"turns":3},{"damage":18,"enemies":"The Guardian","floor":16,"turns":15},{"damage":5,"enemies":"3 Byrds","floor":18,"turns":6},{"damage":0,"enemies":"Spheric Guardian","floor":22,"turns":5},{"damage":23,"enemies":"Gremlin Leader","floor":23,"turns":12},{"damage":6,"enemies":"Snake Plant","floor":30,"turns":8},{"damage":1,"enemies":"Centurion and Healer","floor":31,"turns":5},{"damage":7,"enemies":"Champ","floor":33,"turns":12},{"damage":68,"enemies":"3 Shapes","floor":35,"turns":10},{"damage":0,"enemies":"Orb Walker","floor":39,"turns":1}],"seed_played":"-4633925486221402309","potions_obtained":[{"floor":4,"key":"ColorlessPotion"},{"floor":5,"key":"Swift Potion"},{"floor":5,"key":"GamblersBrew"},{"floor":5,"key":"Ancient Potion"},{"floor":14,"key":"EssenceOfSteel"},{"floor":16,"key":"FairyPotion"},{"floor":18,"key":"ColorlessPotion"},{"floor":23,"key":"DistilledChaos"},{"floor":30,"key":"BlessingOfTheForge"},{"floor":35,"key":"LiquidMemories"}],"is_trial":false,"path_per_floor":["M","?","$","M","?","R","E","M","T","?","$","R","E","M","R","B",null,"M","$","?","?","M","E","R","?","T","R","$","T","M","M","R","B",null,"M","?","?","$","M"],"character_chosen":"THE_SILENT","items_purchased":["Catalyst","Flying Knee","Well Laid Plans","OrangePellets","Footwork","Dagger Spray","Footwork+1","Dexterity Potion"],"campfire_rested":3,"item_purchase_floors":[3,3,11,19,19,28,38,38],"current_hp_per_floor":[68,65,65,66,66,66,19,21,21,21,21,21,1,3,22,6,50,47,47,47,47,49,28,47,47,47,65,65,75,69,70,70,65,73,7,7,7,7,9,9],"gold":45,"neow_bonus":"RANDOM_COMMON_RELIC","is_daily":false,"chose_seed":false,"campfire_upgraded":2,"win_rate":0.0,"timestamp":1609242859,"path_taken":["M","?","$","M","?","R","E","?","T","?","$","R","E","M","R","BOSS","M","$","?","?","M","E","R","?","T","R","?","?","M","M","R","BOSS","M","?","?","?","M"],"items_purchased_type":["Card","Card","Card","Relic","Card","Card","Card","Potion"],"build_version":"2020-12-22","purchased_purges":0,"victory":false,"max_hp_per_floor":[70,70,70,70,70,70,70,70,70,65,65,65,65,65,65,65,65,65,65,65,65,65,65,65,65,65,65,65,75,75,75,75,75,75,75,75,75,75,75,75],"relic_stats":{"Blood Vial":26,"OrangePellets":[2],"Centennial Puzzle":[24],"counters":[15,101],"Golden Idol":89,"Shuriken":[24],"Art of War":[14],"Whetstone":["Strike_G","Flying Knee"],"War Paint":["Defend_G","Survivor"],"obtain_stats":[{"Pear":29,"Golden Idol":10,"Whetstone":13,"War Paint":7,"Frozen Egg 2":23,"Blood Vial":0,"OrangePellets":19,"Centennial Puzzle":9,"Shuriken":20,"Fusion Hammer":17,"Art of War":2,"Ring of the Serpent":34,"Ring of the Snake":0},{"Pear":10,"Golden Idol":4,"Whetstone":5,"War Paint":3,"Frozen Egg 2":10,"Blood Vial":0,"OrangePellets":8,"Centennial Puzzle":4,"Shuriken":8,"Fusion Hammer":7,"Art of War":1,"Ring of the Serpent":13,"Ring of the Snake":0},{"Pear":65,"Golden Idol":20,"Whetstone":24,"War Paint":16,"Frozen Egg 2":65,"Blood Vial":0,"OrangePellets":48,"Centennial Puzzle":20,"Shuriken":48,"Fusion Hammer":42,"Art of War":3,"Ring of the Serpent":90,"Ring of the Snake":0}]},"card_choices":[{"not_picked":["Reflex","Finisher"],"picked":"Underhanded Strike","floor":1},{"not_picked":["Prepared","Bane"],"picked":"Dagger Spray","floor":4},{"not_picked":["Backstab","Calculated Gamble"],"picked":"Footwork","floor":7},{"not_picked":["Acrobatics","Dodge and Roll"],"picked":"PiercingWail","floor":8},{"not_picked":["PiercingWail","Tactician"],"picked":"Doppelganger","floor":13},{"not_picked":["Concentrate","Flechettes"],"picked":"Expertise","floor":14},{"not_picked":["Tools of the Trade","After Image"],"picked":"Malaise","floor":16},{"not_picked":["Masterful Stab","Flying Knee","Underhanded Strike"],"picked":"SKIP","floor":18},{"not_picked":["Underhanded Strike","Flying Knee"],"picked":"Leg Sweep","floor":22},{"not_picked":["Backflip","Heel Hook"],"picked":"Infinite Blades+1","floor":23},{"not_picked":["Bane","Slice+1"],"picked":"All Out Attack+1","floor":30},{"not_picked":["Bane+1","Accuracy+1"],"picked":"Infinite Blades+1","floor":31},{"not_picked":["Die Die Die","Glass Knife"],"picked":"Storm of Steel","floor":33},{"not_picked":["Choke+1","Endless Agony+1"],"picked":"Poisoned Stab+1","floor":35}],"player_experience":255331,"relics_obtained":[{"floor":7,"key":"War Paint"},{"floor":9,"key":"Centennial Puzzle"},{"floor":13,"key":"Whetstone"},{"floor":23,"key":"Frozen Egg 2"},{"floor":29,"key":"Pear"}],"event_choices":[{"damage_healed":0,"gold_gain":0,"player_choice":"Success","damage_taken":3,"relics_obtained":["Art of War"],"max_hp_gain":0,"max_hp_loss":0,"event_name":"Scrap Ooze","floor":2,"gold_loss":0},{"damage_healed":0,"gold_gain":0,"player_choice":"Got Potions","damage_taken":0,"max_hp_gain":0,"max_hp_loss":0,"event_name":"Lab","floor":5,"gold_loss":0},{"damage_healed":0,"gold_gain":0,"player_choice":"Lose Max HP","damage_taken":0,"relics_obtained":["Golden Idol"],"max_hp_gain":0,"max_hp_loss":5,"event_name":"Golden Idol","floor":10,"gold_loss":0},{"damage_healed":0,"gold_gain":0,"player_choice":"Opened","damage_taken":0,"relics_obtained":["Shuriken"],"max_hp_gain":0,"max_hp_loss":0,"event_name":"The Mausoleum","floor":20,"gold_loss":0},{"damage_healed":0,"gold_gain":0,"player_choice":"Simplicity","damage_taken":0,"max_hp_gain":0,"max_hp_loss":0,"event_name":"Back to Basics","floor":21,"gold_loss":0,"cards_upgraded":["Strike_G","Strike_G","Strike_G","Strike_G","Defend_G","Defend_G","Defend_G","Defend_G"]},{"cards_removed":["Neutralize"],"damage_healed":0,"gold_gain":0,"player_choice":"Gave Gold","damage_taken":0,"max_hp_gain":0,"max_hp_loss":0,"event_name":"Beggar","floor":25,"gold_loss":75},{"damage_healed":0,"gold_gain":0,"player_choice":"Ignored","damage_taken":0,"max_hp_gain":0,"max_hp_loss":0,"event_name":"Tomb of Lord Red Mask","floor":36,"gold_loss":0},{"damage_healed":0,"gold_gain":0,"player_choice":"Ignored","damage_taken":0,"max_hp_gain":0,"max_hp_loss":0,"event_name":"Mysterious Sphere","floor":37,"gold_loss":0}],"is_beta":false,"boss_relics":[{"not_picked":["HoveringKite","Calling Bell"],"picked":"Fusion Hammer"},{"not_picked":["Cursed Key","Coffee Dripper"],"picked":"Ring of the Serpent"}],"items_purged_floors":[],"is_endless":false,"potions_floor_spawned":[4,14,16,18,23,30,31,35],"killed_by":"Orb Walker","ascension_level":5}}