{"host":"szp1d6dso4pv7ddl","time":1609213007,"event":{"mods":["AchievementEnabler","Alarm Clock","BaseMod","Bestiary","Block Reminder","Colored Map","Colored Powertips","Curses Come First","Displayed Cursed Tome","Highlight Path","Minty Spire (QoL Compilation)","Permanent Neow","Quick Restart","Relic Sorter","Relic Stats","StSLib","Synergy Search"],"gold_per_floor":[116,129,143,72,83,108,126,126,150,202,202,202,218,232,232,307,307,291,206,221,221,221,221],"floor_reached":22,"playtime":833,"items_purged":[],"score":329,"play_id":"91790201-03cc-4c29-b040-d26073806dcc","local_time":"20201228193647","is_ascension_mode":true,"campfire_choices":[{"floor":8,"key":"REST"},{"floor":11,"key":"REST"},{"floor":15,"key":"REST"}],"circlet_count":0,"master_deck":["AscendersBane","Strike_G","Strike_G","Strike_G","Strike_G","Defend_G","Defend_G","Defend_G","Survivor","Neutralize","Sucker Punch","Infinite Blades","Accuracy","Backstab","Accuracy","After Image","Phantasmal Killer+1","Sucker Punch+1","Deadly Poison+1","Backflip","Blade Dance"],"relics":["SlaversCollar","Tiny Chest","Smiling Mask","Anchor","FaceOfCleric","Astrolabe"],"acts_visited":["Exordium","TheCity"],"potions_floor_usage":[6,6,16],"damage_taken":[{"damage":3,"enemies":"Jaw Worm","floor":1,"turns":7},{"damage":0,"enemies":"2 Louse","floor":2,"turns":3},{"damage":9,"enemies":"Cultist","floor":3,"turns":5},{"damage":19,"enemies":"2 Fungi Beasts","floor":5,"turns":7},{"damage":8,"enemies":"Gremlin Nob","floor":6,"turns":3},{"damage":7,"enemies":"Exordium Wildlife","floor":7,"turns":4},{"damage":4,"enemies":"Large Slime","floor":13,"turns":7},{"damage":15,"enemies":"Red Slaver","floor":14,"turns":5},{"damage":49,"enemies":"Hexaghost","floor":16,"turns":11},{"damage":18,"enemies":"2 Thieves","floor":18,"turns":4},{"damage":11,"enemies":"Shell Parasite","floor":20,"turns":5},{"damage":26,"enemies":"Sentry and Sphere","floor":22,"turns":5}],"seed_played":"4606476042321199426","potions_obtained":[{"floor":1,"key":"Poison Potion"},{"floor":2,"key":"ColorlessPotion"},{"floor":14,"key":"AttackPotion"},{"floor":18,"key":"LiquidMemories"}],"is_trial":false,"path_per_floor":["M","M","M","$","M","E","M","R","T","?","R","?","M","M","R","B",null,"M","?","M","?","M"],"character_chosen":"THE_SILENT","items_purchased":["Accuracy"],"campfire_rested":3,"item_purchase_floors":[4],"current_hp_per_floor":[56,56,47,47,28,20,13,32,32,32,51,51,48,34,54,6,53,36,36,26,26,0,0],"gold":221,"neow_bonus":"BOSS_RELIC","is_daily":false,"chose_seed":false,"campfire_upgraded":0,"win_rate":0.0,"timestamp":1609213007,"path_taken":["M","M","M","$","M","E","M","R","T","?","R","?","M","M","R","BOSS","M","?","M","?","M"],"items_purchased_type":["Card"],"build_version":"2020-12-22","purchased_purges":0,"victory":false,"max_hp_per_floor":[66,66,66,66,66,66,66,66,66,66,66,66,67,68,68,69,69,70,70,71,71,71,71],"relic_stats":{"FaceOfCleric":5,"counters":[12,66],"Astrolabe":["Phantasmal Killer","Sucker Punch","Deadly Poison"],"Tiny Chest":0,"Smiling Mask":0,"obtain_stats":[{"SlaversCollar":0,"Anchor":9,"FaceOfCleric":12,"Astrolabe":17,"Tiny Chest":19,"Smiling Mask":6,"Ring of the Snake":0},{"SlaversCollar":0,"Anchor":6,"FaceOfCleric":6,"Astrolabe":9,"Tiny Chest":10,"Smiling Mask":5,"Ring of the Snake":0},{"SlaversCollar":0,"Anchor":29,"FaceOfCleric":29,"Astrolabe":52,"Tiny Chest":56,"Smiling Mask":25,"Ring of the Snake":0}]},"card_choices":[{"not_picked":["Backstab","Setup"],"picked":"Sucker Punch","floor":1},{"not_picked":["Backflip","Terror"],"picked":"Infinite Blades","floor":2},{"not_picked":["Calculated Gamble","Deflect","Dagger Throw"],"picked":"SKIP","floor":3},{"not_picked":["Outmaneuver","Flying Knee"],"picked":"Backstab","floor":5},{"not_picked":["Underhanded Strike","Catalyst","Riddle With Holes"],"picked":"SKIP","floor":6},{"not_picked":["Reflex","Leg Sweep"],"picked":"Accuracy","floor":7},{"not_picked":["Eviscerate","Choke","Flying Knee"],"picked":"SKIP","floor":13},{"not_picked":["Envenom","Predator","Sucker Punch"],"picked":"SKIP","floor":14},{"not_picked":["Unload","Die Die Die"],"picked":"After Image","floor":16},{"not_picked":["Reflex","Underhanded Strike"],"picked":"Backflip","floor":18},{"not_picked":["Bane+1","Underhanded Strike","Choke"],"picked":"SKIP","floor":20}],"player_experience":1060835,"relics_obtained":[{"floor":6,"key":"Smiling Mask"},{"floor":9,"key":"Anchor"}],"event_choices":[{"damage_healed":0,"gold_gain":52,"player_choice":"Gained Gold","damage_taken":0,"max_hp_gain":0,"max_hp_loss":0,"event_name":"Golden Wing","floor":10,"gold_loss":0},{"damage_healed":0,"gold_gain":0,"player_choice":"Trade","damage_taken":0,"relics_obtained":["FaceOfCleric"],"max_hp_gain":0,"max_hp_loss":0,"event_name":"FaceTrader","floor":12,"gold_loss":0},{"damage_healed":0,"gold_gain":0,"player_choice":"Obtained Relic","damage_taken":0,"relics_obtained":["Tiny Chest"],"max_hp_gain":0,"max_hp_loss":0,"event_name":"Addict","floor":19,"gold_loss":85},{"damage_healed":0,"gold_gain":0,"player_choice":"Read","damage_taken":0,"max_hp_gain":0,"max_hp_loss":0,"event_name":"The Library","floor":21,"gold_loss":0,"cards_obtained":["Blade Dance"]}],"is_beta":false,"boss_relics":[{"not_picked":["Tiny House","Cursed Key"],"picked":"Astrolabe"}],"items_purged_floors":[],"is_endless":false,"potions_floor_spawned":[1,2,14,18],"killed_by":"Sentry and Sphere","ascension_level":15}}