{"host":"nptej036rrbiurf5","time":1609232235,"event":{"mods":["BaseMod","Colored Map","Colored Powertips","DeckTracker","Minty Spire (QoL Compilation)","StSLib","SuperFastMode"],"gold_per_floor":[116,1,1,12,87,122,141,141,213,226,240,33,47,60,60,138,138,149,164,164,164,64,64,74,101,101,101,128,143,154,154,154,154,154],"floor_reached":33,"playtime":788,"items_purged":["Strike_R","Strike_R"],"score":678,"play_id":"7d0bf844-f854-4576-8206-8d7ec511e6a4","local_time":"20201229175715","is_ascension_mode":true,"campfire_choices":[{"data":"Flex","floor":8.0,"key":"SMITH"},{"data":"Limit Break","floor":15.0,"key":"SMITH"},{"data":"Limit Break","floor":23.0,"key":"SMITH"},{"data":"Heavy Blade","floor":27.0,"key":"SMITH"},{"floor":32,"key":"REST"}],"circlet_count":0,"master_deck":["AscendersBane","Strike_R","Strike_R","Defend_R","Defend_R","Defend_R","Defend_R","Bash","Shrug It Off","Feel No Pain","Limit Break+1","Sword Boomerang","Limit Break+1","Flex+1","Twin Strike","Heavy Blade+1","Evolve","Exhume","Pummel","J.A.X.","Ghostly","Ghostly","Ghostly","Offering"],"relics":["Burning Blood","NeowsBlessing","Art of War","Shuriken","Vajra","Cursed Key","Orichalcum","Champion Belt","Enchiridion"],"acts_visited":["Exordium","TheCity"],"potions_floor_usage":[28,33,33],"damage_taken":[{"damage":0.0,"enemies":"Small Slimes","floor":1.0,"turns":1.0},{"damage":0.0,"enemies":"2 Louse","floor":4.0,"turns":2.0},{"damage":0.0,"enemies":"Lagavulin","floor":6.0,"turns":2.0},{"damage":12.0,"enemies":"Jaw Worm","floor":7.0,"turns":4.0},{"damage":17.0,"enemies":"Exordium Wildlife","floor":10.0,"turns":4.0},{"damage":8.0,"enemies":"Blue Slaver","floor":11.0,"turns":2.0},{"damage":3.0,"enemies":"Looter","floor":13.0,"turns":2.0},{"damage":1.0,"enemies":"2 Fungi Beasts","floor":14.0,"turns":2.0},{"damage":39.0,"enemies":"Hexaghost","floor":16.0,"turns":6.0},{"damage":8.0,"enemies":"Chosen","floor":18.0,"turns":5.0},{"damage":25.0,"enemies":"3 Byrds","floor":19.0,"turns":5.0},{"damage":23.0,"enemies":"Shelled Parasite and Fungi","floor":24.0,"turns":5.0},{"damage":12.0,"enemies":"Book of Stabbing","floor":25.0,"turns":4.0},{"damage":1,"enemies":"Gremlin Leader","floor":28,"turns":4},{"damage":3,"enemies":"Cultist and Chosen","floor":29,"turns":6},{"damage":6,"enemies":"Centurion and Healer","floor":30,"turns":6},{"damage":20,"enemies":"Automaton","floor":33,"turns":4}],"seed_played":"7830490084636187141","potions_obtained":[{"floor":1.0,"key":"Weak Potion"},{"floor":6.0,"key":"CultistPotion"},{"floor":11.0,"key":"Swift Potion"},{"floor":19.0,"key":"Energy Potion"},{"floor":29,"key":"PowerPotion"}],"is_trial":false,"path_per_floor":["M","$","?","M","?","E","M","R","T","M","M","$","M","M","R","B",null,"M","M","?","?","$","R","M","E","T","R","E","M","M","?","R","B"],"character_chosen":"IRONCLAD","items_purchased":["Feel No Pain","Vajra","Evolve"],"campfire_rested":1,"item_purchase_floors":[2,12,12],"current_hp_per_floor":[74,74,74,75,64,70,64,64,64,53,51,51,54,59,59,26,63,61,42,42,37,37,37,20,14,14,14,19,22,22,1,12,0,0],"gold":154,"neow_bonus":"THREE_ENEMY_KILL","is_daily":false,"chose_seed":false,"campfire_upgraded":4,"win_rate":0.0,"timestamp":1609232235,"path_taken":["M","$","?","M","?","E","M","R","T","M","M","$","M","M","R","BOSS","M","M","?","?","?","R","M","E","T","R","E","?","M","?","R","BOSS"],"items_purchased_type":["Card","Relic","Card"],"build_version":"2020-12-22","purchased_purges":2,"victory":false,"max_hp_per_floor":[75,75,75,75,75,75,75,75,75,75,75,75,75,75,75,75,75,75,75,75,37,37,37,37,37,37,37,37,37,37,37,37,37,37],"card_choices":[{"not_picked":["Clash","Combust"],"picked":"Shrug It Off","floor":1.0},{"not_picked":["Heavy Blade","Dual Wield"],"picked":"Sword Boomerang","floor":4.0},{"not_picked":["Intimidate","Clash"],"picked":"Limit Break","floor":6.0},{"not_picked":["Shrug It Off","True Grit"],"picked":"Flex","floor":7.0},{"not_picked":["Burning Pact","Entrench"],"picked":"Twin Strike","floor":10.0},{"not_picked":["Flex","Combust"],"picked":"Heavy Blade","floor":11.0},{"not_picked":["Clothesline","Feel No Pain","Anger"],"picked":"SKIP","floor":13.0},{"not_picked":["Thunderclap","Entrench","Pommel Strike"],"picked":"SKIP","floor":14.0},{"not_picked":["Juggernaut","Fiend Fire"],"picked":"Exhume","floor":16.0},{"not_picked":["Entrench","Rampage"],"picked":"Pummel","floor":18.0},{"not_picked":["True Grit","Havoc","Warcry"],"picked":"SKIP","floor":19.0},{"not_picked":["Body Slam","Iron Wave","Infernal Blade"],"picked":"SKIP","floor":24.0},{"not_picked":["Warcry","Shockwave+1"],"picked":"Offering","floor":25.0},{"not_picked":["Bloodletting","Double Tap","Sever Soul"],"picked":"SKIP","floor":28},{"not_picked":["Power Through+1","Havoc","Clash"],"picked":"SKIP","floor":29},{"not_picked":["Whirlwind","Carnage+1","Rampage"],"picked":"SKIP","floor":30}],"player_experience":870443,"relics_obtained":[{"floor":6.0,"key":"Art of War"},{"floor":9.0,"key":"Shuriken"},{"floor":25.0,"key":"Orichalcum"},{"floor":28,"key":"Champion Belt"},{"floor":31,"key":"Enchiridion"}],"event_choices":[{"damage_healed":0.0,"max_hp_gain":0.0,"max_hp_loss":0.0,"gold_gain":0.0,"cards_transformed":["Strike_R"],"event_name":"Living Wall","player_choice":"Change","floor":3.0,"gold_loss":0.0,"damage_taken":0.0,"cards_obtained":["Limit Break"]},{"damage_healed":0.0,"max_hp_gain":0.0,"max_hp_loss":0.0,"gold_gain":75.0,"event_name":"World of Goop","player_choice":"Gather Gold","floor":5.0,"gold_loss":0.0,"damage_taken":11.0},{"damage_healed":0.0,"max_hp_gain":0.0,"max_hp_loss":0.0,"gold_gain":0.0,"event_name":"Drug Dealer","player_choice":"Obtain J.A.X.","floor":20.0,"gold_loss":0.0,"damage_taken":0.0,"cards_obtained":["J.A.X."]},{"damage_healed":0.0,"max_hp_gain":0.0,"max_hp_loss":38.0,"gold_gain":0.0,"event_name":"Ghosts","player_choice":"Became a Ghost","floor":21.0,"gold_loss":0.0,"damage_taken":0.0,"cards_obtained":["Ghostly","Ghostly","Ghostly"]},{"damage_healed":0,"gold_gain":0,"player_choice":"Obtained Book","damage_taken":21,"max_hp_gain":0,"max_hp_loss":0,"event_name":"Cursed Tome","floor":31,"gold_loss":0}],"is_beta":false,"boss_relics":[{"not_picked":["Busted Crown","Fusion Hammer"],"picked":"Cursed Key"}],"items_purged_floors":[2,22],"is_endless":false,"potions_floor_spawned":[1,6,11,19,25,29,30],"killed_by":"Automaton","ascension_level":20}}