{"host":"9tzam4717zt8ei1o","time":1609250415,"event":{"mods":["BaseMod","Colored Map","Keyboard Shortcuts","Minty Spire (QoL Compilation)","Quick Restart","StSLib","SuperFastMode"],"gold_per_floor":[118,118,15,29,42,42,58,58,58,70,82,94,106,131,143,244,256,281,316,353,290,326,338,384,396,458,493,538,569,581,6,6,96,96,109,109,29,50,50,50,86,101,101,101,115,115,151,169,169,169,169,169,169,111,151,151,151],"floor_reached":56,"playtime":1948,"items_purged":["Strike_G","Strike_G"],"score":1974,"play_id":"b89524e7-a1fd-4dab-8399-2f415c088ca4","local_time":"20201229230015","is_ascension_mode":true,"campfire_choices":[{"data":"Accuracy","floor":6.0,"key":"SMITH"},{"data":"Blade Dance","floor":8.0,"key":"SMITH"},{"floor":10.0,"key":"REST"},{"data":"Backflip","floor":15.0,"key":"SMITH"},{"floor":23.0,"key":"REST"},{"floor":25.0,"key":"REST"},{"data":"Venomology","floor":32.0,"key":"SMITH"},{"data":"Concentrate","floor":40.0,"key":"SMITH"},{"data":"Tactician","floor":44.0,"key":"SMITH"},{"data":"Prepared","floor":46.0,"key":"SMITH"},{"floor":49.0,"key":"RECALL"},{"data":"Adrenaline","floor":53.0,"key":"SMITH"}],"circlet_count":0,"master_deck":["AscendersBane","Strike_G","Defend_G","Defend_G","Defend_G","Defend_G","Defend_G","Survivor","Neutralize+1","Blade Dance+1","Deadly Poison","Accuracy+1","Backstab","Backflip+1","Adrenaline+1","Cloak And Dagger","Blur+1","Backflip+1","Venomology+1","After Image","Acrobatics","Noxious Fumes+1","Choke","Footwork+1","Accuracy+1","PiercingWail","Master of Strategy","Concentrate+1","Prepared+1","After Image+1","Tactician+1","Escape Plan+1","Reflex+1","Well Laid Plans+1","Acrobatics","Tools of the Trade+1"],"relics":["Ring of the Snake","Golden Idol","MawBank","SlaversCollar","Frozen Egg 2","Pen Nib","Eternal Feather","Tingsha","WristBlade","Oddly Smooth Stone","StoneCalendar","Bottled Flame"],"acts_visited":["Exordium","TheCity","TheBeyond","TheEnding"],"potions_floor_usage":[56,56],"damage_taken":[{"damage":9.0,"enemies":"Cultist","floor":1.0,"turns":5.0},{"damage":0.0,"enemies":"2 Louse","floor":4.0,"turns":3.0},{"damage":0.0,"enemies":"Jaw Worm","floor":5.0,"turns":4.0},{"damage":14.0,"enemies":"Exordium Wildlife","floor":7.0,"turns":5.0},{"damage":4.0,"enemies":"Red Slaver","floor":14.0,"turns":4.0},{"damage":8.0,"enemies":"The Guardian","floor":16.0,"turns":12.0},{"damage":0.0,"enemies":"Shell Parasite","floor":18.0,"turns":1.0},{"damage":8.0,"enemies":"2 Thieves","floor":19.0,"turns":4.0},{"damage":35.0,"enemies":"Snecko","floor":20.0,"turns":8.0},{"damage":0.0,"enemies":"Snake Plant","floor":22.0,"turns":5.0},{"damage":21.0,"enemies":"Slavers","floor":24.0,"turns":7.0},{"damage":0.0,"enemies":"Centurion and Healer","floor":27.0,"turns":6.0},{"damage":1.0,"enemies":"Book of Stabbing","floor":28.0,"turns":6.0},{"damage":1.0,"enemies":"Snecko","floor":29.0,"turns":5.0},{"damage":22.0,"enemies":"Automaton","floor":33.0,"turns":11.0},{"damage":11.0,"enemies":"Orb Walker","floor":35.0,"turns":4.0},{"damage":12.0,"enemies":"3 Darklings","floor":38.0,"turns":5.0},{"damage":46.0,"enemies":"Nemesis","floor":41.0,"turns":11.0},{"damage":6.0,"enemies":"4 Shapes","floor":42.0,"turns":6.0},{"damage":2.0,"enemies":"Transient","floor":45.0,"turns":6.0},{"damage":5.0,"enemies":"Giant Head","floor":47.0,"turns":9.0},{"damage":0.0,"enemies":"3 Darklings","floor":48.0,"turns":7.0},{"damage":17.0,"enemies":"Awakened One","floor":50.0,"turns":11.0},{"damage":0.0,"enemies":"Donu and Deca","floor":51.0,"turns":9.0},{"damage":13.0,"enemies":"Shield and Spear","floor":55.0,"turns":5.0},{"damage":58,"enemies":"The Heart","floor":56,"turns":9}],"seed_played":"3397961972864448144","potions_obtained":[{"floor":1.0,"key":"FearPotion"},{"floor":14.0,"key":"AttackPotion"},{"floor":18.0,"key":"Dexterity Potion"},{"floor":20.0,"key":"AttackPotion"},{"floor":24.0,"key":"Swift Potion"},{"floor":27.0,"key":"EntropicBrew"},{"floor":29.0,"key":"AttackPotion"}],"is_trial":false,"path_per_floor":["M","?","$","M","M","R","M","R","T","R","?","?","?","M","R","B",null,"M","M","M","?","M","R","E","R","T","M","E","M","?","$","R","B",null,"M","?","$","M","?","R","E","M","T","R","M","R","E","M","R","B","B",null,"R","$","E","B"],"character_chosen":"THE_SILENT","items_purchased":["Blade Dance","Tingsha","Accuracy+1","PiercingWail","Concentrate","Acrobatics"],"campfire_rested":3,"item_purchase_floors":[3,31,31,31,37,54],"current_hp_per_floor":[50,27,27,27,27,27,13,13,13,32,32,37,37,33,33,25,60,60,52,17,17,17,38,17,38,38,38,37,36,36,36,51,29,61,50,50,50,38,38,56,10,4,4,22,20,38,33,33,51,34,34,62,71,71,58,0,0],"gold":151,"neow_bonus":"UPGRADE_CARD","is_daily":false,"chose_seed":false,"campfire_upgraded":8,"win_rate":0.0,"timestamp":1609250415,"path_taken":["M","?","$","M","M","R","M","R","T","R","?","?","?","?","R","BOSS","M","M","M","?","M","R","E","R","T","M","E","?","?","$","R","BOSS","M","?","$","M","?","R","E","M","T","R","M","R","E","M","R","BOSS","BOSS","R","$","E","BOSS"],"items_purchased_type":["Card","Relic","Card","Card","Card","Card"],"build_version":"2020-12-22","purchased_purges":2,"victory":false,"max_hp_per_floor":[66,66,66,66,66,66,66,66,66,66,66,71,71,71,71,71,71,71,71,71,71,71,71,71,71,71,71,71,71,71,71,71,71,71,71,71,71,71,71,71,71,71,71,71,71,71,71,71,71,71,71,71,71,71,71,71,71],"card_choices":[{"not_picked":["Leg Sweep","Deflect","Concentrate"],"picked":"SKIP","floor":1.0},{"not_picked":["PiercingWail","Quick Slash"],"picked":"Deadly Poison","floor":4.0},{"not_picked":["Dagger Spray","Heel Hook"],"picked":"Accuracy","floor":5.0},{"not_picked":["Masterful Stab","Quick Slash"],"picked":"Backstab","floor":7.0},{"not_picked":["Deflect","Outmaneuver"],"picked":"Backflip","floor":14.0},{"not_picked":["Doppelganger","Bullet Time"],"picked":"Adrenaline","floor":16.0},{"not_picked":["Masterful Stab","Sucker Punch"],"picked":"Cloak And Dagger","floor":18.0},{"not_picked":["Flying Knee","Acrobatics"],"picked":"Blur+1","floor":19.0},{"not_picked":["Bane","Underhanded Strike"],"picked":"Backflip+1","floor":20.0},{"not_picked":["Underhanded Strike","Riddle With Holes"],"picked":"Acrobatics","floor":22.0},{"not_picked":["Dodge and Roll","Setup","All Out Attack"],"picked":"SKIP","floor":24.0},{"not_picked":["Endless Agony","Acrobatics+1"],"picked":"Noxious Fumes+1","floor":27.0},{"not_picked":["Setup","Crippling Poison","Choke"],"picked":"SKIP","floor":28.0},{"not_picked":["Setup","Crippling Poison"],"picked":"Choke","floor":28.0},{"not_picked":["Blade Dance","Outmaneuver"],"picked":"Footwork+1","floor":29.0},{"not_picked":["Concentrate","Endless Agony","Poisoned Stab"],"picked":"SKIP","floor":35.0},{"not_picked":["Finesse","Panache+1"],"picked":"Master of Strategy","floor":36.0},{"not_picked":["Quick Slash","Sucker Punch"],"picked":"Prepared","floor":38.0},{"not_picked":["Catalyst","Predator"],"picked":"Tactician","floor":41.0},{"not_picked":["Slice","Endless Agony+1","Expertise+1"],"picked":"SKIP","floor":42.0},{"not_picked":["Backstab+1","Wraith Form v2+1"],"picked":"Escape Plan+1","floor":45.0},{"not_picked":["Blade Dance+1","Caltrops+1"],"picked":"Reflex+1","floor":47.0},{"not_picked":["Cloak And Dagger+1","PiercingWail"],"picked":"Well Laid Plans+1","floor":48.0},{"not_picked":["Leg Sweep","Dagger Throw"],"picked":"Tools of the Trade+1","floor":55.0}],"player_experience":127489,"relics_obtained":[{"floor":9.0,"key":"MawBank"},{"floor":24.0,"key":"Frozen Egg 2"},{"floor":26.0,"key":"Pen Nib"},{"floor":28.0,"key":"Eternal Feather"},{"floor":41.0,"key":"Oddly Smooth Stone"},{"floor":47.0,"key":"StoneCalendar"},{"floor":55.0,"key":"Bottled Flame"}],"event_choices":[{"damage_healed":0.0,"max_hp_gain":0.0,"max_hp_loss":0.0,"gold_gain":0.0,"event_name":"Golden Idol","player_choice":"Take Damage","floor":2.0,"gold_loss":0.0,"damage_taken":23.0,"relics_obtained":["Golden Idol"]},{"damage_healed":0.0,"max_hp_gain":0.0,"max_hp_loss":0.0,"gold_gain":0.0,"event_name":"Dead Adventurer","player_choice":"Searched \u00270\u0027 times","floor":11.0,"gold_loss":0.0,"damage_taken":0.0},{"damage_healed":0.0,"max_hp_gain":5.0,"max_hp_loss":0.0,"gold_gain":0.0,"event_name":"Big Fish","player_choice":"Donut","floor":12.0,"gold_loss":0.0,"damage_taken":0.0},{"damage_healed":0.0,"max_hp_gain":0.0,"max_hp_loss":0.0,"gold_gain":0.0,"event_name":"Liars Game","player_choice":"Ignored","floor":13.0,"gold_loss":0.0,"damage_taken":0.0},{"damage_healed":0.0,"max_hp_gain":0.0,"max_hp_loss":0.0,"gold_gain":0.0,"cards_transformed":["Strike_G","Strike_G"],"event_name":"Designer","player_choice":"Transformed Cards","floor":21.0,"gold_loss":75.0,"damage_taken":0.0,"cards_obtained":["Venomology","After Image"]},{"damage_healed":0.0,"max_hp_gain":0.0,"max_hp_loss":0.0,"gold_gain":0.0,"event_name":"The Mausoleum","player_choice":"Ignored","floor":30.0,"gold_loss":0.0,"damage_taken":0.0},{"damage_healed":0.0,"max_hp_gain":0.0,"max_hp_loss":0.0,"gold_gain":0.0,"event_name":"SensoryStone","player_choice":"Memory 1","floor":36.0,"gold_loss":0.0,"damage_taken":0.0},{"damage_healed":0.0,"max_hp_gain":0.0,"max_hp_loss":0.0,"gold_gain":0.0,"event_name":"Duplicator","player_choice":"Copied","floor":39.0,"gold_loss":0.0,"damage_taken":0.0,"cards_obtained":["After Image"]}],"is_beta":false,"boss_relics":[{"not_picked":["Runic Pyramid","Calling Bell"],"picked":"SlaversCollar"},{"not_picked":["Ring of the Serpent","Philosopher\u0027s Stone"],"picked":"WristBlade"}],"items_purged_floors":[3,31],"is_endless":false,"potions_floor_spawned":[1,14,18,20,24,27,28,29,35,38,41,48],"killed_by":"The Heart","ascension_level":20}}