{"host":"w2kjv12xyhtt0cv2","time":1609262153,"event":{"mods":["Act Like it!","BaseMod","Colored Map","Friendly Minions","Gensokyo","Highlight Path","Hubris","Kiyohime（清姬）","Marisa（F雨　魔理沙）","Minty Spire (QoL Compilation)","Quick Restart","Reimu（博丽灵梦）","Relic Stats","Replay The Spire","RumiaBox-露米娅的神秘盒子","Shop Mod","Spicy Shops","StSLib","The Cursed","The Servant 0.9.4","UnlockEverythingMod","Waifu the Spire","[功能]功能增强和修复MOD","vexMod","【功能Mod】Neow奖励","【遗物卡牌】REMEMod","没有小屋子和绿帽子啦"],"gold_per_floor":[359,110,110,110,40,72,72,72,72,72,105,105,105,132,132,379,379,389,97,97,97,422,422,448,0,0,27,38,66,31,58,58,155,155,173,191,191,191,491,491,491,523,593,605,605,605,623,657,657,657,657,657,657,688,688],"floor_reached":56,"playtime":3538,"items_purged":["Strike_S","Writhe"],"score":1863,"play_id":"bb6da676-ae70-4f6f-a97e-b40aaec5ece1","local_time":"20201230011553","is_ascension_mode":true,"campfire_choices":[{"data":"Gensokyo:CrescentMoonSlash","floor":8.0,"key":"SMITH"},{"data":"SoulSculpture","floor":23.0,"key":"SMITH"},{"data":"LightFlow","floor":32.0,"key":"SMITH"},{"floor":41.0,"key":"RECALL"},{"data":"REME_FirmDetermination","floor":46.0,"key":"SMITH"},{"data":"ForgedInTime","floor":49.0,"key":"SMITH"},{"data":"Outmaneuver","floor":52.0,"key":"SMITH"}],"circlet_count":1,"master_deck":["Defend_S","Defend_S","Defend_S","Defend_S","KidneyShot","Reprogram+1","Spin","Gensokyo:SlitMouthedWoman+1","Gensokyo:CrescentMoonSlash+1","LightFlow+1","BottledTime","SoulSculpture+1","Moonlight","ForgedInTime+1","Outmaneuver+1","FloweringNight","Moonlight","Alleviate","Luminosity","Thinking Ahead","REME_FirmDetermination+1","Bullet Time","Warcry","ChargingUp+1","Outmaneuver+1","Comet"],"relics":["Uniform","REME_ComplimentaryCards","Calipers","Guide Book","ReplayTheSpireMod:TigerMarble","ReplayTheSpireMod:Ring of Exchange","Ring of Hypnosis","hubris:Zylophone","hubris:Icosahedron","Thread and Needle","Gensokyo:Justice","Gensokyo:CelestialsFlawlessClothing","Busted Crown","Bottled Lightning","LastBattle","Ice Cream","RomanBracelet","hubris:Metronome","hubris:DeckOfHolding","Sundial","Garlic","PrismaticShard","hubris:NiceRug","Turnip","ReplayTheSpireMod:Shallot","ReplayTheSpireMod:ShopPack","REME_IWantAll","Anchor","DollysMirror","SSSystem","Circlet","StoneCalendar","vexMod:Dragonfruit"],"acts_visited":["Gensokyo:Gensokyo","Gensokyo:Gensokyoer","Gensokyo:Gensokyoest","TheEnding"],"potions_floor_usage":[55,55],"damage_taken":[{"damage":1.0,"enemies":"Gensokyo:3_Fairies","floor":1.0,"turns":4.0},{"damage":14.0,"enemies":"Gensokyo:Aya","floor":6.0,"turns":7.0},{"damage":8.0,"enemies":"Gensokyo:Cirno","floor":11.0,"turns":5.0},{"damage":0.0,"enemies":"Gensokyo:Mamizou","floor":14.0,"turns":4.0},{"damage":0.0,"enemies":"Gensokyo:Kokoro","floor":16.0,"turns":7.0},{"damage":0.0,"enemies":"Gensokyo:2_Gloops","floor":18.0,"turns":3.0},{"damage":0.0,"enemies":"Gensokyo:Tenshi","floor":24.0,"turns":3.0},{"damage":0.0,"enemies":"Gensokyo:Reisen","floor":27.0,"turns":3.0},{"damage":2.0,"enemies":"Gensokyo:CosmicMonolith","floor":28.0,"turns":2.0},{"damage":0.0,"enemies":"Gensokyo:Koishi","floor":29.0,"turns":2.0},{"damage":4.0,"enemies":"Gensokyo:Reisen","floor":31.0,"turns":2.0},{"damage":14.0,"enemies":"Gensokyo:Kaguya","floor":33.0,"turns":7.0},{"damage":0.0,"enemies":"Gensokyo:AncientGuardian","floor":35.0,"turns":2.0},{"damage":0.0,"enemies":"Gensokyo:3_Bats","floor":36.0,"turns":1.0},{"damage":0.0,"enemies":"hubris:Merchant","floor":39.0,"turns":6.0},{"damage":0.0,"enemies":"Gensokyo:Doremy","floor":42.0,"turns":3.0},{"damage":0.0,"enemies":"Gensokyo:Dusk_and_Dawn","floor":44.0,"turns":2.0},{"damage":0.0,"enemies":"Gensokyo:AtlasGolem","floor":47.0,"turns":2.0},{"damage":0.0,"enemies":"Gensokyo:Marisa","floor":48.0,"turns":2.0},{"damage":0.0,"enemies":"Gensokyo:Yuyuko","floor":50.0,"turns":5.0},{"damage":0.0,"enemies":"Shield and Spear","floor":54.0,"turns":5.0},{"damage":15,"enemies":"The Heart","floor":55,"turns":12}],"seed_played":"-3735740113190266633","potions_obtained":[{"floor":1.0,"key":"Block Potion"},{"floor":11.0,"key":"LifebloodPotion"},{"floor":14.0,"key":"Milkshake"},{"floor":29.0,"key":"Reflective Coating"},{"floor":31.0,"key":"GrandPatriotsElixir:ReiMu"},{"floor":36.0,"key":"Weak Potion"},{"floor":39.0,"key":"Strength Potion"},{"floor":48.0,"key":"ZuzhouPotion:ReiMu"},{"floor":48.0,"key":"AttackPotion"},{"floor":54.0,"key":"Block Potion"}],"is_trial":false,"path_per_floor":["M","COS","?","?","$","E","?","R","T","?","E","?","?","E","R_BF","B",null,"M","$","?","T","?","R","E","$","T","E","M","E","$","E","R","B",null,"M","M","?","?","$","E","R","E","T","M","$","R","M","E","R","B",null,"R","$","E","B",null],"character_chosen":"THE_SERVANT","items_purchased":["Guide Book","Bottled Lightning","Ice Cream","RomanBracelet","Moonlight"],"campfire_rested":0,"item_purchase_floors":[5,19,25,25,30],"current_hp_per_floor":[58,58,50,50,50,36,36,36,36,36,28,28,17,17,3,3,59,59,59,59,59,59,59,59,59,59,59,57,57,57,53,53,39,59,59,59,59,59,64,64,64,65,65,66,66,66,67,68,68,68,68,68,68,74,59],"gold":688,"neow_bonus":"TWO_FIFTY_GOLD","is_daily":false,"chose_seed":false,"campfire_upgraded":6,"win_rate":0.0,"timestamp":1609262153,"path_taken":["M","COS","?","?","$","E","?","R","T","?","E","?","?","E","R_BF","BOSS","M","$","?","?","?","R","E","$","T","E","?","E","?","E","R","BOSS","M","M","?","?","$","E","R","E","T","M","$","R","M","E","R","BOSS","R","$","E","BOSS"],"items_purchased_type":["Relic","Relic","Relic","Relic","Card"],"build_version":"2020-12-22","purchased_purges":2,"victory":true,"max_hp_per_floor":[59,59,59,59,59,59,59,59,59,59,59,59,59,59,59,59,59,59,59,59,59,59,59,59,59,59,59,59,59,59,59,59,59,59,59,59,59,59,64,64,64,65,65,66,66,66,67,68,68,68,68,68,68,74,74],"relic_stats":{"Busted Crown":50,"counters":[22,89],"Sundial":[8],"StoneCalendar":[52],"Turnip":[14],"obtain_stats":[{"Ice Cream":25,"ReplayTheSpireMod:Ring of Exchange":7,"hubris:Metronome":26,"Calipers":4,"SSSystem":42,"StoneCalendar":48,"Uniform":0,"Gensokyo:Justice":12,"PrismaticShard":34,"REME_IWantAll":39,"Frozen Eye":29,"BranchBurnRelic":46,"RomanBracelet":25,"hubris:Icosahedron":10,"Sundial":29,"DollysMirror":39,"hubris:DeckOfHolding":27,"Ring of Hypnosis":7,"Guide Book":5,"Dead Branch":21,"Circlet":0,"Thread and Needle":11,"Replay:WaspNest":14,"Gensokyo:CelestialsFlawlessClothing":15,"LastBattle":24,"hubris:Zylophone":9,"vexMod:Dragonfruit":54,"Anchor":39,"Busted Crown":17,"ReplayTheSpireMod:Shallot":39,"Turnip":39,"ReplayTheSpireMod:TigerMarble":6,"Garlic":31,"Bottled Lightning":19,"REME_ComplimentaryCards":0,"hubris:NiceRug":39,"ReplayTheSpireMod:ShopPack":39},{"Ice Cream":7,"ReplayTheSpireMod:Ring of Exchange":2,"hubris:Metronome":7,"Calipers":1,"SSSystem":16,"StoneCalendar":19,"Uniform":0,"Gensokyo:Justice":3,"PrismaticShard":12,"REME_IWantAll":15,"Frozen Eye":9,"BranchBurnRelic":17,"RomanBracelet":7,"hubris:Icosahedron":2,"Sundial":10,"DollysMirror":15,"hubris:DeckOfHolding":8,"Ring of Hypnosis":2,"Guide Book":1,"Dead Branch":6,"Circlet":0,"Thread and Needle":3,"Replay:WaspNest":4,"Gensokyo:CelestialsFlawlessClothing":4,"LastBattle":7,"hubris:Zylophone":2,"vexMod:Dragonfruit":21,"Anchor":15,"Busted Crown":5,"ReplayTheSpireMod:Shallot":15,"Turnip":15,"ReplayTheSpireMod:TigerMarble":2,"Garlic":11,"Bottled Lightning":6,"REME_ComplimentaryCards":0,"hubris:NiceRug":15,"ReplayTheSpireMod:ShopPack":15},{"Ice Cream":33,"ReplayTheSpireMod:Ring of Exchange":11,"hubris:Metronome":33,"Calipers":4,"SSSystem":61,"StoneCalendar":67,"Uniform":0,"Gensokyo:Justice":16,"PrismaticShard":49,"REME_IWantAll":58,"Frozen Eye":38,"BranchBurnRelic":63,"RomanBracelet":33,"hubris:Icosahedron":11,"Sundial":40,"DollysMirror":58,"hubris:DeckOfHolding":36,"Ring of Hypnosis":11,"Guide Book":4,"Dead Branch":30,"Circlet":0,"Thread and Needle":16,"Replay:WaspNest":20,"Gensokyo:CelestialsFlawlessClothing":20,"LastBattle":33,"hubris:Zylophone":11,"vexMod:Dragonfruit":77,"Anchor":58,"Busted Crown":27,"ReplayTheSpireMod:Shallot":58,"Turnip":58,"ReplayTheSpireMod:TigerMarble":11,"Garlic":42,"Bottled Lightning":30,"REME_ComplimentaryCards":0,"hubris:NiceRug":58,"ReplayTheSpireMod:ShopPack":58}]},"card_choices":[{"not_picked":["BottledTime","Rearm"],"picked":"Spin","floor":1.0},{"not_picked":["Unruled","Collapse"],"picked":"LightFlow","floor":6.0},{"not_picked":["RealityMarble","Alleviate","Revamp"],"picked":"SKIP","floor":11.0},{"not_picked":["Defy","Read"],"picked":"BottledTime","floor":14.0},{"not_picked":["FloweringNight","TheWorld"],"picked":"SoulSculpture","floor":16.0},{"not_picked":["Rewind"],"picked":"SKIP","floor":18.0},{"not_picked":["Revamp"],"picked":"SKIP","floor":24.0},{"not_picked":["DoubleEdge"],"picked":"SKIP","floor":27.0},{"not_picked":["Defy"],"picked":"SKIP","floor":28.0},{"not_picked":["DoubleEdge"],"picked":"SKIP","floor":29.0},{"not_picked":["Rewind"],"picked":"SKIP","floor":31.0},{"not_picked":[],"picked":"ForgedInTime","floor":33.0},{"not_picked":[],"picked":"Outmaneuver","floor":35.0},{"not_picked":["UpKicking:ReiMu"],"picked":"SKIP","floor":36.0},{"not_picked":["Moonlight"],"picked":"Singing Bowl","floor":39.0},{"not_picked":["Alleviate"],"picked":"Singing Bowl","floor":39.0},{"not_picked":["Luminosity"],"picked":"Singing Bowl","floor":39.0},{"not_picked":["Thinking Ahead"],"picked":"Singing Bowl","floor":39.0},{"not_picked":["REME_FirmDetermination"],"picked":"Singing Bowl","floor":39.0},{"not_picked":["Starlight"],"picked":"SKIP","floor":39.0},{"not_picked":["GearUp"],"picked":"SKIP","floor":39.0},{"not_picked":["Bullet Time"],"picked":"Singing Bowl","floor":42.0},{"not_picked":["Warcry"],"picked":"Singing Bowl","floor":44.0},{"not_picked":["ChargingUp+1"],"picked":"Singing Bowl","floor":47.0},{"not_picked":["Outmaneuver"],"picked":"Singing Bowl","floor":48.0},{"not_picked":["Comet"],"picked":"Singing Bowl","floor":54.0}],"player_experience":55734,"relics_obtained":[{"floor":6.0,"key":"ReplayTheSpireMod:TigerMarble"},{"floor":7.0,"key":"ReplayTheSpireMod:Ring of Exchange"},{"floor":7.0,"key":"Ring of Hypnosis"},{"floor":9.0,"key":"hubris:Zylophone"},{"floor":11.0,"key":"Thread and Needle"},{"floor":14.0,"key":"Replay:WaspNest"},{"floor":21.0,"key":"Dead Branch"},{"floor":24.0,"key":"LastBattle"},{"floor":26.0,"key":"hubris:Metronome"},{"floor":27.0,"key":"hubris:DeckOfHolding"},{"floor":29.0,"key":"Sundial"},{"floor":31.0,"key":"Garlic"},{"floor":39.0,"key":"Turnip"},{"floor":39.0,"key":"ReplayTheSpireMod:Shallot"},{"floor":39.0,"key":"ReplayTheSpireMod:ShopPack"},{"floor":39.0,"key":"REME_IWantAll"},{"floor":39.0,"key":"Anchor"},{"floor":39.0,"key":"DollysMirror"},{"floor":42.0,"key":"SSSystem"},{"floor":48.0,"key":"StoneCalendar"},{"floor":54.0,"key":"vexMod:Dragonfruit"}],"event_choices":[],"is_beta":false,"boss_relics":[{"not_picked":["hubris:Stopwatch","REME_ChargedStone"],"picked":"Busted Crown"},{"not_picked":["TentaclePot:ReiMu","ReplayTheSpireMod:DimensionalGlitch"],"picked":"PrismaticShard"}],"items_purged_floors":[19,25],"is_endless":false,"potions_floor_spawned":[1,11,14,29,31,36,47,48,48,54],"ascension_level":4}}