{"host":"ohysexhjt9sgbosk","time":1609283559,"event":{"mods":["BaseMod","Colored Map","Colored Powertips","Curses Come First","Evolution","Minty Spire (QoL Compilation)","Rare Cards Sparkle","StSLib"],"gold_per_floor":[211,286,461,0,0,0,34,58,58,5,5,21,57,80,80,209,209,223,80,98,98,98,98,133,133,133,169,84,115,115,150,150,275,275,288,144,168,168,192,231,87,87,110,171,171,215,215,256,256,256],"floor_reached":51,"playtime":6171,"items_purged":[],"score":954,"play_id":"8a8d5f67-6723-42f1-b73d-3f79d9b19acb","local_time":"20201229161239","is_ascension_mode":true,"campfire_choices":[{"floor":6,"key":"REST"},{"floor":11,"key":"REST"},{"floor":15,"key":"REST"},{"data":"Tantrum","floor":23,"key":"SMITH"},{"floor":25,"key":"REST"},{"data":"Tantrum","floor":32,"key":"SMITH"},{"data":"Scrape","floor":42,"key":"SMITH"},{"data":"Flame Barrier","floor":45,"key":"SMITH"},{"data":"Anger","floor":47,"key":"SMITH"},{"data":"SashWhip","floor":49,"key":"SMITH"}],"circlet_count":0,"master_deck":["Defend_R","Defend_R","Defend_R","Defend_R+1","Bash","Anger+1","Doubt","Brilliance","Heel Hook","Pommel Strike","Scrape+1","Dropkick","Tantrum+1","Barricade+1","Halt+1","Tantrum+1","SashWhip+1","Bite","Bite","Bite","Bite","Bite","Backstab+1","Dramatic Entrance+1","Dodge and Roll+1","Self Repair+1","Rainbow+1","Quick Slash","Leap+1","Flame Barrier+1","Rage+1","Sanctity+1","Leg Sweep+1","CrushJoints+1"],"relics":["Burning Blood","EVO:Axolotl","CaptainsWheel","PrismaticShard","Golden Idol","Matryoshka","Shuriken","White Beast Statue","Frozen Egg 2","Runic Pyramid","DollysMirror","Mango","PreservedInsect","Pen Nib","Magic Flower","Boot","Eternal Feather","Incense Burner","Coffee Dripper","Oddly Smooth Stone","Dream Catcher","Anchor","War Paint","Torii","Lantern","Bottled Flame"],"acts_visited":["Exordium","TheCity","TheBeyond"],"potions_floor_usage":[18,24,24,27,29,33,33,33,44,46,50,50],"damage_taken":[{"damage":1,"enemies":"Jaw Worm","floor":1,"turns":4},{"damage":49,"enemies":"Lagavulin","floor":7,"turns":9},{"damage":9,"enemies":"2 Louse","floor":8,"turns":3},{"damage":0,"enemies":"Small Slimes","floor":12,"turns":3},{"damage":14,"enemies":"Gremlin Nob","floor":13,"turns":4},{"damage":12,"enemies":"Blue Slaver","floor":14,"turns":2},{"damage":62,"enemies":"The Guardian","floor":16,"turns":6},{"damage":20,"enemies":"Shell Parasite","floor":18,"turns":2},{"damage":0,"enemies":"Spheric Guardian","floor":20,"turns":3},{"damage":36,"enemies":"Slavers","floor":24,"turns":5},{"damage":13,"enemies":"Book of Stabbing","floor":27,"turns":4},{"damage":7,"enemies":"Gremlin Leader","floor":29,"turns":3},{"damage":20,"enemies":"Book of Stabbing","floor":31,"turns":3},{"damage":55,"enemies":"Automaton","floor":33,"turns":6},{"damage":18,"enemies":"Orb Walker","floor":35,"turns":4},{"damage":1,"enemies":"3 Darklings","floor":37,"turns":4},{"damage":2,"enemies":"Maw","floor":39,"turns":6},{"damage":13,"enemies":"Giant Head","floor":40,"turns":5},{"damage":25,"enemies":"2 Orb Walkers","floor":44,"turns":5},{"damage":0,"enemies":"Reptomancer","floor":46,"turns":2},{"damage":1,"enemies":"Nemesis","floor":48,"turns":5},{"damage":58,"enemies":"Donu and Deca","floor":50,"turns":10}],"seed_played":"2650866404764016669","potions_obtained":[{"floor":7,"key":"FearPotion"},{"floor":12,"key":"SkillPotion"},{"floor":13,"key":"Block Potion"},{"floor":14,"key":"SkillPotion"},{"floor":18,"key":"SmokeBomb"},{"floor":20,"key":"Regen Potion"},{"floor":24,"key":"Strength Potion"},{"floor":27,"key":"Weak Potion"},{"floor":29,"key":"AttackPotion"},{"floor":31,"key":"LiquidBronze"},{"floor":33,"key":"Weak Potion"},{"floor":35,"key":"Weak Potion"},{"floor":37,"key":"FairyPotion"},{"floor":44,"key":"Regen Potion"},{"floor":46,"key":"DistilledChaos"},{"floor":48,"key":"BlessingOfTheForge"}],"is_trial":false,"path_per_floor":["M","?","?","$","?","R","E","M","T","$","R","M","E","M","R","B",null,"M","$","M","$","?","R","E","R","T","E","?","E","$","E","R","B",null,"M","$","M","?","M","E","$","R","T","?","R","E","R","E","R","B",null],"character_chosen":"IRONCLAD","items_purchased":["CaptainsWheel","PrismaticShard","Pommel Strike","DollysMirror","Oddly Smooth Stone","Anchor"],"campfire_rested":4,"item_purchase_floors":[4,4,10,19,36,41],"current_hp_per_floor":[80,69,69,69,49,73,30,27,27,27,51,57,49,43,67,11,80,66,66,72,72,56,56,55,70,70,67,67,70,70,62,70,39,70,70,70,70,67,70,70,70,70,70,70,70,70,70,70,70,69],"gold":256,"neow_bonus":"HUNDRED_GOLD","is_daily":false,"chose_seed":false,"campfire_upgraded":6,"win_rate":0.0,"timestamp":1609283559,"path_taken":["M","?","?","$","?","R","E","M","T","?","R","M","E","M","R","BOSS","M","$","?","$","?","R","E","R","T","E","?","E","?","E","R","BOSS","M","$","M","?","M","E","?","R","T","?","R","E","R","E","R","BOSS"],"items_purchased_type":["Relic","Relic","Card","Relic","Relic","Relic"],"build_version":"2020-12-22","purchased_purges":0,"victory":true,"max_hp_per_floor":[80,80,80,80,80,80,80,80,80,80,80,80,80,80,80,80,80,80,80,80,80,56,56,70,70,70,70,70,70,70,70,70,70,70,70,70,70,70,70,70,70,70,70,70,70,70,70,70,70,70],"card_choices":[{"not_picked":["True Grit","Headbutt"],"picked":"Anger","floor":1},{"not_picked":["Wild Strike","Tantrum"],"picked":"Brilliance","floor":7},{"not_picked":["Double Energy","Heavy Blade"],"picked":"Heel Hook","floor":8},{"not_picked":["Dark Embrace","Defragment"],"picked":"Scrape","floor":12},{"not_picked":["Scrawl","Expertise"],"picked":"Dropkick","floor":13},{"not_picked":["Rage","JustLucky"],"picked":"Tantrum","floor":14},{"not_picked":["Amplify","Secret Weapon"],"picked":"Barricade+1","floor":16},{"not_picked":["Dual Wield+1","Evaluate"],"picked":"Halt+1","floor":18},{"not_picked":["Blizzard","Endless Agony+1"],"picked":"SashWhip","floor":20},{"not_picked":["Evaluate","Limit Break"],"picked":"Backstab+1","floor":24},{"not_picked":["Headbutt","Uppercut+1"],"picked":"Dramatic Entrance+1","floor":27},{"not_picked":["Sweeping Beam","Entrench"],"picked":"Dodge and Roll+1","floor":29},{"not_picked":["CutThroughFate","Poisoned Stab"],"picked":"Self Repair+1","floor":31},{"not_picked":["Establishment+1","Judgement"],"picked":"Rainbow","floor":33},{"not_picked":["Pray+1","Whirlwind"],"picked":"Quick Slash","floor":35},{"not_picked":["Deflect","Footwork+1"],"picked":"Leap+1","floor":37},{"not_picked":["Dropkick","Sweeping Beam"],"picked":"Flame Barrier","floor":39},{"not_picked":["Dagger Throw","Glacier+1"],"picked":"Rage+1","floor":40},{"not_picked":["True Grit","BattleHymn+1"],"picked":"Sanctity+1","floor":44},{"not_picked":["Machine Learning+1","Conserve Battery"],"picked":"Leg Sweep+1","floor":46},{"not_picked":["ClearTheMind","Double Energy"],"picked":"CrushJoints+1","floor":48}],"player_experience":22342,"relics_obtained":[{"floor":7,"key":"Matryoshka"},{"floor":9,"key":"Shuriken"},{"floor":9,"key":"White Beast Statue"},{"floor":13,"key":"Frozen Egg 2"},{"floor":24,"key":"Mango"},{"floor":26,"key":"PreservedInsect"},{"floor":26,"key":"Pen Nib"},{"floor":27,"key":"Magic Flower"},{"floor":29,"key":"Eternal Feather"},{"floor":31,"key":"Incense Burner"},{"floor":40,"key":"Dream Catcher"},{"floor":43,"key":"War Paint"},{"floor":44,"key":"Torii"},{"floor":46,"key":"Lantern"},{"floor":48,"key":"Bottled Flame"}],"event_choices":[{"damage_healed":0,"gold_gain":75,"player_choice":"Gather Gold","damage_taken":11,"max_hp_gain":0,"max_hp_loss":0,"event_name":"World of Goop","floor":2,"gold_loss":0},{"damage_healed":0,"gold_gain":175,"player_choice":"AGREE","damage_taken":0,"max_hp_gain":0,"max_hp_loss":0,"event_name":"Liars Game","floor":3,"gold_loss":0,"cards_obtained":["Doubt"]},{"damage_healed":0,"gold_gain":0,"player_choice":"Take Damage","damage_taken":20,"relics_obtained":["Golden Idol"],"max_hp_gain":0,"max_hp_loss":0,"event_name":"Golden Idol","floor":5,"gold_loss":0},{"damage_healed":0,"gold_gain":0,"player_choice":"Became a vampire","damage_taken":0,"max_hp_gain":0,"max_hp_loss":24,"event_name":"Vampires","floor":22,"gold_loss":0,"cards_obtained":["Bite","Bite","Bite","Bite","Bite"]},{"damage_healed":0,"gold_gain":0,"player_choice":"Obtained Relic","damage_taken":0,"relics_obtained":["Boot"],"max_hp_gain":0,"max_hp_loss":0,"event_name":"Addict","floor":28,"gold_loss":85},{"damage_healed":0,"gold_gain":0,"player_choice":"Punched","damage_taken":3,"max_hp_gain":0,"max_hp_loss":0,"event_name":"Designer","floor":38,"gold_loss":0},{"damage_healed":0,"gold_gain":0,"player_choice":"Fight","damage_taken":0,"max_hp_gain":0,"max_hp_loss":0,"event_name":"Mysterious Sphere","floor":44,"gold_loss":0}],"is_beta":false,"boss_relics":[{"not_picked":["Empty Cage","Runic Dome"],"picked":"Runic Pyramid"},{"not_picked":["Sozu","Fusion Hammer"],"picked":"Coffee Dripper"}],"items_purged_floors":[],"is_endless":false,"potions_floor_spawned":[7,12,13,14,16,18,20,24,27,29,31,33,35,37,39,40,44,46,48],"ascension_level":1}}