{"host":"ek3xvuouaw6vk9if","time":1609203103,"event":{"mods":["BaseMod","BetterRewards","Downfall","Minty Spire (QoL Compilation)","Permanent Neow","Quick Restart","Replay The Spire","StSLib"],"gold_per_floor":[363,383,134,134,34,65,79,79,79,103,133,149,178,178,178,298,298,321,321,124,124,124,163,163,163,163],"floor_reached":25,"playtime":733,"items_purged":["Guardian:Strike_Guardian","Strike_R","Strike_R"],"score":247,"play_id":"7805a3ad-0755-4fd9-a009-15b18ef09977","local_time":"20201228195143","is_ascension_mode":true,"campfire_choices":[{"data":"Rupture","floor":8,"key":"SMITH"},{"data":"Rupture","floor":15,"key":"SMITH"},{"floor":24,"key":"REST"}],"circlet_count":0,"master_deck":["Strike_R","Strike_R","Defend_R","Defend_R","Defend_R","Defend_R","Bash","hexamod:Float","Pommel Strike","ReplayTheSpireMod:Muscle Training","Rupture+1","Sword Boomerang","Spot Weakness","Cleave","Combust","Bloodletting","Replay:Undeath\u0027s Touch","Rupture+1","Limit Break+1","Flex+1","ReplayTheSpireMod:Muscle Training+1"],"relics":["Burning Blood","Golden Egg","Juzu Bracelet","ReplayFunnel","Omamori","Golden Idol","Ooze Armor","Frozen Egg 2"],"acts_visited":["Exordium","TheCity"],"potions_floor_usage":[13,16],"damage_taken":[{"damage":8,"enemies":"2 Louse","floor":1,"turns":3},{"damage":6,"enemies":"Cultist","floor":2,"turns":3},{"damage":27,"enemies":"3 Sentries","floor":6,"turns":6},{"damage":0,"enemies":"Small Slimes","floor":7,"turns":3},{"damage":22,"enemies":"Lagavulin","floor":11,"turns":5},{"damage":4,"enemies":"2 Fungi Beasts","floor":12,"turns":3},{"damage":29,"enemies":"Gremlin Nob","floor":13,"turns":4},{"damage":17,"enemies":"Hexaghost","floor":16,"turns":4},{"damage":25,"enemies":"2 Thieves","floor":18,"turns":3},{"damage":32,"enemies":"Slavers","floor":23,"turns":5},{"damage":51,"enemies":"Book of Stabbing","floor":25,"turns":4}],"seed_played":"-6370637935666549458","potions_obtained":[{"floor":2,"key":"sneckomod:MuddlingPotion"},{"floor":6,"key":"DuplicationPotion"},{"floor":12,"key":"sneckomod:MuddlingPotion"},{"floor":13,"key":"FearPotion"},{"floor":19,"key":"EssenceOfSteel"},{"floor":19,"key":"Explosive Potion"}],"is_trial":false,"path_per_floor":["M","M","$","?","$","E","M","R","T","T","E","M","E","?","R","B",null,"M","?","$","?","?","E","R","E"],"character_chosen":"IRONCLAD","items_purchased":["Rupture","Sword Boomerang","Spot Weakness","ReplayTheSpireMod:Muscle Training"],"campfire_rested":1,"item_purchase_floors":[3,3,3,20],"current_hp_per_floor":[78,78,78,78,78,57,63,63,63,63,47,49,26,26,26,15,74,55,55,55,55,55,29,51,0,0],"gold":163,"neow_bonus":"TWO_FIFTY_GOLD","is_daily":false,"chose_seed":false,"campfire_upgraded":2,"win_rate":0.0,"timestamp":1609203103,"path_taken":["M","M","$","?","$","E","?","R","T","?","E","M","E","?","R","BOSS","M","?","$","?","?","E","R","E"],"items_purchased_type":["Card","Card","Card","Card"],"build_version":"2020-12-22","purchased_purges":3,"victory":false,"max_hp_per_floor":[80,80,80,80,80,80,80,80,80,80,80,80,80,74,74,74,74,74,74,74,74,74,74,74,74,74],"card_choices":[{"not_picked":["ReplayTheSpireMod:Strike From Hell","Shrug It Off"],"picked":"Pommel Strike","floor":1},{"not_picked":["Armaments","Combust"],"picked":"ReplayTheSpireMod:Muscle Training","floor":2},{"not_picked":["Spot Weakness","Armaments"],"picked":"Cleave","floor":6},{"not_picked":["Shrug It Off","Spot Weakness"],"picked":"Combust","floor":7},{"not_picked":["Pommel Strike","Immolate"],"picked":"Bloodletting","floor":11},{"not_picked":["Headbutt","Clothesline"],"picked":"Replay:Undeath\u0027s Touch","floor":12},{"not_picked":["Dark Embrace","Flex"],"picked":"Rupture","floor":13},{"not_picked":["Barricade","Berserk"],"picked":"Limit Break","floor":16},{"not_picked":["Pommel Strike","Clothesline"],"picked":"Flex+1","floor":18},{"not_picked":["Pommel Strike","Searing Blow","Whirlwind+1"],"picked":"SKIP","floor":23}],"player_experience":714892,"relics_obtained":[{"floor":6,"key":"Golden Egg"},{"floor":10,"key":"Juzu Bracelet"},{"floor":11,"key":"ReplayFunnel"},{"floor":13,"key":"Omamori"},{"floor":23,"key":"Frozen Egg 2"}],"event_choices":[{"cards_removed":["Strike_R"],"damage_healed":0,"gold_gain":0,"player_choice":"Offered Basic","damage_taken":0,"max_hp_gain":0,"max_hp_loss":0,"event_name":"Bonfire Elementals","floor":4,"gold_loss":0},{"damage_healed":0,"gold_gain":0,"player_choice":"Lose Max HP","damage_taken":0,"relics_obtained":["Golden Idol"],"max_hp_gain":0,"max_hp_loss":6,"event_name":"Golden Idol","floor":14,"gold_loss":0},{"damage_healed":0,"gold_gain":0,"player_choice":"Got Potions","damage_taken":0,"max_hp_gain":0,"max_hp_loss":0,"event_name":"Lab","floor":19,"gold_loss":0},{"damage_healed":0,"gold_gain":0,"player_choice":"Ignored","damage_taken":0,"max_hp_gain":0,"max_hp_loss":0,"event_name":"Ghosts","floor":22,"gold_loss":0}],"is_beta":false,"boss_relics":[{"not_picked":["ChewingGum","Kintsugi"],"picked":"Ooze Armor"}],"items_purged_floors":[3,5,20],"is_endless":false,"potions_floor_spawned":[2,6,12,13],"killed_by":"Book of Stabbing","ascension_level":1}}