{"host":"8fjsnt81u6xsmhji","time":1609230627,"event":{"mods":["BaseMod","Beaked The Cultist","Colored Powertips","Downfall","Glutton Mod","Hermit","Minty Spire (QoL Compilation)","Quick Restart","StSLib","The Bug Knight","The Forsaken","The Hierophant"],"gold_per_floor":[99,109,109,128,145,70,70,93,122,164,176,219,156,186,218,328,340,352,377,400,423,435,472,484,529,163,182,107,118,134,150,164,263,263,263,280,298,317,337,352,434,434,479,318,318,344,344,378,398,398],"floor_reached":51,"playtime":4687,"items_purged":[],"score":854,"play_id":"a37ef057-bde5-4a7b-8d24-d8f03ffdedce","local_time":"20201229023027","is_ascension_mode":true,"campfire_choices":[{"floor":1.0,"key":"RECALL"},{"data":"beaked:Ceremony","floor":6.0,"key":"SMITH"},{"floor":11.0,"key":"REST"},{"data":"beaked:Negation","floor":13.0,"key":"SMITH"},{"data":"beaked:SacrificialScars","floor":18.0,"key":"SMITH"},{"data":"beaked:RitualOfBody","floor":28.0,"key":"SMITH"},{"data":"beaked:AwakenedForm","floor":35.0,"key":"SMITH"},{"data":"beaked:Ceremony","floor":42.0,"key":"SMITH"},{"floor":45,"key":"DIG"},{"floor":47,"key":"DIG"}],"circlet_count":0,"master_deck":["beaked:Strike_Y","beaked:Strike_Y","beaked:Strike_Y","beaked:Strike_Y","beaked:Strike_Y","beaked:Defend_Y","beaked:Defend_Y","beaked:Defend_Y","beaked:Defend_Y","beaked:Ceremony+1","beaked:Ceremony","beaked:Ceremony+1","beaked:Roost","beaked:Brace","beaked:Overpower","beaked:Foresight","beaked:Pecker","beaked:MachineEssence","beaked:Negation+1","beaked:StickSmack","beaked:RitualOfBody+1","beaked:SacrificialScars+1","beaked:Flinch","beaked:WarriorEssence","beaked:AwakenedForm+1","beaked:Brace","beaked:Evade","beaked:Brace+1","beaked:WarriorEssence","beaked:CheekyTricks","beaked:MachineSpirit","beaked:Insight"],"relics":["beaked:MendingPlumage","WarpedTongs","downfall:HeartBlessingRed","MawBank","Pocketwatch","Akabeko","downfall:HeartBlessingGreen","SlaversCollar","Mango","Toy Ornithopter","Ice Cream","downfall:HeartBlessingBlue","Ornamental Fan","Shovel","Turnip","FossilizedHelix","Blue Candle","Shuriken"],"acts_visited":["Exordium","TheCity","TheBeyond"],"potions_floor_usage":[46,46,48,50,50,50,50],"damage_taken":[{"damage":11.0,"enemies":"2 Louse","floor":2.0,"turns":4.0},{"damage":15.0,"enemies":"Cultist","floor":4.0,"turns":5.0},{"damage":4.0,"enemies":"Small Slimes","floor":5.0,"turns":4.0},{"damage":4.0,"enemies":"Red Slaver","floor":8.0,"turns":3.0},{"damage":8.0,"enemies":"3 Louse","floor":9.0,"turns":4.0},{"damage":25.0,"enemies":"Lagavulin","floor":10.0,"turns":7.0},{"damage":9.0,"enemies":"HollowMod:MossKnight","floor":12.0,"turns":7.0},{"damage":1.0,"enemies":"Blue Slaver","floor":14.0,"turns":2.0},{"damage":11.0,"enemies":"Red Slaver","floor":15.0,"turns":4.0},{"damage":55.0,"enemies":"downfall:Ironclad","floor":16.0,"turns":10.0},{"damage":34.0,"enemies":"Chosen","floor":19.0,"turns":8.0},{"damage":41.0,"enemies":"Centurion and Healer","floor":20.0,"turns":11.0},{"damage":41.0,"enemies":"Snecko","floor":21.0,"turns":7.0},{"damage":82.0,"enemies":"Slavers","floor":23.0,"turns":9.0},{"damage":44.0,"enemies":"Gremlin Leader","floor":25.0,"turns":8.0},{"damage":7.0,"enemies":"downfall:FleeingMerchant","floor":26.0,"turns":4.0},{"damage":61.0,"enemies":"Shelled Parasite and Fungi","floor":27.0,"turns":9.0},{"damage":47.0,"enemies":"Snake Plant","floor":29.0,"turns":14.0},{"damage":35.0,"enemies":"Centurion and Healer","floor":30.0,"turns":9.0},{"damage":34.0,"enemies":"Cultist and Chosen","floor":31.0,"turns":7.0},{"damage":28.0,"enemies":"Shelled Parasite and Fungi","floor":32.0,"turns":7.0},{"damage":11.0,"enemies":"downfall:Watcher","floor":33.0,"turns":7.0},{"damage":27.0,"enemies":"3 Darklings","floor":36.0,"turns":6.0},{"damage":36.0,"enemies":"3 Shapes","floor":37.0,"turns":7.0},{"damage":52.0,"enemies":"Jaw Worm Horde","floor":38.0,"turns":10.0},{"damage":45.0,"enemies":"Transient","floor":39.0,"turns":5.0},{"damage":77.0,"enemies":"Jaw Worm Horde","floor":40.0,"turns":7.0},{"damage":159.0,"enemies":"2 Orb Walkers","floor":43.0,"turns":8.0},{"damage":9,"enemies":"downfall:FleeingMerchant","floor":44,"turns":4},{"damage":14,"enemies":"Giant Head","floor":46,"turns":8},{"damage":85,"enemies":"Reptomancer","floor":48,"turns":7},{"damage":7,"enemies":"4 Shapes","floor":49,"turns":7},{"damage":46,"enemies":"downfall:Defect","floor":50,"turns":5}],"seed_played":"-7754499309537883119","potions_obtained":[{"floor":2.0,"key":"Block Potion"},{"floor":4.0,"key":"BlessingOfTheForge"},{"floor":9.0,"key":"LiquidMemories"},{"floor":19.0,"key":"Block Potion"},{"floor":27.0,"key":"Weak Potion"},{"floor":29.0,"key":"Block Potion"},{"floor":30.0,"key":"EntropicBrew"},{"floor":33.0,"key":"ColorlessPotion"},{"floor":37.0,"key":"Dexterity Potion"},{"floor":40.0,"key":"LiquidMemories"},{"floor":46,"key":"AttackPotion"}],"is_trial":false,"path_per_floor":["R","M","?","M","M","R","T","M","M","E","R","E","R","M","M","B",null,"R","M","M","M","?","E","T","E","$","M","R","M","M","M","M","B",null,"R","M","M","M","M","M","T","R","?","$","R","E","R","E","M","B",null],"character_chosen":"BEAKED_THE_CULTIST","items_purchased":["Ice Cream","Ancient Potion","beaked:Insight","Fruit Juice"],"campfire_rested":1,"item_purchase_floors":[26,26,44,44],"current_hp_per_floor":[50,47,47,42,49,49,49,50,50,37,50,49,49,50,46,47,50,50,41,55,42,42,52,52,78,75,65,75,98,101,83,107,110,110,110,106,96,118,107,84,84,84,16,73,73,130,130,106,133,99],"gold":398,"neow_bonus":"TRANSFORM_CARD","is_daily":false,"chose_seed":false,"campfire_upgraded":6,"win_rate":0.0,"timestamp":1609230627,"path_taken":["R","M","?","M","M","R","T","M","M","E","R","E","R","?","M","BOSS","R","M","M","M","?","E","T","E","$","M","R","?","M","M","M","BOSS","R","M","M","M","M","M","T","R","?","$","R","E","R","E","M","BOSS"],"items_purchased_type":["Relic","Potion","Card","Potion"],"build_version":"2020-12-22","purchased_purges":0,"victory":true,"max_hp_per_floor":[50,50,50,50,50,50,50,50,50,50,50,50,50,50,50,50,50,50,53,56,59,59,76,76,79,82,85,95,98,101,104,107,110,110,110,113,116,119,122,122,122,122,122,122,122,130,130,133,136,139],"card_choices":[{"not_picked":["beaked:Roost","beaked:Poke","beaked:Redirect"],"picked":"SKIP","floor":2.0},{"not_picked":["beaked:Windmill","beaked:Redirect"],"picked":"beaked:Brace","floor":4.0},{"not_picked":["beaked:TuckingFeathers","beaked:FeelMyPain"],"picked":"beaked:Overpower","floor":5.0},{"not_picked":["beaked:Tradeoff","beaked:MimicHuntress"],"picked":"beaked:Foresight","floor":8.0},{"not_picked":["beaked:Daydream","beaked:Brace"],"picked":"beaked:Pecker","floor":9.0},{"not_picked":["beaked:Flinch","beaked:BounceBack"],"picked":"beaked:MachineEssence","floor":10.0},{"not_picked":["beaked:BraceForImpact","beaked:Daydream"],"picked":"beaked:Negation","floor":12.0},{"not_picked":["beaked:Molting","beaked:Devastation"],"picked":"beaked:StickSmack","floor":14.0},{"not_picked":["beaked:Resilience","beaked:CursingBlood"],"picked":"beaked:RitualOfBody","floor":15.0},{"not_picked":["beaked:FullHouse","beaked:KnowThyFoe"],"picked":"beaked:SacrificialScars","floor":16.0},{"not_picked":["beaked:Overexert","beaked:BraceForImpact"],"picked":"beaked:Flinch","floor":19.0},{"not_picked":["beaked:StunningBlow+1","beaked:Resilience"],"picked":"beaked:WarriorEssence","floor":20.0},{"not_picked":["beaked:TuckingFeathers","beaked:SacrificialAttack","beaked:StunningBlow"],"picked":"SKIP","floor":21.0},{"not_picked":["beaked:Pecker+1","beaked:Tradeoff+1"],"picked":"beaked:AwakenedForm","floor":23.0},{"not_picked":["beaked:MimicHuntress","beaked:Evade+1","beaked:BloodForTheGods+1"],"picked":"SKIP","floor":25.0},{"not_picked":["beaked:Evade+1","beaked:DigDeep","beaked:HuntressEssence"],"picked":"SKIP","floor":26.0},{"not_picked":["beaked:Molting","beaked:MachineSpirit"],"picked":"beaked:Brace","floor":27.0},{"not_picked":["beaked:HuntressSpirit","beaked:CrazyRituals"],"picked":"beaked:Evade","floor":29.0},{"not_picked":["beaked:RuinSticks","beaked:Evade","beaked:FeelMyPain+1"],"picked":"SKIP","floor":30.0},{"not_picked":["beaked:Pecker","beaked:Negation+1"],"picked":"beaked:Brace+1","floor":31.0},{"not_picked":["beaked:RitualOfBody","beaked:DigDeeper"],"picked":"beaked:WarriorEssence","floor":32.0},{"not_picked":["beaked:Brainwash","beaked:DarkPact"],"picked":"beaked:CheekyTricks","floor":33.0},{"not_picked":["beaked:BraceForImpact","beaked:MimicHuntress+1","beaked:Redirect"],"picked":"SKIP","floor":36.0},{"not_picked":["beaked:Cower","beaked:Tradeoff+1","beaked:BounceBack"],"picked":"SKIP","floor":37.0},{"not_picked":["beaked:Tradeoff","beaked:WarriorEssence"],"picked":"beaked:MachineSpirit","floor":38.0},{"not_picked":["beaked:BraceForImpact","beaked:Evade+1","beaked:Cower+1"],"picked":"SKIP","floor":39.0},{"not_picked":["beaked:DigDeep+1","beaked:BraceForImpact","beaked:FeelMyPain+1"],"picked":"SKIP","floor":40.0},{"not_picked":["beaked:Pecker","beaked:Devastation+1","beaked:KnowThyFoe"],"picked":"SKIP","floor":44},{"not_picked":["beaked:DigDeeper+1","beaked:FeelMyPain+1","beaked:Daydream"],"picked":"SKIP","floor":46},{"not_picked":["beaked:DigDeep","beaked:WarriorEssence","beaked:Redirect+1"],"picked":"SKIP","floor":48},{"not_picked":["beaked:DigDeep","beaked:RuinSticks","beaked:SurvivalInstinct"],"picked":"SKIP","floor":49}],"player_experience":596505,"relics_obtained":[{"floor":7.0,"key":"MawBank"},{"floor":10.0,"key":"Pocketwatch"},{"floor":12.0,"key":"Akabeko"},{"floor":23.0,"key":"Mango"},{"floor":25.0,"key":"Toy Ornithopter"},{"floor":41.0,"key":"Ornamental Fan"},{"floor":43.0,"key":"Shovel"},{"floor":45,"key":"Turnip"},{"floor":46,"key":"FossilizedHelix"},{"floor":47,"key":"Blue Candle"},{"floor":48,"key":"Shuriken"}],"event_choices":[{"damage_healed":0.0,"max_hp_gain":0.0,"max_hp_loss":0.0,"gold_gain":0.0,"event_name":"Accursed Blacksmith","player_choice":"Rummage","floor":3.0,"gold_loss":0.0,"damage_taken":0.0,"relics_obtained":["WarpedTongs"],"cards_obtained":["Pain"]},{"cards_removed":["Pain"],"damage_healed":0.0,"max_hp_gain":0.0,"max_hp_loss":0.0,"gold_gain":0.0,"event_name":"Wheel of Change","player_choice":"Card Removal","floor":22.0,"gold_loss":0.0,"damage_taken":0.0},{"damage_healed":0.0,"max_hp_gain":0.0,"max_hp_loss":0.0,"gold_gain":0.0,"event_name":"Mysterious Sphere","player_choice":"Fight","floor":43.0,"gold_loss":0.0,"damage_taken":0.0}],"is_beta":false,"boss_relics":[{"not_picked":["Philosopher\u0027s Stone","Runic Dome"],"picked":"SlaversCollar"},{"not_picked":["Busted Crown","Fusion Hammer","Snecko Eye"]}],"items_purged_floors":[],"is_endless":false,"potions_floor_spawned":[2,4,9,15,19,27,29,30,33,37,38,40,43,46],"ascension_level":1}}