{"host":"ggy1mjjy92c62u6a","time":1609252448,"event":{"mods":["10 clothes from DAL","BaseMod","LazyManMod","Minty Spire (QoL Compilation)","Quick Restart","Relic Stats","Shop Mod","Spicy Shops","StSLib","【功能Mod】混沌之环修复补丁","【遗物Mod】死灵法师NEW","【遗物卡牌】REMEMod"],"gold_per_floor":[112,124,124,70,86,86,105,105,128,128,172,193,220,220],"floor_reached":13,"playtime":490,"items_purged":[],"score":79,"play_id":"8a55a4ee-c39d-4915-be72-a316a9f34313","local_time":"20201229223408","is_ascension_mode":true,"campfire_choices":[{"data":"Forethought","floor":6.0,"key":"SMITH"},{"data":"Toxic_Smoke_Screen","floor":8.0,"key":"SMITH"}],"circlet_count":0,"master_deck":["Strike_W","Strike_W","Strike_W","Defend_W","Defend_W","Defend_W","Negative_Energy_Arrows","Bone_Wall","Forethought+1","Toxic_Smoke_Screen+1","Summon_Undead_Army"],"relics":["Vampire_Amulet","REME_ComplimentaryCards","dwlrmod:ProjectRecorder","Regal Pillow","REME_ArchaeologicalTools","Odd Mushroom"],"acts_visited":["Exordium"],"potions_floor_usage":[13],"damage_taken":[{"damage":12.0,"enemies":"Small Slimes","floor":1.0,"turns":5.0},{"damage":1.0,"enemies":"Cultist","floor":2.0,"turns":5.0},{"damage":4.0,"enemies":"Jaw Worm","floor":5.0,"turns":4.0},{"damage":4.0,"enemies":"Large Slime","floor":7.0,"turns":7.0},{"damage":15.0,"enemies":"2 Fungi Beasts","floor":11.0,"turns":4.0},{"damage":9.0,"enemies":"The Mushroom Lair","floor":12.0,"turns":5.0},{"damage":22,"enemies":"3 Sentries","floor":13,"turns":6}],"seed_played":"-164906052198238325","potions_obtained":[{"floor":1.0,"key":"LiquidMemories"},{"floor":2.0,"key":"Swift Potion"},{"floor":7.0,"key":"Fire Potion"}],"is_trial":false,"path_per_floor":["M","M","?","$","M","R","M","R","T","?","M","?","E"],"character_chosen":"NECROMANCER","items_purchased":["Summon_Undead_Army"],"campfire_rested":0,"item_purchase_floors":[4],"current_hp_per_floor":[56,55,55,55,51,51,47,47,47,44,29,20,0,0],"gold":220,"neow_bonus":"REMOVE_TWO","is_daily":false,"chose_seed":false,"campfire_upgraded":2,"win_rate":0.0,"timestamp":1609252448,"path_taken":["M","M","?","?","M","R","M","R","T","?","M","?","E"],"items_purchased_type":["Card"],"build_version":"2020-12-22","purchased_purges":0,"victory":false,"max_hp_per_floor":[68,68,68,68,68,68,68,68,68,68,68,68,68,68],"relic_stats":{"Regal Pillow":0,"counters":[7,36],"obtain_stats":[{"dwlrmod:ProjectRecorder":5,"Regal Pillow":9,"Vampire_Amulet":0,"REME_ArchaeologicalTools":10,"Odd Mushroom":12,"REME_ComplimentaryCards":0},{"dwlrmod:ProjectRecorder":3,"Regal Pillow":4,"Vampire_Amulet":0,"REME_ArchaeologicalTools":4,"Odd Mushroom":6,"REME_ComplimentaryCards":0},{"dwlrmod:ProjectRecorder":14,"Regal Pillow":21,"Vampire_Amulet":0,"REME_ArchaeologicalTools":21,"Odd Mushroom":30,"REME_ComplimentaryCards":0}]},"card_choices":[{"not_picked":["Shade_Step","Corrupt","Blood_Shield"],"picked":"SKIP","floor":1.0},{"not_picked":["Bone_Armor","Thousand_Bone_Knives"],"picked":"Toxic_Smoke_Screen","floor":2.0},{"not_picked":["Bone_Armor","Hellfire","Bone_Prison"],"picked":"SKIP","floor":5.0},{"not_picked":["Bone_Spikes","Blood_Whip","Scare"],"picked":"SKIP","floor":7.0},{"not_picked":["Summon_Undead","Epidemic","Bone_Prison"],"picked":"SKIP","floor":11.0}],"player_experience":53443,"relics_obtained":[{"floor":5.0,"key":"dwlrmod:ProjectRecorder"},{"floor":9.0,"key":"Regal Pillow"},{"floor":12.0,"key":"Odd Mushroom"}],"event_choices":[{"damage_healed":0.0,"max_hp_gain":0.0,"max_hp_loss":0.0,"gold_gain":0.0,"event_name":"Match and Keep!","player_choice":"0 cards matched","floor":3.0,"gold_loss":0.0,"damage_taken":0.0,"cards_obtained":[]},{"damage_healed":0.0,"max_hp_gain":0.0,"max_hp_loss":0.0,"gold_gain":0.0,"event_name":"Scrap Ooze","player_choice":"Success","floor":10.0,"gold_loss":0.0,"damage_taken":3.0,"relics_obtained":["REME_ArchaeologicalTools"]},{"damage_healed":0.0,"max_hp_gain":0.0,"max_hp_loss":0.0,"gold_gain":0.0,"event_name":"Mushrooms","player_choice":"Fought Mushrooms","floor":12.0,"gold_loss":0.0,"damage_taken":0.0}],"is_beta":false,"boss_relics":[],"items_purged_floors":[],"is_endless":false,"potions_floor_spawned":[1,2,7],"killed_by":"3 Sentries","ascension_level":1}}