{"host":"zit9o0ax6c2l3y2b","time":1609209119,"event":{"mods":["Aspiration","BaseMod","Colored Map","Conspire","Downfall","Glutton Mod","Hermit","Hubris","Infinite Spire","Minty Spire (QoL Compilation)","Random Character Button","Relic Filter","Replay The Spire","Shade Mod","Shop Mod","StSLib","The Construct","The Cursed","The Disciple","The Runesmith","TheArtist"],"gold_per_floor":[112,129,1,16,28,28,57,57,82,116,42,42,53,115,115,218,218,231,231,251,261,275,304,304,335,362,393,134,153,170,197,197,299,299,310,339,67,67,86,116,127,153,153,165,181,31,31,43,43,43],"floor_reached":51,"playtime":3738,"items_purged":[],"score":1048,"play_id":"e85d36fc-8ab0-42e5-b0e0-3b18afba8e5e","local_time":"20201228213159","is_ascension_mode":true,"campfire_choices":[{"data":"Shade:OminousRitual","floor":6,"key":"SMITH"},{"data":"Shade:WallOfFlesh","floor":12,"key":"SMITH"},{"data":"Shade:ExtraLimbs","floor":15,"key":"SMITH"},{"data":"Shade:SelfBurial","floor":24,"key":"SMITH"},{"data":"Shade:RitualOffering","floor":32,"key":"SMITH"},{"data":"Shade:DarkOfNight","floor":49,"key":"SMITH"}],"circlet_count":0,"master_deck":["Shade:Strike_Shade","Shade:Strike_Shade","Shade:Strike_Shade","Shade:Strike_Shade","Shade:Defend_Shade","Shade:Defend_Shade","Shade:Defend_Shade","Shade:Defend_Shade","Shade:AnimateDead","Shade:CarefulCut","Shade:OminousRitual+1","Shade:WallOfFlesh+1","Shade:GreyBargain+1","Shade:DarkOfNight+1","Shade:Bonestorm","Shade:ExtraLimbs+1","Shade:AncientSpear","Shade:SelfBurial+1","Shade:RitualOffering+1","Shade:SensePrey","Shade:CallOfTheGrave+1","Shade:FuneraryArmor","Shade:LoseControl","Shade:WallOfFlesh","Shade:Frenzy+1","Shade:FleshLikeOak+1","Shade:FeralStrike+1","Shade:DangerousRitual","Shade:FleshToFlesh+1","Shade:ScuttlingHand","Secret Weapon","Shade:Brains+1","Shade:AblativeArmor","Shade:OminousRitual","Shade:Doomsay","Shade:ScuttlingHand","Shade:ScuttlingHand","Shade:SensePrey+1","Shade:ExtraLimbs+1"],"relics":["Shade:YorickSkull","Toy Ornithopter","Regal Pillow","Pen Nib","aspiration:MobileForge","Lantern","Gremlin Horn","Mercury Hourglass","hubris:ToyBattleship","hubris:TenFootPole","Sundial","Philosopher\u0027s Stone","hubris:BottledRain","MerchantsRug","Runesmith:AutoHammer","infinitespire:Satchel","hubris:DeckOfHolding","aspiration:Nostalgia","m_SlimeRing","Bottled Tornado"],"acts_visited":["Exordium","TheCity","TheBeyond"],"potions_floor_usage":[5,10,14,22,29,31,36,37],"damage_taken":[{"damage":0,"enemies":"2 Louse","floor":1,"turns":2},{"damage":2,"enemies":"Cultist","floor":2,"turns":5},{"damage":0,"enemies":"Small Slimes","floor":4,"turns":3},{"damage":5,"enemies":"conspire:2 RoseBushes","floor":5,"turns":5},{"damage":4,"enemies":"Replay:BlueRogue","floor":7,"turns":5},{"damage":0,"enemies":"Gremlin Nob","floor":10,"turns":2},{"damage":0,"enemies":"Exordium Thugs","floor":13,"turns":3},{"damage":14,"enemies":"Lagavulin Event","floor":14,"turns":6},{"damage":4,"enemies":"The Guardian","floor":16,"turns":7},{"damage":0,"enemies":"Chosen","floor":18,"turns":6},{"damage":4,"enemies":"2 Thieves","floor":20,"turns":4},{"damage":17,"enemies":"Snake Plant","floor":21,"turns":4},{"damage":1,"enemies":"Cultist and Chosen","floor":22,"turns":5},{"damage":0,"enemies":"conspire:Head Lice","floor":23,"turns":4},{"damage":2,"enemies":"Replay:Snechameleon","floor":25,"turns":6},{"damage":17,"enemies":"Book of Stabbing","floor":27,"turns":4},{"damage":0,"enemies":"Shelled Parasite and Fungi","floor":29,"turns":4},{"damage":0,"enemies":"Centurion and Healer","floor":30,"turns":3},{"damage":0,"enemies":"Replay:Snechameleon","floor":31,"turns":4},{"damage":4,"enemies":"hubris:MusketHawk","floor":33,"turns":7},{"damage":3,"enemies":"3 Darklings","floor":35,"turns":3},{"damage":10,"enemies":"conspire:MimicChest","floor":36,"turns":5},{"damage":0,"enemies":"Orb Walker","floor":39,"turns":3},{"damage":0,"enemies":"Reptomancer","floor":40,"turns":4},{"damage":0,"enemies":"Sphere and 2 Shapes","floor":41,"turns":3},{"damage":0,"enemies":"Giant Head","floor":42,"turns":7},{"damage":23,"enemies":"Writhing Mass","floor":44,"turns":5},{"damage":0,"enemies":"Spire Growth","floor":45,"turns":4},{"damage":0,"enemies":"Transient","floor":48,"turns":5},{"damage":0,"enemies":"Donu and Deca","floor":50,"turns":5}],"seed_played":"4038255737160398498","potions_obtained":[{"floor":2,"key":"DuplicationPotion"},{"floor":4,"key":"Block Potion"},{"floor":13,"key":"Weak Potion"},{"floor":14,"key":"Toxic Potion"},{"floor":21,"key":"GamblersBrew"},{"floor":25,"key":"Death Potion"},{"floor":27,"key":"FearPotion"},{"floor":30,"key":"PowerPotion"},{"floor":33,"key":"sneckomod:MuddlingPotion"},{"floor":36,"key":"SkillPotion"},{"floor":39,"key":"FearPotion"},{"floor":40,"key":"Strength Potion"}],"is_trial":false,"path_per_floor":["M","M","$","M","M","R","E","?","T","E","$","R","M","?","R","B",null,"M","AVR","M","M","M","E","R","E","T","E","$","M","M","E","R","B",null,"M","?","$","?","M","E","M","E","T","M","M","$","T","M","R","B",null],"character_chosen":"SHADE","items_purchased":["Shade:DarkOfNight","Shade:Bonestorm","Shade:SensePrey","Shade:ScuttlingHand","Secret Weapon","MerchantsRug","Fruit Juice","Shade:ScuttlingHand","aspiration:Nostalgia"],"campfire_rested":0,"item_purchase_floors":[3,3,11,28,28,37,37,37,46],"current_hp_per_floor":[65,63,63,63,58,58,54,54,54,59,59,59,59,50,50,46,65,65,65,61,44,48,48,48,46,46,29,29,34,34,39,39,35,65,62,55,65,65,65,65,65,65,65,42,42,42,42,42,42,42],"gold":43,"neow_bonus":"ONE_RANDOM_RARE_CARD","is_daily":false,"chose_seed":false,"campfire_upgraded":6,"win_rate":0.0,"timestamp":1609209119,"path_taken":["M","M","$","M","M","R","E","?","T","E","$","R","?","?","R","BOSS","M","AVR","M","M","M","E","R","E","T","E","$","M","M","E","R","BOSS","M","?","?","?","M","E","?","E","T","M","M","$","?","M","R","BOSS"],"items_purchased_type":["Card","Card","Card","Card","Card","Relic","Potion","Card","Relic"],"build_version":"2020-12-22","purchased_purges":0,"victory":true,"max_hp_per_floor":[65,65,65,65,65,65,65,65,65,65,65,65,65,65,65,65,65,65,65,65,65,65,65,65,65,65,65,65,65,65,65,65,65,65,65,65,70,70,70,70,70,70,70,70,70,70,70,70,70,70],"card_choices":[{"not_picked":["Shade:Bonestorm","Shade:CommandSoldier"],"picked":"Shade:WallOfFlesh","floor":1},{"not_picked":["Shade:Doomsay","Shade:BoneShards"],"picked":"Shade:GreyBargain","floor":2},{"not_picked":["Shade:FreshBones","Shade:FingerOfDeath"],"picked":"Shade:ExtraLimbs","floor":4},{"not_picked":["Shade:Premonition","Shade:DarkOfNight"],"picked":"Shade:AncientSpear","floor":5},{"not_picked":["Shade:Asphyxiate","Shade:ExtraLimbs"],"picked":"Shade:SelfBurial","floor":7},{"not_picked":["Shade:FleshToFlesh","Shade:SkeletonHug"],"picked":"Shade:RitualOffering","floor":10},{"not_picked":["Shade:SpectralStrikes","Shade:GraveStillness"],"picked":"Shade:CallOfTheGrave","floor":13},{"not_picked":["Shade:FingerOfDeath","Shade:GraveStillness"],"picked":"Shade:FuneraryArmor","floor":14},{"not_picked":["Shade:OneIsEnough","Shade:SelfBurial"],"picked":"Shade:LoseControl","floor":16},{"not_picked":["Shade:FingerOfDeath","Shade:FreshBones"],"picked":"Shade:WallOfFlesh","floor":18},{"not_picked":["Shade:Premonition","Shade:FingerOfDeath+1"],"picked":"Shade:Frenzy+1","floor":20},{"not_picked":["Shade:FleshOffering","Shade:SkeletonHug"],"picked":"Shade:FleshLikeOak+1","floor":21},{"not_picked":["Shade:FuneraryArmor","Shade:CoffinDance"],"picked":"Shade:FeralStrike+1","floor":22},{"not_picked":["Shade:Bonestorm","Shade:Premonition","Shade:PressTheAttack+1"],"picked":"SKIP","floor":23},{"not_picked":["Shade:Carnophage","Shade:FreshBones"],"picked":"Shade:DangerousRitual","floor":25},{"not_picked":["Shade:BoneShards","Shade:FingerOfDeath+1"],"picked":"Shade:FleshToFlesh+1","floor":27},{"not_picked":["Shade:LastGasp","Shade:DangerousRitual"],"picked":"Shade:Brains+1","floor":29},{"not_picked":["Shade:Trample","Shade:Haruspicy"],"picked":"Shade:AblativeArmor","floor":30},{"not_picked":["Shade:Asphyxiate","Shade:Bonestorm","Shade:RavenousHorde"],"picked":"SKIP","floor":31},{"not_picked":["Shade:SelfBurial","Shade:OneIsEnough"],"picked":"Shade:OminousRitual","floor":33},{"not_picked":["Shade:LyeBath","Shade:SkeletonHug"],"picked":"Shade:Doomsay","floor":35},{"not_picked":["Shade:SensePrey+1","Shade:CommandSoldier"],"picked":"Shade:ScuttlingHand","floor":39},{"not_picked":["Shade:SoulPierce","Shade:CallOfTheGrave","Shade:StitchTogether"],"picked":"SKIP","floor":40},{"not_picked":["Shade:Bonestorm","Shade:CommandSoldier+1","Shade:ClawBack+1"],"picked":"SKIP","floor":41},{"not_picked":["Shade:FreshBones+1","Shade:BoneShards+1","Shade:FeralStrike"],"picked":"SKIP","floor":42},{"not_picked":["Shade:BoneShards","Shade:Frenzy+1"],"picked":"Shade:SensePrey+1","floor":44},{"not_picked":["Shade:SpontaneousRitual","Shade:Premonition+1","Shade:PotionOfRestlessness+1"],"picked":"SKIP","floor":45},{"not_picked":["Shade:CommandSoldier","Shade:FreshBones+1"],"picked":"Shade:ExtraLimbs+1","floor":48}],"player_experience":382296,"relics_obtained":[{"floor":7,"key":"Toy Ornithopter"},{"floor":9,"key":"Art of War"},{"floor":10,"key":"Regal Pillow"},{"floor":23,"key":"Gremlin Horn"},{"floor":25,"key":"Mercury Hourglass"},{"floor":26,"key":"hubris:ToyBattleship"},{"floor":27,"key":"hubris:TenFootPole"},{"floor":31,"key":"Sundial"},{"floor":36,"key":"hubris:BottledRain"},{"floor":40,"key":"Runesmith:AutoHammer"},{"floor":42,"key":"infinitespire:Satchel"},{"floor":43,"key":"hubris:DeckOfHolding"},{"floor":47,"key":"Bottled Tornado"}],"event_choices":[{"damage_healed":0,"gold_gain":0,"player_choice":"Upgraded","damage_taken":0,"max_hp_gain":0,"max_hp_loss":0,"event_name":"Upgrade Shrine","floor":8,"gold_loss":0,"cards_upgraded":["Shade:GreyBargain"]},{"damage_healed":0,"gold_gain":0,"player_choice":"Searched \u00273\u0027 times","damage_taken":0,"relics_obtained":["Pen Nib"],"max_hp_gain":0,"max_hp_loss":0,"event_name":"Dead Adventurer","floor":14,"gold_loss":0},{"damage_healed":0,"gold_gain":0,"player_choice":"Upgraded","damage_taken":0,"max_hp_gain":0,"max_hp_loss":0,"event_name":"Upgrade Shrine","floor":38,"gold_loss":0,"cards_upgraded":["Shade:CallOfTheGrave"]}],"is_beta":false,"boss_relics":[{"not_picked":["Runic Dome","Replay:Drink Me"],"picked":"aspiration:MobileForge"},{"not_picked":["Replay:Bronze Core","hubris:CrackedHourglass"],"picked":"Philosopher\u0027s Stone"}],"items_purged_floors":[],"is_endless":false,"potions_floor_spawned":[2,4,13,14,21,25,27,30,33,36,39,40],"ascension_level":1}}