{"host":"78zdngn0u28jm0pp","time":1609277111,"event":{"mods":["BaseMod","Jorbs\u0027s Wanderer Trilogy","Minty Spire (QoL Compilation)","Permanent Neow","Quick Restart","Relic Stats","StSLib","Unceasing Turn Reminder"],"gold_per_floor":[115,190,190,201,201,201,215,230,284,300,52,63,92,121,133,222,234,261,188,125,153,182,228,240,287,299,311,323,351,11,42,42,42,42],"floor_reached":33,"playtime":1708,"items_purged":["Pain","Strike_G"],"score":614,"play_id":"ddb74562-8385-4df3-baca-f8d4e247dda8","local_time":"20201229142511","is_ascension_mode":true,"campfire_choices":[{"data":"Blade Dance","floor":6,"key":"SMITH"},{"data":"Malaise","floor":15,"key":"SMITH"},{"floor":24,"key":"REST"},{"floor":27,"key":"REST"},{"floor":32,"key":"RECALL"}],"circlet_count":0,"master_deck":["AscendersBane","Strike_G","Strike_G","Strike_G","Defend_G","Defend_G","Defend_G","Defend_G","Defend_G","Survivor","Neutralize","Blade Dance+1","Dash","Dagger Spray","Slice","Bouncing Flask","Die Die Die","Malaise+1","Malaise","PiercingWail","Backstab","Phantasmal Killer","RitualDagger","Backflip","Noxious Fumes","PiercingWail+1"],"relics":["Ring of the Snake","Bag of Marbles","WarpedTongs","MawBank","Fusion Hammer","TungstenRod","WingedGreaves","Ginger","Darkstone Periapt","Lee\u0027s Waffle","Sundial"],"acts_visited":["Exordium","TheCity"],"potions_floor_usage":[8,13,21,23,29],"damage_taken":[{"damage":0,"enemies":"2 Louse","floor":1,"turns":3},{"damage":4,"enemies":"Jaw Worm","floor":4,"turns":3},{"damage":4,"enemies":"Cultist","floor":7,"turns":2},{"damage":8,"enemies":"Exordium Thugs","floor":8,"turns":5},{"damage":0,"enemies":"2 Fungi Beasts","floor":10,"turns":2},{"damage":1,"enemies":"Looter","floor":12,"turns":2},{"damage":10,"enemies":"3 Sentries","floor":13,"turns":8},{"damage":0,"enemies":"3 Louse","floor":14,"turns":3},{"damage":3,"enemies":"The Guardian","floor":16,"turns":11},{"damage":19,"enemies":"Shell Parasite","floor":18,"turns":6},{"damage":0,"enemies":"3 Byrds","floor":21,"turns":4},{"damage":0,"enemies":"Centurion and Healer","floor":22,"turns":9},{"damage":33,"enemies":"Gremlin Leader","floor":23,"turns":9},{"damage":7,"enemies":"Book of Stabbing","floor":25,"turns":7},{"damage":8,"enemies":"Chosen and Byrds","floor":29,"turns":6},{"damage":30,"enemies":"Gremlin Leader","floor":31,"turns":8},{"damage":59,"enemies":"Automaton","floor":33,"turns":10}],"seed_played":"1941989022298254526","potions_obtained":[{"floor":1,"key":"Dexterity Potion"},{"floor":4,"key":"Explosive Potion"},{"floor":13,"key":"Explosive Potion"},{"floor":21,"key":"DistilledChaos"},{"floor":25,"key":"SpeedPotion"}],"is_trial":false,"path_per_floor":["M","?","?","M","?","R","M","M","T","M","$","M","E","M","R","B",null,"M","?","?","M","M","E","R","E","T","R","?","M","$","E","R","B"],"character_chosen":"THE_SILENT","items_purchased":["Die Die Die","Lee\u0027s Waffle","Noxious Fumes"],"campfire_rested":2,"item_purchase_floors":[11,30,30],"current_hp_per_floor":[59,48,53,49,49,49,45,37,37,37,37,36,26,26,26,23,59,40,40,40,40,40,7,28,21,21,42,37,29,78,48,48,0,0],"gold":42,"neow_bonus":"RANDOM_COMMON_RELIC","is_daily":false,"chose_seed":false,"campfire_upgraded":2,"win_rate":0.0,"timestamp":1609277111,"path_taken":["M","?","?","?","?","R","M","?","T","M","$","M","E","M","R","BOSS","M","?","?","?","M","E","R","E","T","R","?","M","$","E","R","BOSS"],"items_purchased_type":["Card","Relic","Card"],"build_version":"2020-12-22","purchased_purges":2,"victory":false,"max_hp_per_floor":[66,66,71,71,71,71,71,71,71,71,71,71,71,71,71,71,71,71,71,71,71,71,71,71,71,71,71,71,71,78,78,78,78,78],"relic_stats":{"Darkstone Periapt":0,"Lee\u0027s Waffle":49,"counters":[17,98],"Sundial":[0],"Ginger":[3],"MawBank":204,"obtain_stats":[{"Darkstone Periapt":26,"Lee\u0027s Waffle":30,"Sundial":31,"Fusion Hammer":17,"WingedGreaves":23,"Bag of Marbles":0,"Ginger":25,"MawBank":13,"TungstenRod":19,"Ring of the Snake":0,"WarpedTongs":5},{"Darkstone Periapt":14,"Lee\u0027s Waffle":15,"Sundial":16,"Fusion Hammer":9,"WingedGreaves":13,"Bag of Marbles":0,"Ginger":14,"MawBank":7,"TungstenRod":10,"Ring of the Snake":0,"WarpedTongs":2},{"Darkstone Periapt":74,"Lee\u0027s Waffle":80,"Sundial":88,"Fusion Hammer":39,"WingedGreaves":67,"Bag of Marbles":0,"Ginger":74,"MawBank":25,"TungstenRod":45,"Ring of the Snake":0,"WarpedTongs":6}],"TungstenRod":22,"Ring of the Snake":[34],"WarpedTongs":[91]},"card_choices":[{"not_picked":["Distraction","Dagger Spray"],"picked":"Blade Dance","floor":1},{"not_picked":["Underhanded Strike","Bane"],"picked":"Dash","floor":4},{"not_picked":["Tactician","Prepared"],"picked":"Dagger Spray","floor":7},{"not_picked":["Deadly Poison","Backflip"],"picked":"Slice","floor":8},{"not_picked":["Blur","Sucker Punch"],"picked":"Bouncing Flask","floor":10},{"not_picked":["PiercingWail","Underhanded Strike"],"picked":"Malaise","floor":12},{"not_picked":["Eviscerate","Tactician","Skewer"],"picked":"SKIP","floor":13},{"not_picked":["Quick Slash","Sucker Punch","Prepared"],"picked":"SKIP","floor":14},{"not_picked":["Adrenaline","Doppelganger"],"picked":"Malaise","floor":16},{"not_picked":["Poisoned Stab","Sucker Punch"],"picked":"PiercingWail","floor":18},{"not_picked":["Slice","Sucker Punch","Underhanded Strike"],"picked":"SKIP","floor":21},{"not_picked":["Backflip","Outmaneuver"],"picked":"Backstab","floor":22},{"not_picked":["Accuracy+1","Riddle With Holes","Dodge and Roll"],"picked":"SKIP","floor":23},{"not_picked":["Poisoned Stab","Well Laid Plans"],"picked":"Phantasmal Killer","floor":25},{"not_picked":["Sucker Punch","Underhanded Strike"],"picked":"Backflip","floor":29},{"not_picked":["Bane","Escape Plan"],"picked":"PiercingWail+1","floor":31}],"player_experience":732254,"relics_obtained":[{"floor":13,"key":"MawBank"},{"floor":23,"key":"WingedGreaves"},{"floor":25,"key":"Ginger"},{"floor":26,"key":"Darkstone Periapt"},{"floor":31,"key":"Sundial"}],"event_choices":[{"damage_healed":0,"gold_gain":75,"player_choice":"Gather Gold","damage_taken":11,"max_hp_gain":0,"max_hp_loss":0,"event_name":"World of Goop","floor":2,"gold_loss":0},{"damage_healed":0,"gold_gain":0,"player_choice":"Donut","damage_taken":0,"max_hp_gain":5,"max_hp_loss":0,"event_name":"Big Fish","floor":3,"gold_loss":0},{"damage_healed":0,"gold_gain":0,"player_choice":"Rummage","damage_taken":0,"relics_obtained":["WarpedTongs"],"max_hp_gain":0,"max_hp_loss":0,"event_name":"Accursed Blacksmith","floor":5,"gold_loss":0,"cards_obtained":["Pain"]},{"damage_healed":0,"gold_gain":0,"player_choice":"Obtained Relic","damage_taken":0,"relics_obtained":["TungstenRod"],"max_hp_gain":0,"max_hp_loss":0,"event_name":"Addict","floor":19,"gold_loss":85},{"cards_removed":["Strike_G"],"damage_healed":0,"gold_gain":0,"player_choice":"Gave Gold","damage_taken":0,"max_hp_gain":0,"max_hp_loss":0,"event_name":"Beggar","floor":20,"gold_loss":75},{"damage_healed":0,"gold_gain":0,"player_choice":"Joined the Cult","damage_taken":6,"max_hp_gain":0,"max_hp_loss":0,"event_name":"Nest","floor":28,"gold_loss":0,"cards_obtained":["RitualDagger"]}],"is_beta":false,"boss_relics":[{"not_picked":["HoveringKite","Black Star"],"picked":"Fusion Hammer"}],"items_purged_floors":[11,30],"is_endless":false,"potions_floor_spawned":[1,4,13,21,25],"killed_by":"Automaton","ascension_level":20}}