{"host":"sz8c8ni79nvzjmmg","time":1609263497,"event":{"mods":["AchievementEnabler","BaseMod","DeckTracker","Keyboard Shortcuts","Minty Spire (QoL Compilation)","SuperFastMode"],"gold_per_floor":[114,131,131,131,131,131,131,162,162,187,187,212,212,7,7,86,86,105,105,105,13,13,46,46,46,92,92,108,45,64,50,50,123,123,142,142,156,209,17,17,52,82,133,164,164,60,60,74,74,74,74,74,74,74,106,106],"floor_reached":57,"playtime":2360,"items_purged":["Strike_G","Shame","Strike_G","Strike_G"],"score":3262,"play_id":"4c072a85-4ea9-4ab8-a5cc-bd4ce26cc84f","local_time":"20201230023817","is_ascension_mode":true,"campfire_choices":[{"data":"Neutralize","floor":6.0,"key":"SMITH"},{"data":"Crippling Poison","floor":11.0,"key":"SMITH"},{"data":"Corpse Explosion","floor":13.0,"key":"SMITH"},{"data":"Survivor","floor":15.0,"key":"SMITH"},{"data":"Reflex","floor":25,"key":"SMITH"},{"data":"Footwork","floor":27,"key":"SMITH"},{"data":"Backflip","floor":32,"key":"SMITH"},{"data":"Calculated Gamble","floor":40,"key":"SMITH"},{"data":"Acrobatics","floor":45,"key":"SMITH"},{"data":"Concentrate","floor":47,"key":"SMITH"},{"floor":49,"key":"RECALL"},{"data":"Grand Finale","floor":53,"key":"SMITH"}],"circlet_count":0,"master_deck":["AscendersBane","Strike_G","Defend_G","Defend_G","Defend_G","Defend_G","Survivor+1","Neutralize+1","Corpse Explosion+1","Crippling Poison+1","Adrenaline+1","Footwork+1","Grand Finale+1","Reflex+1","Backflip+1","Acrobatics+1","Calculated Gamble+1","Concentrate+1"],"relics":["Ring of the Snake","NeowsBlessing","Ancient Tea Set","Snake Skull","Turnip","Toy Ornithopter","Happy Flower","Membership Card","Sozu","Mango","WingedGreaves","Vajra","Runic Pyramid","Tough Bandages","ClockworkSouvenir","Centennial Puzzle","Pantograph","Strawberry","TheAbacus","Bronze Scales"],"acts_visited":["Exordium","TheCity","TheBeyond","TheEnding"],"potions_floor_usage":[23,38],"damage_taken":[{"damage":0.0,"enemies":"Jaw Worm","floor":1.0,"turns":1.0},{"damage":0.0,"enemies":"2 Louse","floor":2.0,"turns":1.0},{"damage":0.0,"enemies":"Lagavulin","floor":8.0,"turns":1.0},{"damage":12.0,"enemies":"3 Sentries","floor":10.0,"turns":5.0},{"damage":7.0,"enemies":"The Guardian","floor":16.0,"turns":9.0},{"damage":2.0,"enemies":"Spheric Guardian","floor":18.0,"turns":4.0},{"damage":19,"enemies":"Slavers","floor":23,"turns":3},{"damage":4,"enemies":"Chosen","floor":28,"turns":4},{"damage":0,"enemies":"3 Cultists","floor":30,"turns":3},{"damage":2,"enemies":"Champ","floor":33,"turns":9},{"damage":0,"enemies":"3 Darklings","floor":35,"turns":2},{"damage":0,"enemies":"Orb Walker","floor":37,"turns":2},{"damage":6,"enemies":"2 Orb Walkers","floor":38,"turns":3},{"damage":0,"enemies":"Giant Head","floor":41,"turns":5},{"damage":0,"enemies":"Nemesis","floor":42,"turns":7},{"damage":2,"enemies":"Giant Head","floor":44,"turns":5},{"damage":0,"enemies":"3 Darklings","floor":48,"turns":2},{"damage":0,"enemies":"Awakened One","floor":50,"turns":7},{"damage":0,"enemies":"Donu and Deca","floor":51,"turns":5},{"damage":23,"enemies":"Shield and Spear","floor":55,"turns":6},{"damage":28,"enemies":"The Heart","floor":56,"turns":9}],"seed_played":"-5558212050593738436","potions_obtained":[{"floor":1.0,"key":"Explosive Potion"},{"floor":10.0,"key":"Swift Potion"}],"is_trial":false,"path_per_floor":["M","M","?","?","?","R","?","E","T","E","R","T","R","$","R","B",null,"M","?","?","$","?","E","?","R","T","R","M","$","M","$","R","B",null,"M","?","M","?","$","R","E","E","T","E","R","$","R","M","R","B","B",null,"R","$","E","B",null],"character_chosen":"THE_SILENT","items_purchased":["Membership Card","Footwork","Backflip","Calculated Gamble","ClockworkSouvenir","TheAbacus","Concentrate"],"campfire_rested":0,"item_purchase_floors":[14,21,31,39,39,46,46],"current_hp_per_floor":[59,59,59,64,57,57,52,52,52,40,40,40,40,40,40,33,62,60,74,74,74,74,60,60,60,60,60,56,56,56,56,56,54,77,77,77,77,76,76,76,76,76,76,81,81,81,81,81,81,92,92,92,92,92,69,64],"gold":106,"neow_bonus":"THREE_ENEMY_KILL","is_daily":false,"chose_seed":false,"campfire_upgraded":11,"win_rate":0.0,"timestamp":1609263497,"path_taken":["M","M","?","?","?","R","?","E","T","E","R","?","R","?","R","BOSS","M","?","?","$","?","E","?","R","T","R","M","?","?","$","R","BOSS","M","?","?","?","$","R","E","E","T","E","R","$","R","M","R","BOSS","BOSS","R","$","E","BOSS"],"items_purchased_type":["Relic","Card","Card","Card","Relic","Relic","Card"],"build_version":"2020-12-22","purchased_purges":4,"victory":true,"max_hp_per_floor":[66,66,66,71,71,71,71,71,71,71,71,71,71,71,71,71,71,71,85,85,85,85,85,85,85,85,85,85,85,85,85,85,85,85,85,85,85,85,85,85,85,85,85,92,92,92,92,92,92,92,92,92,92,92,92,92],"card_choices":[{"not_picked":["Footwork","Bane","Quick Slash"],"picked":"SKIP","floor":1.0},{"not_picked":["Flying Knee","Deflect","Caltrops"],"picked":"SKIP","floor":2.0},{"not_picked":["Blade Dance","Backflip"],"picked":"Corpse Explosion","floor":8.0},{"not_picked":["Sucker Punch","Dash"],"picked":"Crippling Poison","floor":10.0},{"not_picked":["Die Die Die","Corpse Explosion"],"picked":"Adrenaline","floor":16.0},{"not_picked":["Underhanded Strike","Poisoned Stab","Dagger Throw"],"picked":"SKIP","floor":18.0},{"not_picked":["Eviscerate","Quick Slash"],"picked":"Reflex","floor":23},{"not_picked":["Predator+1","Bouncing Flask","PiercingWail"],"picked":"SKIP","floor":28},{"not_picked":["Catalyst","Grand Finale","Choke+1"],"picked":"SKIP","floor":30},{"not_picked":["Poisoned Stab+1","Distraction","Bouncing Flask+1"],"picked":"SKIP","floor":35},{"not_picked":["Backflip+1","Catalyst","Sucker Punch+1"],"picked":"SKIP","floor":37},{"not_picked":["Prepared","Choke"],"picked":"Acrobatics","floor":38},{"not_picked":["Poisoned Stab","Dodge and Roll","Finisher+1"],"picked":"SKIP","floor":41},{"not_picked":["Slice","Dodge and Roll","PiercingWail+1"],"picked":"SKIP","floor":42},{"not_picked":["Underhanded Strike","Setup","Terror"],"picked":"SKIP","floor":44},{"not_picked":["Underhanded Strike","Setup","Terror"],"picked":"SKIP","floor":44},{"not_picked":["Doppelganger","Flechettes+1","Cloak And Dagger"],"picked":"SKIP","floor":48},{"not_picked":["Dagger Throw","Dagger Spray","Blade Dance"],"picked":"SKIP","floor":55}],"player_experience":1212663,"relics_obtained":[{"floor":8.0,"key":"Snake Skull"},{"floor":9.0,"key":"Turnip"},{"floor":10.0,"key":"Toy Ornithopter"},{"floor":12.0,"key":"Happy Flower"},{"floor":23,"key":"WingedGreaves"},{"floor":26,"key":"Vajra"},{"floor":38,"key":"Tough Bandages"},{"floor":41,"key":"Centennial Puzzle"},{"floor":42,"key":"Pantograph"},{"floor":44,"key":"Strawberry"},{"floor":55,"key":"Bronze Scales"}],"event_choices":[{"cards_removed":["Defend_G"],"damage_healed":0.0,"max_hp_gain":0.0,"max_hp_loss":0.0,"gold_gain":0.0,"event_name":"Living Wall","player_choice":"Forget","floor":3.0,"gold_loss":0.0,"damage_taken":0.0},{"damage_healed":0.0,"max_hp_gain":5.0,"max_hp_loss":0.0,"gold_gain":0.0,"event_name":"Big Fish","player_choice":"Donut","floor":4.0,"gold_loss":0.0,"damage_taken":0.0},{"cards_removed":["Strike_G"],"damage_healed":0.0,"max_hp_gain":0.0,"max_hp_loss":0.0,"gold_gain":0.0,"event_name":"Golden Wing","player_choice":"Card Removal","floor":5.0,"gold_loss":0.0,"damage_taken":7.0},{"damage_healed":0.0,"max_hp_gain":0.0,"max_hp_loss":0.0,"gold_gain":0.0,"event_name":"Scrap Ooze","player_choice":"Success","floor":7.0,"gold_loss":0.0,"damage_taken":5.0,"relics_obtained":["Ancient Tea Set"]},{"damage_healed":0.0,"max_hp_gain":0.0,"max_hp_loss":0.0,"gold_gain":0.0,"event_name":"Addict","player_choice":"Stole Relic","floor":19.0,"gold_loss":0.0,"damage_taken":0.0,"relics_obtained":["Mango"],"cards_obtained":["Shame"]},{"damage_healed":0,"gold_gain":0,"player_choice":"Ignored","damage_taken":0,"max_hp_gain":0,"max_hp_loss":0,"event_name":"The Mausoleum","floor":20,"gold_loss":0},{"damage_healed":0,"gold_gain":0,"player_choice":"Read","damage_taken":0,"max_hp_gain":0,"max_hp_loss":0,"event_name":"The Library","floor":22,"gold_loss":0,"cards_obtained":["Grand Finale"]},{"damage_healed":0,"gold_gain":0,"player_choice":"Ignored","damage_taken":0,"max_hp_gain":0,"max_hp_loss":0,"event_name":"Cursed Tome","floor":24,"gold_loss":0},{"damage_healed":0,"gold_gain":0,"player_choice":"Upgraded","damage_taken":0,"max_hp_gain":0,"max_hp_loss":0,"event_name":"Upgrade Shrine","floor":36,"gold_loss":0,"cards_upgraded":["Adrenaline"]},{"damage_healed":0,"gold_gain":0,"player_choice":"Fight","damage_taken":0,"max_hp_gain":0,"max_hp_loss":0,"event_name":"Mysterious Sphere","floor":38,"gold_loss":0}],"is_beta":false,"boss_relics":[{"not_picked":["Busted Crown","Black Star"],"picked":"Sozu"},{"not_picked":["Velvet Choker","Runic Dome"],"picked":"Runic Pyramid"}],"items_purged_floors":[14,21,29,39],"is_endless":false,"potions_floor_spawned":[1,10,16,30,33,38,44,48,55],"ascension_level":20}}