{"host":"jyuuog6ydc2s7nd8","time":1609248905,"event":{"mods":["BaseMod","Better Vampires","Minty Spire (QoL Compilation)","Shop Mod","StSLib","The Hierophant","The Servant 0.9.4","TheBandit","[IsaacMod]ÒÔÈö¼âËþ"],"gold_per_floor":[119,119,44,63,63,98,113,143,143,143,143,156,156,156],"floor_reached":13,"playtime":204,"items_purged":["Defend_R"],"score":236,"play_id":"142777f3-5dc0-4f32-aa07-4c7eb808f187","local_time":"20201229213505","is_ascension_mode":true,"campfire_choices":[{"data":"Armaments","floor":10,"key":"SMITH"},{"data":"Bash","floor":11,"key":"SMITH"}],"circlet_count":0,"master_deck":["AscendersBane","Strike_R","Strike_R","Strike_R","Strike_R","Defend_R","Defend_R","Defend_R","Bash+1","Armaments+1","Power Through","Shrug It Off"],"relics":["Burning Blood","HushsDoor","NeowsBlessing","GuppysTail","Frozen Egg 2","Darkstone Periapt","WingedGreaves"],"acts_visited":["Exordium"],"potions_floor_usage":[8],"damage_taken":[{"damage":0,"enemies":"Small Slimes","floor":1,"turns":1},{"damage":0,"enemies":"Cultist","floor":4,"turns":1},{"damage":0,"enemies":"3 Sentries","floor":6,"turns":1},{"damage":9,"enemies":"Jaw Worm","floor":7,"turns":3},{"damage":47,"enemies":"Lagavulin","floor":8,"turns":8},{"damage":0,"enemies":"Exordium Thugs","floor":12,"turns":2},{"damage":39,"enemies":"Gremlin Nob","floor":13,"turns":3}],"seed_played":"4115045154606222197","potions_obtained":[{"floor":1,"key":"CultistPotion"},{"floor":12,"key":"Weak Potion"}],"is_trial":false,"path_per_floor":["M","?","$","M","$","E","M","E","T","R","R","M","E"],"character_chosen":"IRONCLAD","items_purchased":[],"campfire_rested":0,"item_purchase_floors":[],"current_hp_per_floor":[74,67,67,73,73,75,72,31,31,31,31,37,0,0],"gold":156,"neow_bonus":"THREE_ENEMY_KILL","is_daily":false,"chose_seed":false,"campfire_upgraded":2,"win_rate":0.0,"timestamp":1609248905,"path_taken":["M","?","?","M","$","E","M","E","T","R","R","?","E"],"items_purchased_type":[],"build_version":"2020-12-22","purchased_purges":1,"victory":false,"max_hp_per_floor":[75,75,75,75,75,75,75,75,75,75,75,75,75,75],"card_choices":[{"not_picked":[],"picked":"Bomb","floor":0},{"not_picked":["Thunderclap","Sentinel"],"picked":"Armaments","floor":1},{"not_picked":["Clash","Shrug It Off"],"picked":"Bomb","floor":4},{"not_picked":["Warcry","Exhume","Anger"],"picked":"SKIP","floor":6},{"not_picked":["Reckless Charge","Iron Wave"],"picked":"Power Through","floor":7},{"not_picked":["Rampage","Pummel","Sword Boomerang"],"picked":"SKIP","floor":8},{"not_picked":["Sword Boomerang","Wild Strike"],"picked":"Shrug It Off","floor":12}],"player_experience":1777041,"relics_obtained":[{"floor":6,"key":"Frozen Egg 2"},{"floor":8,"key":"Darkstone Periapt"},{"floor":9,"key":"WingedGreaves"}],"event_choices":[{"cards_removed":["Strike_R"],"damage_healed":0,"gold_gain":0,"player_choice":"Card Removal","damage_taken":7,"max_hp_gain":0,"max_hp_loss":0,"event_name":"Golden Wing","floor":2,"gold_loss":0}],"is_beta":false,"boss_relics":[],"items_purged_floors":[3],"is_endless":false,"potions_floor_spawned":[1,12],"killed_by":"Gremlin Nob","ascension_level":20}}