{"host":"wbdly04l9mkn9nrc","time":1609220403,"event":{"mods":["AchievementEnabler","BaseMod","BetterRewards","Minty Spire (QoL Compilation)","StSLib","[IsaacMod]ÒÔÈö¼âËþ"],"gold_per_floor":[114,131,53,73,73,73,88,88,88,98,147,170,189,189,189,292,292,320,178,194,293,306,306,349,349,349,377,377,377,194,212,212,333,333,349,375,406,472,472,522,192,192,192,223,223,241,241,271,271,285],"floor_reached":51,"playtime":4618,"items_purged":["Strike_G","Defend_G","Strike_G","Strike_G","Strike_G"],"score":1156,"play_id":"ef9555a6-a469-41de-ba2f-789df57f6ab4","local_time":"20201229134003","is_ascension_mode":true,"campfire_choices":[{"data":"Burst","floor":6.0,"key":"SMITH"},{"data":"Poisoned Stab","floor":8.0,"key":"SMITH"},{"data":"Calculated Gamble","floor":15.0,"key":"SMITH"},{"data":"Jack Of All Trades","floor":23.0,"key":"SMITH"},{"data":"BettingIsNotGood","floor":25.0,"key":"SMITH"},{"floor":29.0,"key":"REST"},{"data":"Cloak And Dagger","floor":32.0,"key":"SMITH"},{"floor":42.0,"key":"REST"},{"data":"Apotheosis","floor":45.0,"key":"SMITH"},{"floor":49,"key":"REST"}],"circlet_count":0,"master_deck":["Defend_G","Defend_G","Survivor+1","Neutralize","BettingIsNotGood+1","Outmaneuver+1","Dagger Spray","Deadly Poison","Tools of the Trade","Flying Knee","Blur","Calculated Gamble+1","Burst+1","Poisoned Stab+1","Underhanded Strike","Dagger Throw","Jack Of All Trades+1","Phantasmal Killer","Bane+1","Noxious Fumes+1","Cloak And Dagger+1","Heel Hook","Quick Slash","Terror","Leg Sweep+1","Apotheosis+1","Backflip+1","Poisoned Stab+1","Venomology","Dodge and Roll+1"],"relics":["Ring of the Snake","HushsDoor","SteamSale","Snake Skull","Orrery","Letter Opener","Lee\u0027s Waffle","Singing Bowl","Omamori","Mummified Hand","Bag of Marbles","Vajra","MagicMushroom","Tiny Chest","BelialBook","Blue Candle","GnawedLeaf","War Paint","SacredBark","SalivaCoin","StoneCalendar","MawBank","Habit","Lantern","Orichalcum","UnicornStump","Pantograph"],"acts_visited":["Exordium","TheCity","TheBeyond"],"potions_floor_usage":[48,50,50,50,50],"damage_taken":[{"damage":3.0,"enemies":"Cultist","floor":1.0,"turns":4.0},{"damage":7.0,"enemies":"Small Slimes","floor":2.0,"turns":4.0},{"damage":1.0,"enemies":"Jaw Worm","floor":4.0,"turns":4.0},{"damage":0.0,"enemies":"2 Fungi Beasts","floor":7.0,"turns":4.0},{"damage":6.0,"enemies":"Lots of Slimes","floor":10.0,"turns":2.0},{"damage":17.0,"enemies":"Lagavulin","floor":11.0,"turns":5.0},{"damage":16.0,"enemies":"Exordium Wildlife","floor":13.0,"turns":2.0},{"damage":31.0,"enemies":"Hexaghost","floor":16.0,"turns":6.0},{"damage":3.0,"enemies":"Spheric Guardian","floor":18.0,"turns":4.0},{"damage":0.0,"enemies":"Chosen","floor":20.0,"turns":3.0},{"damage":0.0,"enemies":"Snecko","floor":22.0,"turns":3.0},{"damage":13.0,"enemies":"Book of Stabbing","floor":24.0,"turns":4.0},{"damage":51.0,"enemies":"Gremlin Leader","floor":27.0,"turns":5.0},{"damage":0.0,"enemies":"Shelled Parasite and Fungi","floor":31.0,"turns":3.0},{"damage":16.0,"enemies":"Collector","floor":33.0,"turns":3.0},{"damage":0.0,"enemies":"Orb Walker","floor":35.0,"turns":3.0},{"damage":12.0,"enemies":"3 Shapes","floor":37.0,"turns":3.0},{"damage":27.0,"enemies":"2 Orb Walkers","floor":38.0,"turns":3.0},{"damage":47.0,"enemies":"Reptomancer","floor":40.0,"turns":7.0},{"damage":14.0,"enemies":"Transient","floor":44.0,"turns":5.0},{"damage":4.0,"enemies":"3 Darklings","floor":46.0,"turns":2.0},{"damage":19,"enemies":"Jaw Worm Horde","floor":48,"turns":3},{"damage":14,"enemies":"Awakened One","floor":50,"turns":7}],"seed_played":"-8493927405579699108","potions_obtained":[{"floor":2.0,"key":"Poison Potion"},{"floor":7.0,"key":"Fire Potion"},{"floor":10.0,"key":"LiquidBronze"},{"floor":13.0,"key":"Regen Potion"},{"floor":20.0,"key":"DistilledChaos"},{"floor":27.0,"key":"Regen Potion"},{"floor":33.0,"key":"AttackPotion"},{"floor":38.0,"key":"SteroidPotion"},{"floor":46.0,"key":"Regen Potion"}],"is_trial":false,"path_per_floor":["M","M","$","M","?","R","M","R","T","M","E","T","M","?","R","B",null,"M","$","M","?","M","R","E","R","T","E","?","R","$","M","R","B",null,"M","T","M","?","?","E","$","R","T","M","R","M","T","M","R","B",null],"character_chosen":"THE_SILENT","items_purchased":["Snake Skull","Orrery","Letter Opener","Lee\u0027s Waffle","Singing Bowl","Flying Knee","Omamori","Tiny Chest","War Paint","Terror","Apotheosis","Habit","Lantern","Orichalcum","Block Potion"],"campfire_rested":3,"item_purchase_floors":[0,0,0,0,0,0,3,19,30,30,34,41,41,41,41],"current_hp_per_floor":[74,70,70,74,74,74,77,77,77,71,56,56,40,40,40,24,72,72,72,73,73,74,74,64,64,64,14,14,41,41,42,42,43,77,78,78,77,53,53,27,27,54,54,53,53,52,52,44,72,82],"gold":285,"neow_bonus":"","is_daily":false,"chose_seed":false,"campfire_upgraded":7,"win_rate":0.0,"timestamp":1609220403,"path_taken":["M","M","$","?","?","R","M","R","T","M","E","?","M","?","R","BOSS","M","$","M","?","M","R","E","R","T","E","?","R","$","?","R","BOSS","M","?","?","?","?","E","$","R","T","M","R","M","?","M","R","BOSS"],"items_purchased_type":["Relic","Relic","Relic","Relic","Relic","Card","Relic","Relic","Relic","Card","Card","Relic","Relic","Relic","Potion"],"build_version":"2020-12-22","purchased_purges":5,"victory":true,"max_hp_per_floor":[77,77,77,77,77,77,77,77,77,77,79,79,79,79,79,79,86,88,88,88,88,88,88,90,90,90,90,90,90,90,90,90,92,88,88,88,88,90,90,90,90,90,90,92,92,94,94,94,94,94],"card_choices":[{"not_picked":[],"picked":"BettingIsNotGood","floor":0.0},{"not_picked":["Underhanded Strike","Slice"],"picked":"Outmaneuver","floor":0.0},{"not_picked":["Backstab","Cloak And Dagger"],"picked":"Dagger Spray","floor":0.0},{"not_picked":["Finisher","Cloak And Dagger"],"picked":"Deadly Poison","floor":0.0},{"not_picked":["Deflect","Bane"],"picked":"Tools of the Trade","floor":0.0},{"not_picked":["Footwork","Dodge and Roll"],"picked":"Blur","floor":1.0},{"not_picked":["Leg Sweep","Bane"],"picked":"Calculated Gamble","floor":2.0},{"not_picked":["Flying Knee","Slice"],"picked":"Burst","floor":4.0},{"not_picked":["Concentrate","Accuracy"],"picked":"Poisoned Stab","floor":7.0},{"not_picked":["Dagger Spray","Dash"],"picked":"Underhanded Strike","floor":10.0},{"not_picked":["Dodge and Roll","Masterful Stab","Eviscerate"],"picked":"Singing Bowl","floor":11.0},{"not_picked":["Expertise","Malaise"],"picked":"Dagger Throw","floor":13.0},{"not_picked":["Night Terror","A Thousand Cuts"],"picked":"Phantasmal Killer","floor":16.0},{"not_picked":["Skewer","Sucker Punch","Dodge and Roll"],"picked":"Singing Bowl","floor":18.0},{"not_picked":["Endless Agony+1","Dash"],"picked":"Bane+1","floor":20.0},{"not_picked":["PiercingWail","Dagger Throw"],"picked":"Noxious Fumes+1","floor":22.0},{"not_picked":["Riddle With Holes","Dagger Throw","Sucker Punch"],"picked":"Singing Bowl","floor":24.0},{"not_picked":["Setup","Noxious Fumes"],"picked":"Cloak And Dagger","floor":27.0},{"not_picked":["Well Laid Plans+1","PiercingWail"],"picked":"Leg Sweep+1","floor":31.0},{"not_picked":["Grand Finale","Doppelganger","Malaise"],"picked":"Singing Bowl","floor":33.0},{"not_picked":["Bane+1","Expertise+1"],"picked":"Backflip+1","floor":35.0},{"not_picked":["Deadly Poison+1","Blade Dance+1"],"picked":"Poisoned Stab+1","floor":37.0},{"not_picked":["PiercingWail","Cloak And Dagger","Setup+1"],"picked":"Singing Bowl","floor":38.0},{"not_picked":["Quick Slash","Outmaneuver+1"],"picked":"Venomology","floor":40.0},{"not_picked":["Cloak And Dagger+1","Slice","Flying Knee+1"],"picked":"Singing Bowl","floor":44.0},{"not_picked":["Dagger Throw","Bane+1","Riddle With Holes"],"picked":"Singing Bowl","floor":46.0},{"not_picked":["Predator","Flying Knee"],"picked":"Dodge and Roll+1","floor":48}],"player_experience":142448,"relics_obtained":[{"floor":9.0,"key":"Mummified Hand"},{"floor":11.0,"key":"Bag of Marbles"},{"floor":12.0,"key":"Vajra"},{"floor":24.0,"key":"BelialBook"},{"floor":26.0,"key":"Blue Candle"},{"floor":27.0,"key":"GnawedLeaf"},{"floor":36.0,"key":"SalivaCoin"},{"floor":38.0,"key":"StoneCalendar"},{"floor":40.0,"key":"MawBank"},{"floor":43.0,"key":"UnicornStump"},{"floor":47.0,"key":"Pantograph"}],"event_choices":[{"cards_removed":["Defend_G"],"damage_healed":0.0,"max_hp_gain":0.0,"max_hp_loss":0.0,"gold_gain":0.0,"event_name":"Bonfire Elementals","player_choice":"Offered Basic","floor":5.0,"gold_loss":0.0,"damage_taken":0.0},{"damage_healed":0.0,"max_hp_gain":0.0,"max_hp_loss":0.0,"gold_gain":0.0,"event_name":"Match and Keep!","player_choice":"1 cards matched","floor":14.0,"gold_loss":0.0,"damage_taken":0.0,"cards_obtained":["Jack Of All Trades"]},{"damage_healed":0.0,"max_hp_gain":0.0,"max_hp_loss":0.0,"gold_gain":99.0,"event_name":"Nest","player_choice":"Stole From Cult","floor":21.0,"gold_loss":0.0,"damage_taken":0.0},{"damage_healed":0.0,"max_hp_gain":0.0,"max_hp_loss":0.0,"gold_gain":0.0,"cards_transformed":["Defend_G","Strike_G"],"event_name":"Drug Dealer","player_choice":"Became Test Subject","floor":28.0,"gold_loss":0.0,"damage_taken":0.0,"cards_obtained":["Heel Hook","Quick Slash"]},{"damage_healed":0.0,"max_hp_gain":0.0,"max_hp_loss":0.0,"gold_gain":0.0,"event_name":"Mysterious Sphere","player_choice":"Fight","floor":38.0,"gold_loss":0.0,"damage_taken":0.0},{"damage_healed":0.0,"max_hp_gain":0.0,"max_hp_loss":0.0,"gold_gain":0.0,"event_name":"Tomb of Lord Red Mask","player_choice":"Ignored","floor":39.0,"gold_loss":0.0,"damage_taken":0.0}],"is_beta":false,"boss_relics":[{"not_picked":["Busted Crown","Coffee Dripper"],"picked":"MagicMushroom"},{"not_picked":[]},{"not_picked":["Velvet Choker","Tiny House"],"picked":"SacredBark"},{"not_picked":[]}],"items_purged_floors":[0,0,19,30,41],"is_endless":false,"potions_floor_spawned":[2,7,10,11,13,20,27,33,38,44,46,48],"ascension_level":5}}