{"host":"l60rmjjsfi0fipmi","time":1609268753,"event":{"mods":["BaseMod","Colored Map","DeckTracker","Highlight Path","Minty Spire (QoL Compilation)"],"gold_per_floor":[111,36,56,231,245,245,274,274,274,274,305,305,335,361,361,462,462,478,493,79,91,43,68,68,83,83,83,98,98,109,209,209,209,209],"floor_reached":33,"playtime":3863,"items_purged":["Strike_R","Strike_R"],"score":283,"play_id":"d75e1072-d7f0-4a52-9512-53b5cc3c3455","local_time":"20201229140553","is_ascension_mode":false,"campfire_choices":[{"data":"Bash","floor":6,"key":"SMITH"},{"data":"Anger","floor":8,"key":"SMITH"},{"data":"Rampage","floor":10,"key":"SMITH"},{"data":"Dual Wield","floor":15,"key":"SMITH"},{"data":"Armaments","floor":24,"key":"SMITH"},{"data":"Shrug It Off","floor":27,"key":"SMITH"},{"data":"Double Tap","floor":29,"key":"SMITH"},{"floor":32,"key":"REST"}],"circlet_count":0,"master_deck":["Strike_R","Strike_R","Strike_R","Defend_R","Defend_R","Defend_R","Defend_R","Bash+1","Iron Wave","Rampage+1","Burning Pact","Anger+1","Spot Weakness","Dual Wield+1","Offering","Warcry+1","Rage","Armaments+1","Anger+1","Shrug It Off+1","Double Tap+1"],"relics":["Burning Blood","Omamori","Thread and Needle","Frozen Egg 2","Letter Opener","Centennial Puzzle","White Beast Statue","Mark of Pain","CaptainsWheel","Peace Pipe","Orichalcum","Calipers","Kunai"],"acts_visited":["Exordium","TheCity"],"potions_floor_usage":[25,28,31,31,33],"damage_taken":[{"damage":11,"enemies":"Jaw Worm","floor":1,"turns":4},{"damage":2,"enemies":"2 Louse","floor":3,"turns":3},{"damage":0,"enemies":"Small Slimes","floor":5,"turns":3},{"damage":35,"enemies":"Gremlin Nob","floor":7,"turns":5},{"damage":17,"enemies":"Lagavulin","floor":11,"turns":6},{"damage":16,"enemies":"3 Sentries","floor":14,"turns":7},{"damage":18,"enemies":"Slime Boss","floor":16,"turns":7},{"damage":13,"enemies":"Spheric Guardian","floor":18,"turns":4},{"damage":6,"enemies":"2 Thieves","floor":19,"turns":4},{"damage":7,"enemies":"Shelled Parasite and Fungi","floor":21,"turns":3},{"damage":36,"enemies":"Gremlin Leader","floor":23,"turns":6},{"damage":29,"enemies":"Sentry and Sphere","floor":25,"turns":8},{"damage":12,"enemies":"Snecko","floor":28,"turns":7},{"damage":1,"enemies":"Chosen and Byrds","floor":30,"turns":5},{"damage":7,"enemies":"Colosseum Slavers","floor":31,"turns":5},{"damage":34,"enemies":"Colosseum Nobs","floor":31,"turns":6},{"damage":72,"enemies":"Collector","floor":33,"turns":5}],"seed_played":"8326373881164754196","potions_obtained":[{"floor":5,"key":"FairyPotion"},{"floor":7,"key":"Energy Potion"},{"floor":14,"key":"FearPotion"},{"floor":16,"key":"HeartOfIron"},{"floor":18,"key":"LiquidMemories"},{"floor":21,"key":"Regen Potion"},{"floor":25,"key":"Explosive Potion"},{"floor":28,"key":"PowerPotion"},{"floor":30,"key":"BloodPotion"},{"floor":31,"key":"Dexterity Potion"}],"is_trial":false,"path_per_floor":["M","$","M","?","M","R","E","R","T","R","E","?","?","E","R","B",null,"M","M","$","M","$","E","R","M","T","R","M","R","M","?","R","B"],"character_chosen":"IRONCLAD","items_purchased":["Armaments","CaptainsWheel","Shrug It Off"],"campfire_rested":1,"item_purchase_floors":[20,20,22],"current_hp_per_floor":[75,75,79,79,80,80,51,51,51,51,40,60,60,50,50,38,80,73,73,73,72,72,42,42,31,31,31,25,25,30,17,41,0,0],"gold":209,"neow_bonus":"RANDOM_COMMON_RELIC","is_daily":false,"chose_seed":false,"campfire_upgraded":7,"win_rate":0.0,"timestamp":1609268753,"path_taken":["M","$","M","?","M","R","E","R","T","R","E","?","?","E","R","BOSS","M","M","$","M","$","E","R","M","T","R","M","R","M","?","R","BOSS"],"items_purchased_type":["Card","Relic","Card"],"build_version":"2020-12-22","purchased_purges":2,"victory":false,"max_hp_per_floor":[80,80,80,80,80,80,80,80,80,80,80,80,80,80,80,80,80,80,80,80,80,80,80,80,80,80,80,80,80,80,80,80,80,80],"card_choices":[{"not_picked":["Clash","Thunderclap"],"picked":"Iron Wave","floor":1},{"not_picked":["Headbutt","Cleave"],"picked":"Rampage","floor":3},{"not_picked":["Iron Wave","Perfected Strike"],"picked":"Burning Pact","floor":5},{"not_picked":["Body Slam","Demon Form"],"picked":"Anger","floor":7},{"not_picked":["Wild Strike","Heavy Blade"],"picked":"Spot Weakness","floor":11},{"not_picked":["Barricade+1","Hemokinesis"],"picked":"Dual Wield","floor":14},{"not_picked":["Limit Break","Corruption+1"],"picked":"Offering","floor":16},{"not_picked":["Dropkick","Ghostly Armor"],"picked":"Warcry+1","floor":18},{"not_picked":["Cleave","Thunderclap+1"],"picked":"Rage","floor":19},{"not_picked":["Warcry+1","Flex"],"picked":"Anger+1","floor":21},{"not_picked":["Flex","Feel No Pain+1","Fire Breathing+1"],"picked":"SKIP","floor":23},{"not_picked":["Rage+1","Burning Pact","Dual Wield"],"picked":"SKIP","floor":25},{"not_picked":["Carnage+1","Wild Strike+1"],"picked":"Double Tap","floor":28},{"not_picked":["Flex+1","Burning Pact+1","Rupture+1"],"picked":"SKIP","floor":30}],"player_experience":81068,"relics_obtained":[{"floor":7,"key":"Thread and Needle"},{"floor":9,"key":"Frozen Egg 2"},{"floor":11,"key":"Letter Opener"},{"floor":14,"key":"White Beast Statue"},{"floor":23,"key":"Peace Pipe"},{"floor":26,"key":"Orichalcum"},{"floor":31,"key":"Calipers"},{"floor":31,"key":"Kunai"}],"event_choices":[{"damage_healed":0,"gold_gain":175,"player_choice":"AGREE","damage_taken":0,"max_hp_gain":0,"max_hp_loss":0,"event_name":"Liars Game","floor":4,"gold_loss":0,"cards_obtained":["Doubt"]},{"damage_healed":20,"gold_gain":0,"player_choice":"Healed and dodged fight","damage_taken":0,"max_hp_gain":0,"max_hp_loss":0,"event_name":"Mushrooms","floor":12,"gold_loss":0,"cards_obtained":["Parasite"]},{"damage_healed":0,"gold_gain":30,"player_choice":"Searched \u00273\u0027 times","damage_taken":0,"relics_obtained":["Centennial Puzzle"],"max_hp_gain":0,"max_hp_loss":0,"event_name":"Dead Adventurer","floor":13,"gold_loss":0},{"damage_healed":0,"gold_gain":0,"player_choice":"Fight","damage_taken":0,"max_hp_gain":0,"max_hp_loss":0,"event_name":"Colosseum","floor":31,"gold_loss":0},{"damage_healed":0,"gold_gain":0,"player_choice":"Fought Nobs","damage_taken":0,"max_hp_gain":0,"max_hp_loss":0,"event_name":"Colosseum","floor":31,"gold_loss":0}],"is_beta":false,"boss_relics":[{"not_picked":["Ectoplasm","Runic Dome"],"picked":"Mark of Pain"}],"items_purged_floors":[2,20],"is_endless":false,"potions_floor_spawned":[5,7,14,16,18,19,21,23,25,28,30,31,31],"killed_by":"Collector","ascension_level":0}}