{"host":"qwv9nni2x0umspiu","time":1609223192,"event":{"mods":["BaseMod","Downfall","Minty Spire (QoL Compilation)","Replay The Spire","StSLib","The Hierophant","Wandering Minibosses"],"gold_per_floor":[109,109,109,125,49,49,93,112,112,125,150,150,171,206,206,206,206],"floor_reached":16,"playtime":490,"items_purged":[],"score":274,"play_id":"559a8d43-1a17-45d5-9a66-1446815ff418","local_time":"20201228222632","is_ascension_mode":true,"campfire_choices":[{"data":"hierophant:ChurchCoffers","floor":6,"key":"SMITH"},{"data":"hierophant:Exaltation","floor":12,"key":"SMITH"},{"data":"hierophant:Community","floor":15,"key":"SMITH"}],"circlet_count":0,"master_deck":["AscendersBane","hierophant:Strike_Hierophant","hierophant:Strike_Hierophant","hierophant:Strike_Hierophant","hierophant:Strike_Hierophant","hierophant:Punish","hierophant:Defend_Hierophant","hierophant:Defend_Hierophant","hierophant:Defend_Hierophant","hierophant:ChurchCoffers+1","hierophant:Flagellation+1","hierophant:Zeal","hierophant:Community+1","hierophant:Exaltation+1","hierophant:Racketeering","hierophant:Doomsaying+1","hierophant:Chorus+1","hierophant:Encroach+1","hierophant:HammerAndAnvil+1"],"relics":["hierophant:PropheticMaskRelic","NeowsBlessing","Golden Idol","Mummified Hand","Toxic Egg 2","StrikeDummy"],"acts_visited":["Exordium"],"potions_floor_usage":[14,14,14],"damage_taken":[{"damage":0,"enemies":"Cultist","floor":1,"turns":1},{"damage":0,"enemies":"Small Slimes","floor":4,"turns":1},{"damage":0,"enemies":"Gremlin Nob","floor":7,"turns":1},{"damage":2,"enemies":"Jaw Worm","floor":8,"turns":2},{"damage":0,"enemies":"Lots of Slimes","floor":10,"turns":1},{"damage":0,"enemies":"3 Louse","floor":11,"turns":1},{"damage":9,"enemies":"Red Slaver","floor":13,"turns":2},{"damage":6,"enemies":"Lagavulin","floor":14,"turns":4},{"damage":9,"enemies":"Hexaghost","floor":16,"turns":9}],"seed_played":"4274840449860871643","potions_obtained":[{"floor":1,"key":"FearPotion"},{"floor":13,"key":"champ:CounterPotion"},{"floor":14,"key":"Fruit Juice"}],"is_trial":false,"path_per_floor":["M","?","?","M","$","R","E","M","T","M","M","R","M","E","R","B"],"character_chosen":"HIEROPHANT","items_purchased":["hierophant:Community"],"campfire_rested":0,"item_purchase_floors":[5],"current_hp_per_floor":[68,68,42,42,42,42,42,40,40,40,40,40,31,30,30,21,21],"gold":206,"neow_bonus":"THREE_ENEMY_KILL","is_daily":false,"chose_seed":false,"campfire_upgraded":3,"win_rate":0.0,"timestamp":1609223192,"path_taken":["M","?","?","M","$","R","E","M","T","M","M","R","M","E","R","BOSS"],"items_purchased_type":["Card"],"build_version":"2020-12-22","purchased_purges":0,"victory":false,"max_hp_per_floor":[75,75,75,75,75,75,75,75,75,75,75,75,75,80,80,80,80],"card_choices":[{"not_picked":["hierophant:Glossolalia","hierophant:Doubloon","hierophant:Purify"],"picked":"SKIP","floor":1},{"not_picked":["hierophant:SolarFlare","hierophant:FieryStrike"],"picked":"hierophant:Zeal","floor":4},{"not_picked":["hierophant:Bribe","hierophant:Doubloon"],"picked":"hierophant:Exaltation","floor":7},{"not_picked":["hierophant:OrnateBuckler","hierophant:PassingBell"],"picked":"hierophant:Racketeering","floor":8},{"not_picked":["hierophant:CoinFling","hierophant:Cornucopia+1"],"picked":"hierophant:Doomsaying+1","floor":10},{"not_picked":["hierophant:Empathy+1","hierophant:HolyVerse+1"],"picked":"hierophant:Chorus+1","floor":11},{"not_picked":["hierophant:Purify","hierophant:Glossolalia"],"picked":"hierophant:Encroach+1","floor":13},{"not_picked":["hierophant:ConvertCurrency+1","hierophant:FaithHealing+1"],"picked":"hierophant:HammerAndAnvil+1","floor":14}],"player_experience":1327001,"relics_obtained":[{"floor":7,"key":"Mummified Hand"},{"floor":9,"key":"Toxic Egg 2"},{"floor":14,"key":"StrikeDummy"}],"event_choices":[{"damage_healed":0,"gold_gain":0,"player_choice":"Take Damage","damage_taken":26,"relics_obtained":["Golden Idol"],"max_hp_gain":0,"max_hp_loss":0,"event_name":"Golden Idol","floor":3,"gold_loss":0}],"is_beta":false,"boss_relics":[],"items_purged_floors":[],"is_endless":false,"potions_floor_spawned":[1,13,14],"killed_by":"Hexaghost","ascension_level":20}}