{"host":"a1eatafr7pisesky","time":1609242301,"event":{"mods":["BaseMod","Colored Map","DeckTracker","Highlight Path","Keyboard Shortcuts","Minty Spire (QoL Compilation)","Permanent Neow","Random Character Button","StSLib","SuperFastMode","everything is the same but u backflip on backflip"],"gold_per_floor":[111,126,137,151,151,151,170,204,204,221,236,261,261,278,278,383,383,397,312,332,360,360,360],"floor_reached":22,"playtime":601,"items_purged":[],"score":250,"play_id":"d94270d8-3242-42d8-9041-74971e62c761","local_time":"20201229204501","is_ascension_mode":true,"campfire_choices":[{"data":"Blade Dance","floor":6.0,"key":"SMITH"},{"floor":15.0,"key":"REST"}],"circlet_count":0,"master_deck":["Strike_G","Strike_G","Strike_G","Strike_G","Strike_G","Defend_G","Defend_G+1","Defend_G","Defend_G+1","Defend_G","Survivor","Neutralize","Flechettes","Blade Dance+1","PiercingWail+1","Dash","Corpse Explosion","Blade Dance","Blur","Die Die Die","Choke","Backflip","Blade Dance"],"relics":["Ring of the Snake","Lizard Tail","War Paint","Question Card","Pantograph","HoveringKite","Bag of Marbles","Red Mask"],"acts_visited":["Exordium","TheCity"],"potions_floor_usage":[22],"damage_taken":[{"damage":4.0,"enemies":"Small Slimes","floor":1.0,"turns":3.0},{"damage":0.0,"enemies":"Cultist","floor":2.0,"turns":3.0},{"damage":8.0,"enemies":"2 Louse","floor":3.0,"turns":2.0},{"damage":7.0,"enemies":"2 Fungi Beasts","floor":4.0,"turns":3.0},{"damage":0.0,"enemies":"Large Slime","floor":7.0,"turns":4.0},{"damage":30.0,"enemies":"3 Sentries","floor":8.0,"turns":7.0},{"damage":14.0,"enemies":"Exordium Wildlife","floor":10.0,"turns":3.0},{"damage":0.0,"enemies":"Exordium Thugs","floor":11.0,"turns":3.0},{"damage":22.0,"enemies":"Gremlin Nob","floor":12.0,"turns":4.0},{"damage":0.0,"enemies":"3 Louse","floor":14.0,"turns":1.0},{"damage":35.0,"enemies":"The Guardian","floor":16.0,"turns":16.0},{"damage":32.0,"enemies":"Spheric Guardian","floor":18.0,"turns":6.0},{"damage":9.0,"enemies":"Chosen","floor":20.0,"turns":8.0},{"damage":0.0,"enemies":"Masked Bandits","floor":21.0,"turns":2.0},{"damage":13,"enemies":"Centurion and Healer","floor":22,"turns":3}],"seed_played":"-18464675798030405","potions_obtained":[{"floor":2.0,"key":"Swift Potion"},{"floor":3.0,"key":"LiquidBronze"},{"floor":11.0,"key":"Energy Potion"},{"floor":14.0,"key":"Dexterity Potion"},{"floor":16.0,"key":"SneckoOil"},{"floor":18.0,"key":"DistilledChaos"}],"is_trial":false,"path_per_floor":["M","M","M","M","?","R","M","E","T","M","M","E","?","M","R","B",null,"M","?","M","?","M"],"character_chosen":"THE_SILENT","items_purchased":[],"campfire_rested":1,"item_purchase_floors":[],"current_hp_per_floor":[59,59,51,44,44,44,44,14,14,31,31,9,9,9,27,17,52,20,20,11,11,0,0],"gold":360,"neow_bonus":"ONE_RARE_RELIC","is_daily":false,"chose_seed":false,"campfire_upgraded":1,"win_rate":0.0,"timestamp":1609242301,"path_taken":["M","M","M","M","?","R","M","E","T","?","M","E","?","M","R","BOSS","M","?","M","?","M"],"items_purchased_type":[],"build_version":"2020-12-22","purchased_purges":0,"victory":false,"max_hp_per_floor":[63,63,63,63,63,63,63,63,63,63,63,63,63,63,63,63,63,63,63,63,63,63,63],"card_choices":[{"not_picked":["Outmaneuver","Underhanded Strike"],"picked":"Flechettes","floor":1.0},{"not_picked":["Prepared","Well Laid Plans"],"picked":"Blade Dance","floor":2.0},{"not_picked":["Endless Agony","Prepared","Deflect"],"picked":"SKIP","floor":3.0},{"not_picked":["Blade Dance","Concentrate"],"picked":"PiercingWail","floor":4.0},{"not_picked":["Deflect","Masterful Stab"],"picked":"Dash","floor":7.0},{"not_picked":["Prepared","Tactician"],"picked":"Corpse Explosion","floor":8.0},{"not_picked":["Setup","Flying Knee","Tactician","Underhanded Strike"],"picked":"SKIP","floor":10.0},{"not_picked":["Infinite Blades","Reflex","Acrobatics"],"picked":"Blade Dance","floor":11.0},{"not_picked":["Underhanded Strike","All Out Attack","Distraction"],"picked":"Blur","floor":12.0},{"not_picked":["Well Laid Plans","Bane","Unload","Sucker Punch"],"picked":"SKIP","floor":14.0},{"not_picked":["Storm of Steel","Tools of the Trade","Corpse Explosion"],"picked":"Die Die Die","floor":16.0},{"not_picked":["Skewer","Deadly Poison","Blade Dance"],"picked":"Choke","floor":18.0},{"not_picked":["Well Laid Plans","Skewer+1","Riddle With Holes"],"picked":"Backflip","floor":20.0},{"not_picked":["Outmaneuver+1","Dagger Throw+1","Acrobatics"],"picked":"Blade Dance","floor":21.0}],"player_experience":272322,"relics_obtained":[{"floor":8.0,"key":"War Paint"},{"floor":9.0,"key":"Question Card"},{"floor":12.0,"key":"Pantograph"},{"floor":21.0,"key":"Red Mask"}],"event_choices":[{"damage_healed":0.0,"max_hp_gain":0.0,"max_hp_loss":0.0,"gold_gain":0.0,"event_name":"Upgrade Shrine","player_choice":"Upgraded","floor":5.0,"gold_loss":0.0,"damage_taken":0.0,"cards_upgraded":["PiercingWail"]},{"damage_healed":0.0,"max_hp_gain":0.0,"max_hp_loss":0.0,"gold_gain":0.0,"event_name":"Scrap Ooze","player_choice":"Fled","floor":13.0,"gold_loss":0.0,"damage_taken":0.0},{"damage_healed":0.0,"max_hp_gain":0.0,"max_hp_loss":0.0,"gold_gain":0.0,"event_name":"Addict","player_choice":"Obtained Relic","floor":19.0,"gold_loss":85.0,"damage_taken":0.0,"relics_obtained":["Bag of Marbles"]},{"damage_healed":0.0,"max_hp_gain":0.0,"max_hp_loss":0.0,"gold_gain":0.0,"event_name":"Masked Bandits","player_choice":"Fought Bandits","floor":21.0,"gold_loss":0.0,"damage_taken":0.0}],"is_beta":false,"boss_relics":[{"not_picked":["Pandora\u0027s Box","Snecko Eye"],"picked":"HoveringKite"}],"items_purged_floors":[],"is_endless":false,"potions_floor_spawned":[2,3,11,14,16,18],"killed_by":"Centurion and Healer","ascension_level":5}}