{"host":"kh1j1cf337zr4nij","time":1609236587,"event":{"mods":["2.2 Compatiblity","AchievementEnabler","Act Like it!","Aspiration","BaseMod","Beaked The Cultist","Bestiary","CCEM","Colored Map","Colored Powertips","Conspire","Downfall","Energized Spire","Fireblade Mod","Friendly Minions","FruityMod","GifTheSpireLib","Glutton Mod","Halation","Hermit","Highlight Path","Hubris","Jedi Mod","JesterMod","Mad Scientist","Marisa????????","Melee Mod","Minty Spire (QoL Compilation)","Quick Restart","Random Character Button","Relic Stats","Replay The Spire","Shade Mod","Slumbering Mod","Spikes Relics","StSLib","Stuff the Spire","SuperFastMode","Synergy Search","The Blackbeard","The Clintock","The Construct","The Cursed","The Disciple","The Druid","The Forsaken","The Hierophant","The Judge","The Juggle","The Mystic","The Necromancer","The Runesmith","The Servant 0.9.4","The Spell Scribe","The Valiant","TheFirefly","Trackpad","vexMod"],"gold_per_floor":[99,112,125,249,249,249,249,249,249,249,249,98,98,83,83,83,83,83,83,83,83,83,83,83,68,68,68,68,68,68,68,68,68,68,68,68,68,91,106,106,106,117,42,56,68,118,133,221,233,233],"floor_reached":51,"playtime":3613,"items_purged":["theDruid:BriarArmor","Injury","theDruid:Strike_O"],"score":708,"play_id":"8ad593ab-ddf6-4de7-8943-de24e870c89a","local_time":"20201229050947","is_ascension_mode":false,"campfire_choices":[{"data":"theDruid:WildSlash","floor":1,"key":"SMITH"},{"data":"theDruid:ApexPredator","floor":13,"key":"SMITH"},{"data":"Mayhem","floor":18,"key":"SMITH"},{"floor":28,"key":"RECALL"},{"data":"theDruid:BlessedStrike","floor":35,"key":"SMITH"},{"data":"theDruid:PrimalStrength","floor":43,"key":"SMITH"}],"circlet_count":0,"master_deck":["theDruid:Strike_O","theDruid:Strike_O","theDruid:Strike_O+1","theDruid:Defend_O","theDruid:Defend_O","theDruid:Defend_O","theDruid:Defend_O","theDruid:WildSlash+1","theDruid:Resupply","theDruid:Slingshot+1","theDruid:FelineGrace","Mayhem+1","theDruid:AstralShield+1","theDruid:Forage+1","theDruid:PrimalStrength+1","theDruid:ApexPredator+1","theDruid:ForestsSoul+1","theDruid:ThickHide+1","theDruid:Entangle+1","theDruid:CelestialSurge","theDruid:BlessedStrike+1","theDruid:Fortitude+1","theDruid:SurvivalCache+1","theDruid:Gore","theDruid:Resupply+1","theDruid:Starfall+1","theDruid:SurvivalInstincts","theDruid:Slingshot+1","theDruid:Scavenge+1","theDruid:FuriousSlash","theDruid:IronClaw+1"],"relics":["theDruid:CrownOfTheWilds","jedi:ominousloannote","Toxic Egg 2","ReplayTheSpireMod:Ring of Exchange","Runesmith:Nanobots","Chameleon Ring","hubris:Towel","Whetstone","construct:WeddingRing","CCEMRelics:PorcelainBowl","halation:EternalFortune","BlackRope","ChewingGum","hubris:Icosahedron","downfall:HeartBlessingGreen","Pocketwatch","theDruid:PetrifiedLog"],"acts_visited":["Exordium","TheCity","TheBeyond"],"potions_floor_usage":[4,20,22,29,50,50,50],"damage_taken":[{"damage":5,"enemies":"Small Slimes","floor":2,"turns":5},{"damage":0,"enemies":"2 Louse","floor":3,"turns":4},{"damage":0,"enemies":"downfall:FleeingMerchant","floor":4,"turns":4},{"damage":12,"enemies":"Gremlin Nob","floor":8,"turns":4},{"damage":6,"enemies":"3 Sentries","floor":10,"turns":10},{"damage":0,"enemies":"Jaw Worm","floor":11,"turns":5},{"damage":0,"enemies":"downfall:FleeingMerchant","floor":12,"turns":4},{"damage":2,"enemies":"downfall:FleeingMerchant","floor":14,"turns":4},{"damage":11,"enemies":"Exordium Wildlife","floor":15,"turns":8},{"damage":0,"enemies":"downfall:Ironclad","floor":16,"turns":10},{"damage":0,"enemies":"3 Byrds","floor":19,"turns":8},{"damage":21,"enemies":"Snake Plant","floor":20,"turns":6},{"damage":2,"enemies":"Centurion and Healer","floor":21,"turns":6},{"damage":2,"enemies":"Shelled Parasite and Fungi","floor":22,"turns":6},{"damage":0,"enemies":"downfall:FleeingMerchant","floor":25,"turns":4},{"damage":8,"enemies":"Book of Stabbing","floor":27,"turns":4},{"damage":35,"enemies":"Cultist and Chosen","floor":29,"turns":11},{"damage":0,"enemies":"3 Cultists","floor":30,"turns":6},{"damage":6,"enemies":"Snecko","floor":31,"turns":7},{"damage":0,"enemies":"Cultist and Chosen","floor":32,"turns":6},{"damage":26,"enemies":"downfall:Defect","floor":33,"turns":12},{"damage":0,"enemies":"3 Shapes","floor":36,"turns":3},{"damage":1,"enemies":"Orb Walker","floor":39,"turns":4},{"damage":19,"enemies":"Writhing Mass","floor":42,"turns":5},{"damage":1,"enemies":"Maw","floor":44,"turns":7},{"damage":17,"enemies":"4 Shapes","floor":45,"turns":5},{"damage":16,"enemies":"Mind Bloom Boss Battle","floor":46,"turns":6},{"damage":18,"enemies":"Jaw Worm Horde","floor":47,"turns":5},{"damage":0,"enemies":"downfall:FleeingMerchant","floor":48,"turns":3},{"damage":0,"enemies":"Transient","floor":49,"turns":5},{"damage":12,"enemies":"downfall:Silent","floor":50,"turns":5}],"seed_played":"3327304698740460231","potions_obtained":[{"floor":3,"key":"LiquidBronze"},{"floor":10,"key":"Elixir"},{"floor":15,"key":"champ:CounterPotion"},{"floor":16,"key":"Regen Potion"},{"floor":20,"key":"construct:ShiftPotion"},{"floor":27,"key":"Swift Potion"},{"floor":30,"key":"Weak Potion"},{"floor":38,"key":"Dexterity Potion"},{"floor":38,"key":"jedi:holywater"},{"floor":38,"key":"CultistPotion"}],"is_trial":false,"path_per_floor":["R","M","M","$","?","?","T","E","?","E","M","$","R","$","M","B",null,"R","M","M","M","M","?","T","$","?","E","R","M","M","M","M","B",null,"R","M","?","?","M","?","T","M","R","M","M","?","M","$","M","B",null],"character_chosen":"DRUID","items_purchased":["jedi:ominousloannote","Mayhem","theDruid:ForestsSoul+1","theDruid:PetrifiedLog"],"campfire_rested":0,"item_purchase_floors":[4,4,12,48],"current_hp_per_floor":[82,77,77,77,77,77,77,65,65,59,64,69,69,72,66,71,82,82,82,61,64,82,82,82,82,85,82,82,52,60,59,67,46,91,91,91,91,91,91,91,91,72,72,76,64,53,40,45,50,43],"gold":233,"neow_bonus":"TEN_PERCENT_HP_BONUS","is_daily":false,"chose_seed":false,"campfire_upgraded":5,"win_rate":0.0,"timestamp":1609236587,"path_taken":["R","M","M","$","?","?","T","E","?","E","M","$","R","?","M","BOSS","R","M","M","M","M","?","T","$","?","E","R","?","M","M","M","BOSS","R","M","?","?","M","?","T","?","R","M","M","?","M","$","M","BOSS"],"items_purchased_type":["Relic","Card","Card","Relic"],"build_version":"2020-12-22","purchased_purges":3,"victory":true,"max_hp_per_floor":[82,82,82,82,82,82,82,82,82,82,82,82,82,82,82,82,82,82,82,82,82,82,82,82,82,85,85,85,85,88,88,91,91,91,91,91,91,91,91,91,91,91,91,91,91,91,91,91,91,91],"relic_stats":{"counters":[31,182],"Whetstone":["theDruid:Strike_O","theDruid:Slingshot"],"obtain_stats":[{"ReplayTheSpireMod:Ring of Exchange":6,"Runesmith:Nanobots":7,"CCEMRelics:PorcelainBowl":24,"construct:WeddingRing":17,"downfall:HeartBlessingGreen":43,"Whetstone":10,"BlackRope":27,"hubris:Towel":9,"theDruid:CrownOfTheWilds":0,"theDruid:PetrifiedLog":48,"Chameleon Ring":8,"hubris:Icosahedron":37,"jedi:ominousloannote":4,"halation:EternalFortune":26,"ChewingGum":34,"Toxic Egg 2":5,"Pocketwatch":46},{"ReplayTheSpireMod:Ring of Exchange":3,"Runesmith:Nanobots":3,"CCEMRelics:PorcelainBowl":14,"construct:WeddingRing":10,"downfall:HeartBlessingGreen":24,"Whetstone":5,"BlackRope":16,"hubris:Towel":4,"theDruid:CrownOfTheWilds":0,"theDruid:PetrifiedLog":29,"Chameleon Ring":4,"hubris:Icosahedron":22,"jedi:ominousloannote":3,"halation:EternalFortune":15,"ChewingGum":21,"Toxic Egg 2":3,"Pocketwatch":27},{"ReplayTheSpireMod:Ring of Exchange":13,"Runesmith:Nanobots":13,"CCEMRelics:PorcelainBowl":84,"construct:WeddingRing":58,"downfall:HeartBlessingGreen":146,"Whetstone":27,"BlackRope":92,"hubris:Towel":17,"theDruid:CrownOfTheWilds":0,"theDruid:PetrifiedLog":172,"Chameleon Ring":17,"hubris:Icosahedron":137,"jedi:ominousloannote":13,"halation:EternalFortune":88,"ChewingGum":134,"Toxic Egg 2":13,"Pocketwatch":164}],"Pocketwatch":[0]},"card_choices":[{"not_picked":["theDruid:BrambleLash","theDruid:ViralBites"],"picked":"theDruid:Resupply","floor":2},{"not_picked":["theDruid:Swipe","theDruid:FullMoon"],"picked":"theDruid:Slingshot","floor":3},{"not_picked":["theDruid:Rummage","theDruid:BloodiedFur"],"picked":"theDruid:FelineGrace","floor":4},{"not_picked":["theDruid:IronClaw","theDruid:SpiritCall+1"],"picked":"theDruid:AstralShield+1","floor":8},{"not_picked":["theDruid:ViralBites","theDruid:Rummage+1"],"picked":"theDruid:Forage+1","floor":10},{"not_picked":["theDruid:FullMoon","theDruid:Slingshot"],"picked":"theDruid:PrimalStrength","floor":11},{"not_picked":["theDruid:BagofTricks+1","theDruid:Starfall"],"picked":"theDruid:ApexPredator","floor":12},{"not_picked":["theDruid:FuriousSlash","theDruid:Swipe"],"picked":"theDruid:ThickHide+1","floor":14},{"not_picked":["theDruid:Pathfinder+1","theDruid:Adaptation"],"picked":"theDruid:Entangle+1","floor":15},{"not_picked":["theDruid:IronbarkArmor","theDruid:SerratedFlesh+1"],"picked":"theDruid:CelestialSurge","floor":16},{"not_picked":["theDruid:Recoil+1","theDruid:Adaptation"],"picked":"theDruid:BlessedStrike","floor":19},{"not_picked":["theDruid:Stampede+1","theDruid:FullMoon"],"picked":"theDruid:Fortitude+1","floor":20},{"not_picked":["theDruid:Stampede","theDruid:Rummage+1","theDruid:TakeShelter+1"],"picked":"SKIP","floor":21},{"not_picked":["theDruid:Eclipse+1","theDruid:TwilightsCall+1"],"picked":"theDruid:SurvivalCache+1","floor":22},{"not_picked":["theDruid:Starfall","theDruid:BagofTricks+1","theDruid:ForestsSoul+1"],"picked":"SKIP","floor":25},{"not_picked":["theDruid:BlessedStrike+1","theDruid:Entangle+1"],"picked":"theDruid:Resupply+1","floor":27},{"not_picked":["theDruid:Resupply+1","theDruid:FuriousSlash","theDruid:Recoil+1"],"picked":"SKIP","floor":29},{"not_picked":["theDruid:BrambleLash","theDruid:ThickHide+1","theDruid:BlessedStrike"],"picked":"SKIP","floor":30},{"not_picked":["theDruid:FelineGrace+1","theDruid:Guidance+1","theDruid:CelestialSurge"],"picked":"SKIP","floor":31},{"not_picked":["theDruid:FuriousSlash","theDruid:TakeShelter+1"],"picked":"theDruid:Starfall+1","floor":32},{"not_picked":["theDruid:Earthquake","theDruid:TearOpen"],"picked":"theDruid:SurvivalInstincts","floor":33},{"not_picked":["theDruid:ThickHide+1","theDruid:PlagueClaw"],"picked":"theDruid:Slingshot+1","floor":36},{"not_picked":["theDruid:Infestation+1","theDruid:Slingshot+1","theDruid:PlagueClaw+1"],"picked":"SKIP","floor":39},{"not_picked":["theDruid:Rummage+1","theDruid:Resupply+1"],"picked":"theDruid:Scavenge+1","floor":42},{"not_picked":["theDruid:FuriousSlash","theDruid:Pathfinder+1","theDruid:Resupply+1"],"picked":"SKIP","floor":44},{"not_picked":["theDruid:ForestsSoul+1","theDruid:PlagueClaw","theDruid:Starfall"],"picked":"SKIP","floor":45},{"not_picked":["theDruid:ForestGuard","theDruid:Pathfinder+1"],"picked":"theDruid:FuriousSlash","floor":46},{"not_picked":["theDruid:Recoil+1","theDruid:ThornStrike","theDruid:Entangle+1"],"picked":"SKIP","floor":47},{"not_picked":["theDruid:Guidance+1","theDruid:SpiritCall+1","theDruid:PrimalStrength"],"picked":"SKIP","floor":48},{"not_picked":["theDruid:Slingshot+1","theDruid:FelineGrace+1","theDruid:IronClaw+1"],"picked":"SKIP","floor":49},{"not_picked":["theDruid:Slingshot+1","theDruid:FelineGrace+1"],"picked":"theDruid:IronClaw+1","floor":49}],"player_experience":32289,"relics_obtained":[{"floor":6,"key":"ReplayTheSpireMod:Ring of Exchange"},{"floor":7,"key":"Runesmith:Nanobots"},{"floor":8,"key":"Chameleon Ring"},{"floor":10,"key":"Whetstone"},{"floor":24,"key":"CCEMRelics:PorcelainBowl"},{"floor":27,"key":"BlackRope"},{"floor":30,"key":"halation:EternalFortune"},{"floor":32,"key":"halation:EternalFortune"},{"floor":46,"key":"Pocketwatch"}],"event_choices":[{"damage_healed":0,"gold_gain":0,"player_choice":"Read","damage_taken":0,"max_hp_gain":0,"max_hp_loss":0,"event_name":"The Library","floor":23,"gold_loss":0,"cards_obtained":["theDruid:Gore"]},{"damage_healed":0,"gold_gain":0,"player_choice":"Ignored","damage_taken":0,"max_hp_gain":0,"max_hp_loss":0,"event_name":"NoteForYourself","floor":40,"gold_loss":0}],"is_beta":false,"boss_relics":[{"not_picked":["jesterMod:MirrorMask","conspire:SeveredTorchhead"],"picked":"construct:WeddingRing"},{"not_picked":["Fusion Hammer","Abe\u0027s Treasure"],"picked":"ChewingGum"}],"items_purged_floors":[4,12,48],"is_endless":false,"potions_floor_spawned":[3,10,15,16,20,27,30,31,39,45,46,47,49],"ascension_level":0}}