{"host":"4dbgro9q4v1tkbhe","time":1609228585,"event":{"mods":["BaseMod","Minty Spire (QoL Compilation)","Quick Restart","Replay The Spire","StSLib"],"gold_per_floor":[110,160,160,160,176,176,190,190,190,210,222,233,233,253,253,325,325,336,316,241,257,177,177,177,177],"floor_reached":24,"playtime":648,"items_purged":[],"score":580,"play_id":"89344696-2b04-4cf3-bda7-babb7b197970","local_time":"20201229155625","is_ascension_mode":true,"campfire_choices":[{"data":"Bash","floor":6.0,"key":"SMITH"},{"data":"Whirlwind","floor":13.0,"key":"SMITH"},{"data":"ReplayTheSpireMod:Limb From Limb","floor":15.0,"key":"SMITH"},{"floor":23.0,"key":"REST"}],"circlet_count":0,"master_deck":["AscendersBane","Strike_R","Strike_R","Strike_R","Strike_R","Defend_R","Defend_R","Defend_R","Defend_R","Bash+1","Carnage","Whirlwind+1","ReplayTheSpireMod:Limb From Limb+1","Double Tap","Seeing Red","Dropkick"],"relics":["Burning Blood","White Beast Statue","Darkstone Periapt"],"acts_visited":["Exordium","TheCity"],"potions_floor_usage":[24],"damage_taken":[{"damage":7.0,"enemies":"Small Slimes","floor":1.0,"turns":3.0},{"damage":1.0,"enemies":"Cultist","floor":5.0,"turns":3.0},{"damage":2.0,"enemies":"2 Louse","floor":7.0,"turns":3.0},{"damage":17.0,"enemies":"Looter","floor":10.0,"turns":3.0},{"damage":1.0,"enemies":"2 Fungi Beasts","floor":11.0,"turns":3.0},{"damage":13.0,"enemies":"3 Louse","floor":12.0,"turns":4.0},{"damage":12.0,"enemies":"Looter","floor":14.0,"turns":3.0},{"damage":36.0,"enemies":"Hexaghost","floor":16.0,"turns":7.0},{"damage":12.0,"enemies":"Chosen","floor":18.0,"turns":3.0},{"damage":27.0,"enemies":"2 Thieves","floor":19.0,"turns":4.0},{"damage":15.0,"enemies":"Chosen and Byrds","floor":21.0,"turns":4.0},{"damage":41,"enemies":"Slavers","floor":24,"turns":4}],"seed_played":"-8495880812076939881","potions_obtained":[{"floor":1.0,"key":"EntropicBrew"},{"floor":10.0,"key":"BloodPotion"},{"floor":11.0,"key":"Strength Potion"},{"floor":12.0,"key":"ElixirPotion"},{"floor":16.0,"key":"Adrenaline Potion"},{"floor":18.0,"key":"SkillPotion"},{"floor":19.0,"key":"AttackPotion"},{"floor":21.0,"key":"AttackPotion"}],"is_trial":true,"path_per_floor":["M","?","$","?","M","R","M","T","T","M","M","M","R","M","R","B",null,"M","M","?","M","?","R","E"],"character_chosen":"IRONCLAD","items_purchased":[],"campfire_rested":1,"item_purchase_floors":[],"current_hp_per_floor":[67,60,60,60,65,65,69,69,69,58,75,68,68,62,62,32,64,58,37,37,28,28,50,9,9],"gold":177,"neow_bonus":"","is_daily":false,"chose_seed":false,"campfire_upgraded":3,"win_rate":0.0,"timestamp":1609228585,"path_taken":["M","?","?","?","M","R","M","?","T","M","M","M","R","M","R","BOSS","M","M","?","M","?","R","E"],"items_purchased_type":[],"build_version":"2020-12-22","purchased_purges":0,"victory":false,"max_hp_per_floor":[75,75,75,75,75,75,75,75,75,75,75,75,75,75,75,75,75,75,75,75,75,75,75,75,75],"card_choices":[{"not_picked":["ReplayReversal","Sword Boomerang","Cleave"],"picked":"SKIP","floor":1.0},{"not_picked":["Pommel Strike","Battle Trance","Armaments"],"picked":"SKIP","floor":5.0},{"not_picked":["Cleave","Thunderclap","Juggernaut"],"picked":"SKIP","floor":7.0},{"not_picked":["Perfected Strike","Body Slam"],"picked":"Carnage","floor":10.0},{"not_picked":["Clothesline","Carnage","ReplayReversal"],"picked":"SKIP","floor":11.0},{"not_picked":["Clash","Wild Strike"],"picked":"Whirlwind","floor":12.0},{"not_picked":["Abandon","Pommel Strike"],"picked":"ReplayTheSpireMod:Limb From Limb","floor":14.0},{"not_picked":["Exhume","Bludgeon"],"picked":"Double Tap","floor":16.0},{"not_picked":["Dual Wield","Evolve","Twin Strike+1"],"picked":"SKIP","floor":18.0},{"not_picked":["ReplayTheSpireMod:LeadingStrike","Blood for Blood+1"],"picked":"Seeing Red","floor":19.0},{"not_picked":["Body Slam","Rage"],"picked":"Dropkick","floor":21.0}],"player_experience":283096,"relics_obtained":[{"floor":8.0,"key":"White Beast Statue"},{"floor":9.0,"key":"Darkstone Periapt"}],"event_choices":[{"damage_healed":0.0,"max_hp_gain":0.0,"max_hp_loss":0.0,"gold_gain":50.0,"event_name":"FaceTrader","player_choice":"Touch","floor":2.0,"gold_loss":0.0,"damage_taken":7.0},{"damage_healed":0.0,"max_hp_gain":0.0,"max_hp_loss":0.0,"gold_gain":0.0,"event_name":"Shining Light","player_choice":"Ignored","floor":4.0,"gold_loss":0.0,"damage_taken":0.0},{"cards_removed":["Strike_R"],"damage_healed":0.0,"max_hp_gain":0.0,"max_hp_loss":0.0,"gold_gain":0.0,"event_name":"Beggar","player_choice":"Gave Gold","floor":20.0,"gold_loss":75.0,"damage_taken":0.0}],"is_beta":false,"boss_relics":[{"not_picked":[]}],"items_purged_floors":[],"is_endless":true,"potions_floor_spawned":[1,10,11,12,14,16,18,19,21],"killed_by":"Slavers","ascension_level":20}}