{"host":"f55lpzc7830gmx23","time":1609268491,"event":{"mods":["BaseMod","Better Note","Downfall","Hermit","Minty Spire (QoL Compilation)","StSLib","The Blackbeard","The Cursed","The Necromancer"],"gold_per_floor":[130,159,159,159,194,194,244,93,118,22,56,6,32,66,66,179,179,208,168,199,228,228,228,295,295,295,295,67,67,94,19,19,49,49,49],"floor_reached":33,"playtime":1566,"items_purged":["Pain"],"score":408,"play_id":"6fac3132-a690-45d5-80c1-5340bd9b95c8","local_time":"20201229200131","is_ascension_mode":true,"campfire_choices":[{"floor":6,"key":"REST"},{"floor":15,"key":"REST"},{"floor":23,"key":"REST"},{"floor":29,"key":"REST"},{"data":"blackbeard:BoostMorale","floor":32,"key":"SMITH"}],"circlet_count":0,"master_deck":["AscendersBane","blackbeard:BlackbeardStrike","blackbeard:BlackbeardStrike+1","blackbeard:BlackbeardStrike","blackbeard:IntimidatingStrike","blackbeard:BlackbeardDefend","blackbeard:BlackbeardDefend","blackbeard:BlackbeardDefend","blackbeard:BlackbeardDefend","blackbeard:Cutlass+1","blackbeard:AgileStrike","blackbeard:Sword","blackbeard:CloakAndCannonball","blackbeard:DeadlyArsenal","blackbeard:Scrap","blackbeard:GoldenStrike","blackbeard:GoldenStrike","blackbeard:PowderKeg+1","blackbeard:BeatUp","blackbeard:BoostMorale+1","blackbeard:InfiniteBarrage+1","blackbeard:TacticalRetreat+1","blackbeard:Bandana","blackbeard:ReapersScythe","blackbeard:PirateHook"],"relics":["blackbeard:LoadTheCannons","blackbeard:TreasureChest","blackbeard:Spearhead","MealTicket","blackbeard:CannonballsOfSteel","Black Star","Ancient Tea Set","Tiny Chest","WarpedTongs","blackbeard:PowderCan","Bottled Lightning","blackbeard:CrossedSwords","PreservedInsect"],"acts_visited":["TheCity"],"potions_floor_usage":[7,13,16,22,24,24],"damage_taken":[{"damage":2,"enemies":"Jaw Worm","floor":1,"turns":4},{"damage":6,"enemies":"2 Louse","floor":2,"turns":3},{"damage":1,"enemies":"Cultist","floor":5,"turns":3},{"damage":18,"enemies":"Gremlin Nob","floor":7,"turns":3},{"damage":0,"enemies":"Gremlin Gang","floor":11,"turns":3},{"damage":5,"enemies":"2 Fungi Beasts","floor":13,"turns":3},{"damage":19,"enemies":"Exordium Wildlife","floor":14,"turns":4},{"damage":40,"enemies":"The Guardian","floor":16,"turns":10},{"damage":17,"enemies":"3 Byrds","floor":18,"turns":5},{"damage":0,"enemies":"Chosen","floor":20,"turns":4},{"damage":21,"enemies":"Snake Plant","floor":21,"turns":4},{"damage":27,"enemies":"Book of Stabbing","floor":24,"turns":4},{"damage":89,"enemies":"Automaton","floor":33,"turns":6}],"seed_played":"2699187023654717485","potions_obtained":[{"floor":1,"key":"SteroidPotion"},{"floor":2,"key":"blackbeard:OrangeJuicePotion"},{"floor":7,"key":"Guardian:BlockOnCardUsePotion"},{"floor":16,"key":"champ:CounterPotion"},{"floor":18,"key":"Block Potion"},{"floor":22,"key":"Fruit Juice"},{"floor":22,"key":"AttackPotion"}],"is_trial":false,"path_per_floor":["M","M","?","?","M","R","E","$","T","$","M","?","M","M","R","B",null,"M","?","M","M","?","R","E","?","T","T","$","R","T","$","R","B"],"character_chosen":"BLACKBEARD_CLASS","items_purchased":["MealTicket","blackbeard:Scrap","blackbeard:GoldenStrike","blackbeard:CrossedSwords","blackbeard:PirateHook"],"campfire_rested":4,"item_purchase_floors":[8,10,10,28,28],"current_hp_per_floor":[66,60,60,60,59,75,57,57,57,72,72,72,67,48,70,38,66,49,49,49,28,33,57,30,30,30,30,45,69,69,80,80,0,0,0],"gold":49,"neow_bonus":"RANDOM_COMMON_RELIC","is_daily":false,"chose_seed":false,"campfire_upgraded":1,"win_rate":0.0,"timestamp":1609268491,"path_taken":["M","M","?","?","?","R","E","$","T","$","?","?","M","M","R","BOSS","M","?","M","M","?","R","E","?","T","?","?","R","?","$","R","BOSS"],"items_purchased_type":["Relic","Card","Card","Relic","Card"],"build_version":"2020-12-22","purchased_purges":1,"victory":false,"max_hp_per_floor":[75,75,75,75,75,75,75,75,75,75,75,75,75,75,75,75,75,75,75,75,75,80,80,80,80,80,80,80,80,80,80,80,80,80,80],"card_choices":[{"not_picked":["blackbeard:SwordDance","blackbeard:Provisioning"],"picked":"blackbeard:AgileStrike","floor":1},{"not_picked":["blackbeard:FieryDefense","blackbeard:Sharpening"],"picked":"blackbeard:Sword","floor":2},{"not_picked":["blackbeard:Dagger","blackbeard:PiratesWill"],"picked":"blackbeard:CloakAndCannonball","floor":5},{"not_picked":["blackbeard:UndeadForm","blackbeard:PiratesWill"],"picked":"blackbeard:DeadlyArsenal","floor":7},{"not_picked":["blackbeard:Eyepatch","blackbeard:Spear"],"picked":"blackbeard:GoldenStrike","floor":11},{"not_picked":["blackbeard:BeatUp","blackbeard:Fencing"],"picked":"blackbeard:PowderKeg","floor":13},{"not_picked":["blackbeard:BlindAttacks","blackbeard:Sharpening"],"picked":"blackbeard:BeatUp","floor":14},{"not_picked":["blackbeard:PirateStrength","blackbeard:GoldenRain"],"picked":"blackbeard:BoostMorale","floor":16},{"not_picked":["blackbeard:Spear+1","blackbeard:WiseDefense+1"],"picked":"blackbeard:InfiniteBarrage+1","floor":18},{"not_picked":["blackbeard:BeatUp","blackbeard:Boarding"],"picked":"blackbeard:TacticalRetreat+1","floor":20},{"not_picked":["blackbeard:WoodenLeg+1","blackbeard:DeadlyArsenal"],"picked":"blackbeard:Bandana","floor":21},{"not_picked":["blackbeard:GoldenRain","blackbeard:ArmorUp"],"picked":"blackbeard:ReapersScythe","floor":24}],"player_experience":443750,"relics_obtained":[{"floor":7,"key":"blackbeard:Spearhead"},{"floor":9,"key":"blackbeard:CannonballsOfSteel"},{"floor":24,"key":"Ancient Tea Set"},{"floor":24,"key":"Tiny Chest"},{"floor":26,"key":"blackbeard:PowderCan"},{"floor":27,"key":"Bottled Lightning"},{"floor":30,"key":"PreservedInsect"}],"event_choices":[{"damage_healed":0,"gold_gain":0,"player_choice":"Ignored","damage_taken":0,"max_hp_gain":0,"max_hp_loss":0,"event_name":"Golden Wing","floor":3,"gold_loss":0},{"damage_healed":0,"gold_gain":0,"player_choice":"Upgraded","damage_taken":0,"max_hp_gain":0,"max_hp_loss":0,"event_name":"Upgrade Shrine","floor":4,"gold_loss":0,"cards_upgraded":["blackbeard:Cutlass"]},{"cards_removed":["blackbeard:BlackbeardStrike"],"damage_healed":0,"gold_gain":0,"player_choice":"Card Removal","damage_taken":0,"max_hp_gain":0,"max_hp_loss":0,"event_name":"The Cleric","floor":12,"gold_loss":50},{"damage_healed":0,"gold_gain":0,"player_choice":"Upgraded Two","damage_taken":0,"max_hp_gain":0,"max_hp_loss":0,"event_name":"Designer","floor":19,"gold_loss":40,"cards_upgraded":["blackbeard:PowderKeg","blackbeard:BlackbeardStrike"]},{"damage_healed":0,"gold_gain":0,"player_choice":"Got Potions","damage_taken":0,"max_hp_gain":0,"max_hp_loss":0,"event_name":"Lab","floor":22,"gold_loss":0},{"damage_healed":0,"gold_gain":0,"player_choice":"Rummage","damage_taken":0,"relics_obtained":["WarpedTongs"],"max_hp_gain":0,"max_hp_loss":0,"event_name":"Accursed Blacksmith","floor":25,"gold_loss":0,"cards_obtained":["Pain"]}],"is_beta":false,"boss_relics":[{"not_picked":["Runic Pyramid","Fusion Hammer"],"picked":"Black Star"}],"items_purged_floors":[31],"is_endless":false,"potions_floor_spawned":[1,2,7,16,18],"killed_by":"Automaton","ascension_level":11}}