{"host":"ayh4nqhr0ddw4ozv","time":1609225218,"event":{"mods":["BaseMod","Minty Spire (QoL Compilation)","Relic Stats","Robot Space Explorer","StSLib"],"gold_per_floor":[115,134,309,309,323,364,364,439,439,439,439,293,326,326,326,424,424,449,468,17,17,42,42,57,95,95,95,116,152,152,188,188,286,286,305,180,193,193,214,214,214,214,214,255,255,255,286,314,314,314,314,314,44,77,77,77],"floor_reached":55,"playtime":4392,"items_purged":["RobotSpaceExplorer:Strike","RobotSpaceExplorer:Defend","RobotSpaceExplorer:Strike","RobotSpaceExplorer:Defend"],"score":1377,"play_id":"cce2d8cc-8d94-4f46-87fe-5ab41a549131","local_time":"20201228230018","is_ascension_mode":true,"campfire_choices":[{"data":"RobotSpaceExplorer:LaserBurst","floor":7,"key":"SMITH"},{"floor":11,"key":"REST"},{"data":"RobotSpaceExplorer:SelfCleaning","floor":15,"key":"SMITH"},{"data":"RobotSpaceExplorer:FreezingShield","floor":23,"key":"SMITH"},{"data":"Blind","floor":27,"key":"SMITH"},{"data":"RobotSpaceExplorer:BlastShield","floor":32,"key":"SMITH"},{"data":"RobotSpaceExplorer:Discharger","floor":40,"key":"SMITH"},{"floor":42,"key":"RECALL"},{"data":"RobotSpaceExplorer:RigExplosive","floor":46,"key":"SMITH"},{"data":"RobotSpaceExplorer:Electroshield","floor":49,"key":"SMITH"},{"data":"RobotSpaceExplorer:GearShield","floor":52,"key":"SMITH"}],"circlet_count":0,"master_deck":["AscendersBane","RobotSpaceExplorer:Strike+1","RobotSpaceExplorer:Scan","RobotSpaceExplorer:MiniLasers+1","RobotSpaceExplorer:StunGrenade","RobotSpaceExplorer:SelfCleaning+1","RobotSpaceExplorer:SurgingStrike","RobotSpaceExplorer:LaserBurst+1","RobotSpaceExplorer:Electroshield+1","RobotSpaceExplorer:GearShield+1","RobotSpaceExplorer:Discharger+1","Blind+1","RobotSpaceExplorer:FreezingShield+1","RobotSpaceExplorer:Fix+1","RobotSpaceExplorer:BlastShield+1","CurseOfTheBell","RobotSpaceExplorer:RigExplosive+1","RobotSpaceExplorer:Discharger+1","RobotSpaceExplorer:Discharger","RobotSpaceExplorer:Discharger","RobotSpaceExplorer:PowerCollector"],"relics":["RobotSpaceExplorer:RoboCore","NeowsBlessing","Golden Idol","Singing Bowl","Whetstone","Strawberry","Runic Pyramid","Sling","Mango","Turnip","Bag of Preparation","Gambling Chip","MealTicket","Calling Bell","Toy Ornithopter","Matryoshka","Ginger","CeramicFish","The Courier","Question Card","CaptainsWheel"],"acts_visited":["Exordium","TheCity","TheBeyond","TheEnding"],"potions_floor_usage":[16,24,44,47,47,50,54,54,55,55],"damage_taken":[{"damage":0,"enemies":"Cultist","floor":1,"turns":1},{"damage":0,"enemies":"Small Slimes","floor":2,"turns":1},{"damage":0,"enemies":"Jaw Worm","floor":5,"turns":1},{"damage":38,"enemies":"3 Sentries","floor":6,"turns":11},{"damage":11,"enemies":"Gremlin Nob","floor":13,"turns":4},{"damage":33,"enemies":"Slime Boss","floor":16,"turns":10},{"damage":28,"enemies":"Spheric Guardian","floor":18,"turns":6},{"damage":0,"enemies":"Chosen","floor":19,"turns":5},{"damage":7,"enemies":"Sentry and Sphere","floor":22,"turns":5},{"damage":1,"enemies":"Centurion and Healer","floor":24,"turns":9},{"damage":16,"enemies":"Gremlin Leader","floor":25,"turns":9},{"damage":1,"enemies":"Shelled Parasite and Fungi","floor":28,"turns":7},{"damage":1,"enemies":"Book of Stabbing","floor":29,"turns":6},{"damage":0,"enemies":"Gremlin Leader","floor":31,"turns":5},{"damage":28,"enemies":"Collector","floor":33,"turns":17},{"damage":6,"enemies":"Orb Walker","floor":35,"turns":6},{"damage":3,"enemies":"3 Darklings","floor":37,"turns":8},{"damage":17,"enemies":"4 Shapes","floor":39,"turns":7},{"damage":0,"enemies":"Nemesis","floor":44,"turns":9},{"damage":59,"enemies":"Giant Head","floor":47,"turns":10},{"damage":7,"enemies":"Sphere and 2 Shapes","floor":48,"turns":8},{"damage":35,"enemies":"Time Eater","floor":50,"turns":16},{"damage":90,"enemies":"Shield and Spear","floor":54,"turns":8},{"damage":56,"enemies":"The Heart","floor":55,"turns":12}],"seed_played":"-1168467587412194035","potions_obtained":[{"floor":1,"key":"FairyPotion"},{"floor":6,"key":"PowerPotion"},{"floor":19,"key":"Swift Potion"},{"floor":31,"key":"RobotSpaceExplorer:RecyclePotion"},{"floor":35,"key":"LiquidMemories"}],"is_trial":false,"path_per_floor":["M","M","?","?","M","E","R","?","T","?","R","$","E","?","R","B",null,"M","M","$","?","M","R","M","E","T","R","M","E","T","E","R","B",null,"M","$","M","?","M","R","?","R","T","E","?","R","E","M","R","B",null,"R","$","E","B"],"character_chosen":"RobotSpaceExplorer","items_purchased":["RobotSpaceExplorer:Electroshield","RobotSpaceExplorer:Discharger","Regen Potion","Blind","Sling","RobotSpaceExplorer:Discharger","RobotSpaceExplorer:Discharger","RobotSpaceExplorer:PowerCollector"],"campfire_rested":1,"item_purchase_floors":[12,20,20,20,20,53,53,53],"current_hp_per_floor":[68,68,68,50,50,12,12,1,1,1,23,23,21,14,14,16,67,39,41,41,41,34,34,50,48,48,48,55,62,62,68,68,46,91,93,108,109,109,98,98,98,98,98,111,111,111,61,60,60,36,95,95,110,38,0,0],"gold":77,"neow_bonus":"THREE_ENEMY_KILL","is_daily":false,"chose_seed":false,"campfire_upgraded":9,"win_rate":0.0,"timestamp":1609225218,"path_taken":["M","?","?","?","?","E","R","?","T","?","R","$","E","?","R","BOSS","M","M","$","?","M","R","M","E","T","R","?","E","?","E","R","BOSS","M","$","M","?","M","R","?","R","T","E","?","R","E","?","R","BOSS","R","$","E","BOSS"],"items_purchased_type":["Card","Card","Potion","Card","Relic","Card","Card","Card"],"build_version":"2020-12-22","purchased_purges":4,"victory":false,"max_hp_per_floor":[75,75,75,75,75,75,75,75,75,75,75,75,84,84,84,84,84,84,86,86,86,86,86,88,102,102,102,104,106,106,106,106,106,106,108,108,110,110,110,110,110,110,110,112,112,112,114,114,114,114,114,114,114,116,116,116],"relic_stats":{"Singing Bowl":20,"counters":[24,181],"Golden Idol":155,"CeramicFish":36,"Bag of Preparation":[22],"Whetstone":["RobotSpaceExplorer:Strike","RobotSpaceExplorer:MiniLasers"],"Ginger":[17],"Question Card":2,"Gambling Chip":[36],"MealTicket":30,"Turnip":[10],"obtain_stats":[{"NeowsBlessing":0,"Singing Bowl":6,"Golden Idol":4,"CeramicFish":43,"RobotSpaceExplorer:RoboCore":0,"Mango":25,"The Courier":44,"Bag of Preparation":29,"Whetstone":9,"Ginger":34,"Sling":20,"Question Card":47,"Calling Bell":34,"CaptainsWheel":54,"Matryoshka":34,"Strawberry":13,"Gambling Chip":30,"MealTicket":31,"Turnip":26,"Toy Ornithopter":34,"Runic Pyramid":17},{"NeowsBlessing":0,"Singing Bowl":4,"Golden Idol":2,"CeramicFish":18,"RobotSpaceExplorer:RoboCore":0,"Mango":11,"The Courier":19,"Bag of Preparation":13,"Whetstone":4,"Ginger":15,"Sling":8,"Question Card":20,"Calling Bell":15,"CaptainsWheel":23,"Matryoshka":15,"Strawberry":5,"Gambling Chip":13,"MealTicket":14,"Turnip":11,"Toy Ornithopter":15,"Runic Pyramid":6},{"NeowsBlessing":0,"Singing Bowl":14,"Golden Idol":2,"CeramicFish":118,"RobotSpaceExplorer:RoboCore":0,"Mango":62,"The Courier":127,"Bag of Preparation":75,"Whetstone":14,"Ginger":97,"Sling":39,"Question Card":137,"Calling Bell":97,"CaptainsWheel":169,"Matryoshka":97,"Strawberry":18,"Gambling Chip":75,"MealTicket":80,"Turnip":62,"Toy Ornithopter":97,"Runic Pyramid":28}],"Toy Ornithopter":36},"card_choices":[{"not_picked":["RobotSpaceExplorer:FreezeRay","RobotSpaceExplorer:ShockKick"],"picked":"RobotSpaceExplorer:StunGrenade","floor":1},{"not_picked":["RobotSpaceExplorer:FrostMissile","RobotSpaceExplorer:Probe"],"picked":"RobotSpaceExplorer:SelfCleaning","floor":2},{"not_picked":["RobotSpaceExplorer:GearShield","RobotSpaceExplorer:SwiftStep"],"picked":"RobotSpaceExplorer:SurgingStrike","floor":5},{"not_picked":["RobotSpaceExplorer:SlimeMissile","RobotSpaceExplorer:ScrapToss"],"picked":"RobotSpaceExplorer:LaserBurst","floor":6},{"not_picked":["RobotSpaceExplorer:FrostMissile","RobotSpaceExplorer:MakeshiftVolley","RobotSpaceExplorer:Ammunition"],"picked":"Singing Bowl","floor":13},{"not_picked":["RobotSpaceExplorer:BlastShield","RobotSpaceExplorer:Autoloader"],"picked":"RobotSpaceExplorer:Wormhole","floor":16},{"not_picked":["RobotSpaceExplorer:MetalStrike","RobotSpaceExplorer:MiniDrones"],"picked":"RobotSpaceExplorer:GearShield","floor":18},{"not_picked":["RobotSpaceExplorer:LaserBurst+1","RobotSpaceExplorer:MiniDrones","RobotSpaceExplorer:DualCore"],"picked":"Singing Bowl","floor":19},{"not_picked":["RobotSpaceExplorer:DoubleBlock","RobotSpaceExplorer:ImprovisedAttack+1"],"picked":"RobotSpaceExplorer:FreezingShield","floor":22},{"not_picked":["RobotSpaceExplorer:GlueShot","RobotSpaceExplorer:Pulsar","RobotSpaceExplorer:DualCore"],"picked":"Singing Bowl","floor":24},{"not_picked":["RobotSpaceExplorer:ShockKick","RobotSpaceExplorer:SlimeMissile"],"picked":"RobotSpaceExplorer:Fix+1","floor":25},{"not_picked":["RobotSpaceExplorer:SurgingShield","RobotSpaceExplorer:ImprovisedAttack","RobotSpaceExplorer:ToxicBomb"],"picked":"Singing Bowl","floor":28},{"not_picked":["RobotSpaceExplorer:ImprovisedAttack","RobotSpaceExplorer:MiniDrones","RobotSpaceExplorer:FrostMissile"],"picked":"Singing Bowl","floor":29},{"not_picked":["RobotSpaceExplorer:Asteroid","RobotSpaceExplorer:PlasmaMissile"],"picked":"RobotSpaceExplorer:BlastShield","floor":31},{"not_picked":["RobotSpaceExplorer:Exploration","RobotSpaceExplorer:Comet"],"picked":"RobotSpaceExplorer:ShockMissile","floor":33},{"not_picked":["RobotSpaceExplorer:ImprovisedAttack","RobotSpaceExplorer:ShockKick+1","RobotSpaceExplorer:SlimeMissile"],"picked":"Singing Bowl","floor":35},{"not_picked":["RobotSpaceExplorer:StunGrenade+1","RobotSpaceExplorer:Blitz","RobotSpaceExplorer:ShovelStrike+1"],"picked":"Singing Bowl","floor":37},{"not_picked":["RobotSpaceExplorer:GlueShot+1","RobotSpaceExplorer:MiniDrones"],"picked":"RobotSpaceExplorer:RigExplosive","floor":39},{"not_picked":["RobotSpaceExplorer:Reload","RobotSpaceExplorer:Scanner","RobotSpaceExplorer:LuckyStrike"],"picked":"Singing Bowl","floor":44},{"not_picked":["RobotSpaceExplorer:ShockKick","RobotSpaceExplorer:BigMissile","RobotSpaceExplorer:Fix"],"picked":"Singing Bowl","floor":47},{"not_picked":["RobotSpaceExplorer:Pulsar","RobotSpaceExplorer:PlasmaMissile+1","RobotSpaceExplorer:GlueShot"],"picked":"RobotSpaceExplorer:Discharger+1","floor":48},{"not_picked":["RobotSpaceExplorer:DroneSwarm","RobotSpaceExplorer:GlueShot+1","RobotSpaceExplorer:StunGrenade","RobotSpaceExplorer:SlimeMissile"],"picked":"Singing Bowl","floor":54}],"player_experience":266214,"relics_obtained":[{"floor":6,"key":"Singing Bowl"},{"floor":9,"key":"Whetstone"},{"floor":13,"key":"Strawberry"},{"floor":25,"key":"Mango"},{"floor":26,"key":"Turnip"},{"floor":29,"key":"Bag of Preparation"},{"floor":30,"key":"Gambling Chip"},{"floor":31,"key":"MealTicket"},{"floor":34,"key":"Toy Ornithopter"},{"floor":34,"key":"Matryoshka"},{"floor":34,"key":"Ginger"},{"floor":43,"key":"CeramicFish"},{"floor":44,"key":"The Courier"},{"floor":47,"key":"Question Card"},{"floor":54,"key":"CaptainsWheel"}],"event_choices":[{"damage_healed":0,"gold_gain":175,"player_choice":"AGREE","damage_taken":0,"max_hp_gain":0,"max_hp_loss":0,"event_name":"Liars Game","floor":3,"gold_loss":0,"cards_obtained":["Doubt"]},{"damage_healed":0,"gold_gain":0,"player_choice":"Take Damage","damage_taken":18,"relics_obtained":["Golden Idol"],"max_hp_gain":0,"max_hp_loss":0,"event_name":"Golden Idol","floor":4,"gold_loss":0},{"damage_healed":0,"gold_gain":75,"player_choice":"Gather Gold","damage_taken":11,"max_hp_gain":0,"max_hp_loss":0,"event_name":"World of Goop","floor":8,"gold_loss":0},{"cards_removed":["Doubt"],"damage_healed":0,"gold_gain":0,"player_choice":"Forget","damage_taken":0,"max_hp_gain":0,"max_hp_loss":0,"event_name":"Living Wall","floor":10,"gold_loss":0},{"cards_removed":["RobotSpaceExplorer:Defend"],"damage_healed":0,"gold_gain":0,"player_choice":"Card Removal","damage_taken":7,"max_hp_gain":0,"max_hp_loss":0,"event_name":"Golden Wing","floor":14,"gold_loss":0},{"cards_removed":["RobotSpaceExplorer:Defend"],"damage_healed":0,"gold_gain":0,"player_choice":"Purged","damage_taken":0,"max_hp_gain":0,"max_hp_loss":0,"event_name":"Purifier","floor":21,"gold_loss":0},{"cards_removed":["RobotSpaceExplorer:ShockMissile"],"damage_healed":0,"gold_gain":0,"player_choice":"Removed Attack","damage_taken":0,"max_hp_gain":0,"max_hp_loss":0,"event_name":"Falling","floor":38,"gold_loss":0},{"damage_healed":0,"gold_gain":0,"player_choice":"Ignored","damage_taken":0,"max_hp_gain":0,"max_hp_loss":0,"event_name":"Mysterious Sphere","floor":41,"gold_loss":0},{"damage_healed":0,"gold_gain":0,"player_choice":"Ignored","damage_taken":0,"max_hp_gain":0,"max_hp_loss":0,"event_name":"Tomb of Lord Red Mask","floor":45,"gold_loss":0}],"is_beta":false,"boss_relics":[{"not_picked":["SacredBark","Fusion Hammer"],"picked":"Runic Pyramid"},{"not_picked":["Tiny House","Velvet Choker"],"picked":"Calling Bell"}],"items_purged_floors":[12,20,36,53],"is_endless":false,"potions_floor_spawned":[1,6,19,31,35,37,48],"killed_by":"The Heart","ascension_level":13}}