{"host":"cbnfbo28eyz4xcn1","time":1609274152,"event":{"mods":["BaseMod","Colored Map","Colored Powertips","Infinite Spire","Minty Spire (QoL Compilation)","Replay The Spire","StSLib"],"gold_per_floor":[110,130,145,145,30,30,47,47,72,72,97,116,12,22,22,94,94,114,38,110,110,127,127,161,171,171,177,177],"floor_reached":27,"playtime":1067,"items_purged":["Hallucinations"],"score":433,"play_id":"672c645c-fc74-4307-890e-70dc82775ba2","local_time":"20201229213552","is_ascension_mode":true,"campfire_choices":[{"data":"Flex","floor":6.0,"key":"SMITH"},{"data":"Wild Strike","floor":8.0,"key":"SMITH"},{"data":"Flex","floor":10.0,"key":"SMITH"},{"data":"Cleave","floor":15.0,"key":"SMITH"},{"data":"Rupture","floor":23.0,"key":"SMITH"}],"circlet_count":0,"master_deck":["AscendersBane","Strike_R","Strike_R","Strike_R","Strike_R","Strike_R","Defend_R","Defend_R","Defend_R","Defend_R","Bash","Flex+1","Power Through","Flex+1","Armaments+1","Wild Strike+1","Run Through","Combust","Cleave+1","Shrug It Off","Cleave","Feed","Wild Strike+1","Rupture+1","Decay","Fire Breathing","Cleave","ReplayTheSpireMod:Muscle Training"],"relics":["Burning Blood","Dream Catcher","Red Skull","Pantograph","infinitespire:Cupcake","infinitespire:EmpoweringShard","infinitespire:Bottled Soul","Replay:Bandana"],"acts_visited":["Exordium","TheCity"],"potions_floor_usage":[27],"damage_taken":[{"damage":5.0,"enemies":"2 Louse","floor":1.0,"turns":4.0},{"damage":1.0,"enemies":"Cultist","floor":2.0,"turns":3.0},{"damage":2.0,"enemies":"Jaw Worm","floor":3.0,"turns":2.0},{"damage":7.0,"enemies":"3 Louse","floor":7.0,"turns":3.0},{"damage":16.0,"enemies":"Gremlin Nob","floor":11.0,"turns":4.0},{"damage":6.0,"enemies":"Looter","floor":12.0,"turns":3.0},{"damage":1.0,"enemies":"Exordium Thugs","floor":14.0,"turns":4.0},{"damage":44.0,"enemies":"Fading Forest","floor":16.0,"turns":11.0},{"damage":10.0,"enemies":"2 Thieves","floor":18.0,"turns":4.0},{"damage":2.0,"enemies":"Chosen","floor":22.0,"turns":4.0},{"damage":38.0,"enemies":"Slavers","floor":24.0,"turns":5.0},{"damage":42.0,"enemies":"Shelled Parasite and Fungi","floor":25.0,"turns":5.0},{"damage":28,"enemies":"Sentry and Sphere","floor":27,"turns":3}],"seed_played":"-9005425112233946988","potions_obtained":[{"floor":1.0,"key":"GamblersBrew"},{"floor":12.0,"key":"FearPotion"},{"floor":14.0,"key":"EssenceOfSteel"},{"floor":16.0,"key":"Toxic Potion"},{"floor":25.0,"key":"SteroidPotion"}],"is_trial":false,"path_per_floor":["M","M","M","?","$","R","M","R","T","R","E","M","$","M","R","B",null,"M","$","T","?","M","R","E","M","T","M"],"character_chosen":"IRONCLAD","items_purchased":["Armaments+1","Cleave","Shrug It Off","Rupture"],"campfire_rested":0,"item_purchase_floors":[5,13,13,19],"current_hp_per_floor":[83,88,89,89,89,89,88,88,88,88,78,78,78,83,83,51,80,79,79,79,79,83,83,51,18,18,0,0],"gold":177,"neow_bonus":"TWENTY_PERCENT_HP_BONUS","is_daily":false,"chose_seed":false,"campfire_upgraded":5,"win_rate":0.0,"timestamp":1609274152,"path_taken":["M","M","M","?","$","R","M","R","T","R","E","M","?","M","R","BOSS","M","$","?","?","M","R","E","M","T","M"],"items_purchased_type":["Card","Card","Card","Card"],"build_version":"2020-12-22","purchased_purges":1,"victory":false,"max_hp_per_floor":[89,89,89,89,89,89,89,89,89,89,89,89,89,89,89,89,89,92,92,92,92,92,92,92,95,95,98,98],"card_choices":[{"not_picked":["Twin Strike","ReplayTheSpireMod:LeadingStrike"],"picked":"Flex","floor":1.0},{"not_picked":["Anger","Perfected Strike"],"picked":"Power Through","floor":2.0},{"not_picked":["Blood for Blood","Clothesline"],"picked":"Flex","floor":3.0},{"not_picked":["Headbutt","Anger"],"picked":"Wild Strike","floor":7.0},{"not_picked":["Carnage","Corruption"],"picked":"Run Through","floor":11.0},{"not_picked":["Warcry","Reckless Charge"],"picked":"Combust","floor":12.0},{"not_picked":["Hemokinesis","Searing Blow"],"picked":"Cleave","floor":14.0},{"not_picked":["Fiend Fire","Immolate"],"picked":"Feed","floor":16.0},{"not_picked":["Pommel Strike","Clothesline"],"picked":"Wild Strike+1","floor":18.0},{"not_picked":["Life Link","Warcry"],"picked":"Fire Breathing","floor":22.0},{"not_picked":["Barricade","Havoc"],"picked":"Cleave","floor":24.0},{"not_picked":["Defy Death","Havoc"],"picked":"ReplayTheSpireMod:Muscle Training","floor":25.0}],"player_experience":477170,"relics_obtained":[{"floor":9.0,"key":"Red Skull"},{"floor":11.0,"key":"Pantograph"},{"floor":20.0,"key":"infinitespire:EmpoweringShard"},{"floor":24.0,"key":"infinitespire:Bottled Soul"},{"floor":26.0,"key":"Replay:Bandana"}],"event_choices":[{"damage_healed":0.0,"max_hp_gain":0.0,"max_hp_loss":0.0,"gold_gain":0.0,"event_name":"WeMeetAgain","player_choice":"Gave Potion","floor":4.0,"gold_loss":0.0,"damage_taken":0.0,"relics_obtained":["Dream Catcher"]},{"damage_healed":0.0,"max_hp_gain":0.0,"max_hp_loss":0.0,"gold_gain":0.0,"event_name":"Forgotten Altar","player_choice":"Smashed Altar","floor":21.0,"gold_loss":0.0,"damage_taken":0.0,"cards_obtained":["Decay"]}],"is_beta":false,"boss_relics":[{"not_picked":["Painkiller Herb","Busted Crown"],"picked":"infinitespire:Cupcake"}],"items_purged_floors":[5],"is_endless":false,"potions_floor_spawned":[1,12,14,16,25],"killed_by":"Sentry and Sphere","ascension_level":15}}