{"host":"qy7jow5usmjkdnnq","time":1609283117,"event":{"mods":["BaseMod","Colored Map","Downfall","Minty Spire (QoL Compilation)","Permanent Neow","Relic Stats","StSLib"],"gold_per_floor":[99,118,118,28,47,147,215,225,225,244,77,105,5,38,53,153,153,153,171,187,200,211,111,136,136,136,171,181,214,414,447,467,567,867,767,786,799,816,93,123,123,123,137,152,186,205,69,96,116,116,116,143,16,16,16],"floor_reached":56,"playtime":7412,"items_purged":["bronze:Strike","bronze:Strike","bronze:WildBeam","bronze:Defend"],"score":1413,"play_id":"311b19b3-ef19-450d-a4b7-46305e3e346e","local_time":"20201230000517","is_ascension_mode":true,"campfire_choices":[{"data":"Metamorphosis","floor":1,"key":"SMITH"},{"data":"bronze:Goto","floor":9,"key":"SMITH"},{"data":"bronze:Format","floor":13,"key":"SMITH"},{"floor":18,"key":"RECALL"},{"data":"bronze:Verify","floor":23,"key":"SMITH"},{"data":"bronze:Constructor","floor":26,"key":"SMITH"},{"data":"bronze:Library","floor":35,"key":"SMITH"},{"data":"bronze:ForceShield","floor":42,"key":"SMITH"},{"data":"bronze:Return","floor":54,"key":"SMITH"}],"circlet_count":0,"master_deck":["bronze:Defend","bronze:Defend","bronze:Defend","bronze:Replicate","bronze:Goto+1","Metamorphosis+1","bronze:Optimize","bronze:ForLoop","bronze:ForLoop","bronze:Deprecate+1","bronze:Constructor+1","bronze:Format+1","bronze:ForceShield+1","bronze:Return+1","bronze:Verify+1","bronze:Frontload","bronze:Library+1","CurseOfTheBell","bronze:DelayedGuard","Violence","bronze:Philosophize+1","Chrysalis+1","bronze:GetLatest+1"],"relics":["bronze:BronzeCore","Singing Bowl","downfall:HeartBlessingBlue","Pocketwatch","Busted Crown","downfall:HeartBlessingRed","Bag of Preparation","Toy Ornithopter","Darkstone Periapt","Lantern","Calling Bell","MealTicket","Pantograph","Old Coin","downfall:HeartBlessingGreen","Bottled Lightning","TheAbacus","Toxic Egg 2","bronze:DecasWashers","PreservedInsect","Chemical X","Molten Egg 2","Kunai"],"acts_visited":["Exordium","TheCity","TheBeyond","TheEnding"],"potions_floor_usage":[6,14,16,27,29,32,33,40,52,55,55,55],"damage_taken":[{"damage":0,"enemies":"Small Slimes","floor":2,"turns":3},{"damage":5,"enemies":"downfall:FleeingMerchant","floor":4,"turns":4},{"damage":6,"enemies":"Jaw Worm","floor":5,"turns":3},{"damage":21,"enemies":"downfall:Heads","floor":6,"turns":4},{"damage":0,"enemies":"Cultist","floor":8,"turns":2},{"damage":9,"enemies":"Exordium Wildlife","floor":10,"turns":7},{"damage":0,"enemies":"downfall:FleeingMerchant","floor":11,"turns":4},{"damage":2,"enemies":"Gremlin Nob","floor":12,"turns":4},{"damage":0,"enemies":"3 Sentries","floor":14,"turns":3},{"damage":0,"enemies":"2 Fungi Beasts","floor":15,"turns":3},{"damage":9,"enemies":"downfall:Watcher","floor":16,"turns":4},{"damage":0,"enemies":"Chosen","floor":19,"turns":3},{"damage":0,"enemies":"Snecko","floor":20,"turns":4},{"damage":0,"enemies":"Shelled Parasite and Fungi","floor":21,"turns":4},{"damage":7,"enemies":"3 Cultists","floor":22,"turns":5},{"damage":14,"enemies":"Slavers","floor":27,"turns":6},{"damage":0,"enemies":"Sentry and Sphere","floor":28,"turns":3},{"damage":2,"enemies":"Book of Stabbing","floor":29,"turns":4},{"damage":13,"enemies":"Gremlin Leader","floor":31,"turns":10},{"damage":23,"enemies":"Chosen and Byrds","floor":32,"turns":5},{"damage":38,"enemies":"downfall:Silent","floor":33,"turns":10},{"damage":0,"enemies":"3 Darklings","floor":36,"turns":3},{"damage":0,"enemies":"3 Shapes","floor":37,"turns":3},{"damage":9,"enemies":"3 Darklings","floor":38,"turns":5},{"damage":0,"enemies":"downfall:FleeingMerchant","floor":39,"turns":4},{"damage":1,"enemies":"Nemesis","floor":40,"turns":9},{"damage":15,"enemies":"Writhing Mass","floor":43,"turns":5},{"damage":3,"enemies":"Sphere and 2 Shapes","floor":44,"turns":4},{"damage":0,"enemies":"Giant Head","floor":45,"turns":7},{"damage":0,"enemies":"Maw","floor":46,"turns":6},{"damage":0,"enemies":"downfall:FleeingMerchant","floor":47,"turns":4},{"damage":29,"enemies":"Reptomancer","floor":48,"turns":5},{"damage":0,"enemies":"Spire Growth","floor":49,"turns":2},{"damage":12,"enemies":"downfall:Defect","floor":50,"turns":8},{"damage":36,"enemies":"downfall:CharBossMerchant","floor":52,"turns":6},{"damage":34,"enemies":"downfall:NeowBoss","floor":55,"turns":14}],"seed_played":"-8239521733317428639","potions_obtained":[{"floor":2,"key":"Explosive Potion"},{"floor":8,"key":"SpeedPotion"},{"floor":10,"key":"Fire Potion"},{"floor":14,"key":"Regen Potion"},{"floor":15,"key":"LiquidMemories"},{"floor":20,"key":"Weak Potion"},{"floor":29,"key":"Swift Potion"},{"floor":32,"key":"ColorlessPotion"},{"floor":33,"key":"Dexterity Potion"},{"floor":37,"key":"CultistPotion"},{"floor":40,"key":"sneckomod:MuddlingPotion"},{"floor":43,"key":"SpeedPotion"},{"floor":48,"key":"ColorlessPotion"}],"is_trial":false,"path_per_floor":["R","M","?","$","M","?","T","M","R","M","$","E","R","E","M","B",null,"R","M","M","M","M","R","T","?","R","E","M","E","?","E","M","B",null,"R","M","M","M","$","E","T","R","M","M","E","M","$","E","M","B",null,"E","$","R","B",null],"character_chosen":"THE_AUTOMATON","items_purchased":["PowerPotion","Bottled Lightning","Violence","TheAbacus","Chrysalis+1","Chemical X","Swift Potion","bronze:GetLatest+1"],"campfire_rested":0,"item_purchase_floors":[11,39,39,39,47,47,53,53],"current_hp_per_floor":[49,49,70,65,59,38,38,38,38,29,29,27,37,37,39,30,82,82,84,86,86,81,81,81,81,81,84,86,91,91,80,64,31,104,104,106,108,99,110,111,111,111,98,95,97,99,116,89,91,104,124,90,105,105,97],"gold":16,"neow_bonus":"RANDOM_COLORLESS_2","is_daily":false,"chose_seed":false,"campfire_upgraded":8,"win_rate":0.0,"timestamp":1609283117,"path_taken":["R","M","?","$","M","?","T","M","R","M","$","E","R","E","M","BOSS","R","M","M","M","M","R","T","?","R","E","M","E","?","E","M","BOSS","R","M","M","?","$","E","T","R","M","M","E","M","$","E","M","BOSS","E","$","R","BOSS"],"items_purchased_type":["Potion","Relic","Card","Relic","Card","Relic","Potion","Card"],"build_version":"2020-12-22","purchased_purges":4,"victory":true,"max_hp_per_floor":[70,70,70,70,70,70,70,70,70,70,70,70,80,80,82,82,82,82,84,86,86,88,88,88,88,88,90,92,94,94,96,98,98,104,104,106,108,108,110,112,112,112,114,114,116,118,120,122,124,124,124,126,126,126,126],"relic_stats":{"Darkstone Periapt":6,"Singing Bowl":40,"counters":[36,180],"PreservedInsect":159,"Bag of Preparation":[42],"Busted Crown":48,"TheAbacus":[132],"Pantograph":46,"MealTicket":39,"Chemical X":[24],"Kunai":[7],"obtain_stats":[{"Darkstone Periapt":29,"Lantern":31,"bronze:BronzeCore":0,"Singing Bowl":12,"downfall:HeartBlessingRed":23,"bronze:DecasWashers":41,"downfall:HeartBlessingGreen":35,"PreservedInsect":45,"Bag of Preparation":24,"Old Coin":34,"Calling Bell":34,"Busted Crown":17,"TheAbacus":39,"downfall:HeartBlessingBlue":13,"Pantograph":34,"MealTicket":34,"Molten Egg 2":48,"Bottled Lightning":39,"Chemical X":47,"Kunai":52,"Toxic Egg 2":40,"Toy Ornithopter":27,"Pocketwatch":14},{"Darkstone Periapt":18,"Lantern":19,"bronze:BronzeCore":0,"Singing Bowl":8,"downfall:HeartBlessingRed":15,"bronze:DecasWashers":26,"downfall:HeartBlessingGreen":21,"PreservedInsect":29,"Bag of Preparation":15,"Old Coin":21,"Calling Bell":21,"Busted Crown":11,"TheAbacus":25,"downfall:HeartBlessingBlue":8,"Pantograph":21,"MealTicket":21,"Molten Egg 2":32,"Bottled Lightning":25,"Chemical X":31,"Kunai":35,"Toxic Egg 2":26,"Toy Ornithopter":16,"Pocketwatch":9},{"Darkstone Periapt":70,"Lantern":80,"bronze:BronzeCore":0,"Singing Bowl":31,"downfall:HeartBlessingRed":57,"bronze:DecasWashers":119,"downfall:HeartBlessingGreen":95,"PreservedInsect":135,"Bag of Preparation":57,"Old Coin":95,"Calling Bell":95,"Busted Crown":41,"TheAbacus":110,"downfall:HeartBlessingBlue":31,"Pantograph":95,"MealTicket":95,"Molten Egg 2":150,"Bottled Lightning":110,"Chemical X":145,"Kunai":166,"Toxic Egg 2":119,"Toy Ornithopter":63,"Pocketwatch":34}],"Toy Ornithopter":20,"Pocketwatch":[36]},"card_choices":[{"not_picked":["expansioncontent:QuickStudy","Transmutation"],"picked":"Metamorphosis","floor":0},{"not_picked":["bronze:Overheat","bronze:ClassDefault"],"picked":"bronze:Optimize","floor":2},{"not_picked":["bronze:ChosenStrike","bronze:GetLatest"],"picked":"bronze:ForLoop","floor":4},{"not_picked":["bronze:CloningBeam","bronze:Allocate"],"picked":"bronze:ForLoop","floor":5},{"not_picked":["bronze:Invalidate","bronze:Terminator"],"picked":"bronze:Deprecate","floor":6},{"not_picked":["bronze:WildBeam","bronze:BugBarrage","bronze:Turbo"],"picked":"SKIP","floor":8},{"not_picked":["bronze:Deprecate","bronze:FineTuning"],"picked":"bronze:Constructor","floor":10},{"not_picked":["bronze:Overheat","bronze:Branch"],"picked":"bronze:Format","floor":11},{"not_picked":["bronze:SearingBeam","bronze:BronzeOrb"],"picked":"bronze:ForceShield","floor":12},{"not_picked":["bronze:Invalidate","bronze:Turbo"],"picked":"bronze:Return","floor":14},{"not_picked":["bronze:ChildClass","bronze:Frontload","bronze:Overheat"],"picked":"Singing Bowl","floor":15},{"not_picked":["bronze:Mutator","bronze:Format"],"picked":"bronze:Verify","floor":16},{"not_picked":["bronze:Iterate"],"picked":"Singing Bowl","floor":19},{"not_picked":["bronze:DelayedSlice"],"picked":"Singing Bowl","floor":20},{"not_picked":[],"picked":"bronze:Frontload","floor":21},{"not_picked":["bronze:WhirlingStrike+1"],"picked":"Singing Bowl","floor":22},{"not_picked":["bronze:NullPointer+1"],"picked":"Singing Bowl","floor":27},{"not_picked":["bronze:SearingBeam"],"picked":"Singing Bowl","floor":28},{"not_picked":["bronze:Overheat+1"],"picked":"Singing Bowl","floor":29},{"not_picked":["bronze:BugBarrage"],"picked":"Singing Bowl","floor":31},{"not_picked":["bronze:BitShift"],"picked":"Singing Bowl","floor":32},{"not_picked":[],"picked":"bronze:Library","floor":33},{"not_picked":["bronze:BuggyMess"],"picked":"Singing Bowl","floor":36},{"not_picked":["bronze:WildBeam"],"picked":"Singing Bowl","floor":37},{"not_picked":[],"picked":"bronze:DelayedGuard","floor":38},{"not_picked":["bronze:Repulsor+1"],"picked":"Singing Bowl","floor":39},{"not_picked":["bronze:ChosenStrike"],"picked":"Singing Bowl","floor":40},{"not_picked":["bronze:BronzeOrb"],"picked":"Singing Bowl","floor":43},{"not_picked":[],"picked":"bronze:Philosophize+1","floor":44},{"not_picked":["bronze:CloningBeam"],"picked":"Singing Bowl","floor":45},{"not_picked":["bronze:Shield+1"],"picked":"Singing Bowl","floor":46},{"not_picked":["bronze:Branch"],"picked":"Singing Bowl","floor":47},{"not_picked":["bronze:ItsAFeature+1"],"picked":"Singing Bowl","floor":48},{"not_picked":["bronze:BronzeArmor+1"],"picked":"Singing Bowl","floor":49},{"not_picked":["bronze:Branch+1"],"picked":"Singing Bowl","floor":52}],"player_experience":554163,"relics_obtained":[{"floor":12,"key":"Singing Bowl"},{"floor":14,"key":"Pocketwatch"},{"floor":24,"key":"Bag of Preparation"},{"floor":27,"key":"Toy Ornithopter"},{"floor":29,"key":"Darkstone Periapt"},{"floor":31,"key":"Lantern"},{"floor":34,"key":"MealTicket"},{"floor":34,"key":"Pantograph"},{"floor":34,"key":"Old Coin"},{"floor":40,"key":"Toxic Egg 2"},{"floor":41,"key":"bronze:DecasWashers"},{"floor":45,"key":"PreservedInsect"},{"floor":48,"key":"Molten Egg 2"},{"floor":52,"key":"Kunai"}],"event_choices":[{"damage_healed":23,"gold_gain":0,"player_choice":"Banana","damage_taken":0,"max_hp_gain":0,"max_hp_loss":0,"event_name":"Big Fish","floor":3,"gold_loss":0},{"damage_healed":0,"gold_gain":0,"player_choice":"Ignored","damage_taken":0,"max_hp_gain":0,"max_hp_loss":0,"event_name":"Ghosts","floor":25,"gold_loss":0}],"is_beta":false,"boss_relics":[{"not_picked":["Astrolabe","SacredBark"],"picked":"Busted Crown"},{"not_picked":["Runic Pyramid","Fusion Hammer"],"picked":"Calling Bell"}],"items_purged_floors":[4,11,39,47],"is_endless":false,"potions_floor_spawned":[2,8,10,14,15,20,21,29,32,33,37,40,43,46,48],"ascension_level":1}}