{"host":"l017gercouzhorma","time":1609219301,"event":{"mods":["AchievementEnabler","Aspiration","BaseMod","Challenge The Spire","Conspire","Downfall","Halation","Hermit","Hubris","Infinite Spire","Jorbs\u0027s Wanderer Trilogy","Mad Scientist","Marisa????????","Mimic Mod","Minty Spire (QoL Compilation)","Random Character Button","Rare Cards Sparkle","Relic Stats","Replay The Spire","Shade Mod","StSLib","The Cursed","The Disciple","The Hierophant","The Jungle","The Runesmith","The Servant 0.9.4"],"gold_per_floor":[113,124,144,144,157,183,183,183,183],"floor_reached":8,"playtime":1082,"items_purged":[],"score":58,"play_id":"909cf817-7250-4949-9ef1-5396c69b04f4","local_time":"20201228222141","is_ascension_mode":false,"campfire_choices":[{"data":"Shade:AnimateDead","floor":7,"key":"SMITH"}],"circlet_count":0,"master_deck":["Shade:Strike_Shade","Shade:Strike_Shade","Shade:Strike_Shade","Shade:Strike_Shade","Shade:Defend_Shade","Shade:Defend_Shade","Shade:Defend_Shade","Shade:Defend_Shade","Shade:AnimateDead+1","Shade:CarefulCut","Shade:Trample","Shade:FingerOfDeath","Shade:FleshOffering","Shade:CoffinDance","Shade:GraveStillness"],"relics":["Shade:YorickSkull","halation:AfternoonTea","hubris:64BitClover"],"acts_visited":["Exordium"],"potions_floor_usage":[4,6,6],"damage_taken":[{"damage":10,"enemies":"Small Slimes","floor":1,"turns":3},{"damage":0,"enemies":"Cultist","floor":2,"turns":3},{"damage":9,"enemies":"infinitespire:Voidling","floor":3,"turns":4},{"damage":1,"enemies":"Looter","floor":5,"turns":3},{"damage":13,"enemies":"Replay:BlueRogue","floor":6,"turns":4},{"damage":37,"enemies":"Lagavulin","floor":8,"turns":6}],"seed_played":"-4459291751363006726","potions_obtained":[{"floor":2,"key":"SpeedPotion"},{"floor":4,"key":"infinitespire:BlackPotion"},{"floor":4,"key":"Fruit Juice"},{"floor":4,"key":"Block Potion"}],"is_trial":false,"path_per_floor":["M","M","M","?","M","E","R","E"],"character_chosen":"SHADE","items_purchased":[],"campfire_rested":0,"item_purchase_floors":[],"current_hp_per_floor":[55,55,46,51,50,37,37,0,0],"gold":183,"neow_bonus":"RANDOM_COMMON_RELIC","is_daily":false,"chose_seed":false,"campfire_upgraded":1,"win_rate":0.0,"timestamp":1609219301,"path_taken":["M","M","M","?","?","E","R","E"],"items_purchased_type":[],"build_version":"2020-12-22","purchased_purges":0,"victory":false,"max_hp_per_floor":[65,65,65,70,70,70,70,70,70],"relic_stats":{"counters":[6,23],"obtain_stats":[{"Shade:YorickSkull":0,"hubris:64BitClover":6,"halation:AfternoonTea":0},{"Shade:YorickSkull":0,"hubris:64BitClover":5,"halation:AfternoonTea":0},{"Shade:YorickSkull":0,"hubris:64BitClover":17,"halation:AfternoonTea":0}]},"card_choices":[{"not_picked":["Shade:FreshBones","Shade:Brains"],"picked":"Shade:Trample","floor":1},{"not_picked":["Shade:CommandSoldier","Shade:Patience"],"picked":"Shade:FingerOfDeath","floor":2},{"not_picked":["Shade:LyeBath","Shade:OpenGraves"],"picked":"Shade:FleshOffering","floor":3},{"not_picked":["Shade:FuneraryArmor","Shade:SkeletonHug"],"picked":"Shade:CoffinDance","floor":5},{"not_picked":["Shade:FreshBones","Shade:OneIsEnough"],"picked":"Shade:GraveStillness","floor":6}],"player_experience":805725,"relics_obtained":[{"floor":6,"key":"hubris:64BitClover"}],"event_choices":[{"damage_healed":0,"gold_gain":0,"player_choice":"Got Potions","damage_taken":0,"max_hp_gain":0,"max_hp_loss":0,"event_name":"Lab","floor":4,"gold_loss":0}],"is_beta":false,"boss_relics":[],"items_purged_floors":[],"is_endless":false,"potions_floor_spawned":[2],"killed_by":"Lagavulin","ascension_level":0}}