{"host":"kmq7aw60w430zvtx","time":1609262214,"event":{"mods":["BaseMod","Downfall","GifTheSpireLib","Hermit","Hubris","Minty Spire (QoL Compilation)","Replay The Spire","StSLib","The Construct","The Cursed","The Hierophant","The Jungle","The Necromancer","The Runesmith"],"gold_per_floor":[111,0,0,0,0,0,31,49,49,66,97,97,108,128,128,226,226,245,245,255,34,34,34],"floor_reached":22,"playtime":1205,"items_purged":["Writhe"],"score":252,"play_id":"7762d5dd-becb-455e-8567-66d67a00f6cc","local_time":"20201229181654","is_ascension_mode":true,"campfire_choices":[{"floor":6,"key":"REST"},{"floor":12,"key":"RECALL"},{"floor":15,"key":"REST"}],"circlet_count":0,"master_deck":["Strike_G","Strike_G","Strike_G","Strike_G","Strike_G","Defend_G","Defend_G","Defend_G+1","Defend_G","Defend_G+1","Survivor","Neutralize","Envenom+1","Cloak And Dagger","Poisoned Stab","Poisoned Stab","Tools of the Trade","Dagger Throw","Poisoned Stab","After Image","Slice","Flying Knee","A Thousand Cuts","Cloak And Dagger+1","Slice+1","Escape Plan"],"relics":["Ring of the Snake","Counterbalance","hubris:AncientText","Sozu","Regal Pillow"],"acts_visited":["Exordium","TheCity"],"potions_floor_usage":[11,13],"damage_taken":[{"damage":3,"enemies":"Jaw Worm","floor":1,"turns":6},{"damage":18,"enemies":"3 Sentries","floor":7,"turns":9},{"damage":0,"enemies":"2 Louse","floor":8,"turns":3},{"damage":0,"enemies":"Cultist","floor":10,"turns":3},{"damage":12,"enemies":"Lagavulin","floor":11,"turns":5},{"damage":1,"enemies":"Exordium Wildlife","floor":13,"turns":4},{"damage":0,"enemies":"Looter","floor":14,"turns":3},{"damage":31,"enemies":"Slime Boss","floor":16,"turns":11},{"damage":25,"enemies":"2 Thieves","floor":18,"turns":4},{"damage":22,"enemies":"Shell Parasite","floor":20,"turns":5},{"damage":12,"enemies":"Snake Plant","floor":22,"turns":2}],"seed_played":"2389288751463691588","potions_obtained":[{"floor":1,"key":"Weak Potion"},{"floor":8,"key":"Block Potion"}],"is_trial":false,"path_per_floor":["M","$","?","?","?","R","E","M","T","M","E","R","M","M","R","B",null,"M","?","M","$","M"],"character_chosen":"THE_SILENT","items_purchased":["Poisoned Stab","Regal Pillow","Escape Plan"],"campfire_rested":2,"item_purchase_floors":[2,21,21],"current_hp_per_floor":[60,60,46,46,46,67,49,49,49,49,37,37,36,36,57,26,59,34,34,12,12,0,0],"gold":34,"neow_bonus":"THREE_RARE_CARDS","is_daily":false,"chose_seed":false,"campfire_upgraded":0,"win_rate":0.0,"timestamp":1609262214,"path_taken":["M","$","?","?","?","R","E","M","T","M","E","R","?","M","R","BOSS","M","?","M","$","M"],"items_purchased_type":["Card","Relic","Card"],"build_version":"2020-12-22","purchased_purges":1,"victory":false,"max_hp_per_floor":[70,70,70,70,70,70,70,70,70,70,70,70,70,70,70,70,70,70,70,70,70,70,70],"card_choices":[{"not_picked":["Unload","Malaise"],"picked":"Envenom","floor":0},{"not_picked":["Deflect","Underhanded Strike"],"picked":"Cloak And Dagger","floor":1},{"not_picked":["Unload","Prepared"],"picked":"Tools of the Trade","floor":7},{"not_picked":["hubris:SlightOfHand","Backflip"],"picked":"Dagger Throw","floor":8},{"not_picked":["hubris:Sniper","Blade Dance"],"picked":"Poisoned Stab","floor":10},{"not_picked":["Escape Plan","Slice"],"picked":"After Image","floor":11},{"not_picked":["Deadly Poison","Backflip"],"picked":"Slice","floor":13},{"not_picked":["Heel Hook","Hidden Blade"],"picked":"Flying Knee","floor":14},{"not_picked":["Glass Knife","Burst"],"picked":"A Thousand Cuts","floor":16},{"not_picked":["Sucker Punch","Acrobatics"],"picked":"Cloak And Dagger+1","floor":18},{"not_picked":["Replay:Poison Smokescreen","Dagger Spray"],"picked":"Slice+1","floor":20}],"player_experience":262326,"relics_obtained":[{"floor":7,"key":"Counterbalance"},{"floor":11,"key":"hubris:AncientText"}],"event_choices":[{"damage_healed":0,"gold_gain":0,"player_choice":"Entered Light","damage_taken":14,"max_hp_gain":0,"max_hp_loss":0,"event_name":"Shining Light","floor":3,"gold_loss":0,"cards_upgraded":["Defend_G","Defend_G"]},{"damage_healed":0,"gold_gain":0,"player_choice":"Ignored","damage_taken":0,"max_hp_gain":0,"max_hp_loss":0,"event_name":"Liars Game","floor":4,"gold_loss":0},{"damage_healed":0,"gold_gain":0,"player_choice":"Upgraded","damage_taken":0,"max_hp_gain":0,"max_hp_loss":0,"event_name":"Upgrade Shrine","floor":5,"gold_loss":0,"cards_upgraded":["Envenom"]}],"is_beta":false,"boss_relics":[{"not_picked":["Tiny House","construct:WeddingRing"],"picked":"Sozu"}],"items_purged_floors":[2],"is_endless":false,"potions_floor_spawned":[1,8],"killed_by":"Snake Plant","ascension_level":6}}