{"host":"etr9f2q07ig588e0","time":1609264074,"event":{"mods":["BaseMod","Downfall","Googly Eyes","Hubris","Minty Spire (QoL Compilation)","Replay The Spire","StSLib","SuperFastMode"],"gold_per_floor":[210,210,223,233,233,273,273,312,339,358,377,377,552,590,590,590,590],"floor_reached":16,"playtime":615,"items_purged":[],"score":144,"play_id":"a94e4def-ff04-48db-9412-aa08f4c27290","local_time":"20201229204754","is_ascension_mode":true,"campfire_choices":[{"data":"Barricade","floor":7,"key":"SMITH"},{"floor":12,"key":"REST"},{"floor":15,"key":"REST"}],"circlet_count":0,"master_deck":["Strike_R","Strike_R","Strike_R","Strike_R","Defend_R","Defend_R","Defend_R","Defend_R","Bash","Thunderclap","Rampage+1","Flex","Iron Wave","Injury","Barricade+1","Infernal Blade","Ghostly Armor","Cleave","Doubt","Clothesline"],"relics":["Burning Blood","Golden Idol","Ancient Tea Set","Tiny Chest","Juzu Bracelet","Omamori"],"acts_visited":["Exordium"],"potions_floor_usage":[8,16,16,16],"damage_taken":[{"damage":4,"enemies":"Small Slimes","floor":1,"turns":4},{"damage":3,"enemies":"2 Louse","floor":3,"turns":3},{"damage":1,"enemies":"Cultist","floor":4,"turns":3},{"damage":20,"enemies":"Replay:BlueRogue","floor":6,"turns":7},{"damage":29,"enemies":"Gremlin Nob","floor":8,"turns":5},{"damage":17,"enemies":"Red Slaver","floor":10,"turns":5},{"damage":21,"enemies":"Lots of Slimes","floor":11,"turns":5},{"damage":21,"enemies":"Replay:BlueRogue","floor":14,"turns":5},{"damage":66,"enemies":"Slime Boss","floor":16,"turns":11}],"seed_played":"-5064839780821769179","potions_obtained":[{"floor":1,"key":"Languid Potion"},{"floor":4,"key":"BloodPotion"},{"floor":11,"key":"Reflective Coating"},{"floor":14,"key":"Weak Potion"}],"is_trial":false,"path_per_floor":["M","?","M","M","?","E","R","E","T","M","M","R","?","E","R","B"],"character_chosen":"IRONCLAD","items_purchased":[],"campfire_rested":2,"item_purchase_floors":[],"current_hp_per_floor":[80,80,80,80,80,66,66,59,59,48,33,57,57,42,66,0,0],"gold":590,"neow_bonus":"HUNDRED_GOLD","is_daily":false,"chose_seed":false,"campfire_upgraded":1,"win_rate":0.0,"timestamp":1609264074,"path_taken":["M","?","M","M","?","E","R","E","T","M","M","R","?","E","R","BOSS"],"items_purchased_type":[],"build_version":"2020-12-22","purchased_purges":0,"victory":false,"max_hp_per_floor":[80,80,80,80,80,80,80,80,80,80,80,80,80,80,80,80,80],"card_choices":[{"not_picked":["Disarm","Abandon"],"picked":"Thunderclap","floor":1},{"not_picked":["hubris:ReadiedAction","Sword Boomerang"],"picked":"Flex","floor":3},{"not_picked":["Heavy Blade","Abandon"],"picked":"Iron Wave","floor":4},{"not_picked":["Sword Boomerang","Shrug It Off"],"picked":"Barricade","floor":6},{"not_picked":["Replay:Undeath\u0027s Touch","Life Link"],"picked":"Infernal Blade","floor":8},{"not_picked":["Whirlwind","True Grit"],"picked":"Ghostly Armor","floor":10},{"not_picked":["Carnage","Sword Boomerang"],"picked":"Cleave","floor":11},{"not_picked":["Life Link","Sentinel"],"picked":"Clothesline","floor":14}],"player_experience":418265,"relics_obtained":[{"floor":6,"key":"Ancient Tea Set"},{"floor":8,"key":"Tiny Chest"},{"floor":9,"key":"Juzu Bracelet"},{"floor":14,"key":"Omamori"}],"event_choices":[{"damage_healed":0,"gold_gain":0,"player_choice":"Take Wound","damage_taken":0,"relics_obtained":["Golden Idol"],"max_hp_gain":0,"max_hp_loss":0,"event_name":"Golden Idol","floor":5,"gold_loss":0,"cards_obtained":["Injury"]},{"damage_healed":0,"gold_gain":175,"player_choice":"AGREE","damage_taken":0,"max_hp_gain":0,"max_hp_loss":0,"event_name":"Liars Game","floor":13,"gold_loss":0,"cards_obtained":["Doubt"]}],"is_beta":false,"boss_relics":[],"items_purged_floors":[],"is_endless":false,"potions_floor_spawned":[1,4,11,14],"killed_by":"Slime Boss","ascension_level":4}}