{"host":"eocn4tduyrehyy81","time":1609278430,"event":{"mods":["AchievementEnabler","Aspiration","BaseMod","BetterRewards","Custom Start","Minty Spire (QoL Compilation)","Replay The Spire","StSLib"],"gold_per_floor":[117,117,135,152,152,152,6,6,33,33,43,60,75,93,93,192,192,206,206,0,0,0,0,0,0,27,56,85,33,53,67,67],"floor_reached":31,"playtime":1839,"items_purged":[],"score":327,"play_id":"68868107-3f59-48e1-bf5b-db7a0c49c217","local_time":"20201229154710","is_ascension_mode":false,"campfire_choices":[{"data":"ReachHeaven","floor":6,"key":"SMITH"},{"floor":8,"key":"REST"},{"data":"Adaptation","floor":10,"key":"SMITH"},{"floor":15,"key":"REST"},{"floor":23,"key":"REST"},{"data":"Establishment","floor":25,"key":"SMITH"}],"circlet_count":0,"master_deck":["Eruption","Vigilance","SashWhip","JustLucky","Adaptation+1","EmptyFist","ReachHeaven+1","Decay","JustLucky","CarveReality","WheelKick","Wallop","Establishment+1","ConjureBlade","Replay:Vibes","WreathOfFlame","Halt","Brilliance","WindmillStrike","DeusExMachina","CutThroughFate","LikeWater","SandsOfTime","FlyingSleeves","FollowUp+1","WaveOfTheHand","Consecrate"],"relics":["PureWater","Replay:WaspNest","Pen Nib","Toy Ornithopter","Pandora\u0027s Box","Lee\u0027s Waffle","Ring of Fangs","aspiration:Stabinomicon","Replay:Bandana"],"acts_visited":["Exordium","TheCity"],"potions_floor_usage":[13,27,30,31],"damage_taken":[{"damage":9,"enemies":"Cultist","floor":1,"turns":3},{"damage":0,"enemies":"2 Louse","floor":3,"turns":3},{"damage":0,"enemies":"Jaw Worm","floor":4,"turns":3},{"damage":14,"enemies":"Large Slime","floor":11,"turns":3},{"damage":0,"enemies":"Blue Slaver","floor":12,"turns":2},{"damage":8,"enemies":"2 Fungi Beasts","floor":13,"turns":3},{"damage":8,"enemies":"Exordium Wildlife","floor":14,"turns":2},{"damage":47,"enemies":"Hexaghost","floor":16,"turns":7},{"damage":14,"enemies":"3 Byrds","floor":18,"turns":3},{"damage":37,"enemies":"Spheric Guardian","floor":27,"turns":5},{"damage":0,"enemies":"Snecko","floor":28,"turns":3},{"damage":31,"enemies":"Shelled Parasite and Fungi","floor":30,"turns":5},{"damage":19,"enemies":"Slavers","floor":31,"turns":1}],"seed_played":"-8996932989065771283","potions_obtained":[{"floor":3,"key":"SteroidPotion"},{"floor":11,"key":"Adrenaline Potion"},{"floor":14,"key":"DuplicationPotion"},{"floor":16,"key":"FearPotion"},{"floor":18,"key":"ColorlessPotion"},{"floor":30,"key":"DistilledChaos"}],"is_trial":false,"path_per_floor":["M","T","M","M","?","R","$","R","T","R","M","M","M","M","R","B",null,"M","?","$","?","$","R","?","R","T","M","M","$","M","E"],"character_chosen":"WATCHER","items_purchased":["SashWhip","JustLucky","Pen Nib","Lee\u0027s Waffle","FlyingSleeves","SkillPotion"],"campfire_rested":3,"item_purchase_floors":[0,0,7,20,20,29],"current_hp_per_floor":[63,63,63,63,63,63,63,72,72,72,58,58,55,47,68,21,72,58,58,79,79,79,79,63,63,63,31,31,31,5,0,0],"gold":67,"neow_bonus":"","is_daily":false,"chose_seed":false,"campfire_upgraded":3,"win_rate":0.0,"timestamp":1609278430,"path_taken":["M","?","?","M","?","R","$","R","T","R","M","?","M","M","R","BOSS","M","?","$","?","?","R","?","R","T","M","?","$","M","E"],"items_purchased_type":["Card","Card","Relic","Relic","Card","Potion"],"build_version":"2020-12-22","purchased_purges":0,"victory":false,"max_hp_per_floor":[72,72,72,72,72,72,72,72,72,72,72,72,72,72,72,72,72,72,72,79,79,79,79,79,79,79,79,79,79,79,79,79],"card_choices":[{"not_picked":["EmptyBody","Crescendo"],"picked":"Adaptation","floor":1},{"not_picked":["FlurryOfBlows","Replay:AtTheReady"],"picked":"EmptyFist","floor":3},{"not_picked":["Nirvana","Brilliance"],"picked":"ReachHeaven","floor":4},{"not_picked":["Collect","EmptyBody"],"picked":"JustLucky","floor":11},{"not_picked":["Replay:BluntJabs","Adaptation"],"picked":"CarveReality","floor":12},{"not_picked":["Replay:Vibes","BowlingBash"],"picked":"WheelKick","floor":13},{"not_picked":["JustLucky","DeceiveReality"],"picked":"Wallop","floor":14},{"not_picked":["ConjureBlade","Scrawl"],"picked":"Establishment","floor":16},{"not_picked":["ClearTheMind","Halt"],"picked":"LikeWater","floor":18},{"not_picked":["Sanctity","CarveReality"],"picked":"FollowUp+1","floor":27},{"not_picked":["SashWhip+1","ThirdEye"],"picked":"WaveOfTheHand","floor":28},{"not_picked":["Halt","EmptyBody+1"],"picked":"Consecrate","floor":30}],"player_experience":35018,"relics_obtained":[{"floor":2,"key":"Replay:WaspNest"},{"floor":9,"key":"Toy Ornithopter"},{"floor":21,"key":"Ring of Fangs"},{"floor":24,"key":"aspiration:Stabinomicon"},{"floor":26,"key":"Replay:Bandana"}],"event_choices":[{"damage_healed":0,"gold_gain":0,"player_choice":"Cursed","damage_taken":0,"max_hp_gain":0,"max_hp_loss":0,"event_name":"Wheel of Change","floor":5,"gold_loss":0,"cards_obtained":["Decay"]},{"damage_healed":0,"gold_gain":0,"player_choice":"Read","damage_taken":0,"max_hp_gain":0,"max_hp_loss":0,"event_name":"The Library","floor":19,"gold_loss":0,"cards_obtained":["SandsOfTime"]},{"damage_healed":0,"gold_gain":0,"player_choice":"Obtained Book","damage_taken":16,"max_hp_gain":0,"max_hp_loss":0,"event_name":"Cursed Tome","floor":24,"gold_loss":0}],"is_beta":false,"boss_relics":[{"not_picked":["aspiration:RitualDagger","ReplayTheSpireMod:DimensionalGlitch"],"picked":"Pandora\u0027s Box"}],"items_purged_floors":[],"is_endless":false,"potions_floor_spawned":[3,11,14,16,18,30],"killed_by":"Slavers","ascension_level":0}}