{"host":"dhyczjm99amxd3qx","time":1609273630,"event":{"mods":["BaseMod","Colored Map","Googly Eyes","Highlight Path","Minty Spire (QoL Compilation)","Quick Restart","StSLib"],"gold_per_floor":[119,42,62,73,83,115,129,160,160,160,188,188,158,190,190,293,293,313,313,333,105,123,123,133,167,167,192,192,226,151,250,250,345,345,365,385,385,401,416,444,463,492,515,515,543,543,543,217,217,217],"floor_reached":51,"playtime":4375,"items_purged":["Strike_G","Decay"],"score":1218,"play_id":"b1ad166e-1f2e-4d07-9db3-1722eb969641","local_time":"20201229152710","is_ascension_mode":true,"campfire_choices":[{"data":"Infinite Blades","floor":10.0,"key":"SMITH"},{"data":"Accuracy","floor":15.0,"key":"SMITH"},{"data":"Venomology","floor":23.0,"key":"SMITH"},{"data":"Accuracy","floor":28.0,"key":"SMITH"},{"data":"Cloak And Dagger","floor":32.0,"key":"SMITH"},{"data":"After Image","floor":46.0,"key":"SMITH"},{"data":"Cloak And Dagger","floor":49.0,"key":"SMITH"}],"circlet_count":0,"master_deck":["Strike_G","Defend_G","Defend_G","Defend_G","Defend_G","Defend_G","Survivor","Neutralize","Blade Dance","Infinite Blades+1","Accuracy+1","Prepared","Cloak And Dagger","Venomology+1","Accuracy+1","Blade Dance","Cloak And Dagger+1","Cloak And Dagger+1","After Image+1","Parasite","Cloak And Dagger+1","Prepared"],"relics":["Ring of the Snake","FossilizedHelix","PreservedInsect","Ornamental Fan","Question Card","InkBottle","HoveringKite","Enchiridion","Membership Card","Singing Bowl","Letter Opener","Oddly Smooth Stone","Bag of Preparation","Cursed Key","Tough Bandages","Bag of Marbles","Boot","Bronze Scales","Lantern","Turnip"],"acts_visited":["Exordium","TheCity","TheBeyond"],"potions_floor_usage":[50,50,50],"damage_taken":[{"damage":0.0,"enemies":"Cultist","floor":1.0,"turns":3.0},{"damage":0.0,"enemies":"Jaw Worm","floor":3.0,"turns":3.0},{"damage":0.0,"enemies":"2 Louse","floor":4.0,"turns":2.0},{"damage":0.0,"enemies":"Large Slime","floor":5.0,"turns":4.0},{"damage":12.0,"enemies":"3 Sentries","floor":6.0,"turns":7.0},{"damage":0.0,"enemies":"Looter","floor":7.0,"turns":2.0},{"damage":10.0,"enemies":"Lagavulin","floor":8.0,"turns":7.0},{"damage":0.0,"enemies":"Gremlin Nob","floor":11.0,"turns":3.0},{"damage":0.0,"enemies":"Lagavulin","floor":14.0,"turns":6.0},{"damage":0.0,"enemies":"Slime Boss","floor":16.0,"turns":7.0},{"damage":8.0,"enemies":"Spheric Guardian","floor":18.0,"turns":4.0},{"damage":0.0,"enemies":"Shell Parasite","floor":20.0,"turns":3.0},{"damage":0.0,"enemies":"Shelled Parasite and Fungi","floor":22.0,"turns":7.0},{"damage":0.0,"enemies":"Snecko","floor":24.0,"turns":3.0},{"damage":21.0,"enemies":"Slavers","floor":25.0,"turns":3.0},{"damage":12.0,"enemies":"Gremlin Leader","floor":27.0,"turns":3.0},{"damage":0.0,"enemies":"Book of Stabbing","floor":29.0,"turns":3.0},{"damage":20.0,"enemies":"Automaton","floor":33.0,"turns":5.0},{"damage":0.0,"enemies":"3 Darklings","floor":35.0,"turns":5.0},{"damage":0.0,"enemies":"Orb Walker","floor":36.0,"turns":2.0},{"damage":0.0,"enemies":"Writhing Mass","floor":38.0,"turns":3.0},{"damage":0.0,"enemies":"Maw","floor":39.0,"turns":5.0},{"damage":0.0,"enemies":"Giant Head","floor":40.0,"turns":5.0},{"damage":0.0,"enemies":"Spire Growth","floor":41.0,"turns":3.0},{"damage":0.0,"enemies":"Reptomancer","floor":42.0,"turns":4.0},{"damage":0.0,"enemies":"Nemesis","floor":45.0,"turns":3.0},{"damage":58,"enemies":"Time Eater","floor":50,"turns":8}],"seed_played":"-7639932111816725522","potions_obtained":[{"floor":3.0,"key":"Poison Potion"},{"floor":4.0,"key":"Energy Potion"},{"floor":6.0,"key":"SteroidPotion"},{"floor":7.0,"key":"Ancient Potion"},{"floor":11.0,"key":"Weak Potion"},{"floor":16.0,"key":"SkillPotion"},{"floor":18.0,"key":"Dexterity Potion"},{"floor":22.0,"key":"PowerPotion"},{"floor":27.0,"key":"DuplicationPotion"},{"floor":35.0,"key":"FairyPotion"},{"floor":36.0,"key":"Ancient Potion"},{"floor":37.0,"key":"BlessingOfTheForge"},{"floor":41.0,"key":"Fruit Juice"}],"is_trial":false,"path_per_floor":["M","$","M","M","M","E","M","E","T","R","E","?","?","E","R","B",null,"M","?","M","$","M","R","M","E","T","E","R","E","?","?","R","B",null,"M","M","?","M","M","E","M","E","T","?","E","R","?","$","R","B",null],"character_chosen":"THE_SILENT","items_purchased":["Infinite Blades","Membership Card","Accuracy","Lantern","Turnip","AttackPotion","Swift Potion"],"campfire_rested":0,"item_purchase_floors":[2,21,21,48,48,48,48],"current_hp_per_floor":[77,77,77,77,77,65,65,55,55,55,55,55,55,55,55,55,77,69,53,53,53,53,53,53,34,34,22,22,22,22,22,22,2,79,81,83,83,85,87,89,94,96,96,91,91,91,91,91,91,33],"gold":217,"neow_bonus":"TEN_PERCENT_HP_BONUS","is_daily":false,"chose_seed":false,"campfire_upgraded":7,"win_rate":0.0,"timestamp":1609273630,"path_taken":["M","?","M","?","M","E","M","E","T","R","E","?","?","E","R","BOSS","M","?","M","$","M","R","M","E","T","E","R","E","?","?","R","BOSS","M","M","?","M","?","E","M","E","T","?","E","R","?","$","R","BOSS"],"items_purchased_type":["Card","Relic","Card","Relic","Relic","Potion","Potion"],"build_version":"2020-12-22","purchased_purges":2,"victory":true,"max_hp_per_floor":[77,77,77,77,77,77,77,77,77,77,77,77,77,77,77,77,77,77,77,77,77,77,77,77,79,79,79,79,79,79,79,79,79,79,81,83,83,85,87,89,94,96,96,91,91,91,91,91,91,91],"card_choices":[{"not_picked":["Dash","Flechettes"],"picked":"Blade Dance","floor":1.0},{"not_picked":["Dagger Spray","Flechettes"],"picked":"Accuracy","floor":3.0},{"not_picked":["Deflect","Choke","Riddle With Holes"],"picked":"SKIP","floor":4.0},{"not_picked":["Escape Plan","Blur","Backflip"],"picked":"SKIP","floor":5.0},{"not_picked":["Escape Plan","Blur","Backflip"],"picked":"SKIP","floor":5.0},{"not_picked":["Skewer","Heel Hook"],"picked":"Prepared","floor":6.0},{"not_picked":["Footwork","Bouncing Flask","Backstab"],"picked":"SKIP","floor":7.0},{"not_picked":["Deflect","Setup"],"picked":"Cloak And Dagger","floor":8.0},{"not_picked":["Doppelganger","Underhanded Strike","Eviscerate"],"picked":"SKIP","floor":11.0},{"not_picked":["Quick Slash","Caltrops","Bouncing Flask","Dagger Spray"],"picked":"SKIP","floor":14.0},{"not_picked":["Envenom","Doppelganger","Phantasmal Killer"],"picked":"Venomology","floor":16.0},{"not_picked":["Deadly Poison","Endless Agony","Sucker Punch+1","Outmaneuver"],"picked":"SKIP","floor":18.0},{"not_picked":["Dodge and Roll","Deflect","Masterful Stab+1","Flechettes"],"picked":"SKIP","floor":20.0},{"not_picked":["Eviscerate","Calculated Gamble","Sucker Punch"],"picked":"Blade Dance","floor":22.0},{"not_picked":["Deadly Poison","Dash","Skewer","Burst"],"picked":"SKIP","floor":24.0},{"not_picked":["Underhanded Strike+1","Noxious Fumes","Distraction","Skewer"],"picked":"Singing Bowl","floor":25.0},{"not_picked":["Doppelganger","Blade Dance","Slice"],"picked":"Cloak And Dagger","floor":27.0},{"not_picked":["Underhanded Strike+1","Sucker Punch","Masterful Stab"],"picked":"Cloak And Dagger","floor":29.0},{"not_picked":["Venomology","Unload","Die Die Die"],"picked":"After Image","floor":33.0},{"not_picked":["PiercingWail+1","Endless Agony+1","Bouncing Flask","Backstab"],"picked":"Singing Bowl","floor":35.0},{"not_picked":["Dagger Spray","Predator","Backstab+1","Flying Knee+1"],"picked":"Singing Bowl","floor":36.0},{"not_picked":["Backflip+1","Deadly Poison","Sucker Punch+1","Outmaneuver"],"picked":"Singing Bowl","floor":38.0},{"not_picked":["Backstab+1","Bane","Underhanded Strike","Sucker Punch"],"picked":"Singing Bowl","floor":39.0},{"not_picked":["Caltrops","Footwork+1","Catalyst","Sucker Punch+1"],"picked":"Singing Bowl","floor":40.0},{"not_picked":["Wraith Form v2","Underhanded Strike","Flying Knee"],"picked":"Cloak And Dagger+1","floor":41.0},{"not_picked":["Outmaneuver","Backflip","Flying Knee+1","Acrobatics+1"],"picked":"Singing Bowl","floor":42.0},{"not_picked":["Die Die Die","Terror","Bouncing Flask+1"],"picked":"Prepared","floor":45.0}],"player_experience":177253,"relics_obtained":[{"floor":6.0,"key":"FossilizedHelix"},{"floor":8.0,"key":"PreservedInsect"},{"floor":9.0,"key":"Ornamental Fan"},{"floor":11.0,"key":"Question Card"},{"floor":14.0,"key":"InkBottle"},{"floor":19.0,"key":"Enchiridion"},{"floor":25.0,"key":"Singing Bowl"},{"floor":26.0,"key":"Letter Opener"},{"floor":27.0,"key":"Oddly Smooth Stone"},{"floor":29.0,"key":"Bag of Preparation"},{"floor":40.0,"key":"Tough Bandages"},{"floor":42.0,"key":"Bag of Marbles"},{"floor":43.0,"key":"Boot"},{"floor":45.0,"key":"Bronze Scales"}],"event_choices":[{"cards_removed":["Strike_G"],"damage_healed":0.0,"max_hp_gain":0.0,"max_hp_loss":0.0,"gold_gain":0.0,"event_name":"Living Wall","player_choice":"Forget","floor":12.0,"gold_loss":0.0,"damage_taken":0.0},{"damage_healed":0.0,"max_hp_gain":0.0,"max_hp_loss":0.0,"gold_gain":0.0,"event_name":"World of Goop","player_choice":"Left Gold","floor":13.0,"gold_loss":30.0,"damage_taken":0.0},{"damage_healed":0.0,"max_hp_gain":0.0,"max_hp_loss":0.0,"gold_gain":0.0,"event_name":"Cursed Tome","player_choice":"Obtained Book","floor":19.0,"gold_loss":0.0,"damage_taken":16.0},{"cards_removed":["Strike_G"],"damage_healed":0.0,"max_hp_gain":0.0,"max_hp_loss":0.0,"gold_gain":0.0,"event_name":"Beggar","player_choice":"Gave Gold","floor":30.0,"gold_loss":75.0,"damage_taken":0.0},{"damage_healed":0.0,"max_hp_gain":0.0,"max_hp_loss":0.0,"gold_gain":99.0,"event_name":"Nest","player_choice":"Stole From Cult","floor":31.0,"gold_loss":0.0,"damage_taken":0.0},{"damage_healed":0.0,"max_hp_gain":0.0,"max_hp_loss":0.0,"gold_gain":0.0,"event_name":"Lab","player_choice":"Got Potions","floor":37.0,"gold_loss":0.0,"damage_taken":0.0},{"damage_healed":0.0,"max_hp_gain":0.0,"max_hp_loss":5.0,"gold_gain":0.0,"event_name":"Winding Halls","player_choice":"Max HP","floor":44.0,"gold_loss":0.0,"damage_taken":0.0},{"cards_removed":["Strike_G"],"damage_healed":0.0,"max_hp_gain":0.0,"max_hp_loss":0.0,"gold_gain":0.0,"event_name":"Falling","player_choice":"Removed Attack","floor":47.0,"gold_loss":0.0,"damage_taken":0.0}],"is_beta":false,"boss_relics":[{"not_picked":["Ectoplasm","Sozu"],"picked":"HoveringKite"},{"not_picked":["Snecko Eye","Runic Dome"],"picked":"Cursed Key"}],"items_purged_floors":[21,48],"is_endless":false,"potions_floor_spawned":[3,4,6,7,11,16,18,22,27,35,36,38,41],"ascension_level":4}}