{"host":"x5a6cvihdukvwm3n","time":1609267983,"event":{"mods":["Act Like it!","AlwaysNeverKeys","Aspiration","BaseMod","Beaked The Cultist","Better Altar","Better Match","Better Note","Better Sensory Stone","Better Skull","Better Third Choice","BetterRewards","Colored Map","Colored Powertips","Conspire","Curses Come First","Downfall","Friendly Minions","Gensokyo","GifTheSpireLib","Halation","Hallownest","Hermit","Highlight Path","Hubris","Jorbs\u0027s Wanderer Trilogy","Minty Spire (QoL Compilation)","Permanent Neow","Replay The Spire","Robot Space Explorer","Shade Mod","Shop Mod","Spicy Shops","StSLib","Stuff the Spire","SuperFastMode","Synergy Search","The Blue Laboratory","The Cursed","The Jungle","The Marked","vexMod"],"gold_per_floor":[117,117,137,137,152,152,170,170,170,182,107,142,139,163,163,267,267,285,285,297,3,3,3],"floor_reached":22,"playtime":1158,"items_purged":[],"score":186,"play_id":"c3ad5c1f-9827-4afd-8162-62a4e2356f62","local_time":"20201229195303","is_ascension_mode":false,"campfire_choices":[{"floor":6,"key":"REST"},{"data":"hermit:Brawl","floor":8,"key":"SMITH"},{"floor":15,"key":"REST"}],"circlet_count":0,"master_deck":["hermit:Strike_Hermit","hermit:Strike_Hermit","hermit:Defend_Hermit","hermit:Defend_Hermit","hermit:Defend_Hermit","hermit:Snapshot+1","hermit:Covet","hermit:Deadeye","Reflex","Die Die Die","Dagger Throw","hermit:Brawl+1","hermit:Scavenge","hermit:Brawl","hermit:LoneWolf","hermit:Gestalt","hermit:BigShot+1","hermit:TrackingShot","hermit:FinalCanter","hermit:Spite","hermit:Dive+1","hermit:Virtue"],"relics":["hermit:Momento","StuffTheSpire:OldFever","Blue Doll","Bag of Preparation","StuffTheSpire:PointBlank","Hallownest:BankAccountRelic","StuffTheSpire:SapphireSignet","Philosopher\u0027s Stone","Bag of Marbles","Replay:Mystery Machine","Calipers"],"acts_visited":["Exordium","Hallownest:Greenpath"],"potions_floor_usage":[12,16,22],"damage_taken":[{"damage":2,"enemies":"Hallownest:2_Tiktiks_and_1_Crawlid","floor":1,"turns":4},{"damage":3,"enemies":"Hallownest:monsterHuskWarrior","floor":3,"turns":3},{"damage":0,"enemies":"Hallownest:2_Baldur","floor":5,"turns":3},{"damage":0,"enemies":"Hallownest:monsterAspidMother","floor":7,"turns":5},{"damage":13,"enemies":"Hallownest:monsterFoolEater","floor":10,"turns":4},{"damage":4,"enemies":"Hallownest:eliteVengeflyKing","floor":12,"turns":5},{"damage":2,"enemies":"Hallownest:monsterMossCharger","floor":14,"turns":5},{"damage":44,"enemies":"Hallownest:BossHornet","floor":16,"turns":8},{"damage":11,"enemies":"Hallownest:2_Mistakes","floor":18,"turns":5},{"damage":24,"enemies":"Hallownest:Guard_and_Sentry","floor":20,"turns":4},{"damage":12,"enemies":"Hallownest:2_Flukemon","floor":22,"turns":2}],"seed_played":"7249906266113462556","potions_obtained":[{"floor":1,"key":"blueLaboratory:RecallPotion"},{"floor":10,"key":"SpeedPotion"},{"floor":14,"key":"Reflective Coating"},{"floor":16,"key":"Languid Potion"}],"is_trial":false,"path_per_floor":["M","?","M","?","M","R","M","R","T","M","?","E","$","M","R","B",null,"M","?","M","$","M"],"character_chosen":"HERMIT","items_purchased":["hermit:BigShot+1","Calipers","hermit:Virtue"],"campfire_rested":2,"item_purchase_floors":[13,21,21],"current_hp_per_floor":[73,73,70,21,21,43,43,43,43,30,30,26,26,24,46,8,75,64,33,9,9,0,0],"gold":3,"neow_bonus":"UPGRADE_CARD","is_daily":false,"chose_seed":false,"campfire_upgraded":1,"win_rate":0.0,"timestamp":1609267983,"path_taken":["M","?","M","?","?","R","M","R","T","M","?","E","$","M","R","BOSS","M","?","?","$","?"],"items_purchased_type":["Card","Relic","Card"],"build_version":"2020-12-22","purchased_purges":0,"victory":false,"max_hp_per_floor":[75,75,75,75,75,75,75,75,75,75,75,75,75,75,75,75,75,75,75,75,75,75,75],"card_choices":[{"not_picked":["hermit:Spite","hermit:Coalescence"],"picked":"hermit:Deadeye","floor":1},{"not_picked":["hermit:Desperado","hermit:Feint"],"picked":"hermit:Brawl","floor":3},{"not_picked":["hermit:Coalescence","hermit:LowProfile"],"picked":"hermit:Scavenge","floor":5},{"not_picked":["hermit:TrackingShot","hermit:Shortfuse"],"picked":"hermit:Brawl","floor":7},{"not_picked":["hermit:Glare","hermit:Manifest"],"picked":"hermit:LoneWolf","floor":10},{"not_picked":["hermit:EternalForm","hermit:PistolWhip"],"picked":"hermit:Gestalt","floor":12},{"not_picked":["hermit:Dive","hermit:SprayPray"],"picked":"hermit:TrackingShot","floor":14},{"not_picked":["hermit:EternalForm","hermit:Reprieve"],"picked":"hermit:FinalCanter","floor":16},{"not_picked":["hermit:Ricochet","hermit:Desperado"],"picked":"hermit:Spite","floor":18},{"not_picked":["hermit:HoleUp+1","hermit:BodyArmor"],"picked":"hermit:Dive+1","floor":20}],"player_experience":274754,"relics_obtained":[{"floor":9,"key":"StuffTheSpire:PointBlank"},{"floor":12,"key":"StuffTheSpire:SapphireSignet"}],"event_choices":[{"damage_healed":0,"gold_gain":0,"player_choice":"RE RE RE ","damage_taken":55,"relics_obtained":["StuffTheSpire:OldFever","Blue Doll","Bag of Preparation"],"max_hp_gain":0,"max_hp_loss":0,"event_name":"betterSkull:BetterSkull","floor":4,"gold_loss":0,"cards_upgraded":[]},{"damage_healed":0,"gold_gain":0,"player_choice":"RE RE ","damage_taken":35,"relics_obtained":["Bag of Marbles","Replay:Mystery Machine"],"max_hp_gain":0,"max_hp_loss":0,"event_name":"betterSkull:BetterSkull","floor":19,"gold_loss":0,"cards_upgraded":[]}],"is_beta":false,"boss_relics":[{"not_picked":["vexMod:FluxCapacitor","Ring of Chaos"],"picked":"Philosopher\u0027s Stone"}],"items_purged_floors":[],"is_endless":false,"potions_floor_spawned":[1,10,14,16],"killed_by":"Hallownest:2_Flukemon","ascension_level":0}}