{"host":"qc268ltokmxwqyrx","time":1609200564,"event":{"mods":["BaseMod","Colored Map","Colored Powertips","Minty Spire (QoL Compilation)","Relic Stats","Slay the Relics Exporter","StSLib","ojb\u0027s Info Mod"],"gold_per_floor":[113,113,188,208,173,185,200,229,279,279,34,65,65,83,83,159,159,176,148,168,168,188,188,207,232,255,282,282,34,34,48,48,120,120,130,146,146,162,178,220,239,274,335,335,19,33,44,66,66,66,66,66],"floor_reached":51,"playtime":8413,"items_purged":["Normality","Clumsy"],"score":1701,"play_id":"229407e4-df7c-4cfa-acf7-f1407c16a156","local_time":"20201228180924","is_ascension_mode":true,"campfire_choices":[{"floor":10,"key":"REST"},{"data":"Apotheosis","floor":13,"key":"SMITH"},{"data":"Noxious Fumes","floor":15,"key":"SMITH"},{"data":"Wraith Form v2","floor":23,"key":"SMITH"},{"data":"Footwork","floor":28,"key":"SMITH"},{"data":"Calculated Gamble","floor":30,"key":"SMITH"},{"data":"Acrobatics","floor":32,"key":"SMITH"},{"floor":44,"key":"RECALL"},{"data":"Night Terror","floor":49,"key":"SMITH"}],"circlet_count":0,"master_deck":["AscendersBane","Strike_G+1","Defend_G","Defend_G","Defend_G","Defend_G","Defend_G","Survivor","Neutralize","Choke","Predator","Dash","Footwork+1","Calculated Gamble+1","Apotheosis+1","Acrobatics+1","Noxious Fumes+1","Wraith Form v2+1","Backflip","Bouncing Flask","Catalyst","Necronomicurse","Dash","Burst","Night Terror+1","Terror+1","Footwork+1","Corpse Explosion+1","Outmaneuver","PiercingWail","Venomology","Reflex+1","Backflip","PiercingWail","Predator"],"relics":["Ring of the Snake","Meat on the Bone","Nunchaku","Ancient Tea Set","Cursed Key","Necronomicon","Ginger","Ice Cream","OrangePellets","Astrolabe","CeramicFish","HornCleat","Toy Ornithopter","Lee\u0027s Waffle"],"acts_visited":["Exordium","TheCity","TheBeyond"],"potions_floor_usage":[6,8,12,20,27,40,40,46,50],"damage_taken":[{"damage":2,"enemies":"Jaw Worm","floor":1,"turns":7},{"damage":8,"enemies":"Small Slimes","floor":4,"turns":4},{"damage":0,"enemies":"2 Louse","floor":6,"turns":2},{"damage":0,"enemies":"2 Fungi Beasts","floor":7,"turns":4},{"damage":23,"enemies":"3 Sentries","floor":8,"turns":12},{"damage":5,"enemies":"Lagavulin","floor":12,"turns":6},{"damage":0,"enemies":"Exordium Wildlife","floor":14,"turns":3},{"damage":0,"enemies":"The Guardian","floor":16,"turns":12},{"damage":0,"enemies":"Spheric Guardian","floor":18,"turns":7},{"damage":0,"enemies":"2 Thieves","floor":19,"turns":4},{"damage":9,"enemies":"Snake Plant","floor":20,"turns":4},{"damage":0,"enemies":"Snecko","floor":22,"turns":4},{"damage":12,"enemies":"Centurion and Healer","floor":24,"turns":7},{"damage":0,"enemies":"Gremlin Leader","floor":25,"turns":6},{"damage":0,"enemies":"Book of Stabbing","floor":27,"turns":6},{"damage":0,"enemies":"Sentry and Sphere","floor":31,"turns":4},{"damage":7,"enemies":"Champ","floor":33,"turns":7},{"damage":0,"enemies":"Orb Walker","floor":35,"turns":4},{"damage":17,"enemies":"3 Darklings","floor":36,"turns":4},{"damage":11,"enemies":"Sphere and 2 Shapes","floor":38,"turns":5},{"damage":0,"enemies":"Maw","floor":39,"turns":6},{"damage":13,"enemies":"Reptomancer","floor":40,"turns":7},{"damage":2,"enemies":"Spire Growth","floor":41,"turns":6},{"damage":13,"enemies":"Nemesis","floor":42,"turns":7},{"damage":3,"enemies":"3 Darklings","floor":46,"turns":5},{"damage":3,"enemies":"Sphere and 2 Shapes","floor":47,"turns":6},{"damage":2,"enemies":"Maw","floor":48,"turns":7},{"damage":30,"enemies":"Time Eater","floor":50,"turns":12},{"damage":48,"enemies":"Awakened One","floor":51,"turns":5}],"seed_played":"-5994674149013394232","potions_obtained":[{"floor":1,"key":"Energy Potion"},{"floor":4,"key":"ColorlessPotion"},{"floor":8,"key":"FearPotion"},{"floor":14,"key":"Dexterity Potion"},{"floor":18,"key":"DistilledChaos"},{"floor":24,"key":"Explosive Potion"},{"floor":27,"key":"Weak Potion"},{"floor":39,"key":"GhostInAJar"}],"is_trial":false,"path_per_floor":["M","?","?","M","?","M","M","E","T","R","$","E","R","M","R","B",null,"M","M","M","?","M","R","M","E","T","E","R","$","R","M","R","B",null,"M","M","?","M","M","E","M","E","T","R","$","M","M","M","R","B","B"],"character_chosen":"THE_SILENT","items_purchased":["Apotheosis","SkillPotion","OrangePellets","PiercingWail","Lee\u0027s Waffle"],"campfire_rested":1,"item_purchase_floors":[11,11,29,45,45],"current_hp_per_floor":[63,41,30,22,40,40,40,17,17,38,38,45,45,45,45,45,65,65,65,56,35,47,47,47,47,47,47,47,47,47,47,47,40,64,64,47,47,48,48,47,45,44,44,44,79,76,73,71,71,46,0,0],"gold":66,"neow_bonus":"TEN_PERCENT_HP_BONUS","is_daily":false,"chose_seed":false,"campfire_upgraded":7,"win_rate":0.0,"timestamp":1609200564,"path_taken":["M","?","?","M","?","M","M","E","T","R","$","E","R","M","R","BOSS","M","M","M","?","M","R","M","E","T","E","R","$","R","M","R","BOSS","M","M","?","M","M","E","M","E","T","R","$","M","M","M","R","BOSS","BOSS"],"items_purchased_type":["Card","Potion","Relic","Card","Relic"],"build_version":"2020-12-22","purchased_purges":2,"victory":false,"max_hp_per_floor":[72,72,72,72,72,72,72,72,72,72,72,72,72,72,72,72,72,72,72,72,72,72,72,72,72,72,72,72,72,72,72,72,72,72,72,72,72,72,72,72,72,72,72,72,79,79,79,79,79,79,79,79],"relic_stats":{"Lee\u0027s Waffle":35,"counters":[29,173],"Astrolabe":["Terror","Footwork","Corpse Explosion"],"CeramicFish":54,"Ginger":[17],"Cursed Key":2,"OrangePellets":[16],"Nunchaku":[22],"Necronomicon":[60],"obtain_stats":[{"Ice Cream":27,"Lee\u0027s Waffle":45,"Astrolabe":34,"CeramicFish":40,"Ginger":25,"Ancient Tea Set":12,"Cursed Key":17,"OrangePellets":29,"Nunchaku":9,"HornCleat":42,"Necronomicon":21,"Toy Ornithopter":43,"Ring of the Snake":0,"Meat on the Bone":8},{"Ice Cream":15,"Lee\u0027s Waffle":24,"Astrolabe":17,"CeramicFish":22,"Ginger":14,"Ancient Tea Set":6,"Cursed Key":8,"OrangePellets":15,"Nunchaku":5,"HornCleat":24,"Necronomicon":11,"Toy Ornithopter":24,"Ring of the Snake":0,"Meat on the Bone":5},{"Ice Cream":88,"Lee\u0027s Waffle":138,"Astrolabe":99,"CeramicFish":125,"Ginger":82,"Ancient Tea Set":35,"Cursed Key":50,"OrangePellets":88,"Nunchaku":29,"HornCleat":138,"Necronomicon":65,"Toy Ornithopter":138,"Ring of the Snake":0,"Meat on the Bone":29}],"Toy Ornithopter":5,"Ring of the Snake":[58],"Meat on the Bone":72},"card_choices":[{"not_picked":["Acrobatics","Crippling Poison"],"picked":"Choke","floor":1},{"not_picked":["Footwork","Reflex"],"picked":"Predator","floor":4},{"not_picked":["Escape Plan","Dodge and Roll"],"picked":"Dash","floor":6},{"not_picked":["Dagger Spray","Backstab"],"picked":"Footwork","floor":7},{"not_picked":["Poisoned Stab","Blade Dance"],"picked":"Calculated Gamble","floor":8},{"not_picked":["Terror","Underhanded Strike"],"picked":"Acrobatics","floor":12},{"not_picked":["Expertise","Cloak And Dagger"],"picked":"Noxious Fumes","floor":14},{"not_picked":["Burst","Storm of Steel"],"picked":"Wraith Form v2","floor":16},{"not_picked":["Underhanded Strike","Dodge and Roll"],"picked":"Backflip","floor":18},{"not_picked":["Infinite Blades+1","Backstab"],"picked":"Bouncing Flask","floor":19},{"not_picked":["Dagger Spray","Cloak And Dagger"],"picked":"Catalyst","floor":20},{"not_picked":["Quick Slash","Concentrate","Bouncing Flask"],"picked":"SKIP","floor":22},{"not_picked":["Heel Hook","Bane"],"picked":"Dash","floor":24},{"not_picked":["Quick Slash","Poisoned Stab","Blade Dance"],"picked":"SKIP","floor":25},{"not_picked":["All Out Attack","Deflect+1"],"picked":"Burst","floor":27},{"not_picked":["Cloak And Dagger","Blade Dance","Sucker Punch"],"picked":"SKIP","floor":31},{"not_picked":["Phantasmal Killer","Doppelganger"],"picked":"Night Terror","floor":33},{"not_picked":["Blade Dance","Flying Knee","Quick Slash+1"],"picked":"SKIP","floor":35},{"not_picked":["Burst","Quick Slash","Flying Knee"],"picked":"SKIP","floor":36},{"not_picked":["Dash","Backflip"],"picked":"Outmaneuver","floor":38},{"not_picked":["Bouncing Flask","Predator"],"picked":"PiercingWail","floor":39},{"not_picked":["Underhanded Strike","Bane"],"picked":"Venomology","floor":40},{"not_picked":["Tactician","Slice"],"picked":"Reflex+1","floor":41},{"not_picked":["Unload","Prepared"],"picked":"Backflip","floor":42},{"not_picked":["Poisoned Stab+1","Dagger Spray","Flying Knee+1"],"picked":"SKIP","floor":46},{"not_picked":["Dash","Unload","Quick Slash"],"picked":"SKIP","floor":47},{"not_picked":["Underhanded Strike","Finisher"],"picked":"Predator","floor":48}],"player_experience":1735238,"relics_obtained":[{"floor":8,"key":"Meat on the Bone"},{"floor":9,"key":"Nunchaku"},{"floor":12,"key":"Ancient Tea Set"},{"floor":21,"key":"Necronomicon"},{"floor":25,"key":"Ginger"},{"floor":27,"key":"Ice Cream"},{"floor":40,"key":"CeramicFish"},{"floor":42,"key":"HornCleat"},{"floor":43,"key":"Toy Ornithopter"}],"event_choices":[{"damage_healed":0,"gold_gain":0,"player_choice":"Entered Light","damage_taken":22,"max_hp_gain":0,"max_hp_loss":0,"event_name":"Shining Light","floor":2,"gold_loss":0,"cards_upgraded":["Strike_G","Strike_G"]},{"damage_healed":0,"gold_gain":75,"player_choice":"Gather Gold","damage_taken":11,"max_hp_gain":0,"max_hp_loss":0,"event_name":"World of Goop","floor":3,"gold_loss":0},{"damage_healed":18,"gold_gain":0,"player_choice":"Healed","damage_taken":0,"max_hp_gain":0,"max_hp_loss":0,"event_name":"The Cleric","floor":5,"gold_loss":35},{"damage_healed":0,"gold_gain":0,"player_choice":"Obtained Book","damage_taken":21,"max_hp_gain":0,"max_hp_loss":0,"event_name":"Cursed Tome","floor":21,"gold_loss":0},{"cards_removed":["Strike_G"],"damage_healed":0,"gold_gain":0,"player_choice":"Removed Attack","damage_taken":0,"max_hp_gain":0,"max_hp_loss":0,"event_name":"Falling","floor":37,"gold_loss":0}],"is_beta":false,"boss_relics":[{"not_picked":["WristBlade","SacredBark"],"picked":"Cursed Key"},{"not_picked":["Runic Dome","Black Star"],"picked":"Astrolabe"}],"items_purged_floors":[29,45],"is_endless":false,"potions_floor_spawned":[1,4,8,14,18,24,27,38,39,42,47,48],"killed_by":"Awakened One","ascension_level":20}}