{"host":"w36evy4uyf1bcavi","time":1609279063,"event":{"mods":["Act Like it!","Aspiration","BaseMod","Conspire","Hallownest","Jedi Mod","Minty Spire (QoL Compilation)","Replay The Spire","Spicy Shops","StSLib","The Hayseed","The Hierophant"],"gold_per_floor":[118,118,118,16,16,16,49,49,49,49,78,97,21,32,32,132,132,144,144,156,176,192,210,210,222,222,257,257,271,271,271,271,374,474,489,501,501,512,526,559,411,429,452,538,538,463,496,510,510,510,510],"floor_reached":50,"playtime":4344,"items_purged":["Shame"],"score":657,"play_id":"6d16f26c-a5ab-40da-a490-15511f40f36a","local_time":"20201230055743","is_ascension_mode":false,"campfire_choices":[{"data":"TheSimpletonMod:HitTheSack","floor":6,"key":"SMITH"},{"floor":8,"key":"RECALL"},{"data":"TheSimpletonMod:Aerate","floor":15,"key":"SMITH"},{"floor":24,"key":"REST"},{"data":"TheSimpletonMod:VolatileFumes","floor":28,"key":"SMITH"},{"data":"TheSimpletonMod:HitTheSack","floor":32,"key":"SMITH"},{"floor":45,"key":"REST"},{"data":"TheSimpletonMod:Surplus","floor":49,"key":"SMITH"}],"circlet_count":0,"master_deck":["TheSimpletonMod:Strike_TheSimpleton","TheSimpletonMod:Strike_TheSimpleton","TheSimpletonMod:Strike_TheSimpleton+1","TheSimpletonMod:Strike_TheSimpleton+1","TheSimpletonMod:Defend_TheSimpleton","TheSimpletonMod:Defend_TheSimpleton","TheSimpletonMod:Defend_TheSimpleton","TheSimpletonMod:Haymaker","TheSimpletonMod:ReapAndSow","TheSimpletonMod:CloseScrape","TheSimpletonMod:Potatoes","TheSimpletonMod:Potatoes","TheSimpletonMod:HitTheSack+1","TheSimpletonMod:SoilSample+1","TheSimpletonMod:HitTheSack+1","TheSimpletonMod:Aerate+1","TheSimpletonMod:Swelter","TheSimpletonMod:Surplus+1","TheSimpletonMod:Innovate","TheSimpletonMod:Sunseed","TheSimpletonMod:Potatoes+1","TheSimpletonMod:BumperCrop","TheSimpletonMod:VolatileFumes+1","TheSimpletonMod:Ferment+1","TheSimpletonMod:CloseScrape","TheSimpletonMod:SaladShooter","TheSimpletonMod:CrackOfDawn+1","TheSimpletonMod:Innovate+1","Madness","Madness+1","TheSimpletonMod:SpiceUp+1","TheSimpletonMod:DoubleBarrel+1","TheSimpletonMod:VolatileFumes+1","TheSimpletonMod:BumperCrop+1","TheSimpletonMod:Thresh","TheSimpletonMod:Aerate+1","TheSimpletonMod:CropRotation+1","TheSimpletonMod:PestManagement","TheSimpletonMod:Potatoes+1"],"relics":["TheSimpletonMod:SpudOfTheInnocent","TheSimpletonMod:NightSoil","TheSimpletonMod:TheHarvester","NeowsBlessing","Nunchaku","Counterbalance","jedi:heavyjacket","Vajra","Pet Ghost","aspiration:RitualDagger","Frozen Egg 2","Onion Ring","Replay:Wanted Poster","Toy Ornithopter","War Paint","jedi:arcanewood"],"acts_visited":["Exordium","TheCity","TheBeyond"],"potions_floor_usage":[21,39],"damage_taken":[{"damage":0,"enemies":"Jaw Worm","floor":1,"turns":1},{"damage":0,"enemies":"Gremlin Nob","floor":7,"turns":1},{"damage":0,"enemies":"Replay:BlueRogue","floor":11,"turns":1},{"damage":0,"enemies":"2 Louse","floor":12,"turns":2},{"damage":1,"enemies":"Small Slimes","floor":14,"turns":2},{"damage":23,"enemies":"Fading Forest","floor":16,"turns":11},{"damage":16,"enemies":"Shell Parasite","floor":18,"turns":3},{"damage":9,"enemies":"3 Byrds","floor":20,"turns":3},{"damage":21,"enemies":"Centurion and Healer","floor":21,"turns":5},{"damage":10,"enemies":"3 Cultists","floor":22,"turns":3},{"damage":12,"enemies":"Chosen and Byrds","floor":23,"turns":4},{"damage":29,"enemies":"Centurion and Healer","floor":25,"turns":5},{"damage":22,"enemies":"Book of Stabbing","floor":27,"turns":4},{"damage":9,"enemies":"3 Cultists","floor":29,"turns":3},{"damage":64,"enemies":"Collector","floor":33,"turns":9},{"damage":6,"enemies":"Orb Walker","floor":35,"turns":2},{"damage":12,"enemies":"3 Darklings","floor":36,"turns":4},{"damage":32,"enemies":"Jaw Worm Horde","floor":38,"turns":4},{"damage":40,"enemies":"Spire Growth","floor":39,"turns":4},{"damage":42,"enemies":"Giant Head","floor":40,"turns":6},{"damage":39,"enemies":"Transient","floor":42,"turns":5},{"damage":19,"enemies":"Reptomancer","floor":47,"turns":4},{"damage":47,"enemies":"Maw","floor":48,"turns":6},{"damage":111,"enemies":"conspire:OrnateMirror","floor":50,"turns":7}],"seed_played":"854059788429696189","potions_obtained":[{"floor":7,"key":"SkillPotion"},{"floor":14,"key":"Elixir"},{"floor":18,"key":"DistilledChaos"},{"floor":23,"key":"Reflective Coating"},{"floor":35,"key":"PowerPotion"},{"floor":42,"key":"Venom Potion"}],"is_trial":false,"path_per_floor":["M","?","?","$","?","R","E","R","T","?","E","M","$","M","R","B",null,"M","?","M","M","M","M","R","M","T","E","R","M","?","?","R","B",null,"M","M","?","M","M","E","$","M","T","?","R","$","E","M","R","B"],"character_chosen":"THE_SIMPLETON","items_purchased":["TheSimpletonMod:Potatoes","Pet Ghost","War Paint"],"campfire_rested":2,"item_purchase_floors":[4,13,41],"current_hp_per_floor":[75,75,60,60,60,60,60,60,60,60,60,64,64,63,63,50,75,59,59,50,33,23,11,33,8,8,71,71,75,75,75,75,50,75,75,75,66,47,27,41,41,36,36,18,40,40,55,49,49,0,0],"gold":510,"neow_bonus":"THREE_ENEMY_KILL","is_daily":false,"chose_seed":false,"campfire_upgraded":5,"win_rate":0.0,"timestamp":1609279063,"path_taken":["M","?","?","$","?","R","E","R","T","?","E","?","?","M","R","BOSS","M","?","M","M","M","M","R","M","T","E","R","M","?","?","R","BOSS","M","M","?","M","M","E","?","M","T","?","R","$","E","M","R","BOSS"],"items_purchased_type":["Card","Relic","Relic"],"build_version":"2020-12-22","purchased_purges":1,"victory":false,"max_hp_per_floor":[75,75,75,75,75,75,75,75,75,75,75,75,75,75,75,75,75,75,75,75,75,75,75,75,75,75,75,75,75,75,75,75,75,75,75,75,75,75,75,75,75,75,75,75,75,75,75,75,75,75,75],"card_choices":[{"not_picked":["TheSimpletonMod:DoubleBarrel","TheSimpletonMod:Ferment"],"picked":"TheSimpletonMod:CloseScrape","floor":1},{"not_picked":["TheSimpletonMod:CullingStrike","TheSimpletonMod:ToughenUp"],"picked":"TheSimpletonMod:SoilSample","floor":7},{"not_picked":["TheSimpletonMod:DigIn","TheSimpletonMod:Sunchoke"],"picked":"TheSimpletonMod:HitTheSack","floor":11},{"not_picked":["TheSimpletonMod:CullingStrike","TheSimpletonMod:SeedCoat"],"picked":"TheSimpletonMod:Aerate","floor":12},{"not_picked":["TheSimpletonMod:ControlledBurn","TheSimpletonMod:PestManagement"],"picked":"TheSimpletonMod:Swelter","floor":14},{"not_picked":["TheSimpletonMod:ErosionControl","TheSimpletonMod:DesperatePlunge"],"picked":"TheSimpletonMod:Surplus","floor":16},{"not_picked":["TheSimpletonMod:Ferment+1","TheSimpletonMod:Fertilaser+1"],"picked":"TheSimpletonMod:Innovate","floor":18},{"not_picked":["TheSimpletonMod:PestManagement","TheSimpletonMod:SaladShooter"],"picked":"TheSimpletonMod:Sunseed","floor":20},{"not_picked":["TheSimpletonMod:Aerate","TheSimpletonMod:SeedCoat"],"picked":"TheSimpletonMod:Potatoes+1","floor":21},{"not_picked":["TheSimpletonMod:DigIn","TheSimpletonMod:Aerate"],"picked":"TheSimpletonMod:BumperCrop","floor":22},{"not_picked":["TheSimpletonMod:Aerate","TheSimpletonMod:BumperCrop"],"picked":"TheSimpletonMod:VolatileFumes","floor":23},{"not_picked":["TheSimpletonMod:Mulch","TheSimpletonMod:Pruning"],"picked":"TheSimpletonMod:Ferment+1","floor":25},{"not_picked":["TheSimpletonMod:SeedCoat","TheSimpletonMod:SlashAndBurn+1"],"picked":"TheSimpletonMod:CloseScrape","floor":27},{"not_picked":["TheSimpletonMod:Pruning","TheSimpletonMod:SeedCoat"],"picked":"TheSimpletonMod:SaladShooter","floor":29},{"not_picked":["TheSimpletonMod:BuzzBomb","TheSimpletonMod:TakeHeart"],"picked":"TheSimpletonMod:CrackOfDawn+1","floor":33},{"not_picked":["TheSimpletonMod:ToughenUp","TheSimpletonMod:CullingStrike+1","TheSimpletonMod:OnionBloom"],"picked":"SKIP","floor":35},{"not_picked":["TheSimpletonMod:Corn+1","TheSimpletonMod:SpiceUp"],"picked":"TheSimpletonMod:Innovate","floor":36},{"not_picked":["TheSimpletonMod:Sunchoke+1","TheSimpletonMod:Ferment"],"picked":"TheSimpletonMod:SpiceUp+1","floor":38},{"not_picked":["TheSimpletonMod:Rototilling+1","TheSimpletonMod:SpiceUp"],"picked":"TheSimpletonMod:DoubleBarrel+1","floor":39},{"not_picked":["TheSimpletonMod:ControlledBurn","TheSimpletonMod:SaladShooter"],"picked":"TheSimpletonMod:VolatileFumes+1","floor":40},{"not_picked":["TheSimpletonMod:Potatoes+1","TheSimpletonMod:DoubleBarrel"],"picked":"TheSimpletonMod:BumperCrop+1","floor":42},{"not_picked":["TheSimpletonMod:DigIn+1","TheSimpletonMod:Fertilaser+1"],"picked":"TheSimpletonMod:Thresh","floor":44},{"not_picked":["TheSimpletonMod:StockTheCellar+1","TheSimpletonMod:Rototilling+1"],"picked":"TheSimpletonMod:Aerate+1","floor":44},{"not_picked":["TheSimpletonMod:GoToMarket","TheSimpletonMod:SpiceUp"],"picked":"TheSimpletonMod:CropRotation+1","floor":44},{"not_picked":["TheSimpletonMod:SaladShooter","TheSimpletonMod:HitTheSack"],"picked":"TheSimpletonMod:PestManagement","floor":47},{"not_picked":["TheSimpletonMod:StockTheCellar+1","TheSimpletonMod:ToughenUp"],"picked":"TheSimpletonMod:Potatoes+1","floor":48}],"player_experience":359548,"relics_obtained":[{"floor":7,"key":"Counterbalance"},{"floor":9,"key":"jedi:heavyjacket"},{"floor":11,"key":"Vajra"},{"floor":26,"key":"Frozen Egg 2"},{"floor":27,"key":"Onion Ring"},{"floor":40,"key":"Toy Ornithopter"},{"floor":47,"key":"jedi:arcanewood"}],"event_choices":[{"damage_healed":0,"gold_gain":0,"player_choice":"Entered Light","damage_taken":15,"max_hp_gain":0,"max_hp_loss":0,"event_name":"Shining Light","floor":3,"gold_loss":0,"cards_upgraded":["TheSimpletonMod:Strike_TheSimpleton","TheSimpletonMod:Strike_TheSimpleton"]},{"damage_healed":0,"gold_gain":0,"cards_transformed":["TheSimpletonMod:Defend_TheSimpleton"],"player_choice":"Change","damage_taken":0,"max_hp_gain":0,"max_hp_loss":0,"event_name":"Living Wall","floor":5,"gold_loss":0,"cards_obtained":["TheSimpletonMod:HitTheSack"]},{"damage_healed":0,"gold_gain":0,"player_choice":"Forge","damage_taken":0,"max_hp_gain":0,"max_hp_loss":0,"event_name":"Accursed Blacksmith","floor":10,"gold_loss":0,"cards_upgraded":["TheSimpletonMod:SoilSample"]},{"damage_healed":0,"gold_gain":0,"player_choice":"Ignored","damage_taken":0,"max_hp_gain":0,"max_hp_loss":0,"event_name":"Beggar","floor":19,"gold_loss":0},{"damage_healed":0,"gold_gain":0,"player_choice":"Embrace Madness","damage_taken":9,"max_hp_gain":0,"max_hp_loss":0,"event_name":"Winding Halls","floor":37,"gold_loss":0,"cards_obtained":["Madness","Madness"]}],"is_beta":false,"boss_relics":[{"not_picked":["conspire:SeveredTorchhead","ReplayTheSpireMod:DimensionalGlitch"],"picked":"aspiration:RitualDagger"},{"not_picked":["Ring of Chaos","Velvet Choker"],"picked":"Replay:Wanted Poster"}],"items_purged_floors":[46],"is_endless":false,"potions_floor_spawned":[7,14,18,23,25,35,42,47,48],"killed_by":"conspire:OrnateMirror","ascension_level":0}}