{"host":"sav7uxregyirlf69","time":1609235192,"event":{"mods":["AchievementEnabler","BaseMod","Colored Map","DeckTracker","Keyboard Shortcuts","Minty Spire (QoL Compilation)","READ ME - Guardian Mod","StSLib","SuperFastMode"],"gold_per_floor":[113,129,129,129,204,204,239,239,239,239,254,254,272,112,112,112,112],"floor_reached":16,"playtime":213,"items_purged":["Strike_B"],"score":196,"play_id":"7185075b-78b2-4f06-a841-8a503ce1ea5e","local_time":"20201229184632","is_ascension_mode":true,"campfire_choices":[{"data":"Go for the Eyes","floor":6,"key":"SMITH"},{"floor":10,"key":"REST"},{"floor":15,"key":"REST"}],"circlet_count":0,"master_deck":["AscendersBane","Defend_B","Defend_B","Defend_B","Zap+1","Dualcast","Scrape+1","All For One+1","FTL+1","Go for the Eyes+1","Coolheaded","Turbo","Streamline","Leap"],"relics":["Astrolabe","Du-Vu Doll","Matryoshka"],"acts_visited":["Exordium"],"potions_floor_usage":[],"damage_taken":[{"damage":7,"enemies":"Small Slimes","floor":1,"turns":3},{"damage":12,"enemies":"Jaw Worm","floor":2,"turns":2},{"damage":30,"enemies":"3 Sentries","floor":7,"turns":5},{"damage":3,"enemies":"2 Louse","floor":11,"turns":2},{"damage":3,"enemies":"Large Slime","floor":13,"turns":3},{"damage":39,"enemies":"Slime Boss","floor":16,"turns":7}],"seed_played":"5246275245738914621","potions_obtained":[{"floor":2,"key":"Strength Potion"}],"is_trial":false,"path_per_floor":["M","M","?","?","?","R","E","?","T","R","M","?","M","$","R","B"],"character_chosen":"DEFECT","items_purchased":["Streamline","Leap"],"campfire_rested":2,"item_purchase_floors":[14,14],"current_hp_per_floor":[57,45,45,45,34,34,4,4,4,25,22,15,12,12,33,0,0],"gold":112,"neow_bonus":"BOSS_RELIC","is_daily":false,"chose_seed":false,"campfire_upgraded":1,"win_rate":0.0,"timestamp":1609235192,"path_taken":["M","M","?","?","?","R","E","?","T","R","M","?","M","?","R","BOSS"],"items_purchased_type":["Card","Card"],"build_version":"2020-12-22","purchased_purges":1,"victory":false,"max_hp_per_floor":[71,71,71,71,71,71,71,71,71,71,71,71,71,71,71,71,71],"card_choices":[{"not_picked":["Compile Driver","Scrape","Sweeping Beam"],"picked":"SKIP","floor":1},{"not_picked":["Streamline","Ball Lightning"],"picked":"Go for the Eyes","floor":2},{"not_picked":["Amplify","Barrage"],"picked":"Coolheaded","floor":7},{"not_picked":["Steam Power","Rebound","Skim"],"picked":"SKIP","floor":11},{"not_picked":["FTL","Force Field"],"picked":"Turbo","floor":13}],"player_experience":1046704,"relics_obtained":[{"floor":7,"key":"Du-Vu Doll"},{"floor":9,"key":"Matryoshka"}],"event_choices":[{"damage_healed":0,"gold_gain":0,"player_choice":"Ignored","damage_taken":0,"max_hp_gain":0,"max_hp_loss":0,"event_name":"Liars Game","floor":3,"gold_loss":0},{"damage_healed":0,"gold_gain":0,"player_choice":"Grow","damage_taken":0,"max_hp_gain":0,"max_hp_loss":0,"event_name":"Living Wall","floor":4,"gold_loss":0,"cards_upgraded":["Zap"]},{"damage_healed":0,"gold_gain":75,"player_choice":"Gather Gold","damage_taken":11,"max_hp_gain":0,"max_hp_loss":0,"event_name":"World of Goop","floor":5,"gold_loss":0},{"damage_healed":0,"gold_gain":0,"player_choice":"Ignored","damage_taken":0,"max_hp_gain":0,"max_hp_loss":0,"event_name":"Shining Light","floor":8,"gold_loss":0},{"cards_removed":["Strike_B"],"damage_healed":0,"gold_gain":0,"player_choice":"Card Removal","damage_taken":7,"max_hp_gain":0,"max_hp_loss":0,"event_name":"Golden Wing","floor":12,"gold_loss":0}],"is_beta":false,"boss_relics":[],"items_purged_floors":[14],"is_endless":false,"potions_floor_spawned":[2],"killed_by":"Slime Boss","ascension_level":20}}