{"host":"yer03dsd277nstsn","time":1609207366,"event":{"mods":["BaseMod","Colored Powertips","Minty Spire (QoL Compilation)"],"gold_per_floor":[116,134,134,154,4,4,37,37,108,131,131,28,64,83,83,213,213,226,151,171,184,184,184],"floor_reached":22,"playtime":1039,"items_purged":["Blizzard"],"score":280,"play_id":"d25da77c-8623-4afe-9942-351dde49781f","local_time":"20201228200246","is_ascension_mode":true,"campfire_choices":[{"data":"Zap","floor":6,"key":"SMITH"},{"data":"Dualcast","floor":11,"key":"SMITH"},{"floor":15,"key":"REST"}],"circlet_count":0,"master_deck":["Strike_B","Strike_B","Strike_B","Strike_B","Defend_B","Defend_B","Defend_B","Defend_B","Zap+1","Dualcast+1","Leap","Sweeping Beam","Cold Snap","Doom and Gloom","Melter","Capacitor","Tempest+1","Rebound","Thunder Strike","Aggregate+1","Ball Lightning"],"relics":["Cracked Core","Golden Idol","Runic Capacitor","Happy Flower","Toxic Egg 2","Mango","Busted Crown"],"acts_visited":["Exordium","TheCity"],"potions_floor_usage":[20,22],"damage_taken":[{"damage":2,"enemies":"2 Louse","floor":1,"turns":2},{"damage":0,"enemies":"Cultist","floor":2,"turns":2},{"damage":1,"enemies":"Small Slimes","floor":4,"turns":3},{"damage":21,"enemies":"Gremlin Nob","floor":7,"turns":5},{"damage":9,"enemies":"Blue Slaver","floor":10,"turns":4},{"damage":31,"enemies":"Lagavulin","floor":13,"turns":6},{"damage":29,"enemies":"Exordium Thugs","floor":14,"turns":3},{"damage":38,"enemies":"Slime Boss","floor":16,"turns":7},{"damage":0,"enemies":"Spheric Guardian","floor":18,"turns":1},{"damage":14,"enemies":"3 Byrds","floor":20,"turns":2},{"damage":41,"enemies":"Centurion and Healer","floor":21,"turns":5},{"damage":26,"enemies":"Shelled Parasite and Fungi","floor":22,"turns":2}],"seed_played":"-5601529228826683030","potions_obtained":[{"floor":7,"key":"FairyPotion"},{"floor":13,"key":"LiquidBronze"},{"floor":14,"key":"Strength Potion"},{"floor":16,"key":"FearPotion"}],"is_trial":false,"path_per_floor":["M","M","?","M","$","R","E","?","T","M","R","$","E","M","R","B",null,"M","$","M","M","M"],"character_chosen":"DEFECT","items_purchased":["Runic Capacitor","Capacitor","Blizzard"],"campfire_rested":1,"item_purchase_floors":[5,12,12],"current_hp_per_floor":[73,73,73,72,72,72,51,51,51,42,42,42,25,28,56,18,77,77,77,63,22,0,0],"gold":184,"neow_bonus":"TEN_PERCENT_HP_BONUS","is_daily":false,"chose_seed":false,"campfire_upgraded":2,"win_rate":0.0,"timestamp":1609207366,"path_taken":["M","M","?","M","$","R","E","?","T","?","R","$","E","M","R","BOSS","M","$","M","M","M"],"items_purchased_type":["Relic","Card","Card"],"build_version":"2020-12-22","purchased_purges":1,"victory":false,"max_hp_per_floor":[82,82,82,82,82,82,82,82,82,82,82,82,96,96,96,96,96,96,96,96,96,96,96],"card_choices":[{"not_picked":["Hologram","Gash"],"picked":"Leap","floor":1},{"not_picked":["Fusion","Hello World"],"picked":"Sweeping Beam","floor":2},{"not_picked":["Redo","Go for the Eyes"],"picked":"Cold Snap","floor":4},{"not_picked":["Compile Driver","Turbo"],"picked":"Doom and Gloom","floor":7},{"not_picked":["Barrage","Go for the Eyes"],"picked":"Melter","floor":10},{"not_picked":["Leap+1","Buffer"],"picked":"Tempest+1","floor":13},{"not_picked":["Gash","Heatsinks"],"picked":"Rebound","floor":14},{"not_picked":["Multi-Cast+1","All For One"],"picked":"Thunder Strike","floor":16},{"not_picked":[],"picked":"Aggregate+1","floor":18},{"not_picked":["Compile Driver"],"picked":"SKIP","floor":20},{"not_picked":[],"picked":"Ball Lightning","floor":21}],"player_experience":388558,"relics_obtained":[{"floor":7,"key":"Happy Flower"},{"floor":9,"key":"Toxic Egg 2"},{"floor":13,"key":"Mango"}],"event_choices":[{"damage_healed":0,"gold_gain":0,"player_choice":"Take Wound","damage_taken":0,"relics_obtained":["Golden Idol"],"max_hp_gain":0,"max_hp_loss":0,"event_name":"Golden Idol","floor":3,"gold_loss":0,"cards_obtained":["Injury"]},{"cards_removed":["Injury"],"damage_healed":0,"gold_gain":0,"player_choice":"Removed Curses","damage_taken":0,"max_hp_gain":0,"max_hp_loss":0,"event_name":"Fountain of Cleansing","floor":8,"gold_loss":0}],"is_beta":false,"boss_relics":[{"not_picked":["Velvet Choker","Ectoplasm"],"picked":"Busted Crown"}],"items_purged_floors":[19],"is_endless":false,"potions_floor_spawned":[7,13,14,16],"killed_by":"Shelled Parasite and Fungi","ascension_level":6}}