{"host":"vpxex9ryma3s0oll","time":1609272443,"event":{"mods":["AchievementEnabler","BaseMod","Bestiary","Minty Spire (QoL Compilation)","Quick Restart","Shop Mod","StSLib"],"gold_per_floor":[110,127,145,220,232,261,287,132,132,148,48,48,223,258,258,359,359,372,165,150,76,96,128,142,142,167,92,44,144,157,167,167,264,264,280,130,130,146,157,157,208,208,208,208,33,66,66,17,17,17,17,17,17,49,49,49],"floor_reached":55,"playtime":3466,"items_purged":["Strike_B","Defend_B","Strike_B","Defend_B","Defend_B"],"score":698,"play_id":"aac8ef46-42c5-4256-b59e-5d30c9b1d598","local_time":"20201229150723","is_ascension_mode":false,"campfire_choices":[{"data":"Static Discharge","floor":12.0,"key":"SMITH"},{"data":"Reinforced Body","floor":15.0,"key":"SMITH"},{"data":"Rainbow","floor":32.0,"key":"SMITH"},{"floor":40.0,"key":"RECALL"},{"floor":44.0,"key":"REST"},{"data":"Defragment","floor":49.0,"key":"SMITH"},{"data":"Echo Form","floor":52.0,"key":"SMITH"}],"circlet_count":0,"master_deck":["Strike_B","Strike_B","Zap","Dualcast","Barrage","Barrage","Self Repair","Reinforced Body+1","Conserve Battery","Static Discharge+1","Doubt","Rainbow+1","Chill","Echo Form+1","Loop","Turbo","Steam","Self Repair","Steam+1","Defragment+1","Streamline","Thunder Strike","PanicButton","Capacitor+1"],"relics":["Cracked Core","Anchor","Meat on the Bone","Bag of Preparation","Nuclear Battery","Omamori","Nilry\u0027s Codex","Oddly Smooth Stone","Shovel","Kunai","Calling Bell","Regal Pillow","Molten Egg 2","FossilizedHelix","Incense Burner","StoneCalendar","Mercury Hourglass","Bronze Scales"],"acts_visited":["Exordium","TheCity","TheBeyond","TheEnding"],"potions_floor_usage":[55],"damage_taken":[{"damage":1.0,"enemies":"Jaw Worm","floor":1.0,"turns":4.0},{"damage":6.0,"enemies":"Cultist","floor":2.0,"turns":4.0},{"damage":2.0,"enemies":"Small Slimes","floor":3.0,"turns":3.0},{"damage":12.0,"enemies":"3 Louse","floor":5.0,"turns":3.0},{"damage":20.0,"enemies":"Gremlin Nob","floor":6.0,"turns":4.0},{"damage":10.0,"enemies":"Looter","floor":10.0,"turns":3.0},{"damage":17.0,"enemies":"Lagavulin","floor":14.0,"turns":7.0},{"damage":53.0,"enemies":"The Guardian","floor":16.0,"turns":13.0},{"damage":3.0,"enemies":"Shell Parasite","floor":18.0,"turns":5.0},{"damage":1.0,"enemies":"2 Thieves","floor":20.0,"turns":4.0},{"damage":18.0,"enemies":"Snake Plant","floor":22.0,"turns":4.0},{"damage":20.0,"enemies":"Gremlin Leader","floor":23.0,"turns":6.0},{"damage":32.0,"enemies":"Centurion and Healer","floor":24.0,"turns":9.0},{"damage":12.0,"enemies":"Colosseum Slavers","floor":29.0,"turns":6.0},{"damage":26.0,"enemies":"Colosseum Nobs","floor":29.0,"turns":4.0},{"damage":28.0,"enemies":"Chosen and Byrds","floor":30.0,"turns":4.0},{"damage":7.0,"enemies":"Cultist and Chosen","floor":31.0,"turns":6.0},{"damage":43.0,"enemies":"Champ","floor":33.0,"turns":13.0},{"damage":28.0,"enemies":"3 Shapes","floor":35.0,"turns":3.0},{"damage":0.0,"enemies":"3 Darklings","floor":38.0,"turns":5.0},{"damage":0.0,"enemies":"Transient","floor":39.0,"turns":5.0},{"damage":52.0,"enemies":"2 Orb Walkers","floor":41.0,"turns":5.0},{"damage":13.0,"enemies":"Nemesis","floor":46.0,"turns":9.0},{"damage":45.0,"enemies":"Awakened One","floor":50.0,"turns":8.0},{"damage":43.0,"enemies":"Shield and Spear","floor":54.0,"turns":8.0},{"damage":71,"enemies":"The Heart","floor":55,"turns":8}],"seed_played":"7941589191251826774","potions_obtained":[{"floor":2.0,"key":"EssenceOfSteel"},{"floor":3.0,"key":"Energy Potion"},{"floor":16.0,"key":"ColorlessPotion"},{"floor":20.0,"key":"ColorlessPotion"},{"floor":22.0,"key":"Ancient Potion"},{"floor":29.0,"key":"GamblersBrew"},{"floor":30.0,"key":"PowerPotion"},{"floor":38.0,"key":"LiquidMemories"},{"floor":39.0,"key":"Swift Potion"}],"is_trial":false,"path_per_floor":["M","M","M","?","M","E","T","$","T","M","$","R","?","E","R","B",null,"M","$","M","$","M","E","M","?","T","?","$","?","M","M","R","B",null,"M","$","?","M","M","R","?","?","T","R","$","E","?","$","R","B",null,"R","$","E","B"],"character_chosen":"DEFECT","items_purchased":["Static Discharge","Echo Form","Loop","Energy Potion","Energy Potion"],"campfire_rested":1,"item_purchase_floors":[8,19,21,28,48],"current_hp_per_floor":[81,75,73,65,60,47,47,47,47,56,56,56,56,58,58,17,82,82,82,82,82,71,61,55,39,39,39,39,39,37,56,56,39,82,61,61,61,75,82,82,56,56,56,78,78,78,78,78,78,45,78,78,78,68,0,0],"gold":49,"neow_bonus":"TEN_PERCENT_HP_BONUS","is_daily":false,"chose_seed":false,"campfire_upgraded":5,"win_rate":0.0,"timestamp":1609272443,"path_taken":["M","M","M","?","?","E","?","$","T","M","?","R","?","E","R","BOSS","M","$","M","$","M","E","M","?","T","?","$","?","M","M","R","BOSS","M","$","?","M","M","R","?","?","T","R","$","E","?","$","R","BOSS","R","$","E","BOSS"],"items_purchased_type":["Card","Card","Card","Potion","Potion"],"build_version":"2020-12-22","purchased_purges":5,"victory":false,"max_hp_per_floor":[82,82,82,82,82,82,82,82,82,82,82,82,82,82,82,82,82,82,82,82,82,82,82,82,82,82,82,82,82,82,82,82,82,82,82,82,82,82,82,82,82,78,78,78,78,78,78,78,78,78,78,78,78,78,78,78],"card_choices":[{"not_picked":["Beam Cell","Leap"],"picked":"Barrage","floor":1.0},{"not_picked":["Aggregate","Heatsinks"],"picked":"Barrage","floor":2.0},{"not_picked":["Barrage","Leap"],"picked":"Self Repair","floor":3.0},{"not_picked":["Chaos","Rebound"],"picked":"Reinforced Body","floor":5.0},{"not_picked":["BootSequence","Stack"],"picked":"Conserve Battery","floor":6.0},{"not_picked":["Sweeping Beam","Conserve Battery","Reinforced Body"],"picked":"SKIP","floor":10.0},{"not_picked":["White Noise","Ball Lightning","Barrage"],"picked":"SKIP","floor":14.0},{"not_picked":["Core Surge","Multi-Cast"],"picked":"Rainbow","floor":16.0},{"not_picked":["Darkness","Capacitor+1"],"picked":"Chill","floor":18.0},{"not_picked":["Stack","Storm+1","Tempest"],"picked":"SKIP","floor":20.0},{"not_picked":["Beam Cell","Sweeping Beam"],"picked":"Turbo","floor":22.0},{"not_picked":["All For One","Genetic Algorithm"],"picked":"Steam","floor":23.0},{"not_picked":["Coolheaded","Redo"],"picked":"Self Repair","floor":24.0},{"not_picked":["Doom and Gloom+1","Barrage"],"picked":"Steam+1","floor":29.0},{"not_picked":["Conserve Battery","Beam Cell"],"picked":"Defragment","floor":30.0},{"not_picked":["Go for the Eyes","Coolheaded"],"picked":"Streamline","floor":31.0},{"not_picked":["Fission","Echo Form"],"picked":"Thunder Strike","floor":33.0},{"not_picked":["Sweeping Beam+1","Gash+1","Sunder+1"],"picked":"SKIP","floor":35.0},{"not_picked":["Good Instincts","Sadistic Nature"],"picked":"PanicButton","floor":37.0},{"not_picked":["Steam","Force Field+1","Streamline+1"],"picked":"SKIP","floor":38.0},{"not_picked":["Beam Cell+1","Hello World+1"],"picked":"Capacitor+1","floor":39.0},{"not_picked":["FTL+1","Turbo+1","Cold Snap+1"],"picked":"SKIP","floor":46.0},{"not_picked":["Chaos","Core Surge+1","Rebound+1"],"picked":"SKIP","floor":54.0}],"player_experience":39493,"relics_obtained":[{"floor":6.0,"key":"Anchor"},{"floor":9.0,"key":"Meat on the Bone"},{"floor":14.0,"key":"Bag of Preparation"},{"floor":23.0,"key":"Omamori"},{"floor":25.0,"key":"Nilry\u0027s Codex"},{"floor":26.0,"key":"Oddly Smooth Stone"},{"floor":29.0,"key":"Shovel"},{"floor":29.0,"key":"Kunai"},{"floor":34.0,"key":"Regal Pillow"},{"floor":34.0,"key":"Molten Egg 2"},{"floor":34.0,"key":"FossilizedHelix"},{"floor":41.0,"key":"Incense Burner"},{"floor":43.0,"key":"StoneCalendar"},{"floor":46.0,"key":"Mercury Hourglass"},{"floor":54.0,"key":"Bronze Scales"}],"event_choices":[{"damage_healed":0.0,"max_hp_gain":0.0,"max_hp_loss":0.0,"gold_gain":75.0,"event_name":"FaceTrader","player_choice":"Touch","floor":4.0,"gold_loss":0.0,"damage_taken":8.0},{"damage_healed":0.0,"max_hp_gain":0.0,"max_hp_loss":0.0,"gold_gain":175.0,"event_name":"Liars Game","player_choice":"AGREE","floor":13.0,"gold_loss":0.0,"damage_taken":0.0,"cards_obtained":["Doubt"]},{"damage_healed":0.0,"max_hp_gain":0.0,"max_hp_loss":0.0,"gold_gain":0.0,"event_name":"Cursed Tome","player_choice":"Obtained Book","floor":25.0,"gold_loss":0.0,"damage_taken":16.0},{"cards_removed":["Defend_B"],"damage_healed":0.0,"max_hp_gain":0.0,"max_hp_loss":0.0,"gold_gain":0.0,"event_name":"Beggar","player_choice":"Gave Gold","floor":27.0,"gold_loss":75.0,"damage_taken":0.0},{"damage_healed":0.0,"max_hp_gain":0.0,"max_hp_loss":0.0,"gold_gain":0.0,"event_name":"Colosseum","player_choice":"Fight","floor":29.0,"gold_loss":0.0,"damage_taken":0.0},{"damage_healed":0.0,"max_hp_gain":0.0,"max_hp_loss":0.0,"gold_gain":0.0,"event_name":"Colosseum","player_choice":"Fought Nobs","floor":29.0,"gold_loss":0.0,"damage_taken":0.0},{"damage_healed":0.0,"max_hp_gain":0.0,"max_hp_loss":0.0,"gold_gain":0.0,"event_name":"SensoryStone","player_choice":"Memory 1","floor":37.0,"gold_loss":0.0,"damage_taken":0.0},{"damage_healed":0.0,"max_hp_gain":0.0,"max_hp_loss":0.0,"gold_gain":0.0,"event_name":"Mysterious Sphere","player_choice":"Fight","floor":41.0,"gold_loss":0.0,"damage_taken":0.0},{"damage_healed":0.0,"max_hp_gain":0.0,"max_hp_loss":4.0,"gold_gain":0.0,"event_name":"Winding Halls","player_choice":"Max HP","floor":42.0,"gold_loss":0.0,"damage_taken":0.0},{"damage_healed":0.0,"max_hp_gain":0.0,"max_hp_loss":0.0,"gold_gain":0.0,"event_name":"Tomb of Lord Red Mask","player_choice":"Ignored","floor":47.0,"gold_loss":0.0,"damage_taken":0.0}],"is_beta":false,"boss_relics":[{"not_picked":["Sozu","Runic Pyramid"],"picked":"Nuclear Battery"},{"not_picked":["Philosopher\u0027s Stone","Tiny House"],"picked":"Calling Bell"}],"items_purged_floors":[8,11,19,36,45],"is_endless":false,"potions_floor_spawned":[2,3,16,20,22,29,30,38,39],"killed_by":"The Heart","ascension_level":0}}