{"host":"ik8ww1p4uabx5gam","time":1609204770,"event":{"mods":["Always Whale","Aspiration","BaseMod","Better Third Choice","BetterRewards","Colored Map","Conspire","Energized Spire","FetchMod","Hubris","Infinite Spire","Jedi Mod","Minty Spire (QoL Compilation)","Random Character Button","Replay The Spire","Shop Mod","Spicy Shops","Spikes Relics","StSLib","The Blue Laboratory","Wandering Minibosses"],"gold_per_floor":[112,112,309,309,231,262,262,274,301,301,52,67,92,13,13,109,109,128,128,128,147,225,252,266,291,342,354,366,390,427,458,470,582,594,618,630,642,642],"floor_reached":37,"playtime":1750,"items_purged":["conspire:NecroticWound","Voices","Strike_R"],"score":480,"play_id":"a741eb5d-980a-49ba-8d4d-37f43b534643","local_time":"20201228191930","is_ascension_mode":true,"campfire_choices":[{"data":"jedi:studypoison","floor":7.0,"key":"SMITH"},{"data":"Shrug It Off","floor":10.0,"key":"SMITH"},{"data":"True Grit","floor":15,"key":"SMITH"},{"data":"jedi:MakeshiftSword","floor":28,"key":"SMITH"},{"data":"Backflip","floor":32,"key":"SMITH"}],"circlet_count":0,"master_deck":["Strike_R","Strike_R","Strike_R","Defend_R","Defend_R","Defend_R","Bash","True Grit+1","Backflip+1","Backstab","jedi:studypoison+1","jedi:fear+1","Shrug It Off+1","jedi:MakeshiftSword+1","Reckless Charge","Headbutt+1","Anger+1","Replay:Fractal Strike","Battle Trance+1","infinitespire:Execution"],"relics":["Burning Blood","Counterbalance","ReplayTheSpireMod:CursedCoin","hubris:TinFlute","Bag of Marbles","Membership Card","hubris:ToyBattleship","Omamori","Sandwich","RoseTintedShades","aspiration:HiddenCompartment","Kunai","MawBank","Rawhide","Bronze Scales","Replay:Bronze Core"],"acts_visited":["Exordium","TheCity","TheBeyond"],"potions_floor_usage":[13,18,23,31,33],"damage_taken":[{"damage":6.0,"enemies":"2 Louse","floor":1.0,"turns":3.0},{"damage":29.0,"enemies":"3 Sentries","floor":6.0,"turns":11.0},{"damage":5.0,"enemies":"Jaw Worm","floor":8.0,"turns":6.0},{"damage":7.0,"enemies":"Small Slimes","floor":12.0,"turns":2.0},{"damage":16,"enemies":"Gremlin Nob","floor":13,"turns":3},{"damage":12,"enemies":"The Guardian","floor":16,"turns":7},{"damage":8,"enemies":"2 Thieves","floor":18,"turns":3},{"damage":23,"enemies":"Spheric Guardian","floor":21,"turns":6},{"damage":8,"enemies":"Slavers","floor":23,"turns":2},{"damage":0,"enemies":"Snecko","floor":24,"turns":3},{"damage":28,"enemies":"Gremlin Leader","floor":25,"turns":5},{"damage":0,"enemies":"Centurion and Healer","floor":29,"turns":2},{"damage":5,"enemies":"Slavers","floor":30,"turns":4},{"damage":0,"enemies":"Snake Plant","floor":31,"turns":2},{"damage":11,"enemies":"Collector","floor":33,"turns":5},{"damage":5,"enemies":"3 Darklings","floor":35,"turns":4},{"damage":27,"enemies":"infinitespire:Three Voidlings","floor":37,"turns":3},{"damage":52,"enemies":"Nightmare_Alpha","floor":37,"turns":7}],"seed_played":"-215288713327579322","potions_obtained":[{"floor":6.0,"key":"blueLaboratory:StoneskinPotion"},{"floor":12.0,"key":"BlessingOfTheForge"},{"floor":13,"key":"blueLaboratory:FruitPunch"},{"floor":21,"key":"SteroidPotion"},{"floor":29,"key":"blueLaboratory:BubblePotion"},{"floor":30,"key":"PowerPotion"}],"is_trial":false,"path_per_floor":["M","?","?","?","$","E","R","M","T","R","$","M","E","$","R","B",null,"M","?","?","M","T","E","M","E","T","AVR","R","M","E","M","R","B",null,"M","?","?"],"character_chosen":"IRONCLAD","items_purchased":["ReplayTheSpireMod:CursedCoin","jedi:fear","Membership Card","jedi:MakeshiftSword","Omamori"],"campfire_rested":0,"item_purchase_floors":[5,5,11,11,14],"current_hp_per_floor":[80,80,80,80,80,57,57,58,58,58,58,57,47,47,47,41,80,80,80,80,63,63,61,67,45,45,45,45,51,52,58,58,53,82,82,62,0,0],"gold":642,"neow_bonus":"ONE_RARE_RELIC","is_daily":false,"chose_seed":false,"campfire_upgraded":5,"win_rate":0.0,"timestamp":1609204770,"path_taken":["M","?","?","?","$","E","R","M","T","R","?","?","E","?","R","BOSS","M","?","?","M","?","E","M","E","T","AVR","R","M","E","M","R","BOSS","M","?","?"],"items_purchased_type":["Relic","Card","Relic","Card","Relic"],"build_version":"2020-12-22","purchased_purges":3,"victory":false,"max_hp_per_floor":[80,80,80,80,80,80,80,80,80,80,80,80,80,80,80,80,80,82,82,82,82,82,82,82,82,82,82,82,82,82,82,82,82,82,82,82,82,82],"card_choices":[{"not_picked":["jedi:suffering","Iron Wave"],"picked":"True Grit","floor":1.0},{"not_picked":["Second Wind","Twin Strike"],"picked":"Warcry","floor":3.0},{"not_picked":["ReplayTheSpireMod:Strike From Hell","Clothesline","hubris:ReadiedAction"],"picked":"SKIP","floor":6.0},{"not_picked":["Cleave","Flex"],"picked":"Shrug It Off","floor":8.0},{"not_picked":["Clash","Wild Strike"],"picked":"Reckless Charge","floor":12.0},{"not_picked":["Cleave","Thunderclap","Wild Strike"],"picked":"SKIP","floor":13},{"not_picked":["Havoc","Clothesline","Twin Strike+1"],"picked":"SKIP","floor":18},{"not_picked":["jedi:fear","Clothesline","hubris:CleavingFinish+1"],"picked":"SKIP","floor":21},{"not_picked":["Anger","Wild Strike+1","Searing Blow+1"],"picked":"SKIP","floor":23},{"not_picked":["Run Through","Flame Barrier"],"picked":"Headbutt+1","floor":24},{"not_picked":["jedi:unlimitedpower","Immolate"],"picked":"Anger+1","floor":25},{"not_picked":["Twin Strike","Headbutt","Metallicize"],"picked":"SKIP","floor":29},{"not_picked":["jedi:fear","Shrug It Off+1"],"picked":"Battle Trance+1","floor":30},{"not_picked":["Massacre","Havoc","Wild Strike+1"],"picked":"SKIP","floor":31},{"not_picked":["Warcry","Run Through+1","Searing Blow"],"picked":"SKIP","floor":35},{"not_picked":["hubris:Rewind","infinitespire:SealOfDarkness+"],"picked":"infinitespire:Execution","floor":36}],"player_experience":915573,"relics_obtained":[{"floor":6.0,"key":"hubris:TinFlute"},{"floor":9.0,"key":"Bag of Marbles"},{"floor":13,"key":"hubris:ToyBattleship"},{"floor":22,"key":"RoseTintedShades"},{"floor":23,"key":"aspiration:HiddenCompartment"},{"floor":25,"key":"Kunai"},{"floor":26,"key":"MawBank"},{"floor":30,"key":"Bronze Scales"}],"event_choices":[{"damage_healed":0,"gold_gain":0,"player_choice":"Ignored","damage_taken":0,"max_hp_gain":0,"max_hp_loss":0,"event_name":"Beggar","floor":20,"gold_loss":0}],"is_beta":false,"boss_relics":[{"not_picked":["hubris:GrandSneckoEye","aspiration:DefectSkillbook"],"picked":"Sandwich"},{"not_picked":["Mark of Pain","aspiration:RitualDagger"],"picked":"Replay:Bronze Core"}],"items_purged_floors":[5,5,11],"is_endless":false,"potions_floor_spawned":[6,12,13,21,29,30],"killed_by":"Nightmare_Alpha","ascension_level":1}}