{"host":"792mtbovsoa03nb3","time":1609266615,"event":{"mods":["BaseMod","Colored Map","Dota2Spire","Downfall","Hubris","Infinite Spire","Minty Spire (QoL Compilation)","Replay The Spire","Spicy Shops","StSLib","The Blue Laboratory","The Jungle"],"gold_per_floor":[118,130,144,94,49,79,79,110,110,127,138,152,152,163,163,163,163],"floor_reached":16,"playtime":527,"items_purged":[],"score":125,"play_id":"1e49e85e-be1b-4e17-a43e-2fcf961b8df2","local_time":"20201229103015","is_ascension_mode":true,"campfire_choices":[{"floor":13,"key":"REST"},{"data":"Concentrate","floor":15,"key":"SMITH"}],"circlet_count":0,"master_deck":["Strike_G","Strike_G","Strike_G","Strike_G","Defend_G","Defend_G","Defend_G","Defend_G","Defend_G","Survivor","Neutralize","Deflect","Hidden Blade","Concentrate+1","Choke","Heel Hook","Dash","Terror","Infinite Blades","Backstab","Choke"],"relics":["Ring of the Snake","NeowsBlessing","Dota2Spire:PhaseBoots","Centennial Puzzle","Dota2Spire:MaskOfMadness","hubris:TenFootPole"],"acts_visited":["Exordium"],"potions_floor_usage":[6,6,8,12],"damage_taken":[{"damage":0,"enemies":"Cultist","floor":1,"turns":1},{"damage":0,"enemies":"2 Louse","floor":2,"turns":1},{"damage":0,"enemies":"Jaw Worm","floor":3,"turns":1},{"damage":4,"enemies":"Looter","floor":5,"turns":5},{"damage":14,"enemies":"Gremlin Nob","floor":6,"turns":4},{"damage":27,"enemies":"Lagavulin","floor":8,"turns":5},{"damage":5,"enemies":"Blue Slaver","floor":10,"turns":3},{"damage":10,"enemies":"Exordium Wildlife","floor":11,"turns":4},{"damage":5,"enemies":"3 Louse","floor":12,"turns":3},{"damage":8,"enemies":"Blue Slaver","floor":14,"turns":4},{"damage":21,"enemies":"Slime Boss","floor":16,"turns":6}],"seed_played":"893368421232814884","potions_obtained":[{"floor":1,"key":"blueLaboratory:NinjaPotion"},{"floor":2,"key":"SkillPotion"},{"floor":6,"key":"Swift Potion"},{"floor":8,"key":"BlessingOfTheForge"}],"is_trial":false,"path_per_floor":["M","M","M","?","M","E","?","E","T","M","M","M","R","M","R_BF","B"],"character_chosen":"THE_SILENT","items_purchased":[],"campfire_rested":1,"item_purchase_floors":[],"current_hp_per_floor":[70,70,70,70,66,52,45,18,18,13,8,5,26,18,18,0,0],"gold":163,"neow_bonus":"THREE_ENEMY_KILL","is_daily":false,"chose_seed":false,"campfire_upgraded":1,"win_rate":0.0,"timestamp":1609266615,"path_taken":["M","?","M","?","M","E","?","E","T","M","M","?","R","M","R_BF","BOSS"],"items_purchased_type":[],"build_version":"2020-12-22","purchased_purges":0,"victory":false,"max_hp_per_floor":[70,70,70,70,70,70,70,70,70,70,70,70,70,70,70,70,70],"card_choices":[{"not_picked":["Flying Knee","hubris:SlightOfHand"],"picked":"Deflect","floor":1},{"not_picked":["Tactician","Backstab"],"picked":"Hidden Blade","floor":2},{"not_picked":["Flying Knee","Outmaneuver"],"picked":"Concentrate","floor":3},{"not_picked":["PiercingWail","Tools of the Trade"],"picked":"Choke","floor":5},{"not_picked":["Quick Slash","Dodge and Roll"],"picked":"Heel Hook","floor":6},{"not_picked":["Replay:Poison Smokescreen","Crippling Poison"],"picked":"Dash","floor":8},{"not_picked":["Expertise","Underhanded Strike"],"picked":"Terror","floor":10},{"not_picked":["Distraction","Bane"],"picked":"Infinite Blades","floor":11},{"not_picked":["ReplayTheSpireMod:The Works","Masterful Stab"],"picked":"Backstab","floor":12},{"not_picked":["Deadly Poison","Dagger Throw"],"picked":"Choke","floor":14}],"player_experience":821080,"relics_obtained":[{"floor":6,"key":"Dota2Spire:PhaseBoots"},{"floor":8,"key":"Dota2Spire:MaskOfMadness"},{"floor":9,"key":"hubris:TenFootPole"}],"event_choices":[{"cards_removed":["Strike_G"],"damage_healed":0,"gold_gain":0,"player_choice":"Card Removal","damage_taken":0,"max_hp_gain":0,"max_hp_loss":0,"event_name":"The Cleric","floor":4,"gold_loss":50},{"damage_healed":0,"gold_gain":0,"player_choice":"Success","damage_taken":7,"relics_obtained":["Centennial Puzzle"],"max_hp_gain":0,"max_hp_loss":0,"event_name":"Scrap Ooze","floor":7,"gold_loss":0}],"is_beta":false,"boss_relics":[],"items_purged_floors":[],"is_endless":false,"potions_floor_spawned":[1,2,6,8],"killed_by":"Slime Boss","ascension_level":2}}