{"host":"5fpb1gzflhq9886n","time":1609206764,"event":{"mods":["AchievementEnabler","BaseMod","Colored Map","Colored Powertips","Minty Spire (QoL Compilation)","Permanent Neow"],"gold_per_floor":[368,378,378,255,266,266,298,298,322,350,350,365,365,365,365,460,460,479,394,5,5,5,34,46,86,98,120,132,132],"floor_reached":28,"playtime":3512,"items_purged":["Normality"],"score":330,"play_id":"7c4bb581-fead-4174-8396-994d3154e7f6","local_time":"20201228205244","is_ascension_mode":true,"campfire_choices":[{"data":"TalkToTheHand","floor":6,"key":"SMITH"},{"floor":8,"key":"REST"},{"floor":11,"key":"REST"},{"floor":15,"key":"RECALL"},{"floor":24,"key":"REST"}],"circlet_count":0,"master_deck":["Strike_P","Strike_P","Strike_P","Strike_P","Defend_P+1","Defend_P","Defend_P","Defend_P","Eruption+1","Vigilance+1","EmptyFist","TalkToTheHand+1","Halt","CrushJoints","FearNoEvil","CutThroughFate","Regret","Judgement","Perseverance","FlyingSleeves","Decay","SandsOfTime","Protect+1","Halt+1"],"relics":["PureWater","Ancient Tea Set","MealTicket","Lantern","Bag of Preparation","Fusion Hammer","Pocketwatch","Happy Flower","Boot","MawBank","Anchor"],"acts_visited":["Exordium","TheCity"],"potions_floor_usage":[7,27,27],"damage_taken":[{"damage":5,"enemies":"2 Louse","floor":1,"turns":2},{"damage":0,"enemies":"Jaw Worm","floor":2,"turns":2},{"damage":0,"enemies":"Cultist","floor":5,"turns":3},{"damage":29,"enemies":"3 Sentries","floor":7,"turns":9},{"damage":0,"enemies":"Gremlin Nob","floor":10,"turns":3},{"damage":3,"enemies":"2 Fungi Beasts","floor":12,"turns":3},{"damage":49,"enemies":"Hexaghost","floor":16,"turns":11},{"damage":1,"enemies":"Spheric Guardian","floor":18,"turns":3},{"damage":48,"enemies":"Gremlin Leader","floor":23,"turns":10},{"damage":23,"enemies":"Slavers","floor":25,"turns":3},{"damage":0,"enemies":"3 Byrds","floor":27,"turns":3},{"damage":31,"enemies":"Cultist and Chosen","floor":28,"turns":6}],"seed_played":"1311527536727844609","potions_obtained":[{"floor":5,"key":"ColorlessPotion"},{"floor":12,"key":"EssenceOfSteel"},{"floor":16,"key":"PowerPotion"},{"floor":25,"key":"SkillPotion"}],"is_trial":false,"path_per_floor":["M","M","?","$","M","R","E","R","T","E","R","M","?","?","R","B",null,"M","?","$","?","$","E","R","E","T","M","M"],"character_chosen":"WATCHER","items_purchased":["Halt","Perseverance","FlyingSleeves","Happy Flower","Boot"],"campfire_rested":3,"item_purchase_floors":[4,20,20,20,20],"current_hp_per_floor":[67,67,53,53,53,53,24,45,45,45,66,63,63,63,63,14,72,71,71,72,72,72,24,45,22,22,22,0,0],"gold":132,"neow_bonus":"TWO_FIFTY_GOLD","is_daily":false,"chose_seed":false,"campfire_upgraded":1,"win_rate":0.0,"timestamp":1609206764,"path_taken":["M","M","?","$","M","R","E","R","T","E","R","M","?","?","R","BOSS","M","?","$","?","?","E","R","E","T","?","M"],"items_purchased_type":["Card","Card","Card","Relic","Relic"],"build_version":"2020-12-22","purchased_purges":1,"victory":false,"max_hp_per_floor":[72,72,72,72,72,72,72,72,72,72,72,72,72,72,72,72,72,72,72,72,72,72,72,72,72,72,72,72,72],"card_choices":[{"not_picked":["Vengeance","SignatureMove"],"picked":"EmptyFist","floor":1},{"not_picked":["ClearTheMind","ThirdEye"],"picked":"TalkToTheHand","floor":2},{"not_picked":["Protect","Swivel"],"picked":"CrushJoints","floor":5},{"not_picked":["Collect","ReachHeaven","EmptyBody"],"picked":"SKIP","floor":7},{"not_picked":["Crescendo","InnerPeace"],"picked":"FearNoEvil","floor":10},{"not_picked":["Perseverance","SignatureMove"],"picked":"CutThroughFate","floor":12},{"not_picked":["DevaForm","Devotion"],"picked":"Judgement","floor":16},{"not_picked":["Collect","ClearTheMind","FlurryOfBlows"],"picked":"SKIP","floor":18},{"not_picked":["Pray","Perseverance+1"],"picked":"SandsOfTime","floor":23},{"not_picked":["ClearTheMind","ForeignInfluence+1"],"picked":"Protect+1","floor":25},{"not_picked":["JustLucky","ClearTheMind+1"],"picked":"Halt+1","floor":27}],"player_experience":639108,"relics_obtained":[{"floor":7,"key":"Ancient Tea Set"},{"floor":9,"key":"MealTicket"},{"floor":10,"key":"Lantern"},{"floor":23,"key":"MawBank"},{"floor":25,"key":"Anchor"}],"event_choices":[{"damage_healed":0,"gold_gain":0,"player_choice":"Entered Light","damage_taken":14,"max_hp_gain":0,"max_hp_loss":0,"event_name":"Shining Light","floor":3,"gold_loss":0,"cards_upgraded":["Vigilance","Defend_P"]},{"damage_healed":0,"gold_gain":0,"player_choice":"Grow","damage_taken":0,"max_hp_gain":0,"max_hp_loss":0,"event_name":"Living Wall","floor":13,"gold_loss":0,"cards_upgraded":["Eruption"]},{"damage_healed":0,"gold_gain":0,"player_choice":"Box","damage_taken":0,"relics_obtained":["Bag of Preparation"],"max_hp_gain":0,"max_hp_loss":0,"event_name":"Big Fish","floor":14,"gold_loss":0,"cards_obtained":["Regret"]},{"damage_healed":0,"gold_gain":0,"player_choice":"Obtained Relic","damage_taken":0,"relics_obtained":["Pocketwatch"],"max_hp_gain":0,"max_hp_loss":0,"event_name":"Addict","floor":19,"gold_loss":85},{"damage_healed":0,"gold_gain":0,"player_choice":"Smashed Altar","damage_taken":0,"max_hp_gain":0,"max_hp_loss":0,"event_name":"Forgotten Altar","floor":21,"gold_loss":0,"cards_obtained":["Decay"]}],"is_beta":false,"boss_relics":[{"not_picked":["Black Star","SacredBark"],"picked":"Fusion Hammer"}],"items_purged_floors":[4],"is_endless":false,"potions_floor_spawned":[5,12,16,25],"killed_by":"Cultist and Chosen","ascension_level":3}}