{"host":"w7dhjqgqsib0c3vt","time":1609247992,"event":{"mods":["ATMod(°¢èªMod)","BaseMod","Minty Spire (QoL Compilation)","Shop Mod","StSLib","TheWitcher"],"gold_per_floor":[118,133,8,35,35,35,66,66,118,118,142,142,65,80,80,169,169,184,184,184,2,2,27,30,30,100,100,110,110,35,48,48,119,119,134,159,159,434,281,281,301,301,301,333,1,21,21,40,40,40],"floor_reached":51,"playtime":2071,"items_purged":["Regret","Regret"],"score":1475,"play_id":"3ab96b2d-67df-49ff-840e-734672ca039d","local_time":"20201229211952","is_ascension_mode":true,"campfire_choices":[{"data":"AT_RealColorLess","floor":6.0,"key":"SMITH"},{"data":"Mind Blast","floor":8.0,"key":"SMITH"},{"data":"Body Slam","floor":12.0,"key":"SMITH"},{"data":"AT_ShrugMaster","floor":15.0,"key":"SMITH"},{"data":"Bludgeon","floor":27.0,"key":"SMITH"},{"data":"Inflame","floor":29.0,"key":"SMITH"},{"data":"AT_ManFootWork","floor":32.0,"key":"SMITH"},{"data":"AT_LightSaberMaster","floor":40,"key":"SMITH"},{"data":"Exhume","floor":42,"key":"SMITH"},{"data":"AT_CaressingTears","floor":47,"key":"SMITH"},{"data":"Flex","floor":49,"key":"SMITH"}],"circlet_count":0,"master_deck":["AscendersBane","Strike_R+1","Strike_R+1","Strike_R+1","Strike_R+1","Strike_R+1","Defend_R+1","Defend_R+1","Defend_R+1","Defend_R+1","Bash","AT_RealColorLess+1","Shrug It Off","Body Slam+1","Mind Blast+1","Clash","Impervious","Injury","Heavy Blade","AT_ShrugMaster+1","Pommel Strike","Bludgeon+1","Anger","Inflame+1","AT_ManFootWork+1","AT_BodySlamDance","Feed","AT_CaressingTears+1","Wild Strike+1","Flex+1","Cleave","Reaper","Exhume+1","Infernal Blade","Fire Breathing+1","AT_LightSaberMaster+1","Wild Strike","Havoc+1","Clumsy","Body Slam+1","Impervious"],"relics":["Black Blood","AT_ATBox","NeowsBlessing","MealTicket","Ancient Tea Set","Kunai","AT_SeraphEmbrace","Bloody Idol","Toy Ornithopter","Enchiridion","Pear","Cursed Key","Lizard Tail","Pocketwatch","PreservedInsect","AT_Manta"],"acts_visited":["Exordium","TheCity","TheBeyond"],"potions_floor_usage":[],"damage_taken":[{"damage":0.0,"enemies":"Cultist","floor":1.0,"turns":1.0},{"damage":0.0,"enemies":"Small Slimes","floor":2.0,"turns":1.0},{"damage":0.0,"enemies":"Lagavulin","floor":7.0,"turns":1.0},{"damage":0.0,"enemies":"2 Louse","floor":11.0,"turns":2.0},{"damage":9.0,"enemies":"Gremlin Gang","floor":14.0,"turns":4.0},{"damage":9.0,"enemies":"Hexaghost","floor":16.0,"turns":8.0},{"damage":7.0,"enemies":"Shell Parasite","floor":18.0,"turns":6.0},{"damage":41.0,"enemies":"Slavers","floor":23.0,"turns":5.0},{"damage":28.0,"enemies":"2 Thieves","floor":24.0,"turns":4.0},{"damage":25.0,"enemies":"Centurion and Healer","floor":28.0,"turns":3.0},{"damage":0.0,"enemies":"Snecko","floor":31.0,"turns":3.0},{"damage":60.0,"enemies":"Champ","floor":33.0,"turns":7.0},{"damage":0.0,"enemies":"3 Darklings","floor":35.0,"turns":6.0},{"damage":0.0,"enemies":"Mind Bloom Boss Battle","floor":36.0,"turns":4.0},{"damage":0,"enemies":"3 Shapes","floor":41,"turns":3},{"damage":4,"enemies":"Giant Head","floor":44,"turns":5},{"damage":26,"enemies":"Maw","floor":46,"turns":6},{"damage":0,"enemies":"Sphere and 2 Shapes","floor":48,"turns":3},{"damage":66,"enemies":"Time Eater","floor":50,"turns":8}],"seed_played":"-6945276268371989353","potions_obtained":[{"floor":2.0,"key":"SkillPotion"},{"floor":14.0,"key":"FearPotion"},{"floor":16.0,"key":"Weak Potion"},{"floor":23.0,"key":"FairyPotion"},{"floor":24.0,"key":"Explosive Potion"},{"floor":28.0,"key":"BlessingOfTheForge"},{"floor":35.0,"key":"Strength Potion"},{"floor":36.0,"key":"FairyPotion"}],"is_trial":false,"path_per_floor":["M","M","$","T","?","R","E","R","T","?","M","R","$","M","R","B",null,"M","?","?","$","?","E","M","?","T","R","M","R","$","M","R","B",null,"M","?","?","?","$","R","M","R","T","E","$","M","R","M","R","B",null],"character_chosen":"IRONCLAD","items_purchased":["Mind Blast","Clash","AT_ShrugMaster","Inflame","AT_ManFootWork","AT_BodySlamDance","Wild Strike","AT_Manta"],"campfire_rested":0,"item_purchase_floors":[3,3,13,21,21,21,39,45],"current_hp_per_floor":[74,75,75,75,75,75,75,75,75,75,75,75,75,72,72,69,74,75,75,75,75,75,62,56,35,50,50,47,47,62,79,79,44,79,91,91,91,91,91,91,91,91,91,91,91,87,87,95,95,43],"gold":40,"neow_bonus":"THREE_ENEMY_KILL","is_daily":false,"chose_seed":false,"campfire_upgraded":11,"win_rate":0.0,"timestamp":1609247992,"path_taken":["M","M","$","?","?","R","E","R","T","?","M","R","$","M","R","BOSS","M","?","?","$","?","E","?","?","T","R","M","R","$","M","R","BOSS","M","?","?","?","$","R","M","R","T","E","$","?","R","M","R","BOSS"],"items_purchased_type":["Card","Card","Card","Card","Card","Card","Card","Relic"],"build_version":"2020-12-22","purchased_purges":2,"victory":true,"max_hp_per_floor":[75,75,75,75,75,75,75,75,75,75,75,75,75,75,75,75,75,75,75,75,75,75,78,78,78,88,88,88,88,88,88,88,91,91,91,91,91,91,91,91,91,91,91,91,91,95,95,95,95,95],"card_choices":[{"not_picked":["Evolve","Pommel Strike"],"picked":"Shrug It Off","floor":1.0},{"not_picked":["Hemokinesis","Clash"],"picked":"Body Slam","floor":2.0},{"not_picked":["Twin Strike","Havoc"],"picked":"Impervious","floor":7.0},{"not_picked":["Ghostly Armor","Pommel Strike"],"picked":"Heavy Blade","floor":11.0},{"not_picked":["Havoc","Twin Strike"],"picked":"Pommel Strike","floor":14.0},{"not_picked":["Impervious","Offering"],"picked":"Bludgeon","floor":16.0},{"not_picked":["Disarm","Bloodletting"],"picked":"Anger","floor":18.0},{"not_picked":["Rupture","True Grit"],"picked":"Wild Strike+1","floor":23.0},{"not_picked":["Sword Boomerang","Body Slam"],"picked":"Flex","floor":24.0},{"not_picked":["Searing Blow","Havoc"],"picked":"Cleave","floor":28.0},{"not_picked":["Perfected Strike","Hemokinesis"],"picked":"Reaper","floor":31.0},{"not_picked":["Bludgeon","Berserk"],"picked":"Exhume","floor":33.0},{"not_picked":["Shrug It Off+1","Ghostly Armor"],"picked":"Infernal Blade","floor":35.0},{"not_picked":["Disarm","Second Wind"],"picked":"Fire Breathing+1","floor":36.0},{"not_picked":["Mind Blast","Madness"],"picked":"AT_LightSaberMaster","floor":37},{"not_picked":["Clash","Armaments"],"picked":"Havoc+1","floor":41},{"not_picked":["Intimidate","Fire Breathing+1","Anger"],"picked":"SKIP","floor":44},{"not_picked":["Sword Boomerang","Fire Breathing+1"],"picked":"Body Slam+1","floor":46},{"not_picked":["Anger","AT_IchimonjiDouble"],"picked":"Impervious","floor":48}],"player_experience":584318,"relics_obtained":[{"floor":4.0,"key":"MealTicket"},{"floor":7.0,"key":"Kunai"},{"floor":9.0,"key":"AT_ArchangelStaff"},{"floor":23.0,"key":"Toy Ornithopter"},{"floor":25.0,"key":"Enchiridion"},{"floor":26.0,"key":"Pear"},{"floor":36.0,"key":"Lizard Tail"},{"floor":43,"key":"Pocketwatch"},{"floor":44,"key":"PreservedInsect"}],"event_choices":[{"damage_healed":0.0,"max_hp_gain":0.0,"max_hp_loss":0.0,"gold_gain":0.0,"event_name":"Big Fish","player_choice":"Box","floor":5.0,"gold_loss":0.0,"damage_taken":0.0,"relics_obtained":["Ancient Tea Set"],"cards_obtained":["Regret"]},{"damage_healed":0.0,"max_hp_gain":0.0,"max_hp_loss":0.0,"gold_gain":0.0,"event_name":"Golden Idol","player_choice":"Take Wound","floor":10.0,"gold_loss":0.0,"damage_taken":0.0,"relics_obtained":["Golden Idol"],"cards_obtained":["Injury"]},{"damage_healed":0.0,"max_hp_gain":0.0,"max_hp_loss":0.0,"gold_gain":0.0,"event_name":"Forgotten Altar","player_choice":"Gave Idol","floor":19.0,"relics_lost":["Golden Idol"],"gold_loss":0.0,"damage_taken":0.0,"relics_obtained":["Bloody Idol"]},{"damage_healed":0.0,"max_hp_gain":0.0,"max_hp_loss":0.0,"gold_gain":0.0,"event_name":"Back to Basics","player_choice":"Simplicity","floor":20.0,"gold_loss":0.0,"damage_taken":0.0,"cards_upgraded":["Strike_R","Strike_R","Strike_R","Strike_R","Strike_R","Defend_R","Defend_R","Defend_R","Defend_R"]},{"damage_healed":0.0,"max_hp_gain":0.0,"max_hp_loss":0.0,"gold_gain":0.0,"event_name":"Match and Keep!","player_choice":"2 cards matched","floor":22.0,"gold_loss":0.0,"damage_taken":0.0,"cards_obtained":["Feed","AT_CaressingTears"]},{"damage_healed":0.0,"max_hp_gain":0.0,"max_hp_loss":0.0,"gold_gain":0.0,"event_name":"Cursed Tome","player_choice":"Obtained Book","floor":25.0,"gold_loss":0.0,"damage_taken":21.0},{"damage_healed":0.0,"max_hp_gain":0.0,"max_hp_loss":0.0,"gold_gain":0.0,"event_name":"MindBloom","player_choice":"Fight","floor":36.0,"gold_loss":0.0,"damage_taken":0.0},{"damage_healed":0,"gold_gain":0,"player_choice":"Memory 1","damage_taken":0,"max_hp_gain":0,"max_hp_loss":0,"event_name":"SensoryStone","floor":37,"gold_loss":0},{"damage_healed":0,"gold_gain":275,"player_choice":"Desecrate","damage_taken":0,"max_hp_gain":0,"max_hp_loss":0,"event_name":"Golden Shrine","floor":38,"gold_loss":0,"cards_obtained":["Regret"]}],"is_beta":false,"boss_relics":[{"not_picked":["Busted Crown","Astrolabe"],"picked":"Black Blood"},{"not_picked":["Snecko Eye","Runic Dome"],"picked":"Cursed Key"}],"items_purged_floors":[30,39],"is_endless":false,"potions_floor_spawned":[2,14,16,23,24,28,31,35,36,46],"ascension_level":16}}