{"host":"mcdusr64esz012l0","time":1609211030,"event":{"mods":["BaseMod","Minty Spire (QoL Compilation)","Relic Stats"],"gold_per_floor":[112,112,112,137,19,49,83,103,103,103,132,132,132,159,159,159,159],"floor_reached":16,"playtime":495,"items_purged":["Strike_G"],"score":348,"play_id":"a77f1d69-61c1-4338-890d-a1f3c16f9718","local_time":"20201228220350","is_ascension_mode":true,"campfire_choices":[{"data":"Flechettes","floor":10,"key":"SMITH"},{"floor":12,"key":"REST"},{"data":"Neutralize","floor":13,"key":"SMITH"},{"data":"Cloak And Dagger","floor":15,"key":"SMITH"}],"circlet_count":0,"master_deck":["AscendersBane","Strike_G","Strike_G","Strike_G","Strike_G","Defend_G","Defend_G","Defend_G","Defend_G","Defend_G","Survivor","Neutralize+1","Blade Dance","Riddle With Holes","Infinite Blades","Flechettes+1","Die Die Die+1","Cloak And Dagger+1"],"relics":["Ring of the Snake","NeowsBlessing","WingedGreaves","Happy Flower","Singing Bowl","Bottled Flame","Molten Egg 2","Mummified Hand","Du-Vu Doll"],"acts_visited":["Exordium"],"potions_floor_usage":[14,16],"damage_taken":[{"damage":0,"enemies":"Small Slimes","floor":1,"turns":1},{"damage":0,"enemies":"Lagavulin","floor":6,"turns":1},{"damage":0,"enemies":"Gremlin Nob","floor":7,"turns":1},{"damage":0,"enemies":"2 Louse","floor":8,"turns":2},{"damage":30,"enemies":"3 Sentries","floor":11,"turns":8},{"damage":15,"enemies":"Lagavulin","floor":14,"turns":5},{"damage":38,"enemies":"Hexaghost","floor":16,"turns":9}],"seed_played":"-6314538481451972815","potions_obtained":[{"floor":1,"key":"Fire Potion"},{"floor":14,"key":"BlessingOfTheForge"}],"is_trial":false,"path_per_floor":["M","?","?","T","$","E","E","M","T","R","E","R","R","E","R","B"],"character_chosen":"THE_SILENT","items_purchased":["Riddle With Holes"],"campfire_rested":1,"item_purchase_floors":[5],"current_hp_per_floor":[59,54,59,59,59,59,59,61,61,61,31,52,52,37,37,0,0],"gold":159,"neow_bonus":"THREE_ENEMY_KILL","is_daily":false,"chose_seed":false,"campfire_upgraded":3,"win_rate":0.0,"timestamp":1609211030,"path_taken":["M","?","?","?","?","E","E","?","T","R","E","R","R","E","R","BOSS"],"items_purchased_type":["Card"],"build_version":"2020-12-22","purchased_purges":1,"victory":false,"max_hp_per_floor":[66,66,71,71,71,71,71,73,73,73,73,73,73,73,73,73,73],"relic_stats":{"Happy Flower":[8],"Singing Bowl":2,"counters":[7,27],"Mummified Hand":[2],"obtain_stats":[{"Du-Vu Doll":14,"Bottled Flame":7,"NeowsBlessing":0,"Happy Flower":4,"Singing Bowl":6,"Mummified Hand":11,"Molten Egg 2":9,"WingedGreaves":2,"Ring of the Snake":0},{"Du-Vu Doll":6,"Bottled Flame":3,"NeowsBlessing":0,"Happy Flower":1,"Singing Bowl":2,"Mummified Hand":5,"Molten Egg 2":4,"WingedGreaves":1,"Ring of the Snake":0},{"Du-Vu Doll":18,"Bottled Flame":3,"NeowsBlessing":0,"Happy Flower":1,"Singing Bowl":2,"Mummified Hand":13,"Molten Egg 2":5,"WingedGreaves":1,"Ring of the Snake":0}],"Ring of the Snake":[14]},"card_choices":[{"not_picked":["All Out Attack","PiercingWail"],"picked":"Blade Dance","floor":1},{"not_picked":["Cloak And Dagger","Quick Slash"],"picked":"Infinite Blades","floor":6},{"not_picked":["Acrobatics","Blade Dance"],"picked":"Flechettes","floor":7},{"not_picked":["Deflect","Flying Knee","Acrobatics"],"picked":"Singing Bowl","floor":8},{"not_picked":["Dodge and Roll","Endless Agony+1"],"picked":"Die Die Die+1","floor":11},{"not_picked":["Blade Dance","Caltrops"],"picked":"Cloak And Dagger","floor":14}],"player_experience":1012180,"relics_obtained":[{"floor":4,"key":"Happy Flower"},{"floor":6,"key":"Singing Bowl"},{"floor":7,"key":"Bottled Flame"},{"floor":9,"key":"Molten Egg 2"},{"floor":11,"key":"Mummified Hand"},{"floor":14,"key":"Du-Vu Doll"}],"event_choices":[{"damage_healed":0,"gold_gain":0,"player_choice":"Success","damage_taken":5,"relics_obtained":["WingedGreaves"],"max_hp_gain":0,"max_hp_loss":0,"event_name":"Scrap Ooze","floor":2,"gold_loss":0},{"damage_healed":0,"gold_gain":0,"player_choice":"Donut","damage_taken":0,"max_hp_gain":5,"max_hp_loss":0,"event_name":"Big Fish","floor":3,"gold_loss":0}],"is_beta":false,"boss_relics":[],"items_purged_floors":[5],"is_endless":false,"potions_floor_spawned":[1,14],"killed_by":"Hexaghost","ascension_level":20}}