{"host":"963ykkbusvcbqwtq","time":1609254824,"event":{"mods":["2.2 Compatiblity","AchievementEnabler","Arknights The Spire","BaseMod","Colored Map","GifTheSpireLib","GungeonMod","Lobotomy","Luminous","Minty Spire (QoL Compilation)","StSLib","SuperFastMode","The Bug Knight"],"gold_per_floor":[109,34,34,45,61,61,89,89,138,138,155,167,184,184,184,284,284,294,304,304,304,316,316,316],"floor_reached":23,"playtime":1293,"items_purged":["HollowMod:NailStrikeStart"],"score":220,"play_id":"152c8331-a850-46bc-a83d-e15d7ebf1aa6","local_time":"20201230001344","is_ascension_mode":false,"campfire_choices":[{"data":"HollowMod:ZotesMagnificence","floor":6.0,"key":"SMITH"},{"data":"HollowMod:NewLittleFool","floor":8.0,"key":"SMITH"},{"data":"HollowMod:CloakDash","floor":10.0,"key":"SMITH"},{"data":"HollowMod:SoulMaster","floor":15.0,"key":"SMITH"}],"circlet_count":0,"master_deck":["HollowMod:NailStrikeStart","HollowMod:NailStrikeStart","HollowMod:QuickDashStart","HollowMod:QuickDashStart","HollowMod:FocusHealStart","HollowMod:PogoStrike","CrumblingArmor","HollowMod:CloakDash+1","HollowMod:SoulStrike","HollowMod:ZotesMagnificence+1","HollowMod:Hiveblood","HollowMod:NewLittleFool+1","HollowMod:CloakDash","HollowMod:SoulMaster+1","HollowMod:GoodIntentions","HollowMod:HornetsHelp","HollowMod:BaldurShell","Decay","HollowMod:DesolateDive"],"relics":["HollowMod:VesselMask","CogitoBucket","ats:Originium","HollowMod:StagPassRelic","DemoMod:ClearGuonStone","LuminousBracelet","Empty Cage","HellTrain","Cracked Core"],"acts_visited":["Exordium","TheCity"],"potions_floor_usage":[],"damage_taken":[{"damage":0.0,"enemies":"Small Slimes","floor":1.0,"turns":3.0},{"damage":6.0,"enemies":"Cultist","floor":3.0,"turns":5.0},{"damage":3.0,"enemies":"2 Louse","floor":4.0,"turns":2.0},{"damage":1.0,"enemies":"Blue Slaver","floor":5.0,"turns":3.0},{"damage":18.0,"enemies":"Gremlin Nob","floor":7.0,"turns":3.0},{"damage":25.0,"enemies":"Red Slaver","floor":11.0,"turns":3.0},{"damage":32.0,"enemies":"Exordium Wildlife","floor":12.0,"turns":5.0},{"damage":52.0,"enemies":"Gremlin Gang","floor":13.0,"turns":8.0},{"damage":105.0,"enemies":"The Guardian","floor":16.0,"turns":12.0},{"damage":10.0,"enemies":"Chosen","floor":18.0,"turns":4.0},{"damage":140.0,"enemies":"3 Byrds","floor":19.0,"turns":13.0},{"damage":58.0,"enemies":"Cultist and Chosen","floor":22.0,"turns":5.0},{"damage":76,"enemies":"Book of Stabbing","floor":23,"turns":5}],"seed_played":"4675203604510455125","potions_obtained":[{"floor":3.0,"key":"Regen Potion"},{"floor":4.0,"key":"Ancient Potion"},{"floor":12.0,"key":"Energy Potion"},{"floor":13.0,"key":"LiquidMemories"}],"is_trial":false,"path_per_floor":["M","$","M","M","M","R","E","R","T","R","M","M","M","?","R","B",null,"M","M","?","?","M","E"],"character_chosen":"THE_BUGKNIGHT","items_purchased":[],"campfire_rested":0,"item_purchase_floors":[],"current_hp_per_floor":[75,75,69,66,65,65,52,52,52,52,51,49,86,86,86,87,90,90,84,84,84,45,0,0],"gold":316,"neow_bonus":"","is_daily":false,"chose_seed":false,"campfire_upgraded":4,"win_rate":0.0,"timestamp":1609254824,"path_taken":["M","$","M","M","M","R","E","R","T","R","M","M","?","?","R","BOSS","M","M","?","?","M","E"],"items_purchased_type":[],"build_version":"2020-12-22","purchased_purges":1,"victory":false,"max_hp_per_floor":[75,75,75,75,75,75,75,75,75,75,90,90,90,90,90,90,90,90,90,90,90,90,90,90],"card_choices":[{"not_picked":["Scorched","CherryBlossoms"],"picked":"CrumblingArmor","floor":1.0},{"not_picked":["HollowMod:BlackTendrils","HollowMod:SoulSplash"],"picked":"HollowMod:CloakDash","floor":1.0},{"not_picked":["GalaxyChild","SpiderBud","LaLuna"],"picked":"Singing Bowl","floor":3.0},{"not_picked":["HollowMod:ChannelNail","HollowMod:VengefulVoid"],"picked":"HollowMod:SoulStrike","floor":3.0},{"not_picked":["Bloodbath","GalaxyChild","Murderer"],"picked":"Singing Bowl","floor":4.0},{"not_picked":["HollowMod:DungDefenderAura","HollowMod:WraithStrike"],"picked":"HollowMod:ZotesMagnificence","floor":4.0},{"not_picked":["SpiderBud","MHz","BeautyBeast"],"picked":"Singing Bowl","floor":5.0},{"not_picked":["HollowMod:RecoilStrike","HollowMod:CrystalDash"],"picked":"HollowMod:Hiveblood","floor":5.0},{"not_picked":["DespairKnight","MeatLantern","LongBird"],"picked":"Singing Bowl","floor":7.0},{"not_picked":["HollowMod:HuntersJournal","HollowMod:SoulEater"],"picked":"HollowMod:NewLittleFool","floor":7.0},{"not_picked":["Scorched","QueenOfHatred","UniverseFragment"],"picked":"Singing Bowl","floor":11.0},{"not_picked":["HollowMod:Grubsong","HollowMod:WraithStrike"],"picked":"HollowMod:CloakDash","floor":11.0},{"not_picked":["QueenOfHatred","FairyFestival","UniverseFragment"],"picked":"Singing Bowl","floor":12.0},{"not_picked":["HollowMod:GoodIntentions","HollowMod:ChannelNail"],"picked":"HollowMod:SoulMaster","floor":12.0},{"not_picked":["SpiderBud","CherryBlossoms","MeatLantern"],"picked":"Singing Bowl","floor":13.0},{"not_picked":["HollowMod:FallenFury","HollowMod:WraithStrike"],"picked":"HollowMod:GoodIntentions","floor":13.0},{"not_picked":["WallGazer","Rudolta","OSAHOGD"],"picked":"Singing Bowl","floor":16.0},{"not_picked":["HollowMod:ElderbugsWisdom","HollowMod:LifebloodCore"],"picked":"HollowMod:HornetsHelp","floor":16.0},{"not_picked":["HollowMod:NewGlowingWomb+1","HollowMod:WraithStrike","HollowMod:GoodIntentions"],"picked":"SKIP","floor":18.0},{"not_picked":["BlackSwan","PunishingBird","Scarecrow"],"picked":"Singing Bowl","floor":19.0},{"not_picked":["HollowMod:SiblingsShadow","HollowMod:TaintedHusks"],"picked":"HollowMod:BaldurShell","floor":19.0},{"not_picked":["HollowMod:DoubleDash","HollowMod:SharpenedShadows+1"],"picked":"HollowMod:DesolateDive","floor":22.0}],"player_experience":196670,"relics_obtained":[{"floor":7.0,"key":"ats:Originium"},{"floor":7.0,"key":"HollowMod:StagPassRelic"},{"floor":9.0,"key":"DemoMod:ClearGuonStone"}],"event_choices":[{"cards_removed":["HollowMod:NailStrikeStart"],"damage_healed":0.0,"max_hp_gain":0.0,"max_hp_loss":0.0,"gold_gain":0.0,"event_name":"Living Wall","player_choice":"Forget","floor":14.0,"gold_loss":0.0,"damage_taken":0.0},{"damage_healed":0.0,"max_hp_gain":0.0,"max_hp_loss":0.0,"gold_gain":0.0,"event_name":"Wheel of Change","player_choice":"Cursed","floor":21.0,"gold_loss":0.0,"damage_taken":0.0,"cards_obtained":["Decay"]}],"is_beta":false,"boss_relics":[{"not_picked":["Cursed Key","SacredBark"],"picked":"Empty Cage"}],"items_purged_floors":[2],"is_endless":false,"potions_floor_spawned":[3,4,12,13],"killed_by":"Book of Stabbing","ascension_level":0}}