{"host":"bf9sa99gaumonoeu","time":1609282271,"event":{"mods":["AchievementEnabler","BaseMod","Colored Map","Downfall","Friendly Minions","Marisa????????","Minty Spire (QoL Compilation)","Replay The Spire","StSLib","The Cursed","The Disciple","The Servant 0.9.4","slay the spire mod where everything is the same but ironclad has a cowboy hat"],"gold_per_floor":[119,194,213,225,244,244,271,271,324,324,274,300,300,333,333,435,535,545,422,441,441,459,459,488,488,488,488,513,525,538,478,478,582,582,598,616,616,516,535,535,551,551,551,581,634,653,653,491,491,491,491,491,491,521,521,521],"floor_reached":55,"playtime":4831,"items_purged":["Strike_MRS","DC","NonDirectionalLaser+1"],"score":771,"play_id":"41cd316b-1db0-4a9d-8532-6ad1eb4de141","local_time":"20201229205111","is_ascension_mode":true,"campfire_choices":[{"data":"GalacticHalo","floor":6,"key":"SMITH"},{"data":"BinaryStars","floor":8,"key":"SMITH"},{"data":"MasterSpark","floor":10,"key":"SMITH"},{"data":"UpSweep","floor":13,"key":"SMITH"},{"data":"OrrerysSun","floor":15,"key":"SMITH"},{"data":"BinaryStars","floor":25,"key":"SMITH"},{"data":"Acceleration","floor":27,"key":"SMITH"},{"data":"Defend_MRS","floor":32,"key":"PURGE"},{"data":"BinaryStars","floor":40,"key":"SMITH"},{"floor":42,"key":"RECALL"},{"floor":47,"key":"REST"},{"floor":49,"key":"REST"},{"data":"EnergyFlow","floor":52,"key":"SMITH"}],"circlet_count":0,"master_deck":["Strike_MRS","Defend_MRS","MasterSpark+1","UpSweep+1","MysteriousBeam","MagicAbsorber","OrrerysSun+1","SuperPerseids","GalacticHalo+1","BinaryStars+1","Acceleration","ManaConvection","BlazingStar","EnergyFlow+1","EventHorizon","Acceleration+1","BinaryStars+1","BinaryStars+1","SporeBomb+1"],"relics":["MiniHakkero","Replay:Ringing Soul","Bag of Marbles","Pet Ghost","Ancient Tea Set","Replay:Wanted Poster","Blue Candle","Quantum Egg","Runic Pyramid","Onion Ring","White Beast Statue","CatCart","Replay:Mystery Machine"],"acts_visited":["Exordium","TheCity","TheBeyond","TheEnding"],"potions_floor_usage":[7,12,16,28,45,45,55],"damage_taken":[{"damage":0,"enemies":"Small Slimes","floor":1,"turns":2},{"damage":0,"enemies":"Jaw Worm","floor":3,"turns":3},{"damage":0,"enemies":"2 Louse","floor":4,"turns":3},{"damage":1,"enemies":"2 Fungi Beasts","floor":5,"turns":2},{"damage":3,"enemies":"Lagavulin","floor":7,"turns":9},{"damage":10,"enemies":"3 Sentries","floor":12,"turns":5},{"damage":1,"enemies":"Lagavulin","floor":14,"turns":5},{"damage":8,"enemies":"The Guardian","floor":16,"turns":6},{"damage":0,"enemies":"3 Byrds","floor":18,"turns":4},{"damage":0,"enemies":"Spheric Guardian","floor":20,"turns":2},{"damage":8,"enemies":"Centurion and Healer","floor":22,"turns":4},{"damage":24,"enemies":"Slavers","floor":24,"turns":5},{"damage":0,"enemies":"Book of Stabbing","floor":28,"turns":2},{"damage":0,"enemies":"Cultist and Chosen","floor":29,"turns":4},{"damage":0,"enemies":"Snake Plant","floor":30,"turns":2},{"damage":0,"enemies":"Collector","floor":33,"turns":5},{"damage":0,"enemies":"3 Shapes","floor":35,"turns":3},{"damage":0,"enemies":"Orb Walker","floor":36,"turns":1},{"damage":0,"enemies":"3 Darklings","floor":39,"turns":4},{"damage":10,"enemies":"4 Shapes","floor":41,"turns":3},{"damage":14,"enemies":"Reptomancer","floor":44,"turns":5},{"damage":37,"enemies":"Orin","floor":45,"turns":6},{"damage":0,"enemies":"Sphere and 2 Shapes","floor":46,"turns":3},{"damage":7,"enemies":"Replay:Hell Engine","floor":50,"turns":5},{"damage":0,"enemies":"Shield and Spear","floor":54,"turns":3},{"damage":178,"enemies":"The Heart","floor":55,"turns":6}],"seed_played":"9193926717860057718","potions_obtained":[{"floor":3,"key":"Fire Potion"},{"floor":4,"key":"ColorlessPotion"},{"floor":12,"key":"Strength Potion"},{"floor":24,"key":"Energy Potion"},{"floor":28,"key":"FearPotion"},{"floor":30,"key":"ShroomBrew"},{"floor":41,"key":"LiquidBronze"},{"floor":45,"key":"FairyPotion"},{"floor":46,"key":"Dexterity Potion"}],"is_trial":false,"path_per_floor":["M","?","M","M","M","R","E","R","T","R","?","E","R","E","R","B",null,"M","$","M","?","M","?","E","R","T","R","E","M","M","?","R_BF","B",null,"M","M","?","$","M","R","M","R","T","E","?","M","R","$","R","B",null,"R","$","E","B"],"character_chosen":"MARISA","items_purchased":["Swift Potion","SporeBomb+1"],"campfire_rested":2,"item_purchase_floors":[19,48],"current_hp_per_floor":[75,64,64,64,63,63,63,63,63,63,63,56,56,58,58,53,87,87,87,90,93,88,88,67,67,67,67,67,67,67,67,67,70,102,102,105,100,100,100,100,90,90,90,76,39,39,69,72,102,95,103,103,103,103,0,0],"gold":521,"neow_bonus":"THREE_CARDS","is_daily":false,"chose_seed":false,"campfire_upgraded":9,"win_rate":0.0,"timestamp":1609282271,"path_taken":["M","?","M","M","M","R","E","R","T","R","?","E","R","E","R","BOSS","M","$","M","?","M","?","E","R","T","R","E","M","M","?","R_BF","BOSS","M","?","?","$","M","R","M","R","T","E","?","M","R","$","R","BOSS","R","$","E","BOSS"],"items_purchased_type":["Potion","Card"],"build_version":"2020-12-22","purchased_purges":3,"victory":false,"max_hp_per_floor":[75,75,75,75,75,75,78,78,78,78,78,81,81,84,84,87,87,87,87,90,93,96,96,99,99,99,99,99,99,99,99,99,102,102,102,105,100,100,100,100,100,100,100,100,100,100,100,103,103,103,103,103,103,103,103,103],"card_choices":[{"not_picked":["Occultation","WitchOfGreed"],"picked":"MysteriousBeam","floor":0},{"not_picked":["WitchOfGreed","MachineGunSpark"],"picked":"MagicAbsorber","floor":1},{"not_picked":["WitchOfGreed","SprinkleStarSeal"],"picked":"OrrerysSun","floor":3},{"not_picked":["EventHorizon","MeteoricShower"],"picked":"SuperPerseids","floor":4},{"not_picked":["PowerUp","GrandCross"],"picked":"GalacticHalo","floor":5},{"not_picked":["ManaConvection","DarkSpark"],"picked":"BinaryStars","floor":7},{"not_picked":["LuminesStrike","DeepEcoloBomb"],"picked":"Acceleration","floor":12},{"not_picked":["OrrerysSun","DoubleSpark"],"picked":"ManaConvection","floor":14},{"not_picked":["ManaRampage","CasketOfStar"],"picked":"BlazingStar","floor":16},{"not_picked":["Singularity","WitchOfGreed","DC+1"],"picked":"SKIP","floor":18},{"not_picked":["Singularity","WitchOfGreed","DC+1"],"picked":"SKIP","floor":18},{"not_picked":["EarthLightRay","GravityBeat"],"picked":"EnergyFlow","floor":20},{"not_picked":["MilkyWay","DarkMatter"],"picked":"Acceleration","floor":22},{"not_picked":["EarthLightRay","UltimateShortwave"],"picked":"BinaryStars","floor":24},{"not_picked":["PowerUp","ChargeUpSpray+1","MachineGunSpark"],"picked":"SKIP","floor":28},{"not_picked":["DoubleSpark","IllusionStar","SporeBomb+1"],"picked":"SKIP","floor":29},{"not_picked":["AbsoluteMagnitude","OneTimeOff+1","Robbery"],"picked":"SKIP","floor":30},{"not_picked":["UltimateShortwave","MaximisePower"],"picked":"BinaryStars","floor":33},{"not_picked":["MilkyWay+1","GrandCross+1","WitchLeyline+1"],"picked":"SKIP","floor":35},{"not_picked":["ChargeUpSpray","DoubleSpark"],"picked":"NonDirectionalLaser+1","floor":36},{"not_picked":["EventHorizon+1","LuminesStrike","ManaConvection"],"picked":"SKIP","floor":39},{"not_picked":["ShootingEcho","AsteroidBelt+1","ManaConvection+1"],"picked":"SKIP","floor":41},{"not_picked":["PropBag+1","6A","Robbery"],"picked":"SKIP","floor":44},{"not_picked":["EventHorizon+1","MilkyWay","GravityBeat"],"picked":"SKIP","floor":46},{"not_picked":["JA","GalacticHalo","SporeBomb+1"],"picked":"SKIP","floor":54}],"player_experience":567011,"relics_obtained":[{"floor":7,"key":"Replay:Ringing Soul"},{"floor":9,"key":"Bag of Marbles"},{"floor":12,"key":"Pet Ghost"},{"floor":14,"key":"Ancient Tea Set"},{"floor":24,"key":"Blue Candle"},{"floor":28,"key":"Quantum Egg"},{"floor":43,"key":"Onion Ring"},{"floor":44,"key":"White Beast Statue"},{"floor":45,"key":"CatCart"},{"floor":54,"key":"Replay:Mystery Machine"}],"event_choices":[{"damage_healed":0,"gold_gain":75,"player_choice":"Gather Gold","damage_taken":11,"max_hp_gain":0,"max_hp_loss":0,"event_name":"World of Goop","floor":2,"gold_loss":0},{"cards_removed":["Strike_MRS"],"damage_healed":0,"gold_gain":0,"player_choice":"Card Removal","damage_taken":0,"max_hp_gain":0,"max_hp_loss":0,"event_name":"The Cleric","floor":11,"gold_loss":50},{"damage_healed":0,"gold_gain":0,"cards_transformed":["Strike_MRS","Defend_MRS"],"player_choice":"Became Test Subject","damage_taken":0,"max_hp_gain":0,"max_hp_loss":0,"event_name":"Drug Dealer","floor":21,"gold_loss":0,"cards_obtained":["EventHorizon","DC"]},{"damage_healed":0,"gold_gain":0,"player_choice":"Ignored","damage_taken":0,"max_hp_gain":0,"max_hp_loss":0,"event_name":"Vampires","floor":23,"gold_loss":0},{"cards_removed":["Defend_MRS"],"damage_healed":0,"gold_gain":0,"player_choice":"Single Remove","damage_taken":0,"max_hp_gain":0,"max_hp_loss":0,"event_name":"Designer","floor":31,"gold_loss":60},{"damage_healed":0,"gold_gain":0,"player_choice":"Max HP","damage_taken":0,"max_hp_gain":0,"max_hp_loss":5,"event_name":"Winding Halls","floor":37,"gold_loss":0},{"damage_healed":0,"gold_gain":0,"player_choice":"Fight","damage_taken":0,"max_hp_gain":0,"max_hp_loss":0,"event_name":"OrinTheCat","floor":45,"gold_loss":0}],"is_beta":false,"boss_relics":[{"not_picked":["Honey Jar","Cursed Key"],"picked":"Replay:Wanted Poster"},{"not_picked":["Philosopher\u0027s Stone","Kintsugi"],"picked":"Runic Pyramid"}],"items_purged_floors":[19,38,48],"is_endless":false,"potions_floor_spawned":[3,4,12,24,28,30,33,36,39,41,45,46,54],"killed_by":"The Heart","ascension_level":2}}