{"host":"cm56dopeulr50jn0","time":1609222004,"event":{"mods":["BaseMod","Bestiary","Better Match","Better Third Choice","Downfall","Minty Spire (QoL Compilation)","Relic Stats","StSLib"],"gold_per_floor":[99,111,131,142,317,10,63,63,73,73,107,121,121,221,241,241,241,241],"floor_reached":16,"playtime":1605,"items_purged":[],"score":102,"play_id":"55615341-d7d3-4f75-94f6-64781818729f","local_time":"20201228220644","is_ascension_mode":false,"campfire_choices":[{"data":"champ:Execute","floor":1,"key":"SMITH"},{"data":"champ:CrookedStrike","floor":10,"key":"SMITH"},{"data":"champ:ArenaPreparation","floor":13,"key":"SMITH"}],"circlet_count":0,"master_deck":["champ:Strike","champ:Defend","champ:Defend","champ:Defend","champ:Execute+1","champ:Taunt+1","champ:Encircle","champ:GladiatorsShout","champ:CrookedStrike+1","Doubt","champ:ArenaPreparation+1","champ:GutPunch+1","champ:RapidStrikes+1","champ:CrownThrow+1","champ:Haymaker+1","champ:HeartStrike+1","champ:DefensiveShout","champ:ArenaPreparation"],"relics":["Empty Cage","Molten Egg 2","hexamod:BolsterEngine","StoneCalendar"],"acts_visited":["Exordium"],"potions_floor_usage":[16],"damage_taken":[{"damage":16,"enemies":"Jaw Worm","floor":2,"turns":3},{"damage":7,"enemies":"Small Slimes","floor":3,"turns":3},{"damage":17,"enemies":"2 Louse","floor":4,"turns":3},{"damage":19,"enemies":"downfall:FleeingMerchant","floor":6,"turns":4},{"damage":33,"enemies":"Red Slaver","floor":9,"turns":3},{"damage":40,"enemies":"Lagavulin","floor":11,"turns":6},{"damage":15,"enemies":"Blue Slaver","floor":12,"turns":3},{"damage":51,"enemies":"downfall:Heads","floor":14,"turns":7},{"damage":15,"enemies":"2 Fungi Beasts","floor":15,"turns":2},{"damage":23,"enemies":"downfall:Ironclad","floor":16,"turns":3}],"seed_played":"-7011389791105655649","potions_obtained":[{"floor":2,"key":"Ancient Potion"},{"floor":9,"key":"Strength Potion"},{"floor":15,"key":"SkillPotion"}],"is_trial":false,"path_per_floor":["R","M","M","M","?","$","T","?","M","R","E","M","R","?","M","B"],"character_chosen":"THE_CHAMP","items_purchased":["Molten Egg 2","champ:GutPunch+1"],"campfire_rested":0,"item_purchase_floors":[6,6],"current_hp_per_floor":[90,84,84,74,74,74,74,79,71,71,56,56,56,20,20,0,0,0],"gold":241,"neow_bonus":"BOSS_RELIC","is_daily":false,"chose_seed":false,"campfire_upgraded":3,"win_rate":0.0,"timestamp":1609222004,"path_taken":["R","M","M","M","?","$","T","?","?","R","E","M","R","?","M","BOSS"],"items_purchased_type":["Relic","Card"],"build_version":"2020-12-22","purchased_purges":0,"victory":false,"max_hp_per_floor":[90,90,90,90,90,90,90,95,95,95,95,95,95,95,95,95,95,95],"relic_stats":{"counters":[10,37],"StoneCalendar":[23],"obtain_stats":[{"champ:ChampionCrown":0,"Molten Egg 2":6,"StoneCalendar":11,"hexamod:BolsterEngine":7,"Empty Cage":0},{"champ:ChampionCrown":0,"Molten Egg 2":4,"StoneCalendar":6,"hexamod:BolsterEngine":4,"Empty Cage":0},{"champ:ChampionCrown":0,"Molten Egg 2":13,"StoneCalendar":22,"hexamod:BolsterEngine":13,"Empty Cage":0}]},"card_choices":[{"not_picked":["champ:TornadoPunch","champ:SkillfulDodge"],"picked":"champ:Encircle","floor":2},{"not_picked":["champ:PerfectedStrike","champ:RapidStrikes"],"picked":"champ:GladiatorsShout","floor":3},{"not_picked":["champ:FalseCounter","champ:FanOfKnives"],"picked":"champ:CrookedStrike","floor":4},{"not_picked":["champ:BladeFlurry","champ:BringItOn"],"picked":"champ:ArenaPreparation","floor":6},{"not_picked":["champ:PreciseThrust+1","champ:AdrenalArmor"],"picked":"champ:RapidStrikes+1","floor":9},{"not_picked":["champ:ArenaPreparation","champ:FlashCut+1"],"picked":"champ:CrownThrow+1","floor":11},{"not_picked":["champ:GutPunch+1","champ:DefensiveShout"],"picked":"champ:Haymaker+1","floor":12},{"not_picked":["champ:Circumvent","champ:BerserkerStyle"],"picked":"champ:DefensiveShout","floor":14},{"not_picked":["champ:StanceDance","champ:Encircle+1"],"picked":"champ:ArenaPreparation","floor":15}],"player_experience":1372663,"relics_obtained":[{"floor":7,"key":"hexamod:BolsterEngine"},{"floor":11,"key":"StoneCalendar"}],"event_choices":[{"damage_healed":0,"gold_gain":0,"player_choice":"Donut","damage_taken":0,"max_hp_gain":5,"max_hp_loss":0,"event_name":"Big Fish","floor":8,"gold_loss":0}],"is_beta":false,"boss_relics":[],"items_purged_floors":[],"is_endless":false,"potions_floor_spawned":[2,9,15],"killed_by":"downfall:Ironclad","ascension_level":0}}