{"host":"963ykkbusvcbqwtq","time":1609246571,"event":{"mods":["2.2 Compatiblity","AchievementEnabler","Arknights The Spire","BaseMod","Colored Map","GifTheSpireLib","GungeonMod","Lobotomy","Luminous","Minty Spire (QoL Compilation)","StSLib","SuperFastMode","The Bug Knight"],"gold_per_floor":[111,111,36,54,68,103,103,117,117,137,70,86,86,104,104,201,201,201,201],"floor_reached":18,"playtime":2280,"items_purged":["DemoMod:Strike_Huntress"],"score":164,"play_id":"0b99d14c-fb77-44fb-b82c-9321010e4491","local_time":"20201229215611","is_ascension_mode":false,"campfire_choices":[{"data":"DemoMod:Elimentaler","floor":7,"key":"SMITH"},{"data":"DemoMod:ConditionalReflex","floor":13,"key":"SMITH"},{"data":"DemoMod:SkilledReload","floor":15,"key":"SMITH"}],"circlet_count":0,"master_deck":["DemoMod:Strike_Huntress","DemoMod:Defend_Huntress","DemoMod:Defend_Huntress","DemoMod:Defend_Huntress","DemoMod:Defend_Huntress","DemoMod:Roll","DemoMod:ManualReload","DemoMod:RustySidearm","DemoMod:CrossBow","MHz","DemoMod:TeaPot","VoidDream","DemoMod:ProbeStrike","ShyLook","DemoMod:Elimentaler+1","Funeral","DemoMod:ProbeStrike","WhitesApple","DemoMod:RadGun","Parasite","Murderer","DemoMod:StickyCrossBow","DemoMod:SkilledReload+1","MeatLantern","DemoMod:ConditionalReflex+1","BeautyBeast","Parasite","FairyFestival","DemoMod:BlackHoleGun"],"relics":["DemoMod:Dog","CogitoBucket","Bird Faced Urn","Eternal Feather","Matryoshka","TreeSap","Toy Ornithopter","DemoMod:Test1"],"acts_visited":["Exordium","TheCity"],"potions_floor_usage":[18],"damage_taken":[{"damage":4,"enemies":"Jaw Worm","floor":1,"turns":6},{"damage":1,"enemies":"Cultist","floor":4,"turns":3},{"damage":0,"enemies":"Small Slimes","floor":5,"turns":4},{"damage":33,"enemies":"HollowMod:MossKnight","floor":6,"turns":18},{"damage":10,"enemies":"2 Fungi Beasts","floor":8,"turns":3},{"damage":3,"enemies":"Large Slime","floor":10,"turns":6},{"damage":9,"enemies":"3 Louse","floor":12,"turns":3},{"damage":5,"enemies":"2 Fungi Beasts","floor":14,"turns":4},{"damage":9,"enemies":"Slime Boss","floor":16,"turns":8},{"damage":61,"enemies":"Shell Parasite","floor":18,"turns":3}],"seed_played":"-6053137437446953939","potions_obtained":[{"floor":4,"key":"ColorlessPotion"},{"floor":10,"key":"AttackPotion"},{"floor":16,"key":"BlessingOfTheForge"}],"is_trial":false,"path_per_floor":["M","?","$","M","M","E","R","M","T","M","$","M","R","M","R","B",null,"M"],"character_chosen":"HUNTRESS","items_purchased":["DemoMod:SkilledReload"],"campfire_rested":0,"item_purchase_floors":[11],"current_hp_per_floor":[66,66,66,65,65,32,41,32,32,31,31,55,55,55,55,47,55,0,0],"gold":201,"neow_bonus":"","is_daily":false,"chose_seed":false,"campfire_upgraded":3,"win_rate":0.0,"timestamp":1609246571,"path_taken":["M","?","$","M","M","E","R","M","T","M","?","M","R","M","R","BOSS","M"],"items_purchased_type":["Card"],"build_version":"2020-12-22","purchased_purges":1,"victory":false,"max_hp_per_floor":[70,70,70,70,70,70,70,70,70,70,70,55,55,55,55,55,55,55,55],"card_choices":[{"not_picked":["SingingMachine","PunishingBird"],"picked":"MHz","floor":1},{"not_picked":["DemoMod:DoubleSwitch","DemoMod:JK47"],"picked":"DemoMod:TeaPot","floor":1},{"not_picked":["PunishingBird","Scorched"],"picked":"VoidDream","floor":4},{"not_picked":["DemoMod:PotionOfGunFriendShip","DemoMod:TeaPot"],"picked":"DemoMod:ProbeStrike","floor":4},{"not_picked":["Funeral","ShyLook","PunishingBird"],"picked":"Singing Bowl","floor":5},{"not_picked":["Freischutz","SingingMachine"],"picked":"ShyLook","floor":5},{"not_picked":["DemoMod:CursedBullets","DemoMod:JK47"],"picked":"DemoMod:Elimentaler","floor":5},{"not_picked":["MeatLantern","BeautyBeast","OSAHOGD"],"picked":"Singing Bowl","floor":6},{"not_picked":["Bloodbath","PunishingBird"],"picked":"Funeral","floor":6},{"not_picked":["DemoMod:SuppressiveFire","DemoMod:DirectionalPad"],"picked":"DemoMod:ProbeStrike","floor":6},{"not_picked":["Variant","GreedKing"],"picked":"WhitesApple","floor":8},{"not_picked":["DemoMod:HuntsMan","DemoMod:DoubleSwitch"],"picked":"DemoMod:RadGun","floor":8},{"not_picked":["MeatLantern","Wellcheers"],"picked":"Murderer","floor":10},{"not_picked":["DemoMod:BattleInHaste","DemoMod:ShadowBullets"],"picked":"DemoMod:StickyCrossBow","floor":10},{"not_picked":["OldLady","Freischutz"],"picked":"MeatLantern","floor":12},{"not_picked":["DemoMod:CombinedRifle","DemoMod:AC15"],"picked":"DemoMod:ConditionalReflex","floor":12},{"not_picked":["Laetitia","GreedKing"],"picked":"BeautyBeast","floor":14},{"not_picked":["DemoMod:Unmoved","DemoMod:HuntsMan"],"picked":"DemoMod:SniperShot","floor":14},{"not_picked":["PunishingBird","Bloodbath"],"picked":"FairyFestival","floor":16},{"not_picked":["DemoMod:BSG","DemoMod:Elimentaler"],"picked":"DemoMod:BlackHoleGun","floor":16}],"player_experience":189259,"relics_obtained":[{"floor":4,"key":"Bird Faced Urn"},{"floor":6,"key":"Eternal Feather"},{"floor":9,"key":"Matryoshka"},{"floor":14,"key":"Toy Ornithopter"}],"event_choices":[{"cards_removed":["DemoMod:Strike_Huntress"],"damage_healed":0,"gold_gain":0,"player_choice":"Forget","damage_taken":0,"max_hp_gain":0,"max_hp_loss":0,"event_name":"Living Wall","floor":2,"gold_loss":0}],"is_beta":false,"boss_relics":[{"not_picked":["Sozu","Empty Cage"],"picked":"DemoMod:Test1"}],"items_purged_floors":[3],"is_endless":false,"potions_floor_spawned":[4,10,16],"killed_by":"Shell Parasite","ascension_level":0}}