{"host":"oy4pyvr762z5n0bb","time":1609225582,"event":{"mods":["AchievementEnabler","BaseMod","Colored Map","Colored Powertips","Googly Eyes","Key Reminder","Minty Spire (QoL Compilation)","Quick Restart","Relic Sorter","StSLib","SuperFastMode","Unceasing Turn Reminder","slay the spire mod where everything is the same but ironclad has a cowboy hat"],"gold_per_floor":[115,125,125,125,138,155,155,189,189,189,208,236,249,47,47,144,144,132,11,23,2,2,2,21,21,95,105,120,120,120,135,135,230,230,240,255,255,255,255],"floor_reached":38,"playtime":740,"items_purged":[],"score":572,"play_id":"8fdb8b0b-2062-4262-86d0-694304ef1d9a","local_time":"20201228230622","is_ascension_mode":true,"campfire_choices":[{"data":"Disarm","floor":7,"key":"SMITH"},{"floor":10,"key":"REST"},{"floor":15,"key":"REST"},{"data":"Fire Breathing","floor":23,"key":"SMITH"},{"data":"Carnage","floor":29,"key":"SMITH"},{"data":"Shrug It Off","floor":32,"key":"SMITH"}],"circlet_count":0,"master_deck":["Strike_R","Strike_R+1","Strike_R","Strike_R","Strike_R","Defend_R+1","Defend_R","Defend_R","Defend_R","Bash+1","Disarm+1","Thunderclap","Sever Soul","Hemokinesis","Wild Strike","Headbutt","Shrug It Off","Reckless Charge","Fire Breathing+1","Shrug It Off+1","Impervious","Carnage+1","Wild Strike","Cleave","Wild Strike","Necronomicurse","Rupture+1","Warcry","Immolate","True Grit+1"],"relics":["Burning Blood","NeowsBlessing","White Beast Statue","Blue Candle","The Courier","Oddly Smooth Stone","Coffee Dripper","Strange Spoon","Necronomicon","Shuriken","Runic Cube"],"acts_visited":["Exordium","TheCity","TheBeyond"],"potions_floor_usage":[8,8,8,16,22,33,33,33],"damage_taken":[{"damage":0,"enemies":"Small Slimes","floor":1,"turns":1},{"damage":0,"enemies":"Jaw Worm","floor":2,"turns":1},{"damage":0,"enemies":"Cultist","floor":5,"turns":1},{"damage":18,"enemies":"Lots of Slimes","floor":6,"turns":4},{"damage":41,"enemies":"Lagavulin","floor":8,"turns":7},{"damage":22,"enemies":"Large Slime","floor":11,"turns":7},{"damage":7,"enemies":"Gremlin Nob","floor":12,"turns":3},{"damage":4,"enemies":"3 Louse","floor":13,"turns":3},{"damage":2,"enemies":"Slime Boss","floor":16,"turns":8},{"damage":4,"enemies":"2 Thieves","floor":18,"turns":4},{"damage":29,"enemies":"Spheric Guardian","floor":20,"turns":4},{"damage":0,"enemies":"Snake Plant","floor":22,"turns":1},{"damage":7,"enemies":"Centurion and Healer","floor":24,"turns":5},{"damage":6,"enemies":"Cultist and Chosen","floor":27,"turns":4},{"damage":16,"enemies":"Shelled Parasite and Fungi","floor":28,"turns":4},{"damage":6,"enemies":"Chosen and Byrds","floor":31,"turns":4},{"damage":32,"enemies":"Champ","floor":33,"turns":9},{"damage":29,"enemies":"3 Shapes","floor":35,"turns":4},{"damage":14,"enemies":"Orb Walker","floor":36,"turns":3}],"seed_played":"3484460815368811005","potions_obtained":[{"floor":2,"key":"Fire Potion"},{"floor":5,"key":"Block Potion"},{"floor":6,"key":"Dexterity Potion"},{"floor":11,"key":"BloodPotion"},{"floor":12,"key":"Dexterity Potion"},{"floor":13,"key":"Explosive Potion"},{"floor":16,"key":"Dexterity Potion"},{"floor":20,"key":"SmokeBomb"},{"floor":24,"key":"SteroidPotion"},{"floor":27,"key":"FearPotion"},{"floor":33,"key":"ColorlessPotion"},{"floor":35,"key":"BlessingOfTheForge"},{"floor":36,"key":"LiquidBronze"}],"is_trial":false,"path_per_floor":["M","M","?","?","M","M","R","E","T","R","M","E","M","$","R","B",null,"M","$","M","$","M","R","M","?","T","M","M","R","?","M","R","B",null,"M","M","?","M"],"character_chosen":"IRONCLAD","items_purchased":["Fire Breathing","Oddly Smooth Stone","Shrug It Off","Strange Spoon","Cleave"],"campfire_rested":2,"item_purchase_floors":[14,14,14,19,21],"current_hp_per_floor":[78,80,64,64,70,58,58,23,23,47,31,30,32,32,56,60,75,77,77,54,54,60,60,59,43,43,43,33,33,18,18,18,9,66,43,35,35,0,0],"gold":255,"neow_bonus":"THREE_ENEMY_KILL","is_daily":false,"chose_seed":false,"campfire_upgraded":4,"win_rate":0.0,"timestamp":1609225582,"path_taken":["M","M","?","?","M","?","R","E","T","R","M","E","M","$","R","BOSS","M","$","M","$","?","R","M","?","T","M","M","R","?","M","R","BOSS","M","M","?","M"],"items_purchased_type":["Card","Relic","Card","Relic","Card"],"build_version":"2020-12-22","purchased_purges":0,"victory":false,"max_hp_per_floor":[80,80,80,80,80,80,80,80,80,80,80,80,80,80,80,80,80,80,80,80,80,80,80,80,80,80,80,80,80,85,85,85,85,85,85,85,85,85,85],"card_choices":[{"not_picked":["Havoc","Clothesline"],"picked":"Disarm","floor":1},{"not_picked":["Anger","Warcry"],"picked":"Thunderclap","floor":2},{"not_picked":["Warcry","Clothesline"],"picked":"Sever Soul","floor":5},{"not_picked":["Armaments","Thunderclap"],"picked":"Hemokinesis","floor":6},{"not_picked":["Sever Soul","Berserk"],"picked":"Wild Strike","floor":8},{"not_picked":["Armaments","Thunderclap"],"picked":"Headbutt","floor":11},{"not_picked":["Burning Pact","Flex"],"picked":"Shrug It Off","floor":12},{"not_picked":["Sever Soul","Anger"],"picked":"Reckless Charge","floor":13},{"not_picked":["Corruption","Berserk"],"picked":"Impervious","floor":16},{"not_picked":["Shrug It Off","Heavy Blade"],"picked":"Carnage","floor":18},{"not_picked":["Spot Weakness","Clash"],"picked":"Wild Strike","floor":20},{"not_picked":["Burning Pact","Feed"],"picked":"Wild Strike","floor":24},{"not_picked":["Iron Wave","Pommel Strike"],"picked":"Rupture+1","floor":27},{"not_picked":["Havoc+1","Twin Strike"],"picked":"Warcry","floor":28},{"not_picked":["Flex","Whirlwind","Warcry"],"picked":"SKIP","floor":31},{"not_picked":["Limit Break","Corruption"],"picked":"Immolate","floor":33},{"not_picked":["Fire Breathing+1","Disarm"],"picked":"True Grit+1","floor":35},{"not_picked":["Sword Boomerang+1","Rupture+1","Feel No Pain+1"],"picked":"SKIP","floor":36}],"player_experience":593180,"relics_obtained":[{"floor":8,"key":"White Beast Statue"},{"floor":9,"key":"Blue Candle"},{"floor":12,"key":"The Courier"},{"floor":25,"key":"Necronomicon"},{"floor":26,"key":"Shuriken"}],"event_choices":[{"damage_healed":0,"gold_gain":0,"player_choice":"Entered Light","damage_taken":16,"max_hp_gain":0,"max_hp_loss":0,"event_name":"Shining Light","floor":3,"gold_loss":0,"cards_upgraded":["Defend_R","Strike_R"]},{"damage_healed":0,"gold_gain":0,"player_choice":"Upgraded","damage_taken":0,"max_hp_gain":0,"max_hp_loss":0,"event_name":"Upgrade Shrine","floor":4,"gold_loss":0,"cards_upgraded":["Bash"]},{"damage_healed":0,"gold_gain":0,"player_choice":"Obtained Book","damage_taken":16,"max_hp_gain":0,"max_hp_loss":0,"event_name":"Cursed Tome","floor":25,"gold_loss":0},{"damage_healed":0,"gold_gain":0,"player_choice":"Shed Blood","damage_taken":20,"max_hp_gain":5,"max_hp_loss":0,"event_name":"Forgotten Altar","floor":30,"gold_loss":0},{"damage_healed":0,"gold_gain":0,"player_choice":"Ignored","damage_taken":0,"max_hp_gain":0,"max_hp_loss":0,"event_name":"Tomb of Lord Red Mask","floor":37,"gold_loss":0}],"is_beta":false,"boss_relics":[{"not_picked":["Black Blood","Cursed Key"],"picked":"Coffee Dripper"},{"not_picked":["Mark of Pain","Fusion Hammer"],"picked":"Runic Cube"}],"items_purged_floors":[],"is_endless":false,"potions_floor_spawned":[2,5,6,11,12,13,16,18,20,22,24,27,28,31,33,35,36],"killed_by":"4 Shapes","ascension_level":6}}