{"host":"jrtaucq9moweewpn","time":1609220245,"event":{"mods":["BaseMod","Better Third Choice","Downfall","Duelist Mod","GifTheSpireLib","Minty Spire (QoL Compilation)","Replay The Spire","Shade Mod","StSLib","The Construct","The Cursed"],"gold_per_floor":[114,33,108,123,298,328,345,345,399,399,411,426,426,441,441,540,540,556,236,236,249,249,275,275,285,337,252,266,266,281,281,281,383,383,395,414,123,140,140,140,160,160,160,195,195,215,215,234,234,234],"floor_reached":51,"playtime":3649,"items_purged":["Doubt","Skewer"],"score":524,"play_id":"0619bb62-5a50-4def-8aff-a167f0d304c6","local_time":"20201228233725","is_ascension_mode":false,"campfire_choices":[{"data":"Accuracy","floor":8,"key":"SMITH"},{"floor":10,"key":"REST"},{"data":"Blade Dance","floor":15,"key":"SMITH"},{"floor":24,"key":"REST"},{"data":"Infinite Blades","floor":29,"key":"SMITH"},{"data":"Blade Dance","floor":32,"key":"SMITH"},{"floor":40,"key":"REST"},{"floor":42,"key":"REST"},{"floor":47,"key":"REST"}],"circlet_count":0,"master_deck":["Strike_G","Strike_G","Strike_G","Strike_G","Strike_G","Defend_G","Defend_G","Defend_G","Defend_G","Neutralize","Blade Dance+1","Accuracy+1","Dagger Throw","m_Survivalism","After Image","Blade Dance+1","Choke+1","Pot Of Greed","Pot Of Greed","Infinite Blades+1","Finisher","A Thousand Cuts","CurseOfTheBell","Blade Dance","Pot Of Greed","ReplayTheSpireMod:Shiv Toss+1","Adrenaline","Purity+1","Hidden Blade+1","Sickly","Prepared+1"],"relics":["Ring of the Snake","NeowsBlessing","Anchor","Pen Nib","Sozu","Letter Opener","MutagenicStrength","Boot","Grinning Jar","Snack Pack","Calling Bell","Blue Doll","Quantum Egg","Vampiric Spirits","Vajra","Pantograph","ReplayTheSpireMod:Ring of Exchange"],"acts_visited":["Exordium","TheCity","TheBeyond"],"potions_floor_usage":[11,16,16,16],"damage_taken":[{"damage":0,"enemies":"Cultist","floor":1,"turns":1},{"damage":0,"enemies":"Jaw Worm","floor":4,"turns":1},{"damage":0,"enemies":"Replay:BlueRogue","floor":6,"turns":1},{"damage":0,"enemies":"Small Slimes","floor":7,"turns":3},{"damage":3,"enemies":"Exordium Thugs","floor":11,"turns":3},{"damage":3,"enemies":"2 Fungi Beasts","floor":12,"turns":3},{"damage":2,"enemies":"Looter","floor":14,"turns":3},{"damage":40,"enemies":"Hexaghost","floor":16,"turns":9},{"damage":0,"enemies":"3 Byrds","floor":18,"turns":5},{"damage":0,"enemies":"Spheric Guardian","floor":21,"turns":1},{"damage":11,"enemies":"theDuelist:KaibaA2","floor":23,"turns":3},{"damage":12,"enemies":"Shelled Parasite and Fungi","floor":25,"turns":3},{"damage":0,"enemies":"Centurion and Healer","floor":28,"turns":5},{"damage":4,"enemies":"Cultist and Chosen","floor":30,"turns":4},{"damage":39,"enemies":"Collector","floor":33,"turns":7},{"damage":10,"enemies":"3 Shapes","floor":35,"turns":3},{"damage":0,"enemies":"Orb Walker","floor":36,"turns":1},{"damage":25,"enemies":"Jaw Worm Horde","floor":38,"turns":2},{"damage":19,"enemies":"Maw","floor":41,"turns":5},{"damage":22,"enemies":"R_Hoarder","floor":44,"turns":6},{"damage":5,"enemies":"Spire Growth","floor":46,"turns":3},{"damage":6,"enemies":"Sphere and 2 Shapes","floor":48,"turns":3},{"damage":0,"enemies":"Sphere and 2 Shapes","floor":49,"turns":3},{"damage":67,"enemies":"Replay:Hell Engine","floor":50,"turns":9}],"seed_played":"-7330074031730203412","potions_obtained":[{"floor":4,"key":"Energy Potion"},{"floor":11,"key":"Guardian:BlockOnCardUsePotion"},{"floor":12,"key":"GamblersBrew"},{"floor":14,"key":"champ:CounterPotion"}],"is_trial":false,"path_per_floor":["M","$","?","M","?","E","M","R","T","R","M","M","?","M","R","B",null,"M","$","?","M","?","E","R","M","T","?","M","R","M","?","R","B",null,"M","M","$","M","?","R","M","R","T","E","?","M","R","M","R","B",null],"character_chosen":"THE_SILENT","items_purchased":["Accuracy","Letter Opener","Adrenaline","Purity+1"],"campfire_rested":5,"item_purchase_floors":[2,19,37,37],"current_hp_per_floor":[70,70,59,59,59,59,59,59,59,70,67,64,64,62,62,22,70,70,70,70,70,70,59,70,58,58,58,64,64,64,64,64,47,70,64,70,70,49,49,70,57,70,70,50,50,57,70,68,70,22],"gold":234,"neow_bonus":"THREE_ENEMY_KILL","is_daily":false,"chose_seed":false,"campfire_upgraded":4,"win_rate":0.0,"timestamp":1609220245,"path_taken":["M","?","?","M","?","E","M","R","T","R","M","?","?","M","R","BOSS","M","$","?","M","?","E","R","M","T","?","M","R","M","?","R","BOSS","M","M","$","M","?","R","M","R","T","E","?","M","R","M","R","BOSS"],"items_purchased_type":["Card","Relic","Card","Card"],"build_version":"2020-12-22","purchased_purges":2,"victory":true,"max_hp_per_floor":[70,70,70,70,70,70,70,70,70,70,70,70,70,70,70,70,70,70,70,70,70,70,70,70,70,70,70,70,70,70,70,70,70,70,70,70,70,70,70,70,70,70,70,70,70,70,70,70,70,70],"card_choices":[{"not_picked":["Poisoned Stab","Deadly Poison"],"picked":"Blade Dance","floor":1},{"not_picked":["Flying Knee","Catalyst","Concentrate"],"picked":"SKIP","floor":4},{"not_picked":["Outmaneuver","Backflip","Dodge and Roll"],"picked":"SKIP","floor":6},{"not_picked":["Bouncing Flask","Well Laid Plans","Heel Hook"],"picked":"SKIP","floor":7},{"not_picked":["PiercingWail","Outmaneuver"],"picked":"Skewer","floor":11},{"not_picked":["Deadly Poison","Flying Knee"],"picked":"Dagger Throw","floor":12},{"not_picked":["Underhanded Strike","Heel Hook","Flying Knee"],"picked":"SKIP","floor":14},{"not_picked":["ReplayTheSpireMod:From All Sides","Doppelganger"],"picked":"After Image","floor":16},{"not_picked":["Dagger Spray","Expertise+1","Outmaneuver"],"picked":"SKIP","floor":18},{"not_picked":["Deadly Poison","ReplayTheSpireMod:Shiv Toss"],"picked":"Blade Dance","floor":21},{"not_picked":["Deflect","Sucker Punch+1","Grand Finale"],"picked":"SKIP","floor":23},{"not_picked":["Quick Slash+1","Slice"],"picked":"Choke+1","floor":25},{"not_picked":["Terror","Leg Sweep"],"picked":"Infinite Blades","floor":28},{"not_picked":["Terror","Eviscerate"],"picked":"Finisher","floor":30},{"not_picked":["Doppelganger","Corpse Explosion"],"picked":"A Thousand Cuts","floor":33},{"not_picked":["Outmaneuver+1","Quick Slash"],"picked":"Blade Dance","floor":35},{"not_picked":["Dagger Spray+1","Endless Agony+1"],"picked":"ReplayTheSpireMod:Shiv Toss+1","floor":36},{"not_picked":["Acrobatics","Masterful Stab"],"picked":"Hidden Blade+1","floor":38},{"not_picked":["Quick Slash+1","Eviscerate+1","Flechettes+1"],"picked":"SKIP","floor":41},{"not_picked":["Catalyst+1","Envenom","Poisoned Stab+1"],"picked":"SKIP","floor":44},{"not_picked":["Well Laid Plans","Flying Knee"],"picked":"Prepared+1","floor":46},{"not_picked":["Sucker Punch+1","Deadly Poison","Prepared+1"],"picked":"SKIP","floor":48}],"player_experience":498067,"relics_obtained":[{"floor":6,"key":"Anchor"},{"floor":9,"key":"Pen Nib"},{"floor":23,"key":"Boot"},{"floor":26,"key":"Grinning Jar"},{"floor":34,"key":"Blue Doll"},{"floor":34,"key":"Quantum Egg"},{"floor":34,"key":"Vampiric Spirits"},{"floor":43,"key":"Vajra"},{"floor":44,"key":"Pantograph"},{"floor":45,"key":"ReplayTheSpireMod:Ring of Exchange"}],"event_choices":[{"damage_healed":0,"gold_gain":75,"player_choice":"Gold","damage_taken":11,"max_hp_gain":0,"max_hp_loss":0,"event_name":"betterThird:BetterGoop","floor":3,"gold_loss":0},{"damage_healed":0,"gold_gain":175,"player_choice":"AGREE","damage_taken":123,"max_hp_gain":0,"max_hp_loss":0,"event_name":"betterThird:BetterSerpent","floor":5,"gold_loss":0},{"damage_healed":0,"gold_gain":0,"player_choice":"Inject Mutagens","damage_taken":0,"relics_obtained":["MutagenicStrength"],"max_hp_gain":0,"max_hp_loss":0,"event_name":"Drug Dealer","floor":20,"gold_loss":0},{"damage_healed":0,"gold_gain":0,"player_choice":"Ignored","damage_taken":0,"max_hp_gain":0,"max_hp_loss":0,"event_name":"Vampires","floor":22,"gold_loss":0},{"damage_healed":0,"gold_gain":0,"player_choice":"Obtained Relic","damage_taken":0,"relics_obtained":["Snack Pack"],"max_hp_gain":0,"max_hp_loss":0,"event_name":"Addict","floor":27,"gold_loss":85},{"damage_healed":0,"gold_gain":0,"player_choice":"Ignored","damage_taken":0,"max_hp_gain":0,"max_hp_loss":0,"event_name":"Ghosts","floor":31,"gold_loss":0},{"cards_removed":["Defend_G"],"damage_healed":0,"gold_gain":0,"player_choice":"Removed Skill","damage_taken":0,"max_hp_gain":0,"max_hp_loss":0,"event_name":"Falling","floor":39,"gold_loss":0}],"is_beta":false,"boss_relics":[{"not_picked":["ChewingGum","Snecko Eye"],"picked":"Sozu"},{"not_picked":["construct:ClawGrip","Fusion Hammer"],"picked":"Calling Bell"}],"items_purged_floors":[19,37],"is_endless":false,"potions_floor_spawned":[4,11,12,14,21,23,33,35,38,48],"ascension_level":0}}