{"host":"e1gibo0yuvs2h8od","time":1609206824,"event":{"mods":["2.2 Compatiblity","Abigail Mod","Act Like it!","BaseMod","Block Reminder","DeckTracker","Friendly Minions","KinomotoSakuraMod(????)","Marisa????????","Minty Spire (QoL Compilation)","Pale of the Ancients","Prisma Mod","Quick Restart","Reimu??????","Remove Card Discount Mod","StSLib","The Disciple","The Jungle","The Senshi","The Servant 0.9.4","TheFirefly","Wandering Minibosses"],"gold_per_floor":[111,131,151,169,180,180,180,18,18,28,48,13,13,23,23,128,128,141,8,25,25,23,50,50,76,126,142,162,162,177,177,177],"floor_reached":31,"playtime":2589,"items_purged":["Strike_G","Strike_G","Strike_G","Strike_G","Strike_G","Defend_G","Defend_G","Defend_G","Defend_G","Defend_G","Expertise","Decay"],"score":271,"play_id":"2b490328-a67d-4a92-94e0-bac81de6b81b","local_time":"20201229015344","is_ascension_mode":false,"campfire_choices":[{"floor":6,"key":"RECALL"},{"data":"Footwork","floor":15,"key":"SMITH"},{"data":"Deadly Poison","floor":24,"key":"SMITH"}],"circlet_count":0,"master_deck":["Survivor","Neutralize","Bane","Cloak And Dagger","Quick Slash","Backflip","Deadly Poison+1","Dramatic Entrance","Blade Dance","Footwork+1","Corpse Explosion","Dash","Blade Dance","Envenom","Deadly Poison","Noxious Fumes"],"relics":["Ring of the Snake","Coffee Dripper","White Beast Statue","CaptainsWheel","Bag of Preparation"],"acts_visited":["Exordium","TheCity"],"potions_floor_usage":[],"damage_taken":[{"damage":4,"enemies":"Jaw Worm","floor":1,"turns":6},{"damage":0,"enemies":"Small Slimes","floor":2,"turns":7},{"damage":4,"enemies":"2 Louse","floor":3,"turns":4},{"damage":2,"enemies":"Blue Slaver","floor":4,"turns":7},{"damage":9,"enemies":"Large Slime","floor":5,"turns":10},{"damage":1,"enemies":"Red Slaver","floor":10,"turns":2},{"damage":0,"enemies":"Blue Slaver","floor":11,"turns":3},{"damage":0,"enemies":"Looter","floor":14,"turns":3},{"damage":38,"enemies":"The Guardian","floor":16,"turns":11},{"damage":0,"enemies":"Chosen","floor":18,"turns":4},{"damage":0,"enemies":"Shell Parasite","floor":20,"turns":4},{"damage":30,"enemies":"Slavers","floor":23,"turns":5},{"damage":6,"enemies":"Book of Stabbing","floor":25,"turns":5},{"damage":2,"enemies":"Chosen and Byrds","floor":27,"turns":5},{"damage":3,"enemies":"Snake Plant","floor":28,"turns":4},{"damage":6,"enemies":"Sentry and Sphere","floor":30,"turns":5},{"damage":35,"enemies":"Slavers","floor":31,"turns":2}],"seed_played":"1706111346243719303","potions_obtained":[{"floor":3,"key":"Block Potion"},{"floor":4,"key":"BlessingOfTheForge"},{"floor":10,"key":"GamblersBrew"},{"floor":16,"key":"GrandPatriotsElixir:ReiMu"}],"is_trial":false,"path_per_floor":["M","M","M","M","M","R","?","$","T","M","M","$","?","M","R","B",null,"M","$","M","?","$","E","R","E","T","M","M","?","M","E"],"character_chosen":"THE_SILENT","items_purchased":["Deadly Poison","Dramatic Entrance","Footwork","Dash","Blade Dance"],"campfire_rested":0,"item_purchase_floors":[8,8,12,19,19],"current_hp_per_floor":[73,73,69,67,58,58,58,58,58,57,57,57,57,57,57,19,77,77,77,77,77,77,47,47,41,41,39,36,36,30,0,0],"gold":177,"neow_bonus":"TEN_PERCENT_HP_BONUS","is_daily":false,"chose_seed":false,"campfire_upgraded":2,"win_rate":0.0,"timestamp":1609206824,"path_taken":["M","M","M","M","M","R","?","$","T","M","M","$","?","M","R","BOSS","M","$","M","?","$","E","R","E","T","M","M","?","M","E"],"items_purchased_type":["Card","Card","Card","Card","Card"],"build_version":"2020-12-22","purchased_purges":12,"victory":false,"max_hp_per_floor":[77,77,77,77,77,77,77,77,77,77,77,77,77,77,77,77,77,77,77,77,77,77,77,77,77,77,77,77,77,77,77,77],"card_choices":[{"not_picked":["Prepared","PiercingWail"],"picked":"Bane","floor":1},{"not_picked":["Poisoned Stab","Sucker Punch"],"picked":"Expertise","floor":2},{"not_picked":["Setup","Sucker Punch"],"picked":"Cloak And Dagger","floor":3},{"not_picked":["Acrobatics","Riddle With Holes"],"picked":"Quick Slash","floor":4},{"not_picked":["Bullet Time","Finisher"],"picked":"Backflip","floor":5},{"not_picked":["Distraction","Outmaneuver","Leg Sweep"],"picked":"SKIP","floor":10},{"not_picked":["Flechettes","Distraction"],"picked":"Blade Dance","floor":11},{"not_picked":["Dagger Spray","Bullet Time","Finisher"],"picked":"SKIP","floor":14},{"not_picked":["Phantasmal Killer","Tools of the Trade"],"picked":"Corpse Explosion","floor":16},{"not_picked":["Quick Slash","Flechettes","Crippling Poison"],"picked":"SKIP","floor":18},{"not_picked":["Acrobatics+1","Skewer","Blade Dance"],"picked":"SKIP","floor":20},{"not_picked":["Masterful Stab","Flechettes+1","Prepared+1"],"picked":"SKIP","floor":23},{"not_picked":["Infinite Blades+1","PiercingWail"],"picked":"Envenom","floor":25},{"not_picked":["Underhanded Strike","Sucker Punch","Predator+1"],"picked":"SKIP","floor":27},{"not_picked":["Poisoned Stab+1","Underhanded Strike"],"picked":"Deadly Poison","floor":28},{"not_picked":["Dagger Throw","Underhanded Strike","Slice"],"picked":"SKIP","floor":30}],"player_experience":927542,"relics_obtained":[{"floor":23,"key":"White Beast Statue"},{"floor":25,"key":"CaptainsWheel"},{"floor":26,"key":"Bag of Preparation"}],"event_choices":[{"damage_healed":0,"gold_gain":0,"player_choice":"Leave","damage_taken":0,"max_hp_gain":0,"max_hp_loss":0,"event_name":"The Cleric","floor":7,"gold_loss":0},{"damage_healed":0,"gold_gain":0,"player_choice":"Fled","damage_taken":0,"max_hp_gain":0,"max_hp_loss":0,"event_name":"Scrap Ooze","floor":13,"gold_loss":0},{"damage_healed":0,"gold_gain":0,"player_choice":"Smashed Altar","damage_taken":0,"max_hp_gain":0,"max_hp_loss":0,"event_name":"Forgotten Altar","floor":21,"gold_loss":0,"cards_obtained":["Decay"]},{"damage_healed":0,"gold_gain":0,"player_choice":"Read","damage_taken":0,"max_hp_gain":0,"max_hp_loss":0,"event_name":"The Library","floor":29,"gold_loss":0,"cards_obtained":["Noxious Fumes"]}],"is_beta":false,"boss_relics":[{"not_picked":["Pandora\u0027s Box","Snecko Eye"],"picked":"Coffee Dripper"}],"items_purged_floors":[8,8,8,8,8,8,8,8,8,8,19,22],"is_endless":false,"potions_floor_spawned":[3,4,10,16,23,25,27,28,30],"killed_by":"Slavers","ascension_level":0}}