{"host":"ohysexhjt9sgbosk","time":1609275379,"event":{"mods":["BaseMod","Colored Map","Colored Powertips","Curses Come First","Minty Spire (QoL Compilation)","Rare Cards Sparkle","StSLib"],"gold_per_floor":[113,133,133,133,133,158,187,187,187,187,37,2,27,52,52,172,172,195,195,195,195,195,195,195],"floor_reached":23,"playtime":1977,"items_purged":[],"score":185,"play_id":"ce70a6cb-3083-4ff7-b1aa-2fff743f0fd1","local_time":"20201229135619","is_ascension_mode":false,"campfire_choices":[{"floor":8,"key":"REST"},{"data":"Armaments","floor":15,"key":"SMITH"}],"circlet_count":0,"master_deck":["Strike_R","Strike_R","Defend_R","Defend_R","Defend_R","Defend_R+1","Bash","Pommel Strike","Infernal Blade","Barricade","Iron Wave","Shrug It Off","Armaments+1","Juggernaut","CurseOfTheBell","Seeing Red+1","Flame Barrier+1","Flex+1"],"relics":["Burning Blood","Darkstone Periapt","Anchor","Odd Mushroom","Bottled Flame","Bloody Idol","Toolbox","Calling Bell","Oddly Smooth Stone","Toxic Egg 2","Magic Flower"],"acts_visited":["Exordium","TheCity"],"potions_floor_usage":[6,16,16,18],"damage_taken":[{"damage":10,"enemies":"2 Louse","floor":1,"turns":3},{"damage":2,"enemies":"Small Slimes","floor":2,"turns":4},{"damage":37,"enemies":"3 Sentries","floor":6,"turns":9},{"damage":17,"enemies":"The Mushroom Lair","floor":7,"turns":6},{"damage":0,"enemies":"Cultist","floor":13,"turns":2},{"damage":4,"enemies":"2 Fungi Beasts","floor":14,"turns":3},{"damage":10,"enemies":"The Guardian","floor":16,"turns":13},{"damage":24,"enemies":"3 Byrds","floor":18,"turns":5},{"damage":86,"enemies":"Gremlin Leader","floor":23,"turns":7}],"seed_played":"-4434790905834568069","potions_obtained":[{"floor":2,"key":"Regen Potion"},{"floor":6,"key":"Swift Potion"},{"floor":7,"key":"ColorlessPotion"},{"floor":16,"key":"HeartOfIron"},{"floor":18,"key":"CultistPotion"}],"is_trial":false,"path_per_floor":["M","M","?","?","?","E","?","R","T","?","$","?","M","M","R","B",null,"M","?","?","?","?","E"],"character_chosen":"IRONCLAD","items_purchased":["Toolbox"],"campfire_rested":1,"item_purchase_floors":[11],"current_hp_per_floor":[76,80,85,78,66,50,39,64,64,43,43,64,70,72,72,68,91,76,76,76,76,76,0,0],"gold":195,"neow_bonus":"UPGRADE_CARD","is_daily":false,"chose_seed":false,"campfire_upgraded":1,"win_rate":0.0,"timestamp":1609275379,"path_taken":["M","M","?","?","?","E","?","R","T","?","$","?","M","M","R","BOSS","M","?","?","?","?","E"],"items_purchased_type":["Relic"],"build_version":"2020-12-22","purchased_purges":0,"victory":false,"max_hp_per_floor":[80,80,85,85,85,85,85,85,85,85,85,85,85,85,85,85,91,91,91,91,91,91,91,91],"card_choices":[{"not_picked":["Perfected Strike","Warcry"],"picked":"Pommel Strike","floor":1},{"not_picked":["Flex","Headbutt"],"picked":"Infernal Blade","floor":2},{"not_picked":["Thunderclap","Infernal Blade"],"picked":"Barricade","floor":6},{"not_picked":["Clothesline","Anger"],"picked":"Iron Wave","floor":7},{"not_picked":["Feel No Pain","Headbutt"],"picked":"Shrug It Off","floor":13},{"not_picked":["Iron Wave","Body Slam"],"picked":"Armaments","floor":14},{"not_picked":["Demon Form","Barricade"],"picked":"Juggernaut","floor":16},{"not_picked":["Iron Wave","Clash"],"picked":"Seeing Red+1","floor":18}],"player_experience":18808,"relics_obtained":[{"floor":6,"key":"Anchor"},{"floor":7,"key":"Odd Mushroom"},{"floor":9,"key":"Bottled Flame"},{"floor":17,"key":"Oddly Smooth Stone"},{"floor":17,"key":"Toxic Egg 2"},{"floor":17,"key":"Magic Flower"}],"event_choices":[{"damage_healed":0,"gold_gain":0,"player_choice":"Donut","damage_taken":0,"max_hp_gain":5,"max_hp_loss":0,"event_name":"Big Fish","floor":3,"gold_loss":0},{"cards_removed":["Strike_R"],"damage_healed":0,"gold_gain":0,"player_choice":"Card Removal","damage_taken":7,"max_hp_gain":0,"max_hp_loss":0,"event_name":"Golden Wing","floor":4,"gold_loss":0},{"damage_healed":0,"gold_gain":0,"player_choice":"Success","damage_taken":12,"relics_obtained":["Darkstone Periapt"],"max_hp_gain":0,"max_hp_loss":0,"event_name":"Scrap Ooze","floor":5,"gold_loss":0},{"damage_healed":0,"gold_gain":0,"player_choice":"Fought Mushrooms","damage_taken":0,"max_hp_gain":0,"max_hp_loss":0,"event_name":"Mushrooms","floor":7,"gold_loss":0},{"damage_healed":0,"gold_gain":0,"player_choice":"Take Damage","damage_taken":21,"relics_obtained":["Golden Idol"],"max_hp_gain":0,"max_hp_loss":0,"event_name":"Golden Idol","floor":10,"gold_loss":0},{"damage_healed":21,"gold_gain":0,"player_choice":"Healed","damage_taken":0,"max_hp_gain":0,"max_hp_loss":0,"event_name":"The Cleric","floor":12,"gold_loss":35},{"damage_healed":0,"gold_gain":0,"player_choice":"Read","damage_taken":0,"max_hp_gain":0,"max_hp_loss":0,"event_name":"The Library","floor":19,"gold_loss":0,"cards_obtained":["Flame Barrier"]},{"damage_healed":0,"gold_gain":0,"player_choice":"Gave Idol","damage_taken":0,"relics_obtained":["Bloody Idol"],"max_hp_gain":0,"max_hp_loss":0,"event_name":"Forgotten Altar","floor":20,"relics_lost":["Golden Idol"],"gold_loss":0},{"cards_removed":["Strike_R"],"damage_healed":0,"gold_gain":0,"player_choice":"Elegance","damage_taken":0,"max_hp_gain":0,"max_hp_loss":0,"event_name":"Back to Basics","floor":21,"gold_loss":0},{"damage_healed":0,"gold_gain":0,"cards_transformed":["Strike_R"],"player_choice":"Transformed","damage_taken":0,"max_hp_gain":0,"max_hp_loss":0,"event_name":"Transmorgrifier","floor":22,"gold_loss":0,"cards_obtained":["Flex"]}],"is_beta":false,"boss_relics":[{"not_picked":["Velvet Choker","Snecko Eye"],"picked":"Calling Bell"}],"items_purged_floors":[],"is_endless":false,"potions_floor_spawned":[2,6,7,16,18],"killed_by":"Gremlin Leader","ascension_level":0}}