{"host":"28bpuzdckreop5i0","time":1609207807,"event":{"mods":["Act Like it!","Aspiration","BaseMod","Beaked The Cultist","Best Route Mod","BetterRewards","Challenge The Spire","Conspire","Defuse TimeMaze Blight","Downfall","Energized Spire","GifTheSpireLib","Googly Eyes","Hubris","Infinite Spire","Lobotomy","Mimic Mod","Minty Spire (QoL Compilation)","Relic Stats","Shop Mod","Spicy Shops","StSLib","Stuff the Spire","The Awakened One except there are too many feathers","The Construct","The Cursed","The Disciple","The Hierophant","The IronCluck","The Jungle","Thieving Mod","Transform Curses","Wandering Minibosses","slay the spire mod where everything is the same but ironclad has a cowboy hat"],"gold_per_floor":[115,135,135,14,29,29,46,46,128,200,225,255,81,94,94,194,194,210,210,230,77,88,88,106,118,118,118,118,118,138,155,155,250,250,260,135,152,167,167,167,167,167],"floor_reached":41,"playtime":2079,"items_purged":["beaked:Ceremony","beaked:Strike_Y","beaked:MaddeningMurmurs+1","beaked:Strike_Y"],"score":385,"play_id":"ac137d54-b4d1-4e76-818c-d49191c2f8c0","local_time":"20201228201007","is_ascension_mode":false,"campfire_choices":[{"data":"beaked:MaddeningMurmurs","floor":6,"key":"SMITH"},{"data":"beaked:StickSmack","floor":8,"key":"SMITH"},{"data":"beaked:Windmill","floor":15,"key":"SMITH"},{"floor":23,"key":"REST"},{"floor":32,"key":"REST"},{"data":"beaked:AwakenedForm","floor":40,"key":"SMITH"}],"circlet_count":0,"master_deck":["beaked:Strike_Y","beaked:Strike_Y","beaked:Strike_Y","beaked:Strike_Y","beaked:Defend_Y","beaked:Defend_Y","beaked:Defend_Y","beaked:Defend_Y","beaked:Ceremony","beaked:Daydream","beaked:BraceForImpact","beaked:StickSmack+1","beaked:Insight","beaked:Windmill+1","beaked:Windmill","beaked:Windmill","beaked:AwakenedForm+1","beaked:StickSmack","Decay"],"relics":["beaked:MendingPlumage","aspiration:Nostalgia","infinitespire:DarkRift","Tiny Chest","conspire:Dentures","StuffTheSpire:CocoNut","Regal Pillow","hexamod:BolsterEngine","aspiration:FutureDiary","beaked:RitualPlumage","StuffTheSpire:SapphireSignet","StuffTheSpire:Nightcore","hubris:ScarierMask"],"acts_visited":["Exordium","TheCity","TheBeyond"],"potions_floor_usage":[16,22,37,37],"damage_taken":[{"damage":10,"enemies":"Jaw Worm","floor":1,"turns":5},{"damage":8,"enemies":"Cultist","floor":2,"turns":5},{"damage":18,"enemies":"Small Slimes","floor":5,"turns":5},{"damage":9,"enemies":"Looter","floor":7,"turns":3},{"damage":3,"enemies":"Red Slaver","floor":14,"turns":3},{"damage":56,"enemies":"The Guardian","floor":16,"turns":8},{"damage":43,"enemies":"Chosen","floor":18,"turns":6},{"damage":16,"enemies":"Shell Parasite","floor":20,"turns":4},{"damage":35,"enemies":"Chosen and Byrds","floor":22,"turns":5},{"damage":35,"enemies":"Snake Plant","floor":24,"turns":4},{"damage":15,"enemies":"Centurion and Healer","floor":25,"turns":6},{"damage":21,"enemies":"Sentry and Sphere","floor":30,"turns":4},{"damage":52,"enemies":"Shelled Parasite and Fungi","floor":31,"turns":6},{"damage":52,"enemies":"Champ","floor":33,"turns":8},{"damage":0,"enemies":"Orb Walker","floor":35,"turns":3},{"damage":21,"enemies":"3 Shapes","floor":37,"turns":5},{"damage":24,"enemies":"Writhing Mass","floor":38,"turns":4},{"damage":111,"enemies":"beaked:SuperParasite","floor":41,"turns":7}],"seed_played":"-3276290813118748731","potions_obtained":[{"floor":1,"key":"FearPotion"},{"floor":7,"key":"Strength Potion"},{"floor":14,"key":"Weak Potion"},{"floor":20,"key":"PowerPotion"},{"floor":22,"key":"BlessingOfTheForge"},{"floor":38,"key":"BlessingOfTheForge"}],"is_trial":false,"path_per_floor":["M","M","?","$","M","R","M","R","T","T","T","?","$","M","R","B",null,"M","?","M","$","M","R","M","M","T","AVR","T","?","M","M","R","B",null,"M","$","M","M","?","R","E"],"character_chosen":"BEAKED_THE_CULTIST","items_purchased":["beaked:BraceForImpact","beaked:Insight","beaked:Windmill","beaked:RitualPlumage"],"campfire_rested":2,"item_purchase_floors":[4,13,13,21],"current_hp_per_floor":[49,48,48,48,46,46,44,44,44,51,51,51,51,57,57,35,57,44,44,50,50,33,57,29,53,53,53,53,53,44,28,57,49,57,57,57,57,57,57,57,0,0],"gold":167,"neow_bonus":"NOSTALGIA","is_daily":false,"chose_seed":false,"campfire_upgraded":4,"win_rate":0.0,"timestamp":1609207807,"path_taken":["M","M","?","?","?","R","M","R","T","?","?","?","$","M","R","BOSS","M","?","M","$","?","R","M","M","T","AVR","?","?","?","M","R","BOSS","M","$","M","M","?","R","E"],"items_purchased_type":["Card","Card","Card","Relic"],"build_version":"2020-12-22","purchased_purges":4,"victory":false,"max_hp_per_floor":[50,50,50,50,50,50,50,50,50,57,57,57,57,57,57,57,57,57,57,57,57,57,57,57,57,57,57,57,57,57,57,57,57,57,57,57,57,57,57,57,57,57],"relic_stats":{"Regal Pillow":19,"counters":[18,91],"Tiny Chest":2,"obtain_stats":[{"conspire:Dentures":9,"Regal Pillow":11,"aspiration:Nostalgia":0,"beaked:RitualPlumage":21,"StuffTheSpire:SapphireSignet":26,"infinitespire:DarkRift":0,"hubris:ScarierMask":34,"Tiny Chest":3,"StuffTheSpire:CocoNut":10,"StuffTheSpire:Nightcore":28,"beaked:MendingPlumage":0,"hexamod:BolsterEngine":12,"aspiration:FutureDiary":17},{"conspire:Dentures":4,"Regal Pillow":4,"aspiration:Nostalgia":0,"beaked:RitualPlumage":8,"StuffTheSpire:SapphireSignet":11,"infinitespire:DarkRift":0,"hubris:ScarierMask":14,"Tiny Chest":2,"StuffTheSpire:CocoNut":4,"StuffTheSpire:Nightcore":11,"beaked:MendingPlumage":0,"hexamod:BolsterEngine":4,"aspiration:FutureDiary":6},{"conspire:Dentures":18,"Regal Pillow":18,"aspiration:Nostalgia":0,"beaked:RitualPlumage":39,"StuffTheSpire:SapphireSignet":54,"infinitespire:DarkRift":0,"hubris:ScarierMask":72,"Tiny Chest":10,"StuffTheSpire:CocoNut":18,"StuffTheSpire:Nightcore":54,"beaked:MendingPlumage":0,"hexamod:BolsterEngine":18,"aspiration:FutureDiary":29}]},"card_choices":[{"not_picked":["beaked:MimicMachine","beaked:FeelMyPain"],"picked":"beaked:MaddeningMurmurs","floor":1},{"not_picked":["beaked:TuckingFeathers","beaked:Tradeoff"],"picked":"beaked:Daydream","floor":2},{"not_picked":["beaked:RuinSticks","beaked:Negation","beaked:VigorBurst"],"picked":"SKIP","floor":5},{"not_picked":["beaked:DigDeep","beaked:Molting"],"picked":"beaked:StickSmack","floor":7},{"not_picked":["beaked:Tradeoff","beaked:Molting","beaked:Overpower"],"picked":"SKIP","floor":14},{"not_picked":["beaked:Poke","beaked:BloodForTheGods"],"picked":"beaked:Windmill","floor":18},{"not_picked":["beaked:BarbedWire","beaked:Daydream+1"],"picked":"beaked:Windmill","floor":20},{"not_picked":["beaked:CrazyRituals","beaked:Resilience+1","beaked:HuntressEssence"],"picked":"SKIP","floor":22},{"not_picked":["beaked:StunningBlow","beaked:Tweet","beaked:Resilience"],"picked":"SKIP","floor":24},{"not_picked":["beaked:Recite","beaked:DigDeeper+1","beaked:Windmill"],"picked":"SKIP","floor":25},{"not_picked":["beaked:Tradeoff","beaked:Flinch","beaked:DigDeep"],"picked":"SKIP","floor":30},{"not_picked":["beaked:Flinch+1","beaked:MimicWarrior","beaked:Tweet"],"picked":"SKIP","floor":31},{"not_picked":["beaked:ShadowFade","beaked:ScreechingChant"],"picked":"beaked:AwakenedForm","floor":33},{"not_picked":["beaked:Windmill","beaked:Foresight"],"picked":"beaked:StickSmack","floor":35},{"not_picked":["beaked:FeelMyPain","beaked:Tweet+1","beaked:Evade"],"picked":"SKIP","floor":37},{"not_picked":["beaked:Insight+1","beaked:Foresight","beaked:BarbedWire+1"],"picked":"SKIP","floor":38}],"player_experience":912568,"relics_obtained":[{"floor":3,"key":"Tiny Chest"},{"floor":9,"key":"conspire:Dentures"},{"floor":10,"key":"StuffTheSpire:CocoNut"},{"floor":11,"key":"Regal Pillow"},{"floor":26,"key":"StuffTheSpire:SapphireSignet"},{"floor":28,"key":"StuffTheSpire:Nightcore"}],"event_choices":[{"damage_healed":0,"gold_gain":0,"player_choice":"Relic","damage_taken":0,"max_hp_gain":0,"max_hp_loss":0,"event_name":"Wheel of Change","floor":3,"gold_loss":0},{"damage_healed":0,"gold_gain":30,"player_choice":"Searched \u00273\u0027 times","damage_taken":0,"relics_obtained":["hexamod:BolsterEngine"],"max_hp_gain":0,"max_hp_loss":0,"event_name":"Dead Adventurer","floor":12,"gold_loss":0},{"cards_removed":["beaked:Ceremony"],"damage_healed":0,"gold_gain":0,"player_choice":"Purged","damage_taken":0,"max_hp_gain":0,"max_hp_loss":0,"event_name":"Purifier","floor":19,"gold_loss":0},{"damage_healed":0,"gold_gain":0,"player_choice":"Ignored","damage_taken":0,"max_hp_gain":0,"max_hp_loss":0,"event_name":"The Mausoleum","floor":29,"gold_loss":0},{"damage_healed":0,"gold_gain":0,"player_choice":"Cursed","damage_taken":0,"max_hp_gain":0,"max_hp_loss":0,"event_name":"Wheel of Change","floor":39,"gold_loss":0,"cards_obtained":["Decay"]}],"is_beta":false,"boss_relics":[{"not_picked":["conspire:RoyalGoblet","Sozu"],"picked":"aspiration:FutureDiary"},{"not_picked":["conspire:RunicOctahedron","Cursed Key"],"picked":"hubris:ScarierMask"}],"items_purged_floors":[4,13,27,36],"is_endless":false,"potions_floor_spawned":[1,7,14,20,22,24,30,38],"killed_by":"beaked:SuperParasite","ascension_level":0}}