{"host":"4tnjxquzd1sn7hrw","time":1609227746,"event":{"mods":["BaseMod","Colored Map","Downfall","Hubris","Minty Spire (QoL Compilation)","Quick Restart","StSLib"],"gold_per_floor":[99,118,132,147,147,178,178,0,33,54,54,94,109,135,155,271,271,196,217,244,253,268,317,326,371,395,245,275,308,338,378,403,511,511,511,541,568,632,656,656,665,665,595,425,449,152,190,205,238,238,238,282,22,22,22],"floor_reached":56,"playtime":3860,"items_purged":["champ:Strike","Writhe","hubris:Compulsion","Doubt","hubris:Greed"],"score":1878,"play_id":"62bccc6a-5566-4539-857e-11dc2d627083","local_time":"20201229164226","is_ascension_mode":true,"campfire_choices":[{"data":"champ:Taunt","floor":1,"key":"SMITH"},{"data":"champ:GladiatorStyle","floor":11,"key":"SMITH"},{"floor":18,"key":"RECALL"},{"data":"champ:ShieldSigil","floor":27,"key":"SMITH"},{"data":"champ:SwordSigil","floor":35,"key":"SMITH"},{"data":"champ:GladiatorStyle","floor":54,"key":"SMITH"}],"circlet_count":0,"master_deck":["champ:Strike+1","champ:Strike","champ:Strike","champ:Defend","champ:Defend","champ:Defend","champ:Defend","champ:Execute+1","champ:Taunt+1","champ:Haymaker","champ:RecklessLeap+1","champ:DeathBlow","champ:GladiatorStyle+1","champ:GladiatorsShout","champ:ShieldSigil+1","champ:RageSigil","champ:VampiricStrike","champ:GladiatorStyle+1","champ:BladeFlurry+1","champ:GladiatorStyle+1","champ:GladiatorsShout","champ:GladiatorsShout","champ:SwordSigil+1","champ:RageSigil","champ:GladiatorsShout","champ:Lariat+1","champ:ShieldSigil+1","champ:FocusedGladiator","champ:RecklessLeap+1","champ:CrownThrow","champ:SteelEdge","champ:GladiatorStyle+1","champ:GladiatorsShout+1","champ:GladiatorStyle"],"relics":["Cursed Key","The Courier","Meat on the Bone","Membership Card","Whetstone","CeramicFish","Sozu","downfall:HeartBlessingGreen","Letter Opener","Oddly Smooth Stone","Smiling Mask","downfall:HeartBlessingRed","downfall:HeartBlessingBlue","Ornamental Fan","hubris:Reverence","hubris:Backtick","Bottled Lightning","Lizard Tail","Orichalcum","hubris:Icosahedron","HandDrill","hubris:DeckOfHolding","Toxic Egg 2","Bag of Marbles","Strawberry","Anchor","Unceasing Top","Boot","Torii","Bronze Scales","Nunchaku","Medical Kit","hubris:TenFootPole"],"acts_visited":["TheCity","TheBeyond","TheEnding"],"potions_floor_usage":[9,55,55],"damage_taken":[{"damage":5,"enemies":"Jaw Worm","floor":2,"turns":4},{"damage":0,"enemies":"Cultist","floor":3,"turns":3},{"damage":15,"enemies":"Small Slimes","floor":4,"turns":2},{"damage":53,"enemies":"Lagavulin","floor":6,"turns":5},{"damage":35,"enemies":"downfall:FleeingMerchant","floor":8,"turns":4},{"damage":45,"enemies":"3 Sentries","floor":9,"turns":3},{"damage":23,"enemies":"2 Fungi Beasts","floor":10,"turns":2},{"damage":20,"enemies":"Gremlin Nob","floor":12,"turns":2},{"damage":38,"enemies":"Large Slime","floor":13,"turns":3},{"damage":3,"enemies":"Blue Slaver","floor":14,"turns":2},{"damage":20,"enemies":"Lots of Slimes","floor":15,"turns":1},{"damage":54,"enemies":"downfall:Watcher","floor":16,"turns":5},{"damage":56,"enemies":"Shell Parasite","floor":19,"turns":4},{"damage":54,"enemies":"Snake Plant","floor":20,"turns":3},{"damage":42,"enemies":"Cultist and Chosen","floor":22,"turns":4},{"damage":51,"enemies":"Gremlin Leader","floor":23,"turns":4},{"damage":41,"enemies":"Slavers","floor":25,"turns":5},{"damage":1,"enemies":"Chosen and Byrds","floor":26,"turns":3},{"damage":43,"enemies":"Gremlin Leader","floor":28,"turns":3},{"damage":0,"enemies":"Snecko","floor":29,"turns":2},{"damage":52,"enemies":"3 Cultists","floor":30,"turns":4},{"damage":42,"enemies":"Book of Stabbing","floor":31,"turns":3},{"damage":41,"enemies":"Chosen and Byrds","floor":32,"turns":3},{"damage":33,"enemies":"downfall:Defect","floor":33,"turns":3},{"damage":31,"enemies":"3 Shapes","floor":36,"turns":3},{"damage":10,"enemies":"Orb Walker","floor":37,"turns":2},{"damage":51,"enemies":"2 Orb Walkers","floor":38,"turns":3},{"damage":44,"enemies":"Writhing Mass","floor":39,"turns":3},{"damage":30,"enemies":"downfall:FleeingMerchant","floor":43,"turns":3},{"damage":20,"enemies":"Spire Growth","floor":45,"turns":2},{"damage":50,"enemies":"Giant Head","floor":47,"turns":4},{"damage":41,"enemies":"3 Darklings","floor":48,"turns":2},{"damage":68,"enemies":"Maw","floor":49,"turns":3},{"damage":31,"enemies":"downfall:Ironclad","floor":50,"turns":3},{"damage":20,"enemies":"downfall:CharBossMerchant","floor":52,"turns":3},{"damage":67,"enemies":"downfall:NeowBoss","floor":55,"turns":14}],"seed_played":"-4252013056178716115","potions_obtained":[{"floor":2,"key":"sneckomod:MuddlingPotion"},{"floor":3,"key":"Weak Potion"},{"floor":9,"key":"SteroidPotion"},{"floor":10,"key":"Ancient Potion"}],"is_trial":false,"path_per_floor":["R","M","M","M","?","E","T","$","E","M","R","E","M","M","M","B",null,"R","M","M","T","M","E","T","E","M","R","E","M","M","E","M","B",null,"R","M","M","?","M","?","T","?","$","$","M","$","E","M","M","B",null,"E","$","R","B",null],"character_chosen":"THE_CHAMP","items_purchased":["Membership Card","HandDrill","hubris:DeckOfHolding","Toxic Egg 2","champ:CrownThrow","champ:SteelEdge","Bag of Marbles","Strawberry","Anchor","Unceasing Top","Boot","Nunchaku","champ:GladiatorStyle","Medical Kit","hubris:TenFootPole"],"campfire_rested":0,"item_purchase_floors":[8,43,43,43,43,43,44,44,46,46,46,53,53,53,53],"current_hp_per_floor":[90,90,90,90,90,77,77,84,86,83,83,83,77,74,74,62,90,90,76,74,74,90,90,90,69,68,78,67,97,100,78,91,100,100,100,89,89,100,100,100,100,100,100,107,107,107,107,106,107,107,107,107,107,107,102],"gold":22,"neow_bonus":"BOSS_RELIC","is_daily":false,"chose_seed":false,"campfire_upgraded":5,"win_rate":0.0,"timestamp":1609227746,"path_taken":["R","M","M","M","?","E","T","$","E","M","R","E","M","M","M","BOSS","R","M","M","?","M","E","T","E","?","R","E","M","M","E","M","BOSS","R","M","M","?","M","?","T","?","?","$","M","$","E","M","M","BOSS","E","$","R","BOSS"],"items_purchased_type":["Relic","Relic","Relic","Relic","Card","Card","Relic","Relic","Relic","Relic","Relic","Relic","Card","Relic","Relic"],"build_version":"2020-12-22","purchased_purges":5,"victory":true,"max_hp_per_floor":[90,90,90,90,90,90,90,90,90,90,90,90,90,90,90,90,90,90,90,90,90,90,90,90,90,90,100,100,100,100,100,100,100,100,100,100,100,100,100,100,100,100,100,107,107,107,107,107,107,107,107,107,107,107,107],"card_choices":[{"not_picked":["champ:FalseCounter","champ:EnGarde"],"picked":"champ:Haymaker","floor":2},{"not_picked":["champ:GladiatorsShout","champ:DeathBlow"],"picked":"champ:RecklessLeap","floor":3},{"not_picked":["champ:FocusedBerserking","champ:FanOfKnives"],"picked":"champ:DeathBlow","floor":4},{"not_picked":["champ:StanceDance","champ:FocusedGladiator"],"picked":"champ:GladiatorStyle","floor":6},{"not_picked":["champ:IgnorePain","champ:AdrenalArmor"],"picked":"champ:GladiatorsShout","floor":8},{"not_picked":["champ:FalseCounter","champ:DefensiveShout","champ:BerserkerStyle"],"picked":"SKIP","floor":9},{"not_picked":["champ:DefensiveStyle","champ:DeathBlow","champ:DefensiveShout"],"picked":"SKIP","floor":10},{"not_picked":["champ:DefensiveShout","champ:HeartStrike"],"picked":"champ:ShieldSigil","floor":12},{"not_picked":["champ:ViciousMockery","champ:BringItOn","champ:TornadoPunch"],"picked":"SKIP","floor":13},{"not_picked":["champ:StanceDance","champ:BerserkersShout"],"picked":"champ:RageSigil","floor":14},{"not_picked":["champ:DefensiveStyle","champ:Duel","champ:IronFortress"],"picked":"SKIP","floor":15},{"not_picked":["champ:DancingMaster","champ:CheapShot"],"picked":"champ:VampiricStrike","floor":16},{"not_picked":["champ:AdrenalArmor","champ:Aggression+1","champ:PerfectedStrike+1"],"picked":"SKIP","floor":19},{"not_picked":["champ:CrookedStrike","champ:DeathBlow"],"picked":"champ:GladiatorStyle+1","floor":20},{"not_picked":["champ:DefensiveShout+1","champ:FanOfKnives","champ:GutPunch+1"],"picked":"SKIP","floor":22},{"not_picked":["champ:Haymaker+1","champ:FanOfKnives"],"picked":"champ:BladeFlurry+1","floor":23},{"not_picked":["champ:FalseCounter","champ:CalledShot+1"],"picked":"champ:GladiatorStyle+1","floor":25},{"not_picked":["champ:EnGarde","champ:TornadoPunch"],"picked":"champ:GladiatorsShout","floor":26},{"not_picked":["champ:CheapShot","champ:DefensiveShout+1","champ:GutPunch+1"],"picked":"SKIP","floor":28},{"not_picked":["champ:GutPunch","champ:Haymaker+1"],"picked":"champ:GladiatorsShout","floor":29},{"not_picked":["champ:EndlessRage+1","champ:PreciseThrust"],"picked":"champ:SwordSigil","floor":30},{"not_picked":["champ:HoldFirm","champ:BerserkersShout"],"picked":"champ:RageSigil","floor":31},{"not_picked":["champ:GutPunch","champ:Haymaker+1"],"picked":"champ:GladiatorsShout","floor":32},{"not_picked":["champ:Backstep","champ:BringItOn"],"picked":"champ:Lariat+1","floor":36},{"not_picked":["champ:FanOfKnives","champ:Lariat"],"picked":"champ:ShieldSigil+1","floor":37},{"not_picked":["champ:PreciseThrust+1","champ:FanOfKnives"],"picked":"champ:FocusedGladiator","floor":38},{"not_picked":["champ:Aggression+1","champ:StanceDance+1"],"picked":"champ:RecklessLeap+1","floor":39},{"not_picked":["champ:FlashCut","champ:Aggression","champ:DefensiveStyle+1"],"picked":"SKIP","floor":43},{"not_picked":["champ:Devastate","champ:Shatter","champ:DefensiveShout+1"],"picked":"SKIP","floor":45},{"not_picked":["champ:FocusedDefense+1","champ:VampiricStrike","champ:DeathBlow"],"picked":"SKIP","floor":47},{"not_picked":["champ:FlashCut","champ:GladiatorsShout+1","champ:SkillfulDodge+1"],"picked":"SKIP","floor":48},{"not_picked":["champ:RisingSlash","champ:Encircle"],"picked":"champ:GladiatorStyle","floor":49},{"not_picked":["champ:BerserkersShout+1","champ:TornadoPunch+1"],"picked":"champ:GladiatorsShout+1","floor":52}],"player_experience":520446,"relics_obtained":[{"floor":6,"key":"The Courier"},{"floor":7,"key":"Meat on the Bone"},{"floor":9,"key":"Whetstone"},{"floor":12,"key":"CeramicFish"},{"floor":21,"key":"Letter Opener"},{"floor":23,"key":"Oddly Smooth Stone"},{"floor":25,"key":"Smiling Mask"},{"floor":28,"key":"Ornamental Fan"},{"floor":31,"key":"hubris:Reverence"},{"floor":38,"key":"Lizard Tail"},{"floor":41,"key":"Orichalcum"},{"floor":47,"key":"Torii"},{"floor":52,"key":"Bronze Scales"}],"event_choices":[{"damage_healed":0,"gold_gain":0,"player_choice":"Forge","damage_taken":0,"max_hp_gain":0,"max_hp_loss":0,"event_name":"Accursed Blacksmith","floor":5,"gold_loss":0,"cards_upgraded":["champ:RecklessLeap"]},{"damage_healed":0,"gold_gain":0,"player_choice":"Fight","damage_taken":0,"max_hp_gain":0,"max_hp_loss":0,"event_name":"Mysterious Sphere","floor":38,"gold_loss":0}],"is_beta":false,"boss_relics":[{"not_picked":["SacredBark","hubris:Stopwatch"],"picked":"Sozu"},{"not_picked":["hubris:VirtuousBlindfold","hubris:CrackedHourglass"],"picked":"hubris:Backtick"}],"items_purged_floors":[8,43,44,46,53],"is_endless":false,"potions_floor_spawned":[2,3,9,10,13,20,23,25,26,28,33,36,37,38,49],"ascension_level":3}}