{"host":"0tg1gncob7yth7j0","time":1609259178,"event":{"mods":["BaseMod","Best Route Mod","Block Reminder","Disable Question Mark Monsters","Gold Saver","Minty Spire (QoL Compilation)","SacredBarkPlus","StSLib","Transform Curses"],"gold_per_floor":[1050,1050,964,983,995,995,1008,1008,1061,1061,1074,562,573,573,573,652,702,718,733,425,425,9,9,36,36,108,148,148,148,233,268,268,268,268],"floor_reached":33,"playtime":1870,"items_purged":[],"score":522,"play_id":"60e7488a-6e0c-43b5-8385-f81e4153036d","local_time":"20201229112618","is_ascension_mode":true,"campfire_choices":[{"data":"Vigilance","floor":6,"key":"SMITH"},{"data":"Crescendo","floor":8,"key":"SMITH"},{"data":"Apotheosis","floor":15,"key":"SMITH"},{"data":"ClearTheMind","floor":23,"key":"SMITH"},{"floor":29,"key":"REST"},{"floor":32,"key":"REST"}],"circlet_count":0,"master_deck":["AscendersBane","Strike_P","Strike_P","Strike_P","Defend_P+1","Defend_P","Defend_P","Defend_P","Eruption+1","Vigilance+1","ForeignInfluence","Crescendo+1","Wallop","Wish","SashWhip","Halt","Vault","Apotheosis+1","Meditate","ClearTheMind+1","EmptyFist","FearNoEvil"],"relics":["PureWater","PreservedInsect","Omamori","Toolbox","Tiny House","Incense Burner","Akabeko","Lee\u0027s Waffle","Pen Nib","InkBottle","TeardropLocket","Bottled Flame"],"acts_visited":["Exordium","TheCity"],"potions_floor_usage":[7,16,19,24,27,27,33],"damage_taken":[{"damage":5,"enemies":"2 Louse","floor":1,"turns":4},{"damage":0,"enemies":"Small Slimes","floor":4,"turns":2},{"damage":0,"enemies":"Cultist","floor":5,"turns":2},{"damage":2,"enemies":"Blue Slaver","floor":7,"turns":3},{"damage":20,"enemies":"3 Louse","floor":11,"turns":3},{"damage":0,"enemies":"Exordium Wildlife","floor":13,"turns":3},{"damage":0,"enemies":"Slime Boss","floor":16,"turns":4},{"damage":0,"enemies":"Chosen","floor":18,"turns":4},{"damage":27,"enemies":"3 Byrds","floor":19,"turns":6},{"damage":41,"enemies":"Book of Stabbing","floor":24,"turns":4},{"damage":0,"enemies":"Snake Plant","floor":27,"turns":3},{"damage":13,"enemies":"Cultist and Chosen","floor":30,"turns":8},{"damage":40,"enemies":"Chosen and Byrds","floor":31,"turns":5},{"damage":52,"enemies":"Automaton","floor":33,"turns":7}],"seed_played":"260385776970156903","potions_obtained":[{"floor":1,"key":"Block Potion"},{"floor":11,"key":"Strength Potion"},{"floor":17,"key":"Ambrosia"},{"floor":19,"key":"Regen Potion"},{"floor":24,"key":"DistilledChaos"},{"floor":31,"key":"DuplicationPotion"}],"is_trial":false,"path_per_floor":["M","?","$","M","M","R","M","R","T","?","M","$","M","?","R","B",null,"M","M","$","?","$","R","E","?","T","M","?","R","M","M","R","B"],"character_chosen":"WATCHER","items_purchased":["Crescendo","Wallop","Halt","Vault","Apotheosis","Toolbox","Incense Burner","EmptyFist","Lee\u0027s Waffle","Pen Nib","Regen Potion"],"campfire_rested":2,"item_purchase_floors":[3,3,12,12,12,12,20,22,22,22,22],"current_hp_per_floor":[56,56,56,56,56,56,54,54,54,54,34,34,34,34,34,34,65,65,38,38,38,80,80,46,46,46,55,55,79,66,26,50,0,0],"gold":268,"neow_bonus":"RANDOM_COMMON_RELIC","is_daily":false,"chose_seed":false,"campfire_upgraded":4,"win_rate":0.0,"timestamp":1609259178,"path_taken":["M","?","$","M","M","R","M","R","T","?","M","$","?","?","R","BOSS","M","M","$","?","$","R","E","?","T","M","?","R","M","?","R","BOSS"],"items_purchased_type":["Card","Card","Card","Card","Card","Relic","Relic","Card","Relic","Relic","Potion"],"build_version":"2020-12-22","purchased_purges":0,"victory":false,"max_hp_per_floor":[68,68,68,68,68,68,68,68,68,68,68,68,68,68,68,68,73,73,73,73,73,80,80,80,80,80,80,80,80,80,80,80,80,80],"card_choices":[{"not_picked":["Swivel","BowlingBash"],"picked":"ForeignInfluence","floor":1},{"not_picked":["CrushJoints","Wallop","Vengeance"],"picked":"SKIP","floor":4},{"not_picked":["CutThroughFate","JustLucky","Evaluate"],"picked":"SKIP","floor":5},{"not_picked":["CutThroughFate","Wallop"],"picked":"Wish","floor":7},{"not_picked":["ThirdEye","EmptyBody"],"picked":"SashWhip","floor":11},{"not_picked":["Indignation","Consecrate"],"picked":"Meditate","floor":13},{"not_picked":["PathToVictory","InnerPeace+1"],"picked":"ClearTheMind","floor":18},{"not_picked":["CarveReality","Indignation","FlyingSleeves"],"picked":"SKIP","floor":19},{"not_picked":["Crescendo","Meditate"],"picked":"FearNoEvil","floor":24},{"not_picked":["SashWhip","CrushJoints","EmptyBody"],"picked":"SKIP","floor":27},{"not_picked":["CarveReality","PathToVictory+1","Prostrate"],"picked":"SKIP","floor":30},{"not_picked":["Sanctity","Brilliance","Indignation"],"picked":"SKIP","floor":31}],"player_experience":3610605,"relics_obtained":[{"floor":9,"key":"Omamori"},{"floor":24,"key":"InkBottle"},{"floor":26,"key":"Bottled Flame"}],"event_choices":[{"damage_healed":0,"gold_gain":0,"player_choice":"Grow","damage_taken":0,"max_hp_gain":0,"max_hp_loss":0,"event_name":"Living Wall","floor":2,"gold_loss":0,"cards_upgraded":["Eruption"]},{"cards_removed":["Strike_P"],"damage_healed":0,"gold_gain":0,"player_choice":"Offered Basic","damage_taken":0,"max_hp_gain":0,"max_hp_loss":0,"event_name":"Bonfire Elementals","floor":10,"gold_loss":0},{"damage_healed":0,"gold_gain":0,"player_choice":"Ignored","damage_taken":0,"max_hp_gain":0,"max_hp_loss":0,"event_name":"Shining Light","floor":14,"gold_loss":0},{"damage_healed":0,"gold_gain":0,"player_choice":"Opened","damage_taken":0,"relics_obtained":["Akabeko"],"max_hp_gain":0,"max_hp_loss":0,"event_name":"The Mausoleum","floor":21,"gold_loss":0,"cards_obtained":["Writhe"]},{"damage_healed":0,"gold_gain":0,"player_choice":"Stole Relic","damage_taken":0,"relics_obtained":["TeardropLocket"],"max_hp_gain":0,"max_hp_loss":0,"event_name":"Addict","floor":25,"gold_loss":0,"cards_obtained":["Shame"]},{"damage_healed":0,"gold_gain":0,"player_choice":"Ignored","damage_taken":0,"max_hp_gain":0,"max_hp_loss":0,"event_name":"Beggar","floor":28,"gold_loss":0}],"is_beta":false,"boss_relics":[{"not_picked":["Busted Crown","Runic Dome"],"picked":"Tiny House"}],"items_purged_floors":[],"is_endless":false,"potions_floor_spawned":[1,11,19,24,31],"killed_by":"Automaton","ascension_level":14}}