{"host":"8l1qb9w19kzm0lfc","time":1609260625,"event":{"mods":["2.2 Compatiblity","Abigail Mod","Act Like it!","Astrologer","Bard","BaseMod","Beaked The Cultist","CatGirl Mod","Chen","Colored Map","Conspire","Custom Start","Downfall","Duelist Mod","Gremlin Mod","HornydragonMod","Hubris","Infinite Spire","Jorbs\u0027s Wanderer Trilogy","Koishi","LagranYue(???·?)","Mad Scientist","Marisa????????","Minty Spire (QoL Compilation)","Pale of the Ancients","Reimu??????","Relic Sorter","Replay The Spire","Shop Mod","StSLib","SuperFastMode","The Administrix","The Animator","The Blackbeard","The Bug Knight","The Clintock","The Construct","The Cursed","The Elementalist","The Florist","The Gatherer","The Hayseed","The Hierophant","The Jungle","The Mystic","The Necromancer","The Poker Player","The Runesmith","The Saiyan","The Senshi","The Servant 0.9.4","The Spell Scribe","The Wild Card","The Witch","TheArtist","TheLocksmith"],"gold_per_floor":[99,112,132,132,152,302,325,342,192,210,310,149,166,230,244,347,347,347,365,376,388,388,398,398,648,666,666,494,568,595,662,676,676,676],"floor_reached":33,"playtime":2502,"items_purged":["Slimebound:Icky"],"score":328,"play_id":"bf34d022-e844-4465-8577-7f4c68ec0ff1","local_time":"20201229165025","is_ascension_mode":true,"campfire_choices":[{"data":"hexamod:Sear","floor":1.0,"key":"SMITH"},{"data":"hexamod:Defend","floor":1.0,"key":"SMITH"},{"data":"hexamod:WildfireWeapon","floor":18,"key":"SMITH"},{"data":"hexamod:ThermalTransfer","floor":18,"key":"SMITH"},{"data":"hexamod:EmpoweringStance","floor":27,"key":"SMITH"},{"data":"hexamod:Incineration","floor":27,"key":"SMITH"}],"circlet_count":0,"master_deck":["hexamod:Strike","hexamod:Strike","hexamod:Strike","hexamod:Strike","hexamod:Defend+1","hexamod:Defend","hexamod:Defend","hexamod:Defend","hexamod:Sear+1","hexamod:Float","hexamod:BurningTouch","hexamod:ThermalTransfer+1","hexamod:WildfireWeapon+1","hexamod:Incineration+1","hexamod:EmpoweringStance+1","hexamod:FlamesFromBeyond+1","hexamod:ChargedBarrage+1","hexamod:EmpoweredFlame"],"relics":["hexamod:SpiritBrand","GremlinMask","Replay:Arrowhead","Ancient Tea Set","downfall:CloakOfManyFaces","CultistMask","FaceOfCleric","NlothsMask","SsserpentHead","MerchantsRug","hubris:HollowSoul","Bag of Preparation","Pet Ghost","Vajra","Strawberry"],"acts_visited":["Exordium","TheCity"],"potions_floor_usage":[16,21,23,23,31],"damage_taken":[{"damage":0.0,"enemies":"Small Slimes","floor":2.0,"turns":3.0},{"damage":0.0,"enemies":"2 Louse","floor":3.0,"turns":3.0},{"damage":0.0,"enemies":"Cultist","floor":5.0,"turns":3.0},{"damage":19.0,"enemies":"3 Louse","floor":8.0,"turns":4.0},{"damage":1.0,"enemies":"Red Slaver","floor":10.0,"turns":4.0},{"damage":14.0,"enemies":"downfall:FaceTrader","floor":11.0,"turns":6.0},{"damage":5.0,"enemies":"downfall:FleeingMerchant","floor":12.0,"turns":4.0},{"damage":12.0,"enemies":"Exordium Thugs","floor":13.0,"turns":5.0},{"damage":1.0,"enemies":"2 Fungi Beasts","floor":14.0,"turns":4.0},{"damage":2.0,"enemies":"conspire:2 RoseBushes","floor":15.0,"turns":5.0},{"damage":37,"enemies":"downfall:Ironclad","floor":16,"turns":8},{"damage":8,"enemies":"3 Byrds","floor":19,"turns":5},{"damage":7,"enemies":"conspire:HollyBat","floor":20,"turns":7},{"damage":6,"enemies":"Snake Plant","floor":21,"turns":3},{"damage":13,"enemies":"Cultist and Chosen","floor":23,"turns":6},{"damage":20,"enemies":"conspire:HollyBat","floor":26,"turns":6},{"damage":1,"enemies":"downfall:FleeingMerchant","floor":28,"turns":4},{"damage":7,"enemies":"theDuelist:KaibaA2","floor":30,"turns":4},{"damage":12,"enemies":"Chosen and Byrds","floor":31,"turns":5},{"damage":2,"enemies":"Cultist and Chosen","floor":32,"turns":5},{"damage":24,"enemies":"downfall:Watcher","floor":33,"turns":4}],"seed_played":"4318563517807434191","potions_obtained":[{"floor":5.0,"key":"Strength Potion"},{"floor":11.0,"key":"Weak Potion"},{"floor":13.0,"key":"LiquidMemories"},{"floor":15.0,"key":"Dexterity Potion"},{"floor":16,"key":"hexamod:EctoCoolerPotion"},{"floor":19,"key":"Fire Potion"},{"floor":20,"key":"Regen Potion"},{"floor":23,"key":"Guardian:BlockOnCardUsePotion"},{"floor":31,"key":"SteroidPotion"},{"floor":32,"key":"Milkshake"}],"is_trial":false,"path_per_floor":["R","M","M","?","M","?","T","M","?","M","?","$","M","M","M","B",null,"R","M","M","M","AVR","M","T","?","M","R","$","T","E","M","M","B"],"character_chosen":"THE_SPIRIT","items_purchased":["MerchantsRug","Pet Ghost"],"campfire_rested":0,"item_purchase_floors":[12,28],"current_hp_per_floor":[63,63,63,63,63,63,63,44,73,72,58,54,43,43,42,6,78,78,71,65,60,60,62,62,62,43,43,43,43,44,33,32,0,0],"gold":676,"neow_bonus":"ONE_RARE_RELIC","is_daily":false,"chose_seed":false,"campfire_upgraded":6,"win_rate":0.0,"timestamp":1609260625,"path_taken":["R","M","M","?","M","?","T","M","?","?","?","$","M","?","M","BOSS","R","M","M","M","AVR","M","T","?","M","R","$","?","E","?","M","BOSS"],"items_purchased_type":["Relic","Relic"],"build_version":"2020-12-22","purchased_purges":1,"victory":false,"max_hp_per_floor":[63,63,63,63,63,63,63,63,73,73,73,74,75,76,77,78,78,78,79,80,81,81,82,82,82,83,83,84,84,92,93,94,94,94],"card_choices":[{"not_picked":["hexamod:GhostShield","hexamod:Hexaguard","hexamod:AdvancingGuard"],"picked":"SKIP","floor":2.0},{"not_picked":["hexamod:SwordOfDarkness","hexamod:BacktrackSmack","hexamod:PhantomCloak"],"picked":"SKIP","floor":3.0},{"not_picked":["hexamod:Hexaguard","hexamod:EmpoweringStance"],"picked":"hexamod:BurningTouch","floor":5.0},{"not_picked":["hexamod:Hexaguard","hexamod:InspiringFlames","hexamod:NecessarySacrifice"],"picked":"SKIP","floor":8.0},{"not_picked":["hexamod:BurningTouch","hexamod:EmpoweredFlame"],"picked":"hexamod:ThermalTransfer","floor":10.0},{"not_picked":["hexamod:GhostShield","hexamod:NightmareStrike"],"picked":"hexamod:WildfireWeapon","floor":12.0},{"not_picked":["hexamod:HeatCrush","hexamod:DynamicBlow","hexamod:BurningTouch"],"picked":"SKIP","floor":13.0},{"not_picked":["hexamod:GhostOfSpireFuture","hexamod:Hexaguard","hexamod:BacktrackSmack"],"picked":"SKIP","floor":14.0},{"not_picked":["hexamod:NightmareGuise","hexamod:AdvancingGuard"],"picked":"hexamod:Incineration","floor":15.0},{"not_picked":["hexamod:TurnItUp","hexamod:TimeOfNeed"],"picked":"hexamod:EmpoweringStance","floor":16},{"not_picked":["hexamod:Hexaguard","hexamod:RecurringNightmare","hexamod:SwordOfDarkness"],"picked":"SKIP","floor":19},{"not_picked":["hexamod:SwordOfDarkness+1","hexamod:RetreatToShadows+1"],"picked":"hexamod:FlamesFromBeyond+1","floor":20},{"not_picked":["hexamod:PhantomCloak","hexamod:Firestarter","hexamod:GhostShield+1"],"picked":"SKIP","floor":21},{"not_picked":["hexamod:SwordOfDarkness+1","hexamod:Again+1","hexamod:HauntingEcho"],"picked":"SKIP","floor":23},{"not_picked":["hexamod:SecondSeal","hexamod:NightmareGuise","hexamod:SpectersWail"],"picked":"SKIP","floor":26},{"not_picked":["hexamod:FifthSeal","hexamod:SwordOfDarkness"],"picked":"hexamod:ChargedBarrage+1","floor":28},{"not_picked":["hexamod:GhostLash+1","hexamod:RainOfEmbers","hexamod:HauntingEcho"],"picked":"SKIP","floor":30},{"not_picked":["hexamod:NightmareGuise","hexamod:GhostShield","hexamod:SoulSteal"],"picked":"SKIP","floor":31},{"not_picked":["hexamod:GhostOfSpireFuture","hexamod:GhostOfSpirePresent+1"],"picked":"hexamod:EmpoweredFlame","floor":32}],"player_experience":507088,"relics_obtained":[{"floor":7.0,"key":"Ancient Tea Set"},{"floor":11.0,"key":"downfall:CloakOfManyFaces"},{"floor":29,"key":"Vajra"},{"floor":30,"key":"Strawberry"}],"event_choices":[{"damage_healed":0,"gold_gain":200,"player_choice":"Gold","damage_taken":0,"max_hp_gain":0,"max_hp_loss":0,"event_name":"Wheel of Change","floor":25,"gold_loss":0}],"is_beta":false,"boss_relics":[{"not_picked":["Calling Bell","hubris:VirtuousBlindfold"],"picked":"hubris:HollowSoul"}],"items_purged_floors":[12],"is_endless":false,"potions_floor_spawned":[5,11,13,15,16,19,20,23,31,32],"killed_by":"downfall:Watcher","ascension_level":1}}