{"host":"31zwhwtym9x8cse5","time":1609222460,"event":{"mods":["ATMod(°¢èªMod)","BaseMod","Dota2Spire","Faster Ascension Climbing","GungeonMod","Lobotomy","Minty Spire (QoL Compilation)","Quick Restart","Replay The Spire","StSLib","The Poker Player","Yakumo Yukari mod","Youmu£¨»êÆÇÑýÃÎ£©","[IsaacMod]ÒÔÈö¼âËþ","¡¾ÒÅÎï¿¨ÅÆ¡¿REMEMod"],"gold_per_floor":[119,138,63,75,75,75,108,140,140,173,204,204,204,204],"floor_reached":13,"playtime":1491,"items_purged":["Strike_B"],"score":270,"play_id":"cff39839-7c6a-4165-a4a9-4cf55358c432","local_time":"20201229141420","daily_mods":["Heirloom","Flight","Elite Swarm"],"is_ascension_mode":true,"campfire_choices":[{"data":"Ball Lightning","floor":6,"key":"SMITH"},{"data":"Zap","floor":6,"key":"SMITH"},{"data":"AT_RightCognition","floor":12,"key":"SMITH"},{"data":"Machine Learning","floor":12,"key":"SMITH"}],"circlet_count":0,"master_deck":["Strike_B","Strike_B","Strike_B","Defend_B","Defend_B","Defend_B","Defend_B","Zap+1","Dualcast","Ball Lightning+1","Go for the Eyes+1","Mirror Shield","Machine Learning+1","AT_RightCognition+1"],"relics":["Cracked Core","HushsDoor","Void","Replay:Arrowhead","UnicornStump","Symbiotic Virus","Prayer Wheel","Damocles"],"acts_visited":["Exordium"],"potions_floor_usage":[8,13,13],"damage_taken":[{"damage":0,"enemies":"Cultist","floor":1,"turns":4},{"damage":11,"enemies":"2 Louse","floor":2,"turns":3},{"damage":7,"enemies":"Jaw Worm","floor":4,"turns":3},{"damage":32,"enemies":"3 Sentries","floor":7,"turns":6},{"damage":5,"enemies":"Lagavulin","floor":8,"turns":5},{"damage":4,"enemies":"Gremlin Nob","floor":10,"turns":3},{"damage":0,"enemies":"Lagavulin","floor":11,"turns":6},{"damage":14,"enemies":"3 Sentries","floor":13,"turns":2}],"seed_played":"-8252559988970836115","potions_obtained":[{"floor":1,"key":"Weak Potion"},{"floor":7,"key":"EssenceOfDarkness"},{"floor":11,"key":"LiquidBronze"}],"is_trial":true,"path_per_floor":["M","M","$","M","?","R","E","E","T","E","E","R","E"],"character_chosen":"DEFECT","items_purchased":[],"campfire_rested":0,"item_purchase_floors":[],"current_hp_per_floor":[68,57,57,50,50,50,18,13,13,9,9,9,0,0],"gold":204,"neow_bonus":"","is_daily":false,"chose_seed":false,"campfire_upgraded":4,"win_rate":0.0,"timestamp":1609222460,"path_taken":["M","?","$","M","?","R","E","E","T","E","E","R","E"],"items_purchased_type":[],"build_version":"2020-12-22","purchased_purges":1,"victory":false,"max_hp_per_floor":[75,75,75,75,75,75,75,75,75,75,75,75,75,75],"card_choices":[{"not_picked":["Rip and Tear","ReplayTheSpireMod:Reroute Power"],"picked":"Ball Lightning","floor":1},{"not_picked":["Barrage","Redo","Streamline"],"picked":"SKIP","floor":2},{"not_picked":["Barrage","Redo","Streamline"],"picked":"SKIP","floor":2},{"not_picked":["Compile Driver","Leap"],"picked":"AT_WaterDrop","floor":4},{"not_picked":["ReplayTheSpireMod:Omega Cannon","Biased Cognition"],"picked":"Mirror Shield","floor":7},{"not_picked":["Mirror Shield","ReplayRNGCard"],"picked":"Machine Learning","floor":8},{"not_picked":["Buffer","Hyperbeam"],"picked":"ReplayTheSpireMod:Fabricate Wheel","floor":10},{"not_picked":["Amplify","Machine Learning"],"picked":"AT_RightCognition","floor":11}],"player_experience":76614,"relics_obtained":[{"floor":7,"key":"Dota2Spire:OrchidMalevolence"},{"floor":8,"key":"UnicornStump"},{"floor":9,"key":"Symbiotic Virus"},{"floor":10,"key":"Dota2Spire:BlackKingBar"},{"floor":11,"key":"Damocles"}],"event_choices":[],"is_beta":false,"boss_relics":[],"items_purged_floors":[3],"is_endless":true,"potions_floor_spawned":[1,7,11],"killed_by":"3 Sentries","ascension_level":9}}