{"host":"jpzdg3po3tjxdjri","time":1609280371,"event":{"mods":["BaseMod","Better Third Choice","Colored Map","Colored Powertips","Minty Spire (QoL Compilation)","StSLib"],"gold_per_floor":[19,38,15,15,15,15,30,49,74,109,125,158,158,176,176,255,255,255,255,255,27,27,27,27,27,27,27,27,27,27,27,27,27,27,27,27,27,27,27,27,27,27,27,27,27,27,27,27,27,27],"floor_reached":51,"playtime":2431,"items_purged":["Dualcast"],"score":1377,"play_id":"529529a1-5c2d-412e-9411-751621bfc26d","local_time":"20201229221931","is_ascension_mode":true,"campfire_choices":[{"data":"Glacier","floor":6,"key":"SMITH"},{"floor":15,"key":"REST"},{"data":"Steam Power","floor":24,"key":"SMITH"},{"floor":27,"key":"REST"},{"data":"Zap","floor":32,"key":"SMITH"},{"floor":44,"key":"REST"},{"data":"White Noise","floor":46,"key":"SMITH"},{"floor":49,"key":"REST"}],"circlet_count":0,"master_deck":["AscendersBane","Defend_B","Defend_B","Defend_B","Defend_B","Zap+1","Glacier+1","Sweeping Beam","Capacitor","Blizzard","Steam Power+1","Electrodynamics","FTL","Ball Lightning","Core Surge","Barrage","Stack","Cold Snap","Stack","Auto Shields","Darkness","Streamline","Conserve Battery+1","Leap+1","Hologram+1","Seek","Redo+1","Rainbow+1","Tempest+1","White Noise+1","Ball Lightning","Glacier+1","Barrage","Hologram+1","Leap+1","Cold Snap+1","Machine Learning","Cold Snap","Barrage","Self Repair"],"relics":["Cracked Core","Mango","Happy Flower","DataDisk","Art of War","Oddly Smooth Stone","StrikeDummy","Ectoplasm","Thread and Needle","Lizard Tail","CaptainsWheel","Astrolabe","Mummified Hand","PreservedInsect","Regal Pillow","Blood Vial"],"acts_visited":["Exordium","TheCity","TheBeyond"],"potions_floor_usage":[12,16,30,33,40,41,50],"damage_taken":[{"damage":6,"enemies":"Cultist","floor":1,"turns":4},{"damage":1,"enemies":"Jaw Worm","floor":2,"turns":4},{"damage":12,"enemies":"Small Slimes","floor":7,"turns":4},{"damage":0,"enemies":"Blue Slaver","floor":8,"turns":5},{"damage":26,"enemies":"Gremlin Nob","floor":10,"turns":5},{"damage":1,"enemies":"Lots of Slimes","floor":11,"turns":3},{"damage":13,"enemies":"3 Sentries","floor":12,"turns":5},{"damage":11,"enemies":"Looter","floor":14,"turns":3},{"damage":6,"enemies":"Hexaghost","floor":16,"turns":10},{"damage":0,"enemies":"3 Byrds","floor":18,"turns":3},{"damage":2,"enemies":"Shell Parasite","floor":20,"turns":4},{"damage":0,"enemies":"Snecko","floor":22,"turns":4},{"damage":23,"enemies":"Book of Stabbing","floor":23,"turns":6},{"damage":5,"enemies":"Sentry and Sphere","floor":25,"turns":5},{"damage":0,"enemies":"Snake Plant","floor":29,"turns":5},{"damage":12,"enemies":"Gremlin Leader","floor":30,"turns":8},{"damage":31,"enemies":"Champ","floor":33,"turns":12},{"damage":0,"enemies":"Orb Walker","floor":35,"turns":3},{"damage":0,"enemies":"3 Shapes","floor":36,"turns":4},{"damage":0,"enemies":"Sphere and 2 Shapes","floor":38,"turns":4},{"damage":9,"enemies":"3 Darklings","floor":39,"turns":6},{"damage":15,"enemies":"Reptomancer","floor":40,"turns":7},{"damage":7,"enemies":"Transient","floor":41,"turns":5},{"damage":0,"enemies":"Nemesis","floor":42,"turns":7},{"damage":22,"enemies":"Jaw Worm Horde","floor":45,"turns":3},{"damage":0,"enemies":"Maw","floor":47,"turns":6},{"damage":39,"enemies":"Giant Head","floor":48,"turns":8},{"damage":37,"enemies":"Donu and Deca","floor":50,"turns":12}],"seed_played":"1368942460743178435","potions_obtained":[{"floor":1,"key":"SneckoOil"},{"floor":2,"key":"Strength Potion"},{"floor":11,"key":"Block Potion"},{"floor":12,"key":"Swift Potion"},{"floor":18,"key":"AttackPotion"},{"floor":38,"key":"Strength Potion"},{"floor":40,"key":"Fire Potion"},{"floor":45,"key":"BlessingOfTheForge"},{"floor":47,"key":"Explosive Potion"}],"is_trial":false,"path_per_floor":["M","M","$","?","?","R","M","M","T","E","M","E","T","M","R","B",null,"M","?","M","$","M","E","R","M","T","R","?","M","E","$","R","B",null,"M","M","?","M","M","E","M","E","T","R","M","R","M","E","R","B",null],"character_chosen":"DEFECT","items_purchased":["Go for the Eyes","Cold Snap","Stack","Auto Shields"],"campfire_rested":4,"item_purchase_floors":[3,21,21,21],"current_hp_per_floor":[72,71,71,64,64,64,52,52,52,26,25,12,12,1,26,20,69,69,69,67,67,67,44,44,39,39,64,64,64,52,52,52,21,69,69,69,69,69,60,45,38,38,38,78,56,56,56,17,57,29],"gold":27,"neow_bonus":"ONE_RARE_RELIC","is_daily":false,"chose_seed":false,"campfire_upgraded":4,"win_rate":0.0,"timestamp":1609280371,"path_taken":["M","M","?","?","?","R","M","?","T","E","M","E","?","M","R","BOSS","M","?","M","$","M","E","R","M","T","R","?","M","E","$","R","BOSS","M","?","?","M","?","E","M","E","T","R","M","R","M","E","R","BOSS"],"items_purchased_type":["Card","Card","Card","Card"],"build_version":"2020-12-22","purchased_purges":1,"victory":true,"max_hp_per_floor":[85,85,85,85,85,85,85,85,85,85,85,85,85,85,85,85,85,85,85,85,85,85,85,85,85,85,85,85,85,85,85,85,85,85,85,85,85,85,85,85,85,85,85,85,85,85,85,85,85,85],"card_choices":[{"not_picked":["Heatsinks","Steam Power"],"picked":"Glacier","floor":1},{"not_picked":["Go for the Eyes","Hello World"],"picked":"Sweeping Beam","floor":2},{"not_picked":["Coolheaded","Go for the Eyes"],"picked":"Capacitor","floor":7},{"not_picked":["Recycle","Reinforced Body"],"picked":"Blizzard","floor":8},{"not_picked":["Undo","Skim"],"picked":"Steam Power","floor":10},{"not_picked":["Static Discharge","Gash"],"picked":"Electrodynamics","floor":11},{"not_picked":["Beam Cell","Fusion"],"picked":"FTL","floor":12},{"not_picked":["Conserve Battery","Stack"],"picked":"Ball Lightning","floor":14},{"not_picked":["Reboot","Biased Cognition"],"picked":"Core Surge","floor":16},{"not_picked":["Leap","Streamline+1"],"picked":"Barrage","floor":18},{"not_picked":["Sweeping Beam","Double Energy"],"picked":"Stack","floor":20},{"not_picked":["Heatsinks","Undo"],"picked":"Darkness","floor":22},{"not_picked":["Redo","Heatsinks"],"picked":"Streamline","floor":23},{"not_picked":["Beam Cell","Skim"],"picked":"Conserve Battery+1","floor":25},{"not_picked":["Gash","Reinforced Body"],"picked":"Leap+1","floor":29},{"not_picked":["Double Energy","Electrodynamics"],"picked":"Hologram+1","floor":30},{"not_picked":["Buffer","Creative AI"],"picked":"Seek","floor":33},{"not_picked":["Gash","Hologram"],"picked":"White Noise","floor":35},{"not_picked":["Skim","Melter"],"picked":"Ball Lightning","floor":36},{"not_picked":["Gash","Sweeping Beam"],"picked":"Barrage","floor":38},{"not_picked":["Self Repair","Sweeping Beam"],"picked":"Hologram+1","floor":39},{"not_picked":["Doom and Gloom","Redo"],"picked":"Leap+1","floor":40},{"not_picked":["Coolheaded+1","Hello World"],"picked":"Cold Snap+1","floor":41},{"not_picked":["Undo","Go for the Eyes"],"picked":"Machine Learning","floor":42},{"not_picked":["Conserve Battery","Gash"],"picked":"Cold Snap","floor":45},{"not_picked":["Undo","White Noise"],"picked":"Barrage","floor":47},{"not_picked":["Steam+1","Rip and Tear+1"],"picked":"Self Repair","floor":48}],"player_experience":811997,"relics_obtained":[{"floor":9,"key":"DataDisk"},{"floor":10,"key":"Art of War"},{"floor":12,"key":"Oddly Smooth Stone"},{"floor":13,"key":"StrikeDummy"},{"floor":23,"key":"Thread and Needle"},{"floor":26,"key":"Lizard Tail"},{"floor":30,"key":"CaptainsWheel"},{"floor":40,"key":"Mummified Hand"},{"floor":42,"key":"PreservedInsect"},{"floor":43,"key":"Regal Pillow"},{"floor":48,"key":"Blood Vial"}],"event_choices":[{"cards_removed":["Strike_B"],"damage_healed":0,"gold_gain":0,"player_choice":"Card Removal","damage_taken":7,"max_hp_gain":0,"max_hp_loss":0,"event_name":"Golden Wing","floor":4,"gold_loss":0},{"damage_healed":0,"gold_gain":0,"player_choice":"Gave Potion","damage_taken":0,"relics_obtained":["Happy Flower"],"max_hp_gain":0,"max_hp_loss":0,"event_name":"WeMeetAgain","floor":5,"gold_loss":0},{"damage_healed":0,"gold_gain":0,"player_choice":"Adaptability","damage_taken":0,"max_hp_gain":0,"max_hp_loss":0,"event_name":"betterThird:BetterWriting","floor":19,"gold_loss":0},{"cards_removed":["Strike_B"],"damage_healed":0,"gold_gain":0,"player_choice":"Purged","damage_taken":0,"max_hp_gain":0,"max_hp_loss":0,"event_name":"Purifier","floor":28,"gold_loss":0},{"damage_healed":0,"gold_gain":0,"player_choice":"Copied","damage_taken":0,"max_hp_gain":0,"max_hp_loss":0,"event_name":"Duplicator","floor":37,"gold_loss":0,"cards_obtained":["Glacier"]}],"is_beta":false,"boss_relics":[{"not_picked":["Pandora\u0027s Box","Runic Pyramid"],"picked":"Ectoplasm"},{"not_picked":["SlaversCollar","Cursed Key"],"picked":"Astrolabe"}],"items_purged_floors":[21],"is_endless":false,"potions_floor_spawned":[1,2,11,12,18,22,29,38,40,45,47],"ascension_level":14}}