{"host":"w5ovz9boloi14a0g","time":1609279890,"event":{"mods":["BaseMod","Googly Eyes","Minty Spire (QoL Compilation)","StSLib","SuperFastMode"],"gold_per_floor":[109,126,139,150,150,175,175,208,217,142,162,162,162,183,183,287,296,317,328,301,315,315,341,47,60,117,117,128,147,47,56,56,168,168,183,210,225,237,261,261,274,324,360,360,371,382,431,450,450,450],"floor_reached":51,"playtime":1659,"items_purged":["Pain","Writhe"],"score":819,"play_id":"36230879-62af-46d7-91b9-eca02de3b26d","local_time":"20201229161130","is_ascension_mode":true,"campfire_choices":[{"floor":7.0,"key":"REST"},{"data":"Survivor","floor":13.0,"key":"SMITH"},{"data":"Dash","floor":15.0,"key":"SMITH"},{"floor":27,"key":"REST"},{"floor":32,"key":"REST"},{"data":"Finisher","floor":40,"key":"SMITH"},{"floor":44,"key":"REST"},{"floor":49,"key":"REST"}],"circlet_count":0,"master_deck":["Strike_G","Strike_G","Strike_G","Strike_G","Strike_G","Defend_G","Defend_G","Defend_G","Defend_G","Defend_G","Survivor+1","Neutralize","Sucker Punch","Quick Slash","Terror","Caltrops","Dash+1","Die Die Die","CurseOfTheBell","Finisher+1","Heel Hook+1","Neutralize","After Image","Blur+1","Choke+1","Pain"],"relics":["Cursed Key","CeramicFish","Akabeko","Lizard Tail","Paper Crane","Calling Bell","Orichalcum","Matryoshka","TungstenRod","StrikeDummy","FossilizedHelix","Ancient Tea Set","Regal Pillow","Busted Crown","The Specimen","Blood Vial","Whetstone","Incense Burner"],"acts_visited":["Exordium","TheCity","TheBeyond"],"potions_floor_usage":[50,50],"damage_taken":[{"damage":0.0,"enemies":"2 Louse","floor":1.0,"turns":2.0},{"damage":1.0,"enemies":"Jaw Worm","floor":2.0,"turns":4.0},{"damage":0.0,"enemies":"Cultist","floor":3.0,"turns":3.0},{"damage":0.0,"enemies":"3 Louse","floor":4.0,"turns":4.0},{"damage":19.0,"enemies":"Gremlin Nob","floor":6.0,"turns":4.0},{"damage":11.0,"enemies":"Lagavulin","floor":8.0,"turns":8.0},{"damage":4.0,"enemies":"Exordium Thugs","floor":11.0,"turns":4.0},{"damage":0.0,"enemies":"Blue Slaver","floor":14.0,"turns":3.0},{"damage":23.0,"enemies":"Hexaghost","floor":16.0,"turns":9.0},{"damage":0.0,"enemies":"Shell Parasite","floor":18.0,"turns":3.0},{"damage":0.0,"enemies":"Chosen","floor":19.0,"turns":4.0},{"damage":28.0,"enemies":"Snake Plant","floor":21.0,"turns":5.0},{"damage":16,"enemies":"Gremlin Leader","floor":23,"turns":9},{"damage":3,"enemies":"3 Cultists","floor":25,"turns":5},{"damage":0,"enemies":"Chosen and Byrds","floor":28,"turns":6},{"damage":23,"enemies":"Sentry and Sphere","floor":29,"turns":5},{"damage":103,"enemies":"Collector","floor":33,"turns":17},{"damage":11,"enemies":"3 Darklings","floor":35,"turns":10},{"damage":0,"enemies":"Orb Walker","floor":36,"turns":3},{"damage":0,"enemies":"Maw","floor":37,"turns":8},{"damage":5,"enemies":"Writhing Mass","floor":38,"turns":12},{"damage":12,"enemies":"Sphere and 2 Shapes","floor":39,"turns":6},{"damage":0,"enemies":"Jaw Worm Horde","floor":41,"turns":5},{"damage":11,"enemies":"Mind Bloom Boss Battle","floor":42,"turns":6},{"damage":8,"enemies":"3 Darklings","floor":45,"turns":9},{"damage":21,"enemies":"Sphere and 2 Shapes","floor":46,"turns":10},{"damage":44,"enemies":"2 Orb Walkers","floor":47,"turns":7},{"damage":0,"enemies":"4 Shapes","floor":48,"turns":2},{"damage":35,"enemies":"Awakened One","floor":50,"turns":22}],"seed_played":"6342623095540067683","potions_obtained":[{"floor":2.0,"key":"AttackPotion"},{"floor":4.0,"key":"Weak Potion"},{"floor":11.0,"key":"SmokeBomb"},{"floor":38,"key":"Strength Potion"},{"floor":41,"key":"FairyPotion"}],"is_trial":false,"path_per_floor":["M","M","M","M","?","E","R","E","T","$","M","?","R","M","R","B",null,"M","M","$","M","?","E","$","M","T","R","M","M","$","?","R","B",null,"M","M","M","M","M","R","M","?","T","R","M","M","?","M","R","B",null],"character_chosen":"THE_SILENT","items_purchased":["Heel Hook","FossilizedHelix"],"campfire_rested":5,"item_purchase_floors":[20,24],"current_hp_per_floor":[70,69,69,69,66,47,68,57,57,57,53,58,58,58,58,35,75,75,75,75,47,47,31,31,28,28,65,65,42,42,42,75,10,75,64,64,64,59,47,47,47,36,36,73,67,48,6,8,45,12],"gold":450,"neow_bonus":"BOSS_RELIC","is_daily":false,"chose_seed":false,"campfire_upgraded":3,"win_rate":0.0,"timestamp":1609279890,"path_taken":["M","M","M","M","?","E","R","E","T","$","M","?","R","M","R","BOSS","M","M","$","M","?","E","$","M","T","R","?","M","$","?","R","BOSS","M","M","M","M","M","R","M","?","T","R","M","M","?","M","R","BOSS"],"items_purchased_type":["Card","Relic"],"build_version":"2020-12-22","purchased_purges":2,"victory":true,"max_hp_per_floor":[70,70,70,70,70,70,70,70,70,70,70,75,75,75,75,75,75,75,75,75,75,75,75,75,75,75,75,75,75,75,75,75,75,75,75,75,75,75,75,75,75,75,75,75,75,75,75,75,75,75],"card_choices":[{"not_picked":["Blade Dance","Acrobatics"],"picked":"Sucker Punch","floor":1.0},{"not_picked":["Expertise","Backflip"],"picked":"Quick Slash","floor":2.0},{"not_picked":["Reflex","Quick Slash","Sucker Punch"],"picked":"SKIP","floor":3.0},{"not_picked":["Deadly Poison","Bane"],"picked":"Terror","floor":4.0},{"not_picked":["Dodge and Roll","Acrobatics","Tactician"],"picked":"SKIP","floor":6.0},{"not_picked":["Catalyst","Eviscerate","Burst"],"picked":"SKIP","floor":8.0},{"not_picked":["Poisoned Stab","Prepared"],"picked":"Caltrops","floor":11.0},{"not_picked":["Deadly Poison","Blade Dance"],"picked":"Dash","floor":14.0},{"not_picked":["Bullet Time","Burst"],"picked":"Die Die Die","floor":16.0},{"not_picked":["Cloak And Dagger","Backflip+1"],"picked":"Finisher","floor":18.0},{"not_picked":["Cloak And Dagger","Poisoned Stab","Prepared"],"picked":"SKIP","floor":19.0},{"not_picked":["Caltrops","PiercingWail","Terror"],"picked":"SKIP","floor":21.0},{"not_picked":["Accuracy","Concentrate","Prepared"],"picked":"SKIP","floor":23},{"not_picked":["Infinite Blades+1","Underhanded Strike","Blur"],"picked":"SKIP","floor":25},{"not_picked":["Cloak And Dagger+1","Blur","Accuracy+1"],"picked":"SKIP","floor":28},{"not_picked":["Dash","A Thousand Cuts","Outmaneuver+1"],"picked":"SKIP","floor":29},{"not_picked":["Night Terror","Storm of Steel"],"picked":"After Image","floor":33},{"not_picked":["PiercingWail"],"picked":"SKIP","floor":35},{"not_picked":[],"picked":"Blur+1","floor":36},{"not_picked":["Well Laid Plans+1"],"picked":"SKIP","floor":37},{"not_picked":["Backflip"],"picked":"SKIP","floor":38},{"not_picked":["Choke"],"picked":"SKIP","floor":39},{"not_picked":[],"picked":"Choke","floor":39},{"not_picked":["Outmaneuver"],"picked":"SKIP","floor":41},{"not_picked":["Dagger Spray"],"picked":"SKIP","floor":45},{"not_picked":["Blade Dance+1"],"picked":"SKIP","floor":46},{"not_picked":["Crippling Poison"],"picked":"SKIP","floor":48}],"player_experience":34785,"relics_obtained":[{"floor":6.0,"key":"Akabeko"},{"floor":8.0,"key":"Lizard Tail"},{"floor":9.0,"key":"Paper Crane"},{"floor":17.0,"key":"Orichalcum"},{"floor":17.0,"key":"Matryoshka"},{"floor":17.0,"key":"TungstenRod"},{"floor":23,"key":"StrikeDummy"},{"floor":26,"key":"Ancient Tea Set"},{"floor":26,"key":"Regal Pillow"},{"floor":42,"key":"The Specimen"},{"floor":43,"key":"Blood Vial"},{"floor":43,"key":"Whetstone"},{"floor":47,"key":"Incense Burner"}],"event_choices":[{"damage_healed":0.0,"max_hp_gain":0.0,"max_hp_loss":0.0,"gold_gain":0.0,"event_name":"Scrap Ooze","player_choice":"Success","floor":5.0,"gold_loss":0.0,"damage_taken":3.0,"relics_obtained":["CeramicFish"]},{"damage_healed":0.0,"max_hp_gain":5.0,"max_hp_loss":0.0,"gold_gain":0.0,"event_name":"Big Fish","player_choice":"Donut","floor":12.0,"gold_loss":0.0,"damage_taken":0.0},{"damage_healed":0,"gold_gain":0,"player_choice":"Ignored","damage_taken":0,"max_hp_gain":0,"max_hp_loss":0,"event_name":"Transmorgrifier","floor":22,"gold_loss":0},{"damage_healed":0,"gold_gain":0,"player_choice":"Copied","damage_taken":0,"max_hp_gain":0,"max_hp_loss":0,"event_name":"Duplicator","floor":31,"gold_loss":0,"cards_obtained":["Neutralize"]},{"damage_healed":0,"gold_gain":0,"player_choice":"Fight","damage_taken":0,"max_hp_gain":0,"max_hp_loss":0,"event_name":"MindBloom","floor":42,"gold_loss":0},{"damage_healed":0,"gold_gain":0,"player_choice":"Fight","damage_taken":0,"max_hp_gain":0,"max_hp_loss":0,"event_name":"Mysterious Sphere","floor":47,"gold_loss":0}],"is_beta":false,"boss_relics":[{"not_picked":["Runic Pyramid","Empty Cage"],"picked":"Calling Bell"},{"not_picked":["Tiny House","Coffee Dripper"],"picked":"Busted Crown"}],"items_purged_floors":[10,30],"is_endless":false,"potions_floor_spawned":[2,4,11,18,25,28,33,36,37,38,41,46,47],"ascension_level":1}}