{"host":"e7zuhi56g3dzdmnx","time":1609286317,"event":{"mods":["AchievementEnabler","Act Like it!","BaseMod","Conspire","Downfall","Hermit","Minty Spire (QoL Compilation)","Rare Cards Sparkle","StSLib"],"gold_per_floor":[99,114,128,128,278,278,303,303,319,319,244,258,258,268,281,376,376,376,59,73,73,89,89,89,20,20,46,66,166,181,197,197,197],"floor_reached":31,"playtime":2758,"items_purged":[],"score":245,"play_id":"c6b4d93e-d538-4818-8ef1-42ddc541122c","local_time":"20201229235837","is_ascension_mode":false,"campfire_choices":[{"data":"Guardian:TwinSlam","floor":1,"key":"SMITH"},{"data":"Guardian:PrimingBeam","floor":6,"key":"SMITH"},{"floor":8,"key":"RECALL"},{"data":"Guardian:PiercingHide","floor":11,"key":"SMITH"},{"data":"Guardian:Incinerate","floor":13,"key":"SMITH"},{"data":"Guardian:PrismaticBeam","floor":18,"key":"SMITH"},{"floor":23,"key":"REST"},{"data":"Guardian:Planning","floor":26,"key":"SMITH"}],"circlet_count":0,"master_deck":["Guardian:Strike_Guardian","Guardian:Strike_Guardian","Guardian:Strike_Guardian","Guardian:Strike_Guardian","Guardian:Defend_Guardian","Guardian:Defend_Guardian","Guardian:Defend_Guardian","Guardian:Defend_Guardian","Guardian:CurlUp","Guardian:TwinSlam+1","Guardian:PrimingBeam+1","Guardian:PrismaticBeam+1","Slimebound:Icky","Guardian:PiercingHide+1","Guardian:Incinerate+1","Writhe","Guardian:PiercingHide+1","Guardian:Planning+1","Guardian:Suspension","Guardian:StasisStrike","Guardian:Gem_Purple","Guardian:Recover+1"],"relics":["Guardian:ModeShifter","Bag of Marbles","Happy Flower","downfall:HeartBlessingRed","Philosopher\u0027s Stone","CaptainsWheel","StoneCalendar","Potion Belt"],"acts_visited":["Exordium","TheCity"],"potions_floor_usage":[16,16,16,16,16,25,27,30],"damage_taken":[{"damage":4,"enemies":"Jaw Worm","floor":2,"turns":4},{"damage":9,"enemies":"conspire:RoseBush","floor":3,"turns":3},{"damage":7,"enemies":"Small Slimes","floor":9,"turns":3},{"damage":0,"enemies":"3 Louse","floor":12,"turns":2},{"damage":0,"enemies":"2 Fungi Beasts","floor":14,"turns":2},{"damage":7,"enemies":"Exordium Wildlife","floor":15,"turns":5},{"damage":22,"enemies":"downfall:Ironclad","floor":16,"turns":7},{"damage":10,"enemies":"downfall:FleeingMerchant","floor":19,"turns":4},{"damage":0,"enemies":"Chosen","floor":20,"turns":4},{"damage":16,"enemies":"Snake Plant","floor":22,"turns":2},{"damage":6,"enemies":"downfall:FleeingMerchant","floor":25,"turns":4},{"damage":30,"enemies":"Gremlin Leader","floor":27,"turns":9},{"damage":10,"enemies":"Centurion and Healer","floor":28,"turns":7},{"damage":4,"enemies":"Chosen and Byrds","floor":30,"turns":5},{"damage":45,"enemies":"conspire:MimicChest","floor":31,"turns":8}],"seed_played":"-4211956375078027750","potions_obtained":[{"floor":3,"key":"AttackPotion"},{"floor":12,"key":"EntropicBrew"},{"floor":14,"key":"FearPotion"},{"floor":20,"key":"Ancient Potion"},{"floor":22,"key":"BlessingOfTheForge"},{"floor":28,"key":"SneckoOil"}],"is_trial":false,"path_per_floor":["R","M","M","?","?","R","T","R","M","?","R","M","R","M","M","B",null,"R","$","M","?","M","R","T","$","R","E","M","?","M","?"],"character_chosen":"GUARDIAN","items_purchased":["CaptainsWheel","Guardian:Suspension"],"campfire_rested":1,"item_purchase_floors":[19,25],"current_hp_per_floor":[88,84,75,75,75,75,75,75,68,68,68,68,68,68,61,39,88,88,78,78,78,62,88,88,82,82,52,42,42,38,0,0,0],"gold":197,"neow_bonus":"TEN_PERCENT_HP_BONUS","is_daily":false,"chose_seed":false,"campfire_upgraded":6,"win_rate":0.0,"timestamp":1609286317,"path_taken":["R","M","M","?","?","R","T","R","M","?","R","M","R","M","M","BOSS","R","$","M","?","M","R","T","$","R","E","M","?","M","?"],"items_purchased_type":["Relic","Card"],"build_version":"2020-12-22","purchased_purges":0,"victory":false,"max_hp_per_floor":[88,88,88,88,88,88,88,88,88,88,88,88,88,88,88,88,88,88,88,88,88,88,88,88,88,88,88,88,88,88,88,88,88],"card_choices":[{"not_picked":["Guardian:CrystalBeam","Guardian:ShieldSpikes"],"picked":"Guardian:PrimingBeam","floor":2},{"not_picked":["Guardian:GuardianWhirl","Guardian:DecasProtection"],"picked":"Guardian:PrismaticBeam","floor":3},{"not_picked":["Guardian:CrystalBeam","Guardian:RefractedBeam"],"picked":"Guardian:PiercingHide","floor":9},{"not_picked":["Guardian:PrismaticBarrier","Guardian:PiercingHide"],"picked":"Guardian:Incinerate","floor":12},{"not_picked":["Guardian:GuardianWhirl","Guardian:TemporalShield"],"picked":"Guardian:Gem_Orange","floor":14},{"not_picked":["Guardian:Planning","Guardian:Gem_Green"],"picked":"Guardian:Gem_Red","floor":15},{"not_picked":["Guardian:FastForward","Guardian:StasisStrike"],"picked":"Guardian:Gem_Synthetic","floor":16},{"not_picked":["Guardian:Repulse","Guardian:RollAttack+1"],"picked":"Guardian:Gem_Green","floor":19},{"not_picked":["Guardian:EvasiveProtocol","Guardian:VentSteam+1"],"picked":"Guardian:Gem_Cyan","floor":20},{"not_picked":["Guardian:Recover","Guardian:ShieldCharger"],"picked":"Guardian:PiercingHide+1","floor":22},{"not_picked":["Guardian:TimeCapacitor+1","Guardian:ShieldCharger"],"picked":"Guardian:Planning","floor":25},{"not_picked":["Guardian:StasisField","Guardian:ShieldSpikes"],"picked":"Guardian:StasisStrike","floor":27},{"not_picked":["Guardian:PrimingBeam","Guardian:Gem_Red"],"picked":"Guardian:Gem_Purple","floor":28},{"not_picked":["Guardian:VentSteam","Guardian:Repulse"],"picked":"Guardian:Recover+1","floor":30}],"player_experience":45987,"relics_obtained":[{"floor":7,"key":"Happy Flower"},{"floor":27,"key":"Potion Belt"}],"event_choices":[],"is_beta":false,"boss_relics":[{"not_picked":["conspire:RunicOctahedron","Runic Pyramid"],"picked":"Philosopher\u0027s Stone"}],"items_purged_floors":[],"is_endless":false,"potions_floor_spawned":[3,12,14,20,22,28],"killed_by":"conspire:MimicChest","ascension_level":0}}