{"host":"n7gt2lywuauec2nz","time":1609231981,"event":{"mods":["2.2 Compatiblity","Act Like it!","Arknights The Spire","Aspiration","BaseMod","Better Third Choice","Colored Powertips","DeckTracker","Dota2Spire","GifTheSpireLib","Highlight Path","Hubris","Infinite Spire","Minty Spire (QoL Compilation)","Quick Restart","Random Character Button","Relic Sorter","Replay The Spire","Retaliation","StSLib","Synergy Search","The Alterego","The Caster","The Dragon Tamer","The Hierophant","The IronCluck","The Marked","TheWitcher","Yakumo Yukari mod"],"gold_per_floor":[119,119,139,26,26,58,58,93,93,128,128,142,167,180,180,275,275,287,287,131,143,53,53,53,53,78,98,98,17,28,62,62,62,62],"floor_reached":33,"playtime":1582,"items_purged":["theMarked:Defend","theMarked:Defend"],"score":341,"play_id":"b4393c32-7706-40ab-8b5f-a851978fc61c","local_time":"20201229005301","is_ascension_mode":false,"campfire_choices":[{"floor":7,"key":"REST"},{"floor":11,"key":"REST"},{"data":"theMarked:RogueSparks","floor":15,"key":"SMITH"},{"data":"theMarked:ChannelForce","floor":23,"key":"SMITH"},{"data":"hubris:InfiniteBlow+6","floor":25,"key":"SMITH"},{"floor":32,"key":"REST"}],"circlet_count":0,"master_deck":["theMarked:Strike","theMarked:Strike","theMarked:Strike","theMarked:Strike","theMarked:Strike","theMarked:SoldierOfQuellstein","theMarked:KeepCalmAndFightOn","theMarked:ComboAttacks+1","theMarked:ParalyzingBlade","theMarked:RogueSparks+1","theMarked:DeterminationOfTheMarked","theMarked:Opportunist","theMarked:ReduceFriction","theMarked:ChainLightning","theMarked:ChannelForce+1","theMarked:EnhanceMovement","theMarked:SelfDefenseTraining","theMarked:GodGivenPower","theMarked:CreepingChasm+1","theMarked:ReduceFriction+1","theMarked:ParalyzingBlade+1","theMarked:Levitate+1","hubris:InfiniteBlow+7","theMarked:ComboAttacks","theMarked:BindingBlade"],"relics":["theMarked:BronzeBlade","ats:Originium","Replay:Ringing Soul","ats:Originium","infinitespire:Satchel","Meat on the Bone","ats:Originium","Lantern","ats:Originium","aspiration:SeaSaltIceCream","Ice Cream","Orrery","hubris:FunFungus","Dota2Spire:BattleFury"],"acts_visited":["Exordium","TheCity"],"potions_floor_usage":[10,13,14,31,33],"damage_taken":[{"damage":0,"enemies":"Small Slimes","floor":1,"turns":3},{"damage":10,"enemies":"infinitespire:Voidling","floor":3,"turns":4},{"damage":31,"enemies":"Gremlin Nob","floor":6,"turns":5},{"damage":17,"enemies":"Replay:BlueRogue","floor":8,"turns":5},{"damage":9,"enemies":"3 Sentries","floor":10,"turns":4},{"damage":15,"enemies":"Cultist","floor":12,"turns":4},{"damage":13,"enemies":"Lagavulin","floor":13,"turns":4},{"damage":5,"enemies":"Looter","floor":14,"turns":3},{"damage":33,"enemies":"The Guardian","floor":16,"turns":8},{"damage":27,"enemies":"3 Byrds","floor":18,"turns":4},{"damage":10,"enemies":"Chosen","floor":21,"turns":3},{"damage":16,"enemies":"Snake Plant","floor":27,"turns":2},{"damage":3,"enemies":"Snecko","floor":30,"turns":3},{"damage":45,"enemies":"Book of Stabbing","floor":31,"turns":4},{"damage":83,"enemies":"hubris:MusketHawk","floor":33,"turns":6}],"seed_played":"-5954285117365467561","potions_obtained":[{"floor":8,"key":"AttackPotion"},{"floor":12,"key":"ColorlessPotion"},{"floor":13,"key":"DuplicationPotion"},{"floor":27,"key":"BlessingOfTheForge"},{"floor":31,"key":"Block Potion"}],"is_trial":false,"path_per_floor":["M","?","M","$","?","E","R","E","T","E","R","M","E","M","R","B",null,"M","?","$","M","?","R","AVR","R","T","M","?","$","M","E","R","B"],"character_chosen":"THE_DEFAULT","items_purchased":["theMarked:ComboAttacks","Orrery","theMarked:BindingBlade"],"campfire_rested":3,"item_purchase_floors":[4,20,29],"current_hp_per_floor":[77,77,71,71,71,43,67,53,53,47,72,60,50,60,60,42,98,74,77,80,73,73,73,76,76,76,63,63,66,63,30,65,0,0],"gold":62,"neow_bonus":"TEN_PERCENT_HP_BONUS","is_daily":false,"chose_seed":false,"campfire_upgraded":3,"win_rate":0.0,"timestamp":1609231981,"path_taken":["M","?","?","$","?","E","R","E","T","E","R","M","E","M","R","BOSS","M","?","?","M","?","R","AVR","R","T","?","?","?","?","E","R","BOSS"],"items_purchased_type":["Card","Relic","Card"],"build_version":"2020-12-22","purchased_purges":2,"victory":false,"max_hp_per_floor":[77,77,77,77,77,80,80,83,83,86,86,89,92,95,95,98,98,101,104,107,110,110,110,113,113,113,116,116,119,119,119,119,119,119],"card_choices":[{"not_picked":["theMarked:Parkour","theMarked:WastefulAttack"],"picked":"theMarked:KeepCalmAndFightOn","floor":1},{"not_picked":["theMarked:WastefulDefense","theMarked:Convert","theMarked:EmpowerWeapon"],"picked":"SKIP","floor":3},{"not_picked":["theMarked:BanishingStrike","theMarked:Parkour"],"picked":"theMarked:ParalyzingBlade","floor":6},{"not_picked":["theMarked:EmpowerWeapon","theMarked:HeightenedSenses"],"picked":"theMarked:RogueSparks","floor":8},{"not_picked":["theMarked:Frustration","theMarked:WardOff"],"picked":"theMarked:DeterminationOfTheMarked","floor":10},{"not_picked":["theMarked:Parkour","theMarked:TakeCover"],"picked":"theMarked:Opportunist","floor":12},{"not_picked":["theMarked:Reabsorb","theMarked:Indomitable"],"picked":"theMarked:ReduceFriction","floor":13},{"not_picked":["theMarked:WardOff","theMarked:EmpowerWeapon"],"picked":"theMarked:ChainLightning","floor":14},{"not_picked":["theMarked:TurnInvisible","theMarked:FavorableWinds"],"picked":"theMarked:ChannelForce","floor":16},{"not_picked":["theMarked:ResourceFulStrike","theMarked:EmpowerWeapon"],"picked":"theMarked:EnhanceMovement","floor":18},{"not_picked":["theMarked:Overthink+1","theMarked:WastefulDefense+1"],"picked":"theMarked:GodGivenPower","floor":20},{"not_picked":["theMarked:Electrocute","theMarked:Reabsorb+1"],"picked":"theMarked:CreepingChasm+1","floor":20},{"not_picked":["theMarked:WardOff","theMarked:HeightenedSenses+1"],"picked":"theMarked:ReduceFriction+1","floor":20},{"not_picked":["theMarked:PowerFlow","theMarked:Reabsorb"],"picked":"theMarked:ParalyzingBlade+1","floor":20},{"not_picked":["theMarked:Opportunist","theMarked:TwofoldDefense"],"picked":"theMarked:Levitate","floor":21},{"not_picked":["theMarked:EmpowerWeapon","theMarked:Improvise"],"picked":"theMarked:ComboAttacks","floor":27},{"not_picked":["theMarked:ResourceFulStrike","theMarked:ElectricStrings","theMarked:ShockingTouch"],"picked":"SKIP","floor":30},{"not_picked":["theMarked:WardOff","theMarked:TwofoldDefense","theMarked:Reabsorb"],"picked":"SKIP","floor":31}],"player_experience":177529,"relics_obtained":[{"floor":6,"key":"ats:Originium"},{"floor":6,"key":"Replay:Ringing Soul"},{"floor":8,"key":"ats:Originium"},{"floor":8,"key":"infinitespire:Satchel"},{"floor":9,"key":"Meat on the Bone"},{"floor":10,"key":"ats:Originium"},{"floor":10,"key":"Lantern"},{"floor":13,"key":"ats:Originium"},{"floor":13,"key":"aspiration:SeaSaltIceCream"},{"floor":31,"key":"Dota2Spire:BattleFury"}],"event_choices":[{"cards_removed":["theMarked:Defend"],"damage_healed":0,"gold_gain":0,"player_choice":"Offered Basic","damage_taken":0,"max_hp_gain":0,"max_hp_loss":0,"event_name":"Bonfire Elementals","floor":2,"gold_loss":0},{"damage_healed":0,"gold_gain":0,"player_choice":"1 cards matched","damage_taken":0,"max_hp_gain":0,"max_hp_loss":0,"event_name":"Match and Keep!","floor":19,"gold_loss":0,"cards_obtained":["theMarked:SelfDefenseTraining"]},{"cards_removed":["theMarked:Defend"],"damage_healed":0,"gold_gain":0,"player_choice":"Upgrade and Remove","damage_taken":0,"max_hp_gain":0,"max_hp_loss":0,"event_name":"Designer","floor":22,"gold_loss":90,"cards_upgraded":["theMarked:Levitate"]}],"is_beta":false,"boss_relics":[{"not_picked":["Ectoplasm","SlaversCollar"],"picked":"theMarked:BronzeBlade"}],"items_purged_floors":[4,24],"is_endless":false,"potions_floor_spawned":[8,12,13,27,31],"killed_by":"hubris:MusketHawk","ascension_level":0}}