{"host":"c95txy58ipbu969e","time":1609244111,"event":{"mods":["Act Like it!","BaseMod","Downfall","Minty Spire (QoL Compilation)","Quick Restart","StSLib"],"gold_per_floor":[99,99,19,19,34,34,61,61,61,88,103,103,28,28,45,122,122,122,140,140,140,125,160,208,193,193,204,304,304,304,316,329,329,329,329],"floor_reached":33,"playtime":2389,"items_purged":[],"score":518,"play_id":"4125bd62-563b-44db-8d59-85739f894348","local_time":"20201229201511","is_ascension_mode":true,"campfire_choices":[{"data":"hexamod:Float","floor":1.0,"key":"SMITH"},{"data":"hexamod:EmpoweredFlame","floor":6.0,"key":"SMITH"},{"data":"hexamod:GhostOfSpirePast","floor":8.0,"key":"SMITH"},{"floor":13.0,"key":"REST"},{"data":"hexamod:ApocalypticArmor","floor":18.0,"key":"SMITH"},{"floor":26.0,"key":"REST"},{"floor":30.0,"key":"REST"}],"circlet_count":0,"master_deck":["AscendersBane","hexamod:Strike+1","hexamod:Strike+1","hexamod:Strike+1","hexamod:Defend","hexamod:Defend+1","hexamod:Defend+1","hexamod:Defend+1","hexamod:Sear+1","hexamod:Float+1","hexamod:SpectersWail+1","hexamod:Hexaguard","hexamod:GhostOfSpirePast+1","hexamod:EmpoweredFlame+1","hexamod:FastForward+1","hexamod:SixthSeal","hexamod:AdvancingGuard","hexamod:FourthSeal","hexamod:ApocalypticArmor+1","hexamod:StepThrough","hexamod:FirstSeal","hexamod:Again+1","hexamod:TimeOfNeed"],"relics":["hexamod:SpiritBrand","downfall:HeartsMalice","Letter Opener","downfall:HeartBlessingBlue","Philosopher\u0027s Stone","hexamod:BolsterEngine","Orichalcum","Frozen Egg 2","hexamod:SoulConsumer"],"acts_visited":["Exordium","TheCity"],"potions_floor_usage":[32,32,33],"damage_taken":[{"damage":0.0,"enemies":"Cultist","floor":2.0,"turns":1.0},{"damage":0.0,"enemies":"downfall:FleeingMerchant","floor":3.0,"turns":1.0},{"damage":0.0,"enemies":"Small Slimes","floor":4.0,"turns":1.0},{"damage":1.0,"enemies":"2 Louse","floor":5.0,"turns":3.0},{"damage":25.0,"enemies":"3 Sentries","floor":10.0,"turns":9.0},{"damage":7.0,"enemies":"Blue Slaver","floor":11.0,"turns":4.0},{"damage":10.0,"enemies":"Large Slime","floor":15.0,"turns":5.0},{"damage":31.0,"enemies":"downfall:Silent","floor":16.0,"turns":12.0},{"damage":10.0,"enemies":"Spheric Guardian","floor":19.0,"turns":5.0},{"damage":0.0,"enemies":"downfall:FleeingMerchant","floor":22.0,"turns":4.0},{"damage":29.0,"enemies":"Book of Stabbing","floor":23.0,"turns":6.0},{"damage":0.0,"enemies":"downfall:FleeingMerchant","floor":25.0,"turns":4.0},{"damage":0.0,"enemies":"3 Byrds","floor":27.0,"turns":3.0},{"damage":26.0,"enemies":"downfall:Defect","floor":28.0,"turns":5.0},{"damage":35.0,"enemies":"Shelled Parasite and Fungi","floor":31.0,"turns":4.0},{"damage":10,"enemies":"Sentry and Sphere","floor":32,"turns":5},{"damage":23,"enemies":"downfall:Ironclad","floor":33,"turns":5}],"seed_played":"-2456803391082308196","potions_obtained":[{"floor":5.0,"key":"PowerPotion"},{"floor":10.0,"key":"SkillPotion"},{"floor":11.0,"key":"Regen Potion"},{"floor":15.0,"key":"PowerPotion"},{"floor":16.0,"key":"Swift Potion"},{"floor":19.0,"key":"EntropicBrew"},{"floor":22.0,"key":"Slimebound:ThreeZeroPotion"},{"floor":23.0,"key":"Guardian:BlockOnCardUsePotion"},{"floor":23.0,"key":"DistilledChaos"},{"floor":25.0,"key":"SteroidPotion"},{"floor":27.0,"key":"AttackPotion"},{"floor":28.0,"key":"Fire Potion"},{"floor":31.0,"key":"Fire Potion"},{"floor":32,"key":"Swift Potion"}],"is_trial":false,"path_per_floor":["R","M","$","M","M","R","T","R","?","E","M","?","R","?","M","B",null,"R","M","?","?","$","E","T","$","R","M","?","?","R","M","M","B"],"character_chosen":"THE_SPIRIT","items_purchased":["hexamod:GhostOfSpirePast"],"campfire_rested":3,"item_purchase_floors":[3],"current_hp_per_floor":[57,57,57,57,56,56,56,56,56,31,24,24,55,55,45,14,58,58,48,48,48,48,19,19,19,40,40,21,21,42,14,11,0,0,0],"gold":329,"neow_bonus":"THREE_ENEMY_KILL","is_daily":false,"chose_seed":false,"campfire_upgraded":4,"win_rate":0.0,"timestamp":1609244111,"path_taken":["R","M","?","M","M","R","T","R","?","E","?","?","R","?","M","BOSS","R","M","?","?","$","E","T","$","R","M","?","?","R","M","M","BOSS"],"items_purchased_type":["Card"],"build_version":"2020-12-22","purchased_purges":0,"victory":false,"max_hp_per_floor":[63,63,63,63,63,63,63,63,63,63,63,63,73,73,73,73,73,73,73,73,73,73,73,73,73,73,73,73,73,73,73,73,73,73,73],"card_choices":[{"not_picked":["hexamod:HeatMetal","hexamod:SpectersWail","hexamod:HeatShield"],"picked":"SKIP","floor":2.0},{"not_picked":["hexamod:HeatMetal","hexamod:HeatShield"],"picked":"hexamod:SpectersWail","floor":2.0},{"not_picked":["hexamod:PhantomCloak","hexamod:NightmareStrike"],"picked":"hexamod:Hexaguard","floor":3.0},{"not_picked":["hexamod:BurningTouch","hexamod:HeatMetal"],"picked":"hexamod:EmpoweredFlame","floor":4.0},{"not_picked":["hexamod:PhantomFireball","hexamod:NightmareGuise"],"picked":"hexamod:FastForward","floor":5.0},{"not_picked":["hexamod:HeatMetal","hexamod:SpectralAdrenaline"],"picked":"hexamod:AdvancingGuard","floor":10.0},{"not_picked":["hexamod:SoulSteal","hexamod:ThermalTransfer","hexamod:PhantomCloak"],"picked":"SKIP","floor":11.0},{"not_picked":["hexamod:SwordOfDarkness","hexamod:ApocalypticArmor","hexamod:BurningTouch"],"picked":"SKIP","floor":15.0},{"not_picked":["hexamod:GiftsFromTheDead","hexamod:ParanormalForm"],"picked":"hexamod:ApocalypticArmor","floor":16.0},{"not_picked":["hexamod:GhostLash","hexamod:FourthSeal"],"picked":"hexamod:StepThrough","floor":19.0},{"not_picked":["hexamod:RainOfEmbers","hexamod:SwordOfDarkness","hexamod:GhostShield"],"picked":"SKIP","floor":22.0},{"not_picked":["hexamod:NightmareStrike","hexamod:PhantomFireball","hexamod:BacktrackSmack"],"picked":"SKIP","floor":23.0},{"not_picked":["hexamod:HeatCrush","hexamod:RainOfEmbers","hexamod:GhostOfSpirePresent"],"picked":"SKIP","floor":25.0},{"not_picked":["hexamod:GhostOfSpireFuture","hexamod:SecondSeal"],"picked":"hexamod:FirstSeal","floor":27.0},{"not_picked":["hexamod:Hexaguard","hexamod:BacktrackSmack"],"picked":"hexamod:Again","floor":28.0},{"not_picked":["hexamod:BurningTouch","hexamod:Firestarter","hexamod:ThermalTransfer+1"],"picked":"SKIP","floor":31.0},{"not_picked":["hexamod:GhostLash","hexamod:SpectersWail"],"picked":"hexamod:TimeOfNeed","floor":32}],"player_experience":457243,"relics_obtained":[{"floor":10.0,"key":"Letter Opener"},{"floor":23.0,"key":"hexamod:BolsterEngine"},{"floor":24.0,"key":"Orichalcum"},{"floor":28.0,"key":"Frozen Egg 2"},{"floor":28.0,"key":"hexamod:SoulConsumer"}],"event_choices":[{"cards_removed":["hexamod:Strike"],"damage_healed":0.0,"max_hp_gain":0.0,"max_hp_loss":0.0,"gold_gain":0.0,"event_name":"Living Wall","player_choice":"Forget","floor":14.0,"gold_loss":0.0,"damage_taken":0.0},{"damage_healed":0.0,"max_hp_gain":0.0,"max_hp_loss":0.0,"gold_gain":0.0,"event_name":"Vampires","player_choice":"Ignored","floor":29.0,"gold_loss":0.0,"damage_taken":0.0}],"is_beta":false,"boss_relics":[{"not_picked":["Snecko Eye","Busted Crown"],"picked":"Philosopher\u0027s Stone"}],"items_purged_floors":[],"is_endless":false,"potions_floor_spawned":[5,10,11,23,27,31],"killed_by":"downfall:Ironclad","ascension_level":20}}