{"host":"ky7z67tg8zpdk0g7","time":1609230051,"event":{"mods":["BaseMod","Better Third Choice","CapriCore","Displayed Cursed Tome","Energized Spire","Halation","Hubris","Minty Spire (QoL Compilation)","Replay The Spire","Shop Mod","StSLib"],"gold_per_floor":[110,110,122,122,142,142,154,154,177,194,222,235,235,261,261,366,366,382,157,157,170,22,48,48,83,83,83,23,40,74,84,84,189,189,209,209,209,220,220,220,37,37,37,57,57,89,89,101,101,101,101,101,52,84,84],"floor_reached":56,"playtime":2957,"items_purged":["Strike_B","Strike_B"],"score":1343,"play_id":"2b4906a5-b56a-4751-9fa4-1f9a3098bbd8","local_time":"20201229152051","is_ascension_mode":true,"campfire_choices":[{"data":"Chaos","floor":6,"key":"SMITH"},{"data":"Double Energy","floor":8,"key":"SMITH"},{"floor":13,"key":"REST"},{"floor":15,"key":"REST"},{"floor":32,"key":"REST"},{"floor":40,"key":"RECALL"},{"data":"ReplayTheSpireMod:Calculation Training","floor":42,"key":"SMITH"},{"data":"Electrodynamics","floor":45,"key":"SMITH"},{"floor":49,"key":"REST"},{"data":"Biased Cognition","floor":52,"key":"SMITH"}],"circlet_count":0,"master_deck":["Defend_B","Defend_B","Defend_B","Defend_B","Zap","Dualcast","Ball Lightning","FIFO Queue","Chaos+1","Double Energy+1","Leap","Lockon","Crystallizer","Seek+1","Coolheaded","Redo","Biased Cognition+1","ReplayTheSpireMod:Calculation Training+1","Panic Button","FIFO Queue+1","Static Discharge+1","BasicCrystalCard+1","Loop+1","Electrodynamics+1","AbeCurse","Glacier+1","Panic Button"],"relics":["FrozenCore","Garlic","Replay:Mystery Machine","halation:PrussianBluePaint","Incense Burner","Strange Spoon","Replay:Antivirus Software","Centennial Puzzle","hubris:Icosahedron","Mirror","Dead Branch","Prayer Wheel","MealTicket","Abe\u0027s Treasure","halation:EternalFortune","Replay:Wax Seal","Eternal Feather","Solar Panel"],"acts_visited":["Exordium","TheCity","TheBeyond","TheEnding"],"potions_floor_usage":[11,14,29,29,55,55,55],"damage_taken":[{"damage":0,"enemies":"2 Louse","floor":1,"turns":2},{"damage":6,"enemies":"Jaw Worm","floor":3,"turns":3},{"damage":4,"enemies":"Cultist","floor":5,"turns":4},{"damage":0,"enemies":"Gremlin Gang","floor":7,"turns":4},{"damage":3,"enemies":"Blue Slaver","floor":10,"turns":3},{"damage":31,"enemies":"Gremlin Nob","floor":11,"turns":4},{"damage":7,"enemies":"Lots of Slimes","floor":12,"turns":4},{"damage":16,"enemies":"Lagavulin","floor":14,"turns":5},{"damage":27,"enemies":"The Guardian","floor":16,"turns":11},{"damage":0,"enemies":"Chosen","floor":18,"turns":7},{"damage":32,"enemies":"3 Byrds","floor":21,"turns":5},{"damage":7,"enemies":"Slavers","floor":23,"turns":9},{"damage":1,"enemies":"Book of Stabbing","floor":25,"turns":7},{"damage":8,"enemies":"3 Cultists","floor":29,"turns":6},{"damage":40,"enemies":"Gremlin Leader","floor":30,"turns":5},{"damage":4,"enemies":"Snecko","floor":31,"turns":5},{"damage":0,"enemies":"Automaton","floor":33,"turns":13},{"damage":4,"enemies":"Orb Walker","floor":35,"turns":5},{"damage":0,"enemies":"3 Shapes","floor":38,"turns":3},{"damage":10,"enemies":"3 Darklings","floor":44,"turns":3},{"damage":15,"enemies":"Giant Head","floor":46,"turns":7},{"damage":15,"enemies":"Spire Growth","floor":48,"turns":5},{"damage":6,"enemies":"Time Eater","floor":50,"turns":26},{"damage":27,"enemies":"Shield and Spear","floor":54,"turns":10},{"damage":51,"enemies":"The Heart","floor":55,"turns":11}],"seed_played":"7782571585656540191","potions_obtained":[{"floor":5,"key":"Reflective Coating"},{"floor":7,"key":"Swift Potion"},{"floor":12,"key":"SkillPotion"},{"floor":21,"key":"LiquidMemories"},{"floor":25,"key":"SkillPotion"},{"floor":29,"key":"EssenceOfSteel"},{"floor":30,"key":"Elixir"},{"floor":48,"key":"SpeedPotion"}],"is_trial":false,"path_per_floor":["M","?","M","T","M","R","M","R","T","M","E","M","R","E","R","B",null,"M","$","?","M","$","E","?","E","T","?","$","M","E","M","R","B",null,"M","?","?","M","?","R","$","R","T","M","R","E","?","M","R","B",null,"R","$","E","B",null],"character_chosen":"DEFECT","items_purchased":["Strange Spoon","Replay:Antivirus Software","FIFO Queue+1","Replay:Wax Seal","FocusPotion"],"campfire_rested":4,"item_purchase_floors":[19,22,28,41,53],"current_hp_per_floor":[75,75,69,69,65,65,65,65,65,62,31,24,46,30,52,25,75,75,75,75,43,43,36,36,35,35,85,85,77,37,33,58,58,85,81,84,84,84,84,84,88,88,88,78,78,63,63,48,84,78,84,84,84,57,22],"gold":84,"neow_bonus":"RANDOM_EVENT","is_daily":false,"chose_seed":false,"campfire_upgraded":5,"win_rate":0.0,"timestamp":1609230051,"path_taken":["M","?","M","?","M","R","?","R","T","?","E","M","R","E","R","BOSS","M","$","?","?","$","E","?","E","T","?","$","M","E","?","R","BOSS","M","?","?","?","?","R","$","R","T","M","R","E","?","?","R","BOSS","R","$","E","BOSS"],"items_purchased_type":["Relic","Relic","Card","Relic","Potion"],"build_version":"2020-12-22","purchased_purges":2,"victory":true,"max_hp_per_floor":[75,75,75,75,75,75,75,75,75,75,75,75,75,75,75,75,75,75,75,75,75,75,75,75,75,75,85,85,85,85,85,85,85,85,85,88,88,88,88,88,88,88,88,88,88,88,84,84,84,84,84,84,84,84,84],"card_choices":[{"not_picked":["Compile Driver","Go for the Eyes"],"picked":"FIFO Queue","floor":1},{"not_picked":["Beam Cell","Coolheaded"],"picked":"Double Energy","floor":3},{"not_picked":["Go for the Eyes","Steam"],"picked":"Leap","floor":5},{"not_picked":["Stack","Hello World"],"picked":"Lockon","floor":7},{"not_picked":["Gash","Time Bomb"],"picked":"Crystallizer","floor":10},{"not_picked":["Turbo","ReplayTheSpireMod:GoodbyeWorld"],"picked":"Seek","floor":11},{"not_picked":["Ball Lightning","Steam"],"picked":"Coolheaded","floor":12},{"not_picked":["Streamline","Ball Lightning"],"picked":"Redo","floor":14},{"not_picked":["hubris:DoWhile","Amplify"],"picked":"Biased Cognition","floor":16},{"not_picked":["FTL","Ball Lightning","Compile Driver"],"picked":"SKIP","floor":18},{"not_picked":["Auto Shields","Turbo"],"picked":"ReplayTheSpireMod:Calculation Training","floor":21},{"not_picked":["Gash+1","Compile Driver"],"picked":"Panic Button","floor":23},{"not_picked":["ReplaySort","Genetic Algorithm"],"picked":"Machine Learning","floor":25},{"not_picked":["Stack+1","Conserve Battery"],"picked":"Static Discharge+1","floor":29},{"not_picked":["Recycle","Go for the Eyes+1","Hologram"],"picked":"SKIP","floor":29},{"not_picked":["Conserve Battery+1","Compile Driver"],"picked":"BasicCrystalCard+1","floor":30},{"not_picked":["Gash","Panic Button+1"],"picked":"Loop+1","floor":31},{"not_picked":["BasicCrystalCard","Turbo","Stack+1"],"picked":"SKIP","floor":31},{"not_picked":["Core Surge","Hyperbeam"],"picked":"Electrodynamics","floor":33},{"not_picked":["ReplayTheSpireMod:System Scan","Capacitor+1"],"picked":"Glacier+1","floor":35},{"not_picked":["Cold Snap","Barrage","FIFO Queue"],"picked":"SKIP","floor":35},{"not_picked":["Ball Lightning+1","Double Energy","Cold Snap+1"],"picked":"SKIP","floor":38},{"not_picked":["Redo","FIFO Queue","Skim+1"],"picked":"SKIP","floor":38},{"not_picked":["Conserve Battery","Lockon+1","Compile Driver+1"],"picked":"SKIP","floor":44},{"not_picked":["FTL","Sweeping Beam+1","Ball Lightning+1"],"picked":"SKIP","floor":44},{"not_picked":["Streamline+1","Barrage+1","ReplayTheSpireMod:System Scan"],"picked":"SKIP","floor":46},{"not_picked":["ReplaySolidLightProjector+1","Leap"],"picked":"Panic Button","floor":48},{"not_picked":["Fusion","Aggregate","Rebound"],"picked":"SKIP","floor":48},{"not_picked":["Turbo","Stack+1","Doom and Gloom"],"picked":"SKIP","floor":54}],"player_experience":48405,"relics_obtained":[{"floor":4,"key":"Garlic"},{"floor":9,"key":"Replay:Mystery Machine"},{"floor":11,"key":"halation:PrussianBluePaint"},{"floor":14,"key":"Incense Burner"},{"floor":23,"key":"Centennial Puzzle"},{"floor":25,"key":"Mirror"},{"floor":26,"key":"Dead Branch"},{"floor":30,"key":"MealTicket"},{"floor":46,"key":"Eternal Feather"},{"floor":54,"key":"Solar Panel"}],"event_choices":[{"damage_healed":0,"gold_gain":0,"cards_transformed":["Strike_B"],"player_choice":"Change","damage_taken":0,"max_hp_gain":0,"max_hp_loss":0,"event_name":"Living Wall","floor":0,"gold_loss":0,"cards_obtained":["Ball Lightning"]},{"damage_healed":0,"gold_gain":0,"player_choice":"Upgraded","damage_taken":0,"max_hp_gain":0,"max_hp_loss":0,"event_name":"Upgrade Shrine","floor":20,"gold_loss":0,"cards_upgraded":["Seek"]},{"cards_removed":["Machine Learning"],"damage_healed":40,"gold_gain":0,"player_choice":"Offered Rare","damage_taken":0,"max_hp_gain":10,"max_hp_loss":0,"event_name":"Bonfire Elementals","floor":27,"gold_loss":0},{"cards_removed":["Strike_B"],"damage_healed":0,"gold_gain":0,"player_choice":"Purged","damage_taken":0,"max_hp_gain":0,"max_hp_loss":0,"event_name":"Purifier","floor":37,"gold_loss":0},{"damage_healed":0,"gold_gain":0,"player_choice":"Memory 1","damage_taken":0,"max_hp_gain":0,"max_hp_loss":0,"event_name":"SensoryStone","floor":39,"gold_loss":0},{"damage_healed":0,"gold_gain":0,"player_choice":"Max HP","damage_taken":0,"max_hp_gain":0,"max_hp_loss":4,"event_name":"Winding Halls","floor":47,"gold_loss":0}],"is_beta":false,"boss_relics":[{"not_picked":["hubris:CrackedHourglass","Busted Crown"],"picked":"FrozenCore"},{"not_picked":["halation:Risk","Honey Jar"],"picked":"Abe\u0027s Treasure"}],"items_purged_floors":[19,41],"is_endless":false,"potions_floor_spawned":[5,7,12,21,25,29,30,48],"ascension_level":1}}