{"host":"2b0fqapnd02ydmuo","time":1609272168,"event":{"mods":["AchievementEnabler","Aspiration","BaseMod","Better Altar","Better Match","Better Note","Better Sensory Stone","Better Skull","Better Third Choice","BetterRewards","CCEM","Clawfect","Colored Map","Conspire","GifTheSpireLib","Googly Eyes","Halation","Highlight Path","Hubris","Infinite Spire","Jedi Mod","Jorbs\u0027s Wanderer Trilogy","Marisa????????","Mimic Mod","Minty Spire (QoL Compilation)","Permanent Neow","Replay The Spire","Shade Mod","Shop Mod","Spicy Shops","StSLib","Stuff the Spire","The Blackbeard","The Bug Knight","The Elementalist","The Jungle","Unceasing Turn Reminder","everything is the same but u backflip on backflip","slay the spire mod where everything is the same but ironclad has a cowboy hat"],"gold_per_floor":[117,77,77,94,107,136,136,165,165,165,9,0,16,44,44,144,144,164,183,145,145,145,177,194,211,266,266,292,292,323,523,523,627,627,646,112,131,146,183,183,193,193,226,226,276,276,276,276,276,276,276],"floor_reached":50,"playtime":2701,"items_purged":["StuffTheSpire:Perfection"],"score":689,"play_id":"83ec017e-5533-41f2-9d7f-0594aea0c335","local_time":"20201229210248","is_ascension_mode":false,"campfire_choices":[{"data":"Shade:OfferingToTheBeyond","floor":7,"key":"SMITH"},{"floor":15,"key":"REST"},{"floor":27,"key":"REST"},{"floor":32,"key":"REST"},{"data":"Shade:PressTheAttack","floor":40,"key":"SMITH"},{"data":"Shade:OpenGraves","floor":42,"key":"SMITH"},{"data":"Shade:AnimateDead","floor":44,"key":"SMITH"},{"data":"Shade:FleshToFlesh","floor":49,"key":"SMITH"}],"circlet_count":0,"master_deck":["Shade:Strike_Shade","Shade:Strike_Shade","Shade:Strike_Shade","Shade:Strike_Shade","Shade:Defend_Shade+1","Shade:Defend_Shade","Shade:Defend_Shade","Shade:Defend_Shade","Shade:AnimateDead+1","Shade:CarefulCut","Shade:Bonestorm","Shade:FleshToFlesh","Shade:FleshToFlesh+1","Shade:FingerOfDeath+1","Shade:OfferingToTheBeyond+1","Shade:Trample+1","Shade:OpenGraves+1","Enlightenment+1","Shade:OpenGraves+1","Shade:LoseControl","Shade:Brains+1","Shade:CloudOfShrapnel+1","Shade:FingerOfDeath+1","Shade:Carnophage+1","Shade:Bite_Shade+1","Shade:AncientSpear+1","Shade:PressTheAttack+1","Shade:Trample+1","Shade:FuneraryJewels","Shade:StitchTogether+1","Shade:FingerOfDeath","Shade:FingerOfDeath+1"],"relics":["Shade:YorickSkull","NeowsBlessing","halation:PinkSoulGem","jedi:Pinwheel","HornCleat","conspire:DeflatedDodgeball","Lantern","Replay:Bottled Steam","Sozu","Happy Flower","Replay:Rubber Ducky","StuffTheSpire:GrapeVine","jedi:shrinkray","hubris:Stopwatch","halation:PromiseList","halation:LostSnail","StuffTheSpire:Gunfinga","MerchantsRug","hubris:BundleOfHerbs","halation:BlackBeret","Ginger","ReplayFunnel"],"acts_visited":["Exordium","TheCity","TheBeyond"],"potions_floor_usage":[16,30],"damage_taken":[{"damage":0,"enemies":"Small Slimes","floor":1,"turns":1},{"damage":0,"enemies":"Jaw Worm","floor":4,"turns":1},{"damage":0,"enemies":"Cultist","floor":5,"turns":1},{"damage":2,"enemies":"3 Sentries","floor":6,"turns":11},{"damage":17,"enemies":"Gremlin Nob","floor":8,"turns":5},{"damage":0,"enemies":"2 Fungi Beasts","floor":13,"turns":3},{"damage":0,"enemies":"Lagavulin","floor":14,"turns":6},{"damage":12,"enemies":"Slime Boss","floor":16,"turns":4},{"damage":0,"enemies":"Spheric Guardian","floor":18,"turns":4},{"damage":8,"enemies":"Chosen","floor":19,"turns":6},{"damage":36,"enemies":"Gremlin Leader","floor":23,"turns":12},{"damage":0,"enemies":"Shelled Parasite and Fungi","floor":24,"turns":6},{"damage":0,"enemies":"3 Cultists","floor":25,"turns":5},{"damage":29,"enemies":"Slavers","floor":28,"turns":9},{"damage":0,"enemies":"Gremlin Leader","floor":30,"turns":6},{"damage":3,"enemies":"hubris:MusketHawk","floor":33,"turns":11},{"damage":0,"enemies":"3 Shapes","floor":35,"turns":5},{"damage":0,"enemies":"Orb Walker","floor":37,"turns":3},{"damage":4,"enemies":"4 Shapes","floor":38,"turns":4},{"damage":0,"enemies":"Writhing Mass","floor":39,"turns":8},{"damage":15,"enemies":"Writhing Mass","floor":41,"turns":6},{"damage":0,"enemies":"Spire Growth","floor":43,"turns":10},{"damage":0,"enemies":"Mind Bloom Boss Battle","floor":45,"turns":6},{"damage":95,"enemies":"conspire:OrnateMirror","floor":50,"turns":9}],"seed_played":"-3083611062259456084","potions_obtained":[{"floor":1,"key":"jedi:wingpotion"},{"floor":4,"key":"DuplicationPotion"},{"floor":8,"key":"Death Potion"}],"is_trial":false,"path_per_floor":["M","$","?","M","M","E","R","E","T","?","$","?","M","E","R","B",null,"M","M","$","?","?","E","M","M","T","R","E","?","E","?","R","B",null,"M","$","M","M","MIM","R","M","R","MIM","R","?","?","?","T","R","B"],"character_chosen":"SHADE","items_purchased":["Shade:FleshToFlesh","Shade:OpenGraves","Lantern","Replay:Wax Seal","halation:PromiseList","halation:LostSnail","StuffTheSpire:Gunfinga","MerchantsRug"],"campfire_rested":3,"item_purchase_floors":[2,11,11,20,36,36,36,36],"current_hp_per_floor":[65,65,65,65,65,63,63,46,46,33,33,39,39,39,60,48,71,71,63,63,52,52,16,16,16,16,37,14,14,14,14,35,35,71,71,71,71,70,71,71,56,56,69,69,71,71,71,71,71,0,0],"gold":276,"neow_bonus":"THREE_ENEMY_KILL","is_daily":false,"chose_seed":false,"campfire_upgraded":5,"win_rate":0.0,"timestamp":1609272168,"path_taken":["M","$","?","M","M","E","R","E","T","?","?","?","M","E","R","BOSS","M","M","$","?","?","E","?","?","T","R","E","?","E","?","R","BOSS","M","$","M","M","?","R","M","R","MIM","R","?","?","?","?","R","BOSS"],"items_purchased_type":["Card","Card","Relic","Relic","Relic","Relic","Relic","Relic"],"build_version":"2020-12-22","purchased_purges":1,"victory":false,"max_hp_per_floor":[65,65,65,65,65,65,65,65,65,65,65,71,71,71,71,71,71,71,71,71,71,71,71,71,71,71,71,71,71,71,71,71,71,71,71,71,71,71,71,71,71,71,71,71,71,71,71,71,71,71,71],"card_choices":[{"not_picked":["Shade:Trample","Shade:SkeletonHug"],"picked":"Shade:Bonestorm","floor":1},{"not_picked":["Shade:FeralStrike","Shade:Haruspicy"],"picked":"Shade:WallOfFlesh","floor":4},{"not_picked":["Shade:ClawBack","Shade:ExtraLimbs"],"picked":"Shade:FingerOfDeath","floor":5},{"not_picked":["Shade:SkeletonHug","Shade:ClawBack"],"picked":"Shade:OfferingToTheBeyond","floor":6},{"not_picked":["Shade:Haruspicy","Shade:TouchOfTheGrave"],"picked":"Shade:Trample","floor":8},{"not_picked":["Shade:Haruspicy","Shade:ClawBack"],"picked":"Shade:OpenGraves","floor":13},{"not_picked":["Shade:BoneShards","Shade:FuneraryArmor","Shade:FeralStrike"],"picked":"SKIP","floor":14},{"not_picked":["Shade:DarkOfNight","Shade:OfferingToTheBeyond"],"picked":"Shade:LoseControl","floor":16},{"not_picked":["Shade:WallOfFlesh","Shade:FeralStrike"],"picked":"Shade:Brains+1","floor":18},{"not_picked":["Shade:ClawBack","Shade:AncientSpear"],"picked":"Shade:CloudOfShrapnel","floor":19},{"not_picked":["Shade:FleshToFlesh","Shade:ScuttlingHand"],"picked":"Shade:FingerOfDeath+1","floor":23},{"not_picked":["Shade:GraveStillness","Shade:Brains"],"picked":"Shade:Carnophage+1","floor":24},{"not_picked":["Shade:FreshBones","Shade:ExtraLimbs+1"],"picked":"Shade:Bite_Shade+1","floor":25},{"not_picked":["Shade:SanguineRitual","Shade:PoundOfFlesh"],"picked":"Shade:AncientSpear+1","floor":28},{"not_picked":["StuffTheSpire:CelestialWarden","StuffTheSpire:Innocence"],"picked":"StuffTheSpire:Perfection","floor":29},{"not_picked":["Shade:CallWraith","Shade:CallOfTheGrave+1","Shade:Doomsay+1"],"picked":"SKIP","floor":30},{"not_picked":["Shade:FreshBones","Shade:FingerOfDeath"],"picked":"Shade:PressTheAttack","floor":35},{"not_picked":["Shade:WallOfFlesh","Shade:TouchOfTheGrave"],"picked":"Shade:Trample+1","floor":37},{"not_picked":["Shade:GraveStillness+1","Shade:RitualOffering"],"picked":"Shade:FuneraryJewels","floor":38},{"not_picked":["Shade:PressTheAttack","Shade:PotionOfRestlessness+1"],"picked":"Shade:StitchTogether+1","floor":41},{"not_picked":["Shade:WallOfFlesh","Shade:FleshOffering+1"],"picked":"Shade:FingerOfDeath","floor":43},{"not_picked":["Shade:AncientSpear+1","Shade:GraveStillness"],"picked":"Shade:FingerOfDeath+1","floor":45}],"player_experience":84203,"relics_obtained":[{"floor":6,"key":"jedi:Pinwheel"},{"floor":8,"key":"HornCleat"},{"floor":9,"key":"conspire:DeflatedDodgeball"},{"floor":14,"key":"Replay:Bottled Steam"},{"floor":23,"key":"Happy Flower"},{"floor":26,"key":"Replay:Rubber Ducky"},{"floor":28,"key":"StuffTheSpire:GrapeVine"},{"floor":30,"key":"jedi:shrinkray"},{"floor":39,"key":"hubris:BundleOfHerbs"},{"floor":43,"key":"halation:BlackBeret"},{"floor":45,"key":"Ginger"},{"floor":48,"key":"ReplayFunnel"}],"event_choices":[{"damage_healed":46,"gold_gain":0,"player_choice":"Upgrade","damage_taken":13,"max_hp_gain":0,"max_hp_loss":65,"event_name":"betterThird:BetterShining","floor":10,"gold_loss":0,"cards_upgraded":["Shade:Trample","Shade:FingerOfDeath"]},{"damage_healed":0,"gold_gain":0,"player_choice":"RENOUNCE","damage_taken":9,"max_hp_gain":0,"max_hp_loss":0,"event_name":"betterThird:BetterSerpent","floor":12,"gold_loss":9,"cards_obtained":["Enlightenment"]},{"damage_healed":0,"gold_gain":0,"player_choice":"UP ","damage_taken":13,"relics_obtained":[],"max_hp_gain":0,"max_hp_loss":0,"event_name":"betterSkull:BetterSkull","floor":21,"gold_loss":0,"cards_upgraded":["Shade:Defend_Shade"]},{"cards_removed":["Shade:LoseControl"],"damage_healed":0,"gold_gain":0,"player_choice":"Give","damage_taken":0,"max_hp_gain":0,"max_hp_loss":0,"event_name":"betterNote:BetterNote","floor":22,"gold_loss":0,"cards_obtained":["elementalist:Defend_Elemblue"]},{"damage_healed":0,"gold_gain":250,"player_choice":"Bet on Owner","damage_taken":0,"max_hp_gain":0,"max_hp_loss":0,"event_name":"The Joust","floor":31,"gold_loss":50},{"damage_healed":0,"gold_gain":0,"player_choice":"Fight","damage_taken":0,"max_hp_gain":0,"max_hp_loss":0,"event_name":"MindBloom","floor":45,"gold_loss":0},{"damage_healed":0,"gold_gain":0,"player_choice":"Leave","damage_taken":0,"max_hp_gain":0,"max_hp_loss":0,"event_name":"conspire:Investor","floor":46,"gold_loss":0},{"cards_removed":["Shade:WallOfFlesh"],"damage_healed":0,"gold_gain":0,"player_choice":"Removed Skill","damage_taken":0,"max_hp_gain":0,"max_hp_loss":0,"event_name":"Falling","floor":47,"gold_loss":0}],"is_beta":false,"boss_relics":[{"not_picked":["hubris:TerracottaHorce","Cursed Key"],"picked":"Sozu"},{"not_picked":["Runic Pyramid","halation:HeavySnake"],"picked":"hubris:Stopwatch"}],"items_purged_floors":[36],"is_endless":false,"potions_floor_spawned":[1,4,8,23,25,28,30,35,45],"killed_by":"conspire:OrnateMirror","ascension_level":0}}