{"host":"eocn4tduyrehyy81","time":1609284384,"event":{"mods":["AchievementEnabler","Aspiration","BaseMod","BetterRewards","Custom Start","Minty Spire (QoL Compilation)","Replay The Spire","StSLib"],"gold_per_floor":[119,119,294,294,34,69,80,93,117,117,155,169,169,192,192,307,307,334,79,79,178,93,93,3,39,66,66,100,100,147,147,147,147,147,254,254,277,296,30,57,88,88,146,39,39,69,69,69,110,110,110,122,122],"floor_reached":52,"playtime":3978,"items_purged":["Doubt"],"score":929,"play_id":"1b46dfdd-7723-4046-b850-4ec48209111b","local_time":"20201229172624","is_ascension_mode":false,"campfire_choices":[{"floor":13,"key":"REST"},{"floor":15,"key":"REST"},{"data":"PathToVictory","floor":23,"key":"SMITH"},{"data":"CrushJoints","floor":27,"key":"SMITH"},{"floor":34,"key":"REST"},{"floor":42,"key":"REST"},{"floor":51,"key":"REST"}],"circlet_count":0,"master_deck":["Strike_P","Strike_P","Strike_P","Defend_P","Defend_P","Defend_P","Eruption","Vigilance","SashWhip","Bandage Up","Replay:Hum","PathToVictory","ReachHeaven","Crippling Poison","Deflect","Strike_G","Replay:DivineShield","WaveOfTheHand","PathToVictory+1","Scrawl","CurseOfTheBell","Protect+1","CrushJoints","Bandage Up","CrushJoints+1","Pot Of Greed","Pot Of Greed","Pot Of Greed","ReachHeaven","SashWhip","PathToVictory","MasterReality","Conclude+1","Consecrate","BowlingBash+1","CutThroughFate","FlyingSleeves+1","FollowUp","Pot Of Greed","ReachHeaven+1","Wallop","Doubt","ClearTheMind"],"relics":["PureWater","Juzu Bracelet","MealTicket","Mercury Hourglass","Pet Ghost","Replay:Bandana","aspiration:HiddenCompartment","Calling Bell","Anchor","aspiration:HummingbirdHeart","TungstenRod","ReplayTheSpireMod:TigerMarble","Enchiridion","Bag of Preparation","Vajra","Blood Vial","Grinning Jar","Lantern","Sozu","Strange Spoon","Pondfish Scales","Garlic"],"acts_visited":["Exordium","TheCity","TheBeyond"],"potions_floor_usage":[11,16,25,25,35],"damage_taken":[{"damage":10,"enemies":"Cultist","floor":1,"turns":5},{"damage":30,"enemies":"3 Sentries","floor":6,"turns":9},{"damage":5,"enemies":"Jaw Worm","floor":7,"turns":4},{"damage":2,"enemies":"Small Slimes","floor":8,"turns":3},{"damage":46,"enemies":"Gremlin Nob","floor":11,"turns":5},{"damage":0,"enemies":"3 Louse","floor":12,"turns":2},{"damage":9,"enemies":"Blue Slaver","floor":14,"turns":4},{"damage":11,"enemies":"Slime Boss","floor":16,"turns":8},{"damage":12,"enemies":"3 Byrds","floor":18,"turns":5},{"damage":15,"enemies":"Gremlin Leader","floor":25,"turns":7},{"damage":59,"enemies":"Pondfish","floor":35,"turns":11},{"damage":26,"enemies":"3 Darklings","floor":37,"turns":5},{"damage":0,"enemies":"Orb Walker","floor":38,"turns":2},{"damage":20,"enemies":"Spire Growth","floor":40,"turns":4},{"damage":33,"enemies":"Maw","floor":41,"turns":6},{"damage":40,"enemies":"R_Hoarder","floor":43,"turns":8},{"damage":8,"enemies":"Sphere and 2 Shapes","floor":46,"turns":5},{"damage":15,"enemies":"Transient","floor":49,"turns":5},{"damage":106,"enemies":"Time Eater","floor":52,"turns":10}],"seed_played":"2436185228977262252","potions_obtained":[{"floor":1,"key":"Strength Potion"},{"floor":6,"key":"SkillPotion"},{"floor":11,"key":"DuplicationPotion"},{"floor":16,"key":"Strength Potion"},{"floor":18,"key":"BottledMiracle"},{"floor":28,"key":"SkillPotion"}],"is_trial":false,"path_per_floor":["M","T","?","?","$","E","M","M","T","?","E","M","R","M","R","B",null,"M","$","?","?","?","R","$","E","T","R","?","?","T","PTL","PTL","?","R","B",null,"M","M","$","M","M","R","E","$","T","M","?","?","M","?","R","B"],"character_chosen":"WATCHER","items_purchased":["Juzu Bracelet","SashWhip","Bandage Up","Mercury Hourglass","ReplayTheSpireMod:TigerMarble","CrushJoints","Fire Potion","Bandage Up","Strange Spoon","BowlingBash+1","ReachHeaven","Wallop"],"campfire_rested":5,"item_purchase_floors":[0,0,0,5,19,19,19,24,39,39,44,44],"current_hp_per_floor":[62,62,62,67,77,51,50,52,52,52,10,10,33,28,51,44,77,69,77,65,65,65,65,77,66,66,66,66,66,66,66,66,66,77,26,77,56,58,73,61,38,61,31,46,46,44,44,77,66,66,77,0,0],"gold":122,"neow_bonus":"","is_daily":false,"chose_seed":false,"campfire_upgraded":2,"win_rate":0.0,"timestamp":1609284384,"path_taken":["M","?","?","?","$","E","M","M","T","?","E","M","R","M","R","BOSS","M","$","?","?","?","R","$","E","T","R","?","?","?","PTL","PTL","?","R","BOSS","M","M","$","M","M","R","E","$","T","M","?","?","M","?","R","BOSS"],"items_purchased_type":["Relic","Card","Card","Relic","Relic","Card","Potion","Card","Relic","Card","Card","Card"],"build_version":"2020-12-22","purchased_purges":1,"victory":false,"max_hp_per_floor":[72,72,72,77,77,77,77,77,77,77,77,77,77,77,77,77,77,77,77,77,77,77,77,77,77,77,77,77,77,77,77,77,77,77,77,77,77,77,77,77,77,77,77,77,77,77,77,77,77,77,77,77,77],"card_choices":[{"not_picked":["Evaluate","Meditate"],"picked":"Replay:Hum","floor":1},{"not_picked":["SignatureMove","Replay:Anticipation"],"picked":"PathToVictory","floor":6},{"not_picked":["Sanctity","Tantrum"],"picked":"Perseverance","floor":7},{"not_picked":["Halt","Evaluate"],"picked":"ReachHeaven","floor":8},{"not_picked":["Crescendo","Worship"],"picked":"Replay:DivineShield","floor":11},{"not_picked":["ClearTheMind","ThirdEye"],"picked":"WaveOfTheHand","floor":12},{"not_picked":["FlyingSleeves","Devotion"],"picked":"PathToVictory","floor":14},{"not_picked":["Replay:AllIn","ConjureBlade"],"picked":"Scrawl","floor":16},{"not_picked":["JustLucky+1","FlurryOfBlows+1"],"picked":"Protect+1","floor":18},{"not_picked":["FollowUp","Replay:DivineShield+1"],"picked":"CrushJoints","floor":25},{"not_picked":["DeceiveReality","Ragnarok"],"picked":"ReachHeaven","floor":28},{"not_picked":["WheelKick","Halt"],"picked":"SashWhip","floor":28},{"not_picked":["Replay:LoomingThreat","Ragnarok"],"picked":"MasterReality","floor":35},{"not_picked":["BattleHymn","Collect+1"],"picked":"Conclude+1","floor":37},{"not_picked":["FearNoEvil+1","Fasting2"],"picked":"Consecrate","floor":38},{"not_picked":["BattleHymn","EmptyFist"],"picked":"CutThroughFate","floor":40},{"not_picked":["Replay:AtTheReady","Protect+1"],"picked":"FlyingSleeves+1","floor":41},{"not_picked":["Replay:Cycle+1","Worship"],"picked":"FollowUp","floor":43},{"not_picked":["Replay:AtTheReady+1","Indignation"],"picked":"CrushJoints","floor":46},{"not_picked":["Replay:Cycle","Vengeance"],"picked":"ClearTheMind","floor":49}],"player_experience":38638,"relics_obtained":[{"floor":2,"key":"MealTicket"},{"floor":6,"key":"Pet Ghost"},{"floor":9,"key":"Replay:Bandana"},{"floor":11,"key":"aspiration:HiddenCompartment"},{"floor":17,"key":"Anchor"},{"floor":17,"key":"aspiration:HummingbirdHeart"},{"floor":17,"key":"TungstenRod"},{"floor":20,"key":"Enchiridion"},{"floor":25,"key":"Vajra"},{"floor":26,"key":"Blood Vial"},{"floor":28,"key":"Grinning Jar"},{"floor":30,"key":"Lantern"},{"floor":43,"key":"Pondfish Scales"},{"floor":45,"key":"Garlic"}],"event_choices":[{"damage_healed":0,"gold_gain":175,"player_choice":"AGREE","damage_taken":0,"max_hp_gain":0,"max_hp_loss":0,"event_name":"Liars Game","floor":3,"gold_loss":0,"cards_obtained":["Doubt"]},{"damage_healed":0,"gold_gain":0,"player_choice":"Donut","damage_taken":0,"max_hp_gain":5,"max_hp_loss":0,"event_name":"Big Fish","floor":4,"gold_loss":0},{"damage_healed":0,"gold_gain":0,"player_choice":"Obtained Book","damage_taken":16,"max_hp_gain":0,"max_hp_loss":0,"event_name":"Cursed Tome","floor":20,"gold_loss":0},{"damage_healed":0,"gold_gain":99,"player_choice":"Stole From Cult","damage_taken":0,"max_hp_gain":0,"max_hp_loss":0,"event_name":"Nest","floor":21,"gold_loss":0},{"damage_healed":0,"gold_gain":0,"player_choice":"Obtained Relic","damage_taken":0,"relics_obtained":["Bag of Preparation"],"max_hp_gain":0,"max_hp_loss":0,"event_name":"Addict","floor":22,"gold_loss":85},{"damage_healed":0,"gold_gain":0,"player_choice":"Read","damage_taken":0,"max_hp_gain":0,"max_hp_loss":0,"event_name":"The Library","floor":33,"gold_loss":0,"cards_obtained":["PathToVictory"]},{"cards_removed":["CrushJoints"],"damage_healed":0,"gold_gain":0,"player_choice":"Removed Attack","damage_taken":0,"max_hp_gain":0,"max_hp_loss":0,"event_name":"Falling","floor":47,"gold_loss":0},{"damage_healed":33,"gold_gain":0,"player_choice":"Heal","damage_taken":0,"max_hp_gain":0,"max_hp_loss":0,"event_name":"MindBloom","floor":48,"gold_loss":0,"cards_obtained":["Doubt"]},{"damage_healed":0,"gold_gain":0,"player_choice":"Upgraded","damage_taken":0,"max_hp_gain":0,"max_hp_loss":0,"event_name":"Upgrade Shrine","floor":50,"gold_loss":0,"cards_upgraded":["ReachHeaven"]}],"is_beta":false,"boss_relics":[{"not_picked":["Astrolabe","aspiration:DefectSkillbook"],"picked":"Calling Bell"},{"not_picked":["Replay:Wanted Poster","Cursed Key"],"picked":"Sozu"}],"items_purged_floors":[39],"is_endless":false,"potions_floor_spawned":[1,6,11,16,18,37,43,46],"killed_by":"Time Eater","ascension_level":0}}