{"host":"gttgmv2wah99hzdm","time":1609267400,"event":{"mods":["AchievementEnabler","BaseMod","Bestiary","Block Reminder","Filter the Spire","Minty Spire (QoL Compilation)","Relic Stats","ojb\u0027s Better Paths Mod","ojb\u0027s Info Mod"],"gold_per_floor":[119,132,92,48,60,60,89,89,115,115,20,39,74,97,97,176,176,193,243,116,116,134,134,149,149,149,149,60,70,70,96,96,96,96],"floor_reached":33,"playtime":1506,"items_purged":["Strike_G"],"score":542,"play_id":"2abd61f6-b01d-4d5b-a35c-4ac84ef394ab","local_time":"20201229124320","is_ascension_mode":true,"campfire_choices":[{"data":"All Out Attack","floor":6.0,"key":"SMITH"},{"data":"Caltrops","floor":8.0,"key":"SMITH"},{"floor":10.0,"key":"REST"},{"floor":15.0,"key":"REST"},{"floor":23,"key":"REST"},{"floor":25,"key":"REST"},{"data":"Footwork","floor":27,"key":"SMITH"},{"floor":30,"key":"REST"},{"floor":32,"key":"REST"}],"circlet_count":0,"master_deck":["AscendersBane","Strike_G","Strike_G","Strike_G","Strike_G","Defend_G+1","Defend_G","Defend_G+1","Defend_G","Defend_G","Survivor","Neutralize","Dagger Throw","Underhanded Strike","All Out Attack+1","Flying Knee","Caltrops+1","Poisoned Stab","PiercingWail","Footwork+1","Acrobatics","Leg Sweep","Poisoned Stab"],"relics":["Busted Crown","Potion Belt","PreservedInsect","Lantern","War Paint","Odd Mushroom","SlaversCollar","Letter Opener","Eternal Feather"],"acts_visited":["Exordium","TheCity"],"potions_floor_usage":[31,33,33,33,33],"damage_taken":[{"damage":4.0,"enemies":"Small Slimes","floor":1.0,"turns":4.0},{"damage":0.0,"enemies":"Cultist","floor":2.0,"turns":4.0},{"damage":0.0,"enemies":"2 Louse","floor":5.0,"turns":2.0},{"damage":24.0,"enemies":"Gremlin Nob","floor":7.0,"turns":4.0},{"damage":1.0,"enemies":"Exordium Thugs","floor":12.0,"turns":4.0},{"damage":20.0,"enemies":"Lagavulin","floor":13.0,"turns":4.0},{"damage":10.0,"enemies":"The Mushroom Lair","floor":14.0,"turns":3.0},{"damage":33,"enemies":"Hexaghost","floor":16,"turns":9},{"damage":25,"enemies":"Shell Parasite","floor":18,"turns":5},{"damage":19,"enemies":"3 Byrds","floor":22,"turns":4},{"damage":14,"enemies":"Centurion and Healer","floor":24,"turns":8},{"damage":21,"enemies":"Shelled Parasite and Fungi","floor":29,"turns":9},{"damage":12,"enemies":"Gremlin Leader","floor":31,"turns":7},{"damage":64,"enemies":"Champ","floor":33,"turns":19}],"seed_played":"-6531036121545159500","potions_obtained":[{"floor":3.0,"key":"GhostInAJar"},{"floor":3.0,"key":"LiquidMemories"},{"floor":13.0,"key":"Dexterity Potion"},{"floor":16,"key":"LiquidMemories"},{"floor":29,"key":"Poison Potion"},{"floor":31,"key":"SneckoOil"}],"is_trial":false,"path_per_floor":["M","M","?","$","M","R","E","R","T","R","?","M","E","?","R","B",null,"M","?","$","?","M","R","M","R","T","R","$","M","R","E","R","B"],"character_chosen":"THE_SILENT","items_purchased":["All Out Attack","PiercingWail","Leg Sweep"],"campfire_rested":6,"item_purchase_floors":[4,20,28],"current_hp_per_floor":[55,55,55,55,55,55,31,31,31,50,50,49,29,19,38,5,51,26,26,26,26,7,26,12,31,31,31,31,10,29,17,48,0,0],"gold":96,"neow_bonus":"BOSS_RELIC","is_daily":false,"chose_seed":false,"campfire_upgraded":3,"win_rate":0.0,"timestamp":1609267400,"path_taken":["M","M","?","?","M","R","E","R","T","R","?","?","E","?","R","BOSS","M","?","$","?","M","R","M","R","T","R","?","M","R","E","R","BOSS"],"items_purchased_type":["Card","Card","Card"],"build_version":"2020-12-22","purchased_purges":1,"victory":false,"max_hp_per_floor":[66,66,66,66,66,66,66,66,66,66,66,66,66,66,66,66,66,66,66,66,66,66,66,66,66,66,66,66,66,66,66,66,66,66],"relic_stats":{"Busted Crown":26,"counters":[14,86],"Eternal Feather":12,"PreservedInsect":85,"Letter Opener":[5],"War Paint":["Defend_G","Defend_G"],"obtain_stats":[{"Potion Belt":7,"SlaversCollar":17,"Lantern":11,"Busted Crown":0,"Eternal Feather":31,"PreservedInsect":9,"Letter Opener":26,"War Paint":13,"Odd Mushroom":14,"Ring of the Snake":0},{"Potion Belt":4,"SlaversCollar":8,"Lantern":4,"Busted Crown":0,"Eternal Feather":13,"PreservedInsect":4,"Letter Opener":11,"War Paint":6,"Odd Mushroom":7,"Ring of the Snake":0},{"Potion Belt":14,"SlaversCollar":34,"Lantern":14,"Busted Crown":0,"Eternal Feather":67,"PreservedInsect":14,"Letter Opener":51,"War Paint":22,"Odd Mushroom":25,"Ring of the Snake":0}]},"card_choices":[{"not_picked":[],"picked":"Dagger Throw","floor":1.0},{"not_picked":[],"picked":"Underhanded Strike","floor":2.0},{"not_picked":[],"picked":"Flying Knee","floor":5.0},{"not_picked":[],"picked":"Caltrops","floor":7.0},{"not_picked":["Slice"],"picked":"SKIP","floor":12.0},{"not_picked":[],"picked":"Poisoned Stab","floor":13.0},{"not_picked":["Setup"],"picked":"SKIP","floor":18},{"not_picked":[],"picked":"Footwork","floor":22},{"not_picked":[],"picked":"Acrobatics","floor":24},{"not_picked":["Slice"],"picked":"SKIP","floor":29},{"not_picked":[],"picked":"Poisoned Stab","floor":31}],"player_experience":1028259,"relics_obtained":[{"floor":7.0,"key":"Potion Belt"},{"floor":9.0,"key":"PreservedInsect"},{"floor":13.0,"key":"War Paint"},{"floor":14.0,"key":"Odd Mushroom"},{"floor":26,"key":"Letter Opener"},{"floor":31,"key":"Eternal Feather"}],"event_choices":[{"damage_healed":0.0,"max_hp_gain":0.0,"max_hp_loss":0.0,"gold_gain":0.0,"event_name":"The Woman in Blue","player_choice":"Bought 3 Potions","floor":3.0,"gold_loss":0.0,"damage_taken":0.0},{"damage_healed":0.0,"max_hp_gain":0.0,"max_hp_loss":0.0,"gold_gain":0.0,"event_name":"WeMeetAgain","player_choice":"Paid Gold","floor":11.0,"gold_loss":95.0,"damage_taken":0.0,"relics_obtained":["Lantern"]},{"damage_healed":0.0,"max_hp_gain":0.0,"max_hp_loss":0.0,"gold_gain":0.0,"event_name":"Mushrooms","player_choice":"Fought Mushrooms","floor":14.0,"gold_loss":0.0,"damage_taken":0.0},{"damage_healed":0,"gold_gain":50,"player_choice":"Stole From Cult","damage_taken":0,"max_hp_gain":0,"max_hp_loss":0,"event_name":"Nest","floor":19,"gold_loss":0},{"damage_healed":0,"gold_gain":0,"player_choice":"Ignored","damage_taken":0,"max_hp_gain":0,"max_hp_loss":0,"event_name":"Vampires","floor":21,"gold_loss":0}],"is_beta":false,"boss_relics":[{"not_picked":["Fusion Hammer","Ectoplasm"],"picked":"SlaversCollar"}],"items_purged_floors":[20],"is_endless":false,"potions_floor_spawned":[5,13,16,22,24,29,31],"killed_by":"Champ","ascension_level":20}}