{"host":"56ghxnzsglgdq727","time":1609213872,"event":{"mods":["AchievementEnabler","BaseMod","Minty Spire (QoL Compilation)"],"gold_per_floor":[114,114,189,204,219,219,294,324,324,324,171,186,201,216,216,316,316,331,331,157,127,127],"floor_reached":21,"playtime":594,"items_purged":["Strike_P","Evolve+1"],"score":179,"play_id":"c0045bd4-92f1-4216-a7e7-a3651ca1d9cc","local_time":"20201228225112","daily_mods":["Allstar","Red Cards","Night Terrors"],"is_ascension_mode":false,"campfire_choices":[{"data":"Eruption","floor":6,"key":"SMITH"},{"data":"Trip","floor":10,"key":"SMITH"},{"floor":15,"key":"REST"}],"circlet_count":0,"master_deck":["Strike_P","Strike_P","Strike_P","Defend_P","Defend_P","Defend_P","Defend_P","Eruption+1","Vigilance","Thinking Ahead","Mind Blast","Trip+1","Secret Weapon","CutThroughFate","Rampage","Cleave","Alpha","CarveReality+1","Vault+1","BattleHymn"],"relics":["PureWater","Pocketwatch","Dream Catcher","Astrolabe","Enchiridion"],"acts_visited":["Exordium","TheCity"],"potions_floor_usage":[8,16],"damage_taken":[{"damage":6,"enemies":"Jaw Worm","floor":1,"turns":3},{"damage":8,"enemies":"2 Louse","floor":4,"turns":2},{"damage":0,"enemies":"Cultist","floor":5,"turns":2},{"damage":62,"enemies":"Lagavulin","floor":8,"turns":4},{"damage":0,"enemies":"Large Slime","floor":12,"turns":2},{"damage":8,"enemies":"Exordium Thugs","floor":13,"turns":3},{"damage":6,"enemies":"Lots of Slimes","floor":14,"turns":3},{"damage":14,"enemies":"Slime Boss","floor":16,"turns":5},{"damage":19,"enemies":"Shell Parasite","floor":18,"turns":2},{"damage":20,"enemies":"2 Thieves","floor":21,"turns":2}],"seed_played":"6838610760785432018","potions_obtained":[{"floor":1,"key":"ColorlessPotion"},{"floor":5,"key":"FairyPotion"},{"floor":14,"key":"SteroidPotion"},{"floor":18,"key":"SpeedPotion"}],"is_trial":false,"path_per_floor":["M","?","?","M","M","R","?","E","T","R","$","M","M","M","R","B",null,"M","?","$","M"],"character_chosen":"WATCHER","items_purchased":["Rampage","BattleHymn"],"campfire_rested":1,"item_purchase_floors":[11,20],"current_hp_per_floor":[66,59,48,40,40,40,33,21,21,21,21,21,13,7,67,53,67,48,32,32,12,12],"gold":127,"neow_bonus":"","is_daily":true,"chose_seed":false,"campfire_upgraded":2,"win_rate":0.0,"timestamp":1609213872,"path_taken":["M","?","?","M","M","R","?","E","T","R","$","M","?","M","R","BOSS","M","?","$","M"],"items_purchased_type":["Card","Card"],"build_version":"2020-12-22","purchased_purges":2,"victory":false,"max_hp_per_floor":[72,72,72,72,72,72,72,72,72,72,72,72,72,72,67,67,67,67,67,67,67,67],"card_choices":[{"not_picked":["Anger","FollowUp","SashWhip"],"picked":"SKIP","floor":1},{"not_picked":["WaveOfTheHand","Havoc"],"picked":"CutThroughFate","floor":4},{"not_picked":["Anger","Headbutt"],"picked":"Rupture","floor":5},{"not_picked":["Nirvana","SashWhip","WreathOfFlame"],"picked":"SKIP","floor":8},{"not_picked":["Consecrate","Sentinel"],"picked":"Cleave","floor":12},{"not_picked":["ClearTheMind","EmptyBody","Flex"],"picked":"SKIP","floor":13},{"not_picked":["Barricade","Halt"],"picked":"Rupture","floor":14},{"not_picked":["Swivel","Anger"],"picked":"Pummel","floor":15},{"not_picked":["Limit Break","Corruption"],"picked":"Alpha","floor":16},{"not_picked":["WindmillStrike","EmptyFist+1","PathToVictory"],"picked":"SKIP","floor":18}],"player_experience":41874,"relics_obtained":[{"floor":8,"key":"Pocketwatch"},{"floor":9,"key":"Dream Catcher"},{"floor":19,"key":"Enchiridion"}],"event_choices":[{"cards_removed":["Purity"],"damage_healed":0,"gold_gain":0,"player_choice":"Card Removal","damage_taken":7,"max_hp_gain":0,"max_hp_loss":0,"event_name":"Golden Wing","floor":2,"gold_loss":0},{"damage_healed":0,"gold_gain":75,"player_choice":"Gather Gold","damage_taken":11,"max_hp_gain":0,"max_hp_loss":0,"event_name":"World of Goop","floor":3,"gold_loss":0},{"damage_healed":0,"gold_gain":75,"player_choice":"Touch","damage_taken":7,"max_hp_gain":0,"max_hp_loss":0,"event_name":"FaceTrader","floor":7,"gold_loss":0},{"damage_healed":0,"gold_gain":0,"player_choice":"Obtained Book","damage_taken":16,"max_hp_gain":0,"max_hp_loss":0,"event_name":"Cursed Tome","floor":19,"gold_loss":0}],"is_beta":false,"boss_relics":[{"not_picked":["SlaversCollar","Empty Cage"],"picked":"Astrolabe"}],"items_purged_floors":[11,20],"is_endless":false,"potions_floor_spawned":[1,5,14,18],"killed_by":"2 Thieves","ascension_level":0}}