{"host":"u0f5uy314yz7olfc","time":1609211598,"event":{"mods":["AchievementEnabler","Aspiration","BaseMod","Better Altar","Better Match","Better Note","Better Sensory Stone","Better Skull","Better Third Choice","BetterRewards","Block Reminder","Colored Map","Colored Powertips","DeckTracker","Dota2Spire","Emptier Cage","Gold Saver","Highlight Path","Hubris","Infinite Spire","Marked Mod","Mimic Mod","Minty Spire (QoL Compilation)","Permanent Neow","Quick Restart","Rare Cards Sparkle","Relic Sorter","Replay The Spire","Shop Mod","StSLib","The Bladedancer","The Blue Laboratory","Watcher Patcher"],"gold_per_floor":[116,9,9,9,22,48,48,59,82,112,112,130,47,63,63,163,163,176,194,204,204,219,248,264,264,264,264,264,279,279,57,57,160,160,171,110,123,143,160,160,176,90,128,128,142,153,153,171,171,171,171],"floor_reached":50,"playtime":3957,"items_purged":["Writhe","blademaster:Quickstep"],"score":628,"play_id":"5116c371-f14b-4f6e-a57b-52422fc099a6","local_time":"20201229101318","is_ascension_mode":false,"campfire_choices":[{"floor":7.0,"key":"REST"},{"floor":11.0,"key":"REST"},{"floor":15.0,"key":"RECALL"},{"floor":25.0,"key":"REST"},{"floor":28.0,"key":"REST"},{"data":"Apotheosis","floor":32.0,"key":"SMITH"},{"data":"blademaster:Meditate","floor":40.0,"key":"SMITH"},{"data":"blademaster:EnchantedCuirass","floor":49.0,"key":"SMITH"}],"circlet_count":0,"master_deck":["blademaster:Strike","blademaster:Strike","blademaster:Strike","blademaster:Strike","blademaster:Defend","blademaster:Defend","blademaster:Defend","blademaster:Defend","blademaster:RagingBlow","blademaster:HighVoltage","blademaster:Momentum","Discovery","Apotheosis+1","blademaster:Stability","blademaster:FuriousStrike","blademaster:AspectOfLightning","blademaster:Vortex","blademaster:Stability","blademaster:DancingEdge","blademaster:DancingEdge","ReplayTheSpireMod:LeadingStrike","blademaster:DeadlyDance","blademaster:Momentum","blademaster:Cut","blademaster:SharpBlades","blademaster:Momentum","blademaster:Havoc","blademaster:BladeMastery","blademaster:Empower","blademaster:ParryingStrike","blademaster:Blockade","blademaster:Meditate+1","hubris:Disease","Neutralize","blademaster:Blindside","Finesse","infinitespire:FutureSight","infinitespire:FutureSight","blademaster:Havoc","blademaster:AspectOfWind+1","blademaster:AirSlash","blademaster:AspectOfLightning+1","blademaster:Discharge","blademaster:Discharge","blademaster:Stability","blademaster:ThunderSlash","blademaster:EnchantedCuirass+1","blademaster:Vortex+1","blademaster:Cut","blademaster:AwakeningDefend","blademaster:ChargingUp","blademaster:DeadlyDance","blademaster:BloodyBlow+1","blademaster:Overcharge","blademaster:Slice","blademaster:Stability","blademaster:DragonStrike","blademaster:Blockade+1","blademaster:BrainBloom","blademaster:BladeCross+1","Parasite","blademaster:BladeMastery+1"],"relics":["blademaster:DancersAmulet","MerchantsRug","Bronze Scales","ReplayTheSpireMod:CursedCoin","MealTicket","Orichalcum","Nunchaku","Honey Jar","Bottled Flame","Question Card","hubris:BottledHeart","Runic Pyramid","Strange Spoon","Torii","Lee\u0027s Waffle"],"acts_visited":["Exordium","TheCity","TheBeyond"],"potions_floor_usage":[],"damage_taken":[{"damage":6.0,"enemies":"Cultist","floor":1.0,"turns":4.0},{"damage":0.0,"enemies":"Small Slimes","floor":5.0,"turns":2.0},{"damage":25.0,"enemies":"3 Sentries","floor":6.0,"turns":5.0},{"damage":2.0,"enemies":"Jaw Worm","floor":8.0,"turns":4.0},{"damage":19.0,"enemies":"Gremlin Nob","floor":10.0,"turns":4.0},{"damage":11.0,"enemies":"Blue Slaver","floor":12.0,"turns":4.0},{"damage":21.0,"enemies":"Lots of Slimes","floor":14.0,"turns":3.0},{"damage":41.0,"enemies":"Fading Forest","floor":16.0,"turns":11.0},{"damage":3.0,"enemies":"Shell Parasite","floor":18.0,"turns":3.0},{"damage":5.0,"enemies":"3 Byrds","floor":19.0,"turns":3.0},{"damage":31.0,"enemies":"Snake Plant","floor":20.0,"turns":5.0},{"damage":13.0,"enemies":"Centurion and Healer","floor":22.0,"turns":4.0},{"damage":20.0,"enemies":"Book of Stabbing","floor":23.0,"turns":5.0},{"damage":7.0,"enemies":"Sentry and Sphere","floor":24.0,"turns":5.0},{"damage":16.0,"enemies":"Snecko","floor":29.0,"turns":4.0},{"damage":0.0,"enemies":"hubris:MusketHawk","floor":33.0,"turns":6.0},{"damage":0.0,"enemies":"Orb Walker","floor":35.0,"turns":3.0},{"damage":0.0,"enemies":"3 Shapes","floor":37.0,"turns":3.0},{"damage":0.0,"enemies":"Jaw Worm Horde","floor":38.0,"turns":3.0},{"damage":0.0,"enemies":"Spire Growth","floor":39.0,"turns":5.0},{"damage":0.0,"enemies":"Sphere and 2 Shapes","floor":41.0,"turns":4.0},{"damage":0.0,"enemies":"Transient","floor":43.0,"turns":7.0},{"damage":0.0,"enemies":"Transient","floor":45.0,"turns":5.0},{"damage":0.0,"enemies":"Maw","floor":46.0,"turns":8.0},{"damage":0.0,"enemies":"Writhing Mass","floor":48.0,"turns":5.0},{"damage":1,"enemies":"Donu and Deca","floor":50,"turns":4}],"seed_played":"-918060188781227804","potions_obtained":[{"floor":10.0,"key":"blueLaboratory:HeartbeatPotion"},{"floor":12.0,"key":"blueLaboratory:HorrorPotion"},{"floor":16.0,"key":"Block Potion"},{"floor":22.0,"key":"blueLaboratory:RecallPotion"},{"floor":23.0,"key":"Dota2Spire:Clarity"},{"floor":24.0,"key":"blueLaboratory:RecallPotion"},{"floor":35.0,"key":"Swift Potion"},{"floor":41.0,"key":"Explosive Potion"},{"floor":45.0,"key":"Fruit Juice"},{"floor":46.0,"key":"ColorlessPotion"}],"is_trial":false,"path_per_floor":["M","$","?","$","M","E","R","M","T","E","R","M","$","M","R","B",null,"M","M","M","AVR","M","E","M","R","T","?","R","M","?","$","R","B",null,"M","$","M","M","M","R","M","$","MIM","?","M","M","AVR","M","R","B"],"character_chosen":"THE_BLADEMASTER","items_purchased":["MerchantsRug","blademaster:Momentum","Discovery","Apotheosis","blademaster:Stability","blademaster:FuriousStrike","blademaster:AspectOfLightning","Bronze Scales","ReplayTheSpireMod:CursedCoin","MealTicket","blademaster:Stability","blademaster:DancingEdge","blademaster:Havoc","blademaster:BladeMastery","blademaster:Discharge","blademaster:Stability","blademaster:ThunderSlash","Strange Spoon","blademaster:Cut","blademaster:AwakeningDefend","blademaster:Slice","blademaster:Stability","blademaster:DragonStrike"],"campfire_rested":4,"item_purchase_floors":[0,0,0,0,0,0,0,0,0,0,2,2,13,13,31,31,31,36,36,36,42,42,42],"current_hp_per_floor":[69,75,55,70,70,45,67,65,65,46,68,57,72,51,51,20,75,72,67,36,36,35,21,26,48,48,48,70,54,1,1,1,1,1,1,1,1,1,1,1,1,1,1,1,1,1,1,1,1,0,0],"gold":171,"neow_bonus":"","is_daily":false,"chose_seed":false,"campfire_upgraded":3,"win_rate":0.0,"timestamp":1609211598,"path_taken":["M","$","?","$","M","E","R","M","T","E","R","M","$","M","R","BOSS","M","M","M","AVR","M","E","M","R","T","?","R","M","?","?","R","BOSS","M","$","M","M","M","R","M","?","MIM","?","M","M","AVR","M","R","BOSS"],"items_purchased_type":["Relic","Card","Card","Card","Card","Card","Card","Relic","Relic","Relic","Card","Card","Card","Card","Card","Card","Card","Relic","Card","Card","Card","Card","Card"],"build_version":"2020-12-22","purchased_purges":2,"victory":false,"max_hp_per_floor":[75,75,75,75,75,75,75,75,75,75,75,75,75,75,75,75,75,75,75,75,75,75,75,75,75,75,75,75,75,1,1,1,1,1,1,1,1,1,1,1,1,1,1,1,1,1,1,1,1,1,1],"card_choices":[{"not_picked":["blademaster:Frontflip","blademaster:ChargingUp"],"picked":"blademaster:Vortex","floor":1.0},{"not_picked":["blademaster:AspectOfWind","blademaster:DancingEdge"],"picked":"blademaster:DeadlyDance","floor":5.0},{"not_picked":["blademaster:FuryOfTheElements","blademaster:AwakeningDefend"],"picked":"blademaster:Momentum","floor":6.0},{"not_picked":["blademaster:LeechingStrike","blademaster:Stormstrike"],"picked":"blademaster:Cut","floor":8.0},{"not_picked":["blademaster:Frenzy","blademaster:ParryingStrike"],"picked":"blademaster:SharpBlades","floor":10.0},{"not_picked":["blademaster:AwakeningStrike","blademaster:Safeguard"],"picked":"blademaster:Momentum","floor":12.0},{"not_picked":["blademaster:Frenzy","blademaster:AncestralHealing"],"picked":"blademaster:Quickstep","floor":14.0},{"not_picked":["blademaster:RollingTyphoon","blademaster:HighVoltage"],"picked":"blademaster:Empower","floor":16.0},{"not_picked":["blademaster:WindSlash","blademaster:ChargingUp","blademaster:CombatPrep"],"picked":"blademaster:ParryingStrike","floor":18.0},{"not_picked":["blademaster:ChargingUp","blademaster:Safeguard","blademaster:Frontflip"],"picked":"blademaster:Blockade","floor":19.0},{"not_picked":["blademaster:Sharpen","blademaster:Stability","blademaster:Blockade+1"],"picked":"blademaster:Meditate","floor":20.0},{"not_picked":["Vigilance","Eruption","Survivor"],"picked":"Neutralize","floor":21.0},{"not_picked":["blademaster:BladeDance","blademaster:RagingBlow","blademaster:FlockOfBlades"],"picked":"blademaster:Blindside","floor":21.0},{"not_picked":["Madness","PanicButton","Good Instincts"],"picked":"Finesse","floor":21.0},{"not_picked":["hubris:Fate","infinitespire:Punishment","infinitespire:SevenWalls"],"picked":"infinitespire:FutureSight","floor":21.0},{"not_picked":["blademaster:Safeguard","blademaster:AspectOfLightning","blademaster:ChargingUp"],"picked":"blademaster:Havoc","floor":22.0},{"not_picked":["blademaster:AirSlash","blademaster:Bloodbath","blademaster:Safeguard+1"],"picked":"blademaster:AspectOfWind+1","floor":23.0},{"not_picked":["blademaster:AspectOfLightning","blademaster:Quickness","blademaster:AwakeningStrike"],"picked":"blademaster:AirSlash","floor":24.0},{"not_picked":["blademaster:LightningCrash","blademaster:CombatPrep","blademaster:AspectOfWind","blademaster:AirSlash"],"picked":"blademaster:AspectOfLightning+1","floor":29.0},{"not_picked":["blademaster:UnrelentingWind","blademaster:Empower","blademaster:RagingBlow","blademaster:Blindside"],"picked":"blademaster:EnchantedCuirass","floor":33.0},{"not_picked":["blademaster:DragonStrike","blademaster:RagingBlow","blademaster:LeechingStrike","blademaster:FuriousStrike"],"picked":"blademaster:Vortex+1","floor":35.0},{"not_picked":["blademaster:ThunderSlash+1","blademaster:Safeguard+1","blademaster:Quickstep+1","blademaster:Stability"],"picked":"blademaster:ChargingUp","floor":37.0},{"not_picked":["blademaster:Flurry+1","blademaster:AspectOfWind+1","blademaster:RollingTyphoon","blademaster:IcyWind"],"picked":"blademaster:DeadlyDance","floor":38.0},{"not_picked":["blademaster:EyeOfTheTornado","blademaster:Stability","blademaster:CullingStrike+1","blademaster:WindSlash"],"picked":"blademaster:BloodyBlow+1","floor":39.0},{"not_picked":["blademaster:Hailwind+1","blademaster:AwakeningDefend+1","blademaster:Quickness+1","blademaster:DaggerAndCloak+1"],"picked":"blademaster:Overcharge","floor":41.0},{"not_picked":["blademaster:DragonStrike","blademaster:Gust","blademaster:Slice+1","blademaster:Stormstrike"],"picked":"blademaster:Blockade+1","floor":43.0},{"not_picked":["blademaster:AncestralHealing","blademaster:AwakeningDefend","blademaster:RollingTyphoon","blademaster:Rupture"],"picked":"blademaster:BrainBloom","floor":45.0},{"not_picked":["blademaster:CombatPrep","blademaster:ThunderSlash+1","blademaster:IcyWind","blademaster:Quickness+1"],"picked":"blademaster:BladeCross+1","floor":46.0},{"not_picked":["blademaster:Rupture+1","blademaster:AwakeningStrike","blademaster:CombatPrep+1","blademaster:Stability"],"picked":"blademaster:BladeMastery+1","floor":48.0}],"player_experience":345385,"relics_obtained":[{"floor":6.0,"key":"blademaster:ComboEveryTurnPerk"},{"floor":6.0,"key":"aspiration:TomeofQuesting"},{"floor":10.0,"key":"Nunchaku"},{"floor":10.0,"key":"blademaster:BleedingLaceratePerk"},{"floor":23.0,"key":"blademaster:RandomBladePerk"},{"floor":23.0,"key":"infinitespire:PuzzleCube"},{"floor":26.0,"key":"Question Card"},{"floor":43.0,"key":"Torii"},{"floor":43.0,"key":"blademaster:StrongPerk"}],"event_choices":[{"cards_removed":["Apotheosis"],"damage_healed":0.0,"max_hp_gain":0.0,"max_hp_loss":0.0,"gold_gain":0.0,"event_name":"betterNote:BetterNote","player_choice":"Give","floor":27.0,"gold_loss":0.0,"damage_taken":0.0,"cards_obtained":["None"]}],"is_beta":false,"boss_relics":[{"not_picked":["Abe\u0027s Treasure","hubris:BlackHole"],"picked":"Honey Jar"},{"not_picked":["ChewingGum","Snecko Eye"],"picked":"Runic Pyramid"}],"items_purged_floors":[31,47],"is_endless":false,"potions_floor_spawned":[10,12,16,22,23,24,35,41,45,46],"killed_by":"Donu and Deca","ascension_level":0}}