{"host":"dpbezu80jg8zk7un","time":1609281683,"event":{"mods":["BaseMod","Colored Map","Colored Powertips","Custom Start","DeckTracker","Minty Spire (QoL Compilation)","Quick Restart","StSLib","SuperFastMode"],"gold_per_floor":[113,113,113,131,131,156,156,167,167,179,179,197,227,244,244,318,318,337,262,281,281,24,53,53,83,83,95,109,109,24,35,35,111,111,128,128,140,165,185,185,185,185],"floor_reached":41,"playtime":920,"items_purged":["Strike_P","Strike_P"],"score":1246,"play_id":"4ab5fe1a-4d57-483f-815f-815f3450a3f9","local_time":"20201230074123","is_ascension_mode":true,"campfire_choices":[{"data":"Eruption","floor":7.0,"key":"SMITH"},{"data":"CrushJoints","floor":11.0,"key":"SMITH"},{"data":"EmptyFist","floor":15.0,"key":"SMITH"},{"data":"Tantrum","floor":24.0,"key":"SMITH"},{"floor":32.0,"key":"RECALL"},{"data":"Meditate","floor":40.0,"key":"SMITH"}],"circlet_count":0,"master_deck":["AscendersBane","Strike_P","Defend_P","Eruption+1","Vigilance","EmptyFist+1","FollowUp","CrushJoints+1","Tantrum+1","FlurryOfBlows","Meditate+1"],"relics":["PureWater","NeowsBlessing","WarpedTongs","HornCleat","Shuriken","Happy Flower","Coffee Dripper","Blood Vial","Orichalcum","Blue Candle","Mummified Hand","Eternal Feather","Empty Cage","Pocketwatch"],"acts_visited":["Exordium","TheCity","TheBeyond"],"potions_floor_usage":[],"damage_taken":[{"damage":0.0,"enemies":"Jaw Worm","floor":1.0,"turns":1.0},{"damage":2.0,"enemies":"Small Slimes","floor":4.0,"turns":1.0},{"damage":0.0,"enemies":"Lagavulin","floor":6.0,"turns":1.0},{"damage":0.0,"enemies":"Cultist","floor":8.0,"turns":1.0},{"damage":8.0,"enemies":"3 Louse","floor":10.0,"turns":3.0},{"damage":19.0,"enemies":"Gremlin Gang","floor":12.0,"turns":4.0},{"damage":0.0,"enemies":"3 Sentries","floor":13.0,"turns":4.0},{"damage":0.0,"enemies":"Looter","floor":14.0,"turns":1.0},{"damage":0.0,"enemies":"Slime Boss","floor":16.0,"turns":5.0},{"damage":0.0,"enemies":"Spheric Guardian","floor":18.0,"turns":2.0},{"damage":7.0,"enemies":"3 Byrds","floor":20.0,"turns":4.0},{"damage":14.0,"enemies":"Book of Stabbing","floor":23.0,"turns":4.0},{"damage":30.0,"enemies":"Slavers","floor":25.0,"turns":5.0},{"damage":0.0,"enemies":"Snake Plant","floor":27.0,"turns":2.0},{"damage":1.0,"enemies":"Centurion and Healer","floor":28.0,"turns":3.0},{"damage":0.0,"enemies":"Snecko","floor":31.0,"turns":2.0},{"damage":0.0,"enemies":"Collector","floor":33.0,"turns":4.0},{"damage":10.0,"enemies":"3 Darklings","floor":35.0,"turns":3.0},{"damage":0.0,"enemies":"3 Shapes","floor":37.0,"turns":2.0},{"damage":0.0,"enemies":"Mind Bloom Boss Battle","floor":38.0,"turns":2.0},{"damage":0.0,"enemies":"Spire Growth","floor":39.0,"turns":2.0},{"damage":13.0,"enemies":"Nemesis","floor":41.0,"turns":3.0}],"seed_played":"7857771057548456316","potions_obtained":[{"floor":1.0,"key":"BottledMiracle"},{"floor":4.0,"key":"LiquidMemories"},{"floor":8.0,"key":"EntropicBrew"},{"floor":25.0,"key":"SpeedPotion"},{"floor":28.0,"key":"SkillPotion"},{"floor":31.0,"key":"Strength Potion"},{"floor":37.0,"key":"SmokeBomb"},{"floor":39.0,"key":"FearPotion"}],"is_trial":false,"path_per_floor":["M","?","?","M","?","E","R","M","T","M","R","M","E","M","R","B",null,"M","$","M","?","$","E","R","E","T","M","M","?","?","M","R","B",null,"M","?","M","?","M","R","E"],"character_chosen":"WATCHER","items_purchased":["Blood Vial"],"campfire_rested":0,"item_purchase_floors":[22],"current_hp_per_floor":[61,61,61,59,59,59,59,59,59,51,51,32,32,32,32,32,59,59,59,52,52,52,40,40,12,12,14,15,15,15,17,23,25,57,49,49,51,53,55,61,50,50],"gold":185,"neow_bonus":"THREE_ENEMY_KILL","is_daily":false,"chose_seed":false,"campfire_upgraded":5,"win_rate":0.0,"timestamp":1609281683,"path_taken":["M","?","?","?","?","E","R","M","T","M","R","M","E","?","R","BOSS","M","$","M","?","$","E","R","E","T","?","M","?","?","M","R","BOSS","M","?","M","?","M","R","E"],"items_purchased_type":["Relic"],"build_version":"2020-12-22","purchased_purges":2,"victory":false,"max_hp_per_floor":[68,68,68,68,68,68,68,68,68,68,68,68,68,68,68,68,68,68,68,68,68,68,68,68,68,68,68,68,68,68,68,68,68,68,68,68,68,68,68,68,68,68],"card_choices":[{"not_picked":["LikeWater","Halt","ClearTheMind"],"picked":"SKIP","floor":1.0},{"not_picked":["BowlingBash","Wallop"],"picked":"EmptyFist","floor":4.0},{"not_picked":["Consecrate","CutThroughFate"],"picked":"FollowUp","floor":6.0},{"not_picked":["Prostrate","ReachHeaven"],"picked":"CrushJoints","floor":8.0},{"not_picked":["Evaluate","LikeWater","ThirdEye"],"picked":"SKIP","floor":10.0},{"not_picked":["Protect","CutThroughFate","Perseverance"],"picked":"SKIP","floor":12.0},{"not_picked":["ClearTheMind","PathToVictory","Study"],"picked":"SKIP","floor":13.0},{"not_picked":["EmptyFist","CutThroughFate","Prostrate"],"picked":"SKIP","floor":14.0},{"not_picked":["Consecrate","ThirdEye","Crescendo"],"picked":"SKIP","floor":18.0},{"not_picked":["Indignation","CrushJoints"],"picked":"Tantrum","floor":20.0},{"not_picked":["Swivel","Pray","Wish"],"picked":"SKIP","floor":23.0},{"not_picked":["Evaluate+1","ThirdEye","PathToVictory+1"],"picked":"SKIP","floor":25.0},{"not_picked":["Collect","SignatureMove"],"picked":"FlurryOfBlows","floor":27.0},{"not_picked":["SashWhip","SandsOfTime+1","Worship"],"picked":"SKIP","floor":28.0},{"not_picked":["Crescendo","Brilliance","PathToVictory"],"picked":"SKIP","floor":31.0},{"not_picked":["Meditate","BowlingBash","SignatureMove+1"],"picked":"SKIP","floor":35.0},{"not_picked":["BowlingBash","SignatureMove+1"],"picked":"Meditate","floor":35.0},{"not_picked":["ClearTheMind+1","EmptyBody","Prostrate"],"picked":"SKIP","floor":37.0},{"not_picked":["ClearTheMind+1","FollowUp+1","Crescendo"],"picked":"SKIP","floor":39.0}],"player_experience":2801392,"relics_obtained":[{"floor":6.0,"key":"HornCleat"},{"floor":9.0,"key":"Shuriken"},{"floor":13.0,"key":"Happy Flower"},{"floor":23.0,"key":"Orichalcum"},{"floor":25.0,"key":"Blue Candle"},{"floor":26.0,"key":"Mummified Hand"},{"floor":38.0,"key":"Pocketwatch"}],"event_choices":[{"cards_removed":["Defend_P"],"damage_healed":0.0,"max_hp_gain":0.0,"max_hp_loss":0.0,"gold_gain":0.0,"event_name":"Living Wall","player_choice":"Forget","floor":2.0,"gold_loss":0.0,"damage_taken":0.0},{"damage_healed":0.0,"max_hp_gain":0.0,"max_hp_loss":0.0,"gold_gain":0.0,"event_name":"Accursed Blacksmith","player_choice":"Rummage","floor":3.0,"gold_loss":0.0,"damage_taken":0.0,"relics_obtained":["WarpedTongs"],"cards_obtained":["Pain"]},{"cards_removed":["Pain"],"damage_healed":0.0,"max_hp_gain":0.0,"max_hp_loss":0.0,"gold_gain":0.0,"event_name":"Fountain of Cleansing","player_choice":"Removed Curses","floor":5.0,"gold_loss":0.0,"damage_taken":0.0},{"damage_healed":0.0,"max_hp_gain":0.0,"max_hp_loss":0.0,"gold_gain":0.0,"event_name":"Match and Keep!","player_choice":"0 cards matched","floor":21.0,"gold_loss":0.0,"damage_taken":0.0,"cards_obtained":[]},{"cards_removed":["Defend_P"],"damage_healed":0.0,"max_hp_gain":0.0,"max_hp_loss":0.0,"gold_gain":0.0,"event_name":"Back to Basics","player_choice":"Elegance","floor":29.0,"gold_loss":0.0,"damage_taken":0.0},{"damage_healed":0.0,"max_hp_gain":0.0,"max_hp_loss":0.0,"gold_gain":0.0,"event_name":"Addict","player_choice":"Obtained Relic","floor":30.0,"gold_loss":85.0,"damage_taken":0.0,"relics_obtained":["Eternal Feather"]},{"damage_healed":0.0,"max_hp_gain":0.0,"max_hp_loss":0.0,"gold_gain":0.0,"event_name":"Tomb of Lord Red Mask","player_choice":"Ignored","floor":36.0,"gold_loss":0.0,"damage_taken":0.0},{"damage_healed":0.0,"max_hp_gain":0.0,"max_hp_loss":0.0,"gold_gain":0.0,"event_name":"MindBloom","player_choice":"Fight","floor":38.0,"gold_loss":0.0,"damage_taken":0.0}],"is_beta":false,"boss_relics":[{"not_picked":["Velvet Choker","Snecko Eye"],"picked":"Coffee Dripper"},{"not_picked":["VioletLotus","Tiny House"],"picked":"Empty Cage"}],"items_purged_floors":[19,22],"is_endless":false,"potions_floor_spawned":[1,4,8,13,16,18,25,28,31,37,39],"killed_by":"Nemesis","ascension_level":20}}