{"host":"kda2p2afd6bvz6qo","time":1609280964,"event":{"mods":["BaseMod","Colored Map","Minty Spire (QoL Compilation)","Relic Stats"],"gold_per_floor":[116,191,341,341,355,355,355,355],"floor_reached":7,"playtime":217,"items_purged":[],"score":68,"play_id":"b08aca8c-e0a4-49a6-a672-3279ed885042","local_time":"20201229222924","is_ascension_mode":true,"campfire_choices":[{"data":"Flying Knee","floor":6,"key":"SMITH"}],"circlet_count":0,"master_deck":["AscendersBane","Strike_G","Strike_G","Strike_G","Strike_G","Strike_G","Defend_G","Defend_G","Defend_G","Defend_G","Defend_G","Survivor","Neutralize","CurseOfTheBell","Flying Knee+1","Doubt","Cloak And Dagger+1"],"relics":["Calling Bell","Bag of Marbles","Question Card","Ginger","Toxic Egg 2"],"acts_visited":["Exordium"],"potions_floor_usage":[7],"damage_taken":[{"damage":0,"enemies":"Small Slimes","floor":1,"turns":5},{"damage":2,"enemies":"2 Louse","floor":5,"turns":3},{"damage":85,"enemies":"Gremlin Nob","floor":7,"turns":6}],"seed_played":"-6417731311216916435","potions_obtained":[{"floor":5,"key":"LiquidMemories"}],"is_trial":false,"path_per_floor":["M","?","?","T","M","R","E"],"character_chosen":"THE_SILENT","items_purchased":[],"campfire_rested":0,"item_purchase_floors":[],"current_hp_per_floor":[59,48,48,48,46,46,0,0],"gold":355,"neow_bonus":"BOSS_RELIC","is_daily":false,"chose_seed":false,"campfire_upgraded":1,"win_rate":0.0,"timestamp":1609280964,"path_taken":["M","?","?","?","?","R","E"],"items_purchased_type":[],"build_version":"2020-12-22","purchased_purges":0,"victory":false,"max_hp_per_floor":[66,66,66,66,66,66,66,66],"relic_stats":{"counters":[3,14],"Ginger":[4],"Question Card":2,"obtain_stats":[{"Calling Bell":0,"Bag of Marbles":0,"Ginger":0,"Toxic Egg 2":4,"Question Card":0,"Ring of the Snake":0},{"Calling Bell":0,"Bag of Marbles":0,"Ginger":0,"Toxic Egg 2":1,"Question Card":0,"Ring of the Snake":0},{"Calling Bell":0,"Bag of Marbles":0,"Ginger":0,"Toxic Egg 2":5,"Question Card":0,"Ring of the Snake":0}]},"card_choices":[{"not_picked":["Infinite Blades","Underhanded Strike","Reflex"],"picked":"Flying Knee","floor":1},{"not_picked":["Bane","PiercingWail+1","Deadly Poison+1"],"picked":"Cloak And Dagger+1","floor":5}],"player_experience":90189,"relics_obtained":[{"floor":0,"key":"Bag of Marbles"},{"floor":0,"key":"Question Card"},{"floor":0,"key":"Ginger"},{"floor":4,"key":"Toxic Egg 2"}],"event_choices":[{"damage_healed":0,"gold_gain":75,"player_choice":"Gather Gold","damage_taken":11,"max_hp_gain":0,"max_hp_loss":0,"event_name":"World of Goop","floor":2,"gold_loss":0},{"damage_healed":0,"gold_gain":150,"player_choice":"AGREE","damage_taken":0,"max_hp_gain":0,"max_hp_loss":0,"event_name":"Liars Game","floor":3,"gold_loss":0,"cards_obtained":["Doubt"]}],"is_beta":false,"boss_relics":[],"items_purged_floors":[],"is_endless":false,"potions_floor_spawned":[5],"killed_by":"Gremlin Nob","ascension_level":15}}