{"host":"vumwfieg2b2mnrfl","time":1609200982,"event":{"mods":["AchievementEnabler","BaseMod","Minty Spire (QoL Compilation)","Rare Cards Sparkle","Relic Stats"],"gold_per_floor":[119,119,194,38,52,87,87,113,113,125,151,163,189,259,271,360,372,404,416,439,451,316,316,316],"floor_reached":23,"playtime":865,"items_purged":[],"score":370,"play_id":"5496a6f8-3e7a-4a9a-81cc-61031254b505","local_time":"20201228181622","is_ascension_mode":true,"campfire_choices":[{"floor":7.0,"key":"REST"},{"data":"Feed","floor":10.0,"key":"SMITH"},{"data":"Bash","floor":12.0,"key":"SMITH"},{"data":"Clothesline","floor":15.0,"key":"SMITH"}],"circlet_count":0,"master_deck":["AscendersBane","Strike_R+1","Strike_R+1","Strike_R+1","Strike_R+1","Strike_R+1","Defend_R+1","Defend_R+1","Defend_R+1","Defend_R+1","Bash+1","Battle Trance","Feed+1","Pommel Strike","Clothesline+1","Metallicize+1","Feed","Battle Trance+1","Armaments"],"relics":["Burning Blood","Happy Flower","Frozen Egg 2","Letter Opener","MawBank","Juzu Bracelet","Mark of Pain","Medical Kit"],"acts_visited":["Exordium","TheCity"],"potions_floor_usage":[23],"damage_taken":[{"damage":0.0,"enemies":"2 Louse","floor":1.0,"turns":3.0},{"damage":0.0,"enemies":"Small Slimes","floor":5.0,"turns":3.0},{"damage":29.0,"enemies":"3 Sentries","floor":6.0,"turns":11.0},{"damage":24.0,"enemies":"Gremlin Nob","floor":8.0,"turns":4.0},{"damage":4.0,"enemies":"Jaw Worm","floor":11.0,"turns":4.0},{"damage":5.0,"enemies":"Gremlin Gang","floor":13.0,"turns":5.0},{"damage":16.0,"enemies":"Gremlin Nob","floor":14.0,"turns":4.0},{"damage":51.0,"enemies":"Hexaghost","floor":16.0,"turns":14.0},{"damage":26.0,"enemies":"2 Thieves","floor":18.0,"turns":5.0},{"damage":14.0,"enemies":"3 Byrds","floor":20.0,"turns":6.0},{"damage":64,"enemies":"Slavers","floor":23,"turns":4}],"seed_played":"-1544618120511485270","potions_obtained":[{"floor":6.0,"key":"GamblersBrew"},{"floor":11.0,"key":"BloodPotion"},{"floor":16.0,"key":"Weak Potion"}],"is_trial":false,"path_per_floor":["M","?","?","$","M","E","R","E","T","R","M","R","M","?","R","B",null,"M","$","M","?","$","E"],"character_chosen":"IRONCLAD","items_purchased":["Feed","Medical Kit"],"campfire_rested":1,"item_purchase_floors":[4,22],"current_hp_per_floor":[74,51,40,40,49,29,53,38,38,38,44,44,49,43,43,17,76,60,60,59,59,59,0,0],"gold":316,"neow_bonus":"RANDOM_COMMON_RELIC","is_daily":false,"chose_seed":false,"campfire_upgraded":3,"win_rate":0.0,"timestamp":1609200982,"path_taken":["M","?","?","$","M","E","R","E","T","R","M","R","M","?","R","BOSS","M","$","M","?","$","E"],"items_purchased_type":["Card","Relic"],"build_version":"2020-12-22","purchased_purges":0,"victory":false,"max_hp_per_floor":[75,75,75,75,78,81,81,84,84,84,88,88,92,96,96,96,96,100,100,107,107,107,107,107],"relic_stats":{"Happy Flower":[21],"counters":[11,63],"Juzu Bracelet":0,"Letter Opener":[30],"MawBank":156,"Medical Kit":[4],"obtain_stats":[{"Happy Flower":0,"Mark of Pain":17,"Juzu Bracelet":14,"Letter Opener":8,"Frozen Egg 2":6,"MawBank":9,"Medical Kit":22,"Burning Blood":0},{"Happy Flower":0,"Mark of Pain":8,"Juzu Bracelet":6,"Letter Opener":4,"Frozen Egg 2":3,"MawBank":4,"Medical Kit":10,"Burning Blood":0},{"Happy Flower":0,"Mark of Pain":48,"Juzu Bracelet":30,"Letter Opener":21,"Frozen Egg 2":17,"MawBank":21,"Medical Kit":59,"Burning Blood":0}],"Burning Blood":60},"card_choices":[{"not_picked":["True Grit","Wild Strike"],"picked":"Battle Trance","floor":1.0},{"not_picked":["Warcry","Sentinel","Body Slam"],"picked":"SKIP","floor":5.0},{"not_picked":["Power Through","Heavy Blade"],"picked":"Pommel Strike","floor":6.0},{"not_picked":["Double Tap","Wild Strike"],"picked":"Clothesline","floor":8.0},{"not_picked":["Iron Wave","Shrug It Off"],"picked":"Metallicize+1","floor":11.0},{"not_picked":["Twin Strike","Pommel Strike","Thunderclap"],"picked":"SKIP","floor":13.0},{"not_picked":["Immolate","Corruption+1"],"picked":"Feed","floor":16.0},{"not_picked":["Fire Breathing+1","Rampage"],"picked":"Battle Trance+1","floor":18.0},{"not_picked":["Warcry+1","Second Wind"],"picked":"Armaments","floor":20.0}],"player_experience":322788,"relics_obtained":[{"floor":6.0,"key":"Frozen Egg 2"},{"floor":8.0,"key":"Letter Opener"},{"floor":9.0,"key":"MawBank"}],"event_choices":[{"damage_healed":0.0,"max_hp_gain":0.0,"max_hp_loss":0.0,"gold_gain":0.0,"event_name":"Shining Light","player_choice":"Entered Light","floor":2.0,"gold_loss":0.0,"damage_taken":23.0,"cards_upgraded":["Strike_R","Defend_R"]},{"damage_healed":0.0,"max_hp_gain":0.0,"max_hp_loss":0.0,"gold_gain":75.0,"event_name":"World of Goop","player_choice":"Gather Gold","floor":3.0,"gold_loss":0.0,"damage_taken":11.0},{"damage_healed":0.0,"max_hp_gain":0.0,"max_hp_loss":0.0,"gold_gain":0.0,"event_name":"Dead Adventurer","player_choice":"Searched \u00272\u0027 times","floor":14.0,"gold_loss":0.0,"damage_taken":0.0,"relics_obtained":["Juzu Bracelet"]},{"damage_healed":0.0,"max_hp_gain":0.0,"max_hp_loss":0.0,"gold_gain":0.0,"event_name":"Back to Basics","player_choice":"Simplicity","floor":21.0,"gold_loss":0.0,"damage_taken":0.0,"cards_upgraded":["Strike_R","Strike_R","Strike_R","Strike_R","Defend_R","Defend_R","Defend_R"]}],"is_beta":false,"boss_relics":[{"not_picked":["Ectoplasm","Black Star"],"picked":"Mark of Pain"}],"items_purged_floors":[],"is_endless":false,"potions_floor_spawned":[6,11,16],"killed_by":"Slavers","ascension_level":15}}