{"host":"xt3o4iokwksypl90","time":1609240029,"event":{"mods":["AchievementEnabler","BaseMod","Googly Eyes","Highlight Path","Minty Spire (QoL Compilation)","Permanent Neow"],"gold_per_floor":[116,116,133,149,169,169,182,216,296,296,296,312,23,44,44,168,168,189,189,27,27,47,47,81,81,81,124,137,180,196,214,214,214,214],"floor_reached":33,"playtime":2585,"items_purged":["Defend_G"],"score":434,"play_id":"42e416b6-1490-4457-bdb9-cf055f772654","local_time":"20201229120709","is_ascension_mode":true,"campfire_choices":[{"data":"Dagger Spray","floor":6.0,"key":"SMITH"},{"data":"Neutralize","floor":10.0,"key":"SMITH"},{"floor":15.0,"key":"REST"},{"data":"Dodge and Roll","floor":23.0,"key":"SMITH"},{"floor":25,"key":"REST"},{"floor":32,"key":"REST"}],"circlet_count":0,"master_deck":["Strike_G","Strike_G","Strike_G","Defend_G","Defend_G","Defend_G","Defend_G","Survivor","Neutralize+1","Caltrops","Dagger Throw","Dagger Spray+1","Sucker Punch","Envenom","Bouncing Flask","Slice","Corpse Explosion","Dodge and Roll+1","Catalyst+1","Backflip","Grand Finale","Blur","Deflect"],"relics":["Ring of the Snake","The Specimen","StrikeDummy","Golden Idol","Paper Crane","Busted Crown","Lizard Tail","Orichalcum","Boot","Bird Faced Urn"],"acts_visited":["Exordium","TheCity"],"potions_floor_usage":[24,24,27],"damage_taken":[{"damage":1.0,"enemies":"Small Slimes","floor":1.0,"turns":4.0},{"damage":0.0,"enemies":"Jaw Worm","floor":3.0,"turns":4.0},{"damage":0.0,"enemies":"2 Louse","floor":4.0,"turns":1.0},{"damage":5.0,"enemies":"Exordium Thugs","floor":5.0,"turns":5.0},{"damage":7.0,"enemies":"Large Slime","floor":7.0,"turns":6.0},{"damage":12.0,"enemies":"Lagavulin","floor":8.0,"turns":7.0},{"damage":0.0,"enemies":"Lots of Slimes","floor":12.0,"turns":1.0},{"damage":0.0,"enemies":"3 Louse","floor":14.0,"turns":1.0},{"damage":8.0,"enemies":"Hexaghost","floor":16.0,"turns":10.0},{"damage":19.0,"enemies":"Shell Parasite","floor":18.0,"turns":6.0},{"damage":0.0,"enemies":"Chosen","floor":22.0,"turns":4.0},{"damage":19,"enemies":"Gremlin Leader","floor":24,"turns":5},{"damage":6,"enemies":"Book of Stabbing","floor":27,"turns":4},{"damage":11,"enemies":"Snake Plant","floor":28,"turns":3},{"damage":17,"enemies":"Gremlin Leader","floor":29,"turns":5},{"damage":16,"enemies":"Sentry and Sphere","floor":30,"turns":4},{"damage":17,"enemies":"Centurion and Healer","floor":31,"turns":6},{"damage":76,"enemies":"Champ","floor":33,"turns":8}],"seed_played":"3094632496963604624","potions_obtained":[{"floor":4.0,"key":"AttackPotion"},{"floor":5.0,"key":"SneckoOil"},{"floor":8.0,"key":"Poison Potion"},{"floor":14.0,"key":"Energy Potion"},{"floor":16.0,"key":"Block Potion"},{"floor":18.0,"key":"Fruit Juice"},{"floor":22.0,"key":"SneckoOil"},{"floor":30,"key":"Explosive Potion"}],"is_trial":false,"path_per_floor":["M","?","M","M","M","R","M","E","T","R","?","M","$","M","R","B",null,"M","?","$","?","M","R","E","R","T","E","M","E","M","M","R","B"],"character_chosen":"THE_SILENT","items_purchased":["Paper Crane","PowerPotion","Catalyst","Backflip"],"campfire_rested":3,"item_purchase_floors":[13,13,20,20],"current_hp_per_floor":[62,62,62,62,57,57,50,38,38,38,21,21,21,21,42,34,61,47,47,47,47,47,47,28,50,50,44,33,16,41,28,50,0,0],"gold":214,"neow_bonus":"TRANSFORM_CARD","is_daily":false,"chose_seed":false,"campfire_upgraded":3,"win_rate":0.0,"timestamp":1609240029,"path_taken":["M","?","M","M","M","R","M","E","T","R","?","?","$","M","R","BOSS","M","?","?","?","M","R","E","R","T","E","M","E","?","M","R","BOSS"],"items_purchased_type":["Relic","Potion","Card","Card"],"build_version":"2020-12-22","purchased_purges":1,"victory":false,"max_hp_per_floor":[70,70,70,70,70,70,70,70,70,70,70,70,70,70,70,70,70,75,75,75,75,75,75,75,75,75,75,75,75,75,75,75,75,75],"card_choices":[{"not_picked":["Cloak And Dagger","Underhanded Strike"],"picked":"Dagger Throw","floor":1.0},{"not_picked":["Footwork","Backflip"],"picked":"Dagger Spray","floor":3.0},{"not_picked":["Finisher","Choke","Bane"],"picked":"SKIP","floor":4.0},{"not_picked":["Concentrate","Dagger Spray"],"picked":"Sucker Punch","floor":5.0},{"not_picked":["Prepared","Acrobatics"],"picked":"Envenom","floor":7.0},{"not_picked":["Sucker Punch","Tactician"],"picked":"Bouncing Flask","floor":8.0},{"not_picked":["Calculated Gamble","Sucker Punch"],"picked":"Slice","floor":12.0},{"not_picked":["Sucker Punch","Expertise","Quick Slash"],"picked":"SKIP","floor":14.0},{"not_picked":["Burst","Night Terror"],"picked":"Corpse Explosion","floor":16.0},{"not_picked":[],"picked":"Dodge and Roll","floor":18.0},{"not_picked":["Dagger Throw"],"picked":"SKIP","floor":22.0},{"not_picked":[],"picked":"Grand Finale","floor":24},{"not_picked":["Skewer"],"picked":"SKIP","floor":27},{"not_picked":[],"picked":"Blur","floor":28},{"not_picked":[],"picked":"Deflect","floor":29},{"not_picked":["Dagger Throw"],"picked":"SKIP","floor":30},{"not_picked":["Blade Dance"],"picked":"SKIP","floor":31}],"player_experience":230032,"relics_obtained":[{"floor":8.0,"key":"The Specimen"},{"floor":9.0,"key":"StrikeDummy"},{"floor":24,"key":"Lizard Tail"},{"floor":26,"key":"Orichalcum"},{"floor":27,"key":"Boot"},{"floor":29,"key":"Bird Faced Urn"}],"event_choices":[{"damage_healed":0.0,"max_hp_gain":0.0,"max_hp_loss":0.0,"gold_gain":0.0,"event_name":"Liars Game","player_choice":"Ignored","floor":2.0,"gold_loss":0.0,"damage_taken":0.0},{"damage_healed":0.0,"max_hp_gain":0.0,"max_hp_loss":0.0,"gold_gain":0.0,"event_name":"Golden Idol","player_choice":"Take Damage","floor":11.0,"gold_loss":0.0,"damage_taken":17.0,"relics_obtained":["Golden Idol"]},{"cards_removed":["Strike_G"],"damage_healed":0.0,"max_hp_gain":0.0,"max_hp_loss":0.0,"gold_gain":0.0,"event_name":"Bonfire Elementals","player_choice":"Offered Basic","floor":19.0,"gold_loss":0.0,"damage_taken":0.0},{"damage_healed":0.0,"max_hp_gain":0.0,"max_hp_loss":0.0,"gold_gain":0.0,"event_name":"Accursed Blacksmith","player_choice":"Forge","floor":21.0,"gold_loss":0.0,"damage_taken":0.0,"cards_upgraded":["Catalyst"]}],"is_beta":false,"boss_relics":[{"not_picked":["Snecko Eye","Tiny House"],"picked":"Busted Crown"}],"items_purged_floors":[20],"is_endless":false,"potions_floor_spawned":[4,5,8,14,16,18,22,30],"killed_by":"Champ","ascension_level":6}}