{"host":"qc268ltokmxwqyrx","time":1609275443,"event":{"mods":["BaseMod","Colored Map","Colored Powertips","Minty Spire (QoL Compilation)","Relic Stats","Slay the Relics Exporter","StSLib","ojb\u0027s Info Mod"],"gold_per_floor":[116,266,341,341,54,54,54],"floor_reached":6,"playtime":650,"items_purged":["Doubt"],"score":64,"play_id":"76d35cf0-6648-4700-b316-e29f1635d1e7","local_time":"20201229145723","is_ascension_mode":true,"campfire_choices":[],"circlet_count":0,"master_deck":["AscendersBane","Strike_G","Strike_G","Strike_G","Strike_G","Strike_G","Defend_G","Defend_G","Defend_G","Defend_G","Defend_G","Survivor","Neutralize","Masterful Stab","Skewer"],"relics":["Ring of the Snake","Golden Idol","Toy Ornithopter"],"acts_visited":["Exordium"],"potions_floor_usage":[6,6],"damage_taken":[{"damage":4,"enemies":"Jaw Worm","floor":1,"turns":8},{"damage":64,"enemies":"Lagavulin","floor":6,"turns":9}],"seed_played":"-5649326294306910862","potions_obtained":[{"floor":0,"key":"Fire Potion"},{"floor":0,"key":"SpeedPotion"}],"is_trial":false,"path_per_floor":["M","?","?","?","$","E"],"character_chosen":"THE_SILENT","items_purchased":["Toy Ornithopter","Skewer"],"campfire_rested":0,"item_purchase_floors":[5,5],"current_hp_per_floor":[55,55,44,44,44,0,0],"gold":54,"neow_bonus":"THREE_SMALL_POTIONS","is_daily":false,"chose_seed":false,"campfire_upgraded":0,"win_rate":0.0,"timestamp":1609275443,"path_taken":["M","?","?","?","$","E"],"items_purchased_type":["Relic","Card"],"build_version":"2020-12-22","purchased_purges":1,"victory":false,"max_hp_per_floor":[66,66,66,60,60,60,60],"relic_stats":{"counters":[2,17],"Golden Idol":0,"obtain_stats":[{"Golden Idol":4,"Toy Ornithopter":5,"Ring of the Snake":0},{"Golden Idol":1,"Toy Ornithopter":1,"Ring of the Snake":0},{"Golden Idol":8,"Toy Ornithopter":8,"Ring of the Snake":0}],"Toy Ornithopter":10,"Ring of the Snake":[4]},"card_choices":[{"not_picked":["Catalyst","Deflect"],"picked":"Masterful Stab","floor":1}],"player_experience":1747837,"relics_obtained":[],"event_choices":[{"damage_healed":0,"gold_gain":150,"player_choice":"AGREE","damage_taken":0,"max_hp_gain":0,"max_hp_loss":0,"event_name":"Liars Game","floor":2,"gold_loss":0,"cards_obtained":["Doubt"]},{"damage_healed":0,"gold_gain":75,"player_choice":"Gather Gold","damage_taken":11,"max_hp_gain":0,"max_hp_loss":0,"event_name":"World of Goop","floor":3,"gold_loss":0},{"damage_healed":0,"gold_gain":0,"player_choice":"Lose Max HP","damage_taken":0,"relics_obtained":["Golden Idol"],"max_hp_gain":0,"max_hp_loss":6,"event_name":"Golden Idol","floor":4,"gold_loss":0}],"is_beta":false,"boss_relics":[],"items_purged_floors":[5],"is_endless":false,"potions_floor_spawned":[],"killed_by":"Lagavulin","ascension_level":20}}