{"host":"g5ctwwsvxeihc2vr","time":1609268401,"event":{"mods":["Act Like it!","BaseMod","Bestiary","Better Third Choice","Block Reminder","CapriCore","Dio Mod","Downfall","Hallownest","Hermit","JesterMod","Jorbs\u0027s Wanderer Trilogy","Koishi","Luminous","Marisa????????","Minty Spire (QoL Compilation)","Reimu??????","Remilia??????","StSLib","The Alterego","The Animator","The Bug Knight","The Cursed","The Fake Hero","The Hierophant","The Immortal","The Jungle","The Marked","The Runesmith","The Servant 0.9.4","The Wild Card","Waifu the Spire"],"gold_per_floor":[116,116,130,56,56,56,90,90,115,129,109,140,140,159,159,260,260,271,289,249,249,249,249,249,249,317,277,277,308,88,414,414,414,414],"floor_reached":33,"playtime":2095,"items_purged":[],"score":287,"play_id":"28a7a9df-22e4-4590-9d4f-da56352e0fd8","local_time":"20201229140001","is_ascension_mode":false,"campfire_choices":[{"data":"Koishi:BramblyRoseGarden","floor":6,"key":"SMITH"},{"data":"Koishi:CatchAndRose","floor":8,"key":"SMITH"},{"floor":15,"key":"REST"},{"data":"Koishi:SubterraneanRose","floor":23,"key":"SMITH"},{"data":"Koishi:SubterraneanRose","floor":25,"key":"SMITH"},{"data":"Koishi:BasicDefend","floor":28,"key":"SMITH"},{"floor":32,"key":"REST"}],"circlet_count":0,"master_deck":["Koishi:BasicStrike","Koishi:BasicStrike","Koishi:BasicStrike","Koishi:BasicStrike","Koishi:BasicDefend+1","Koishi:BasicDefend+1","Koishi:BasicDefend","Koishi:BasicDefend","Koishi:Provoke","Koishi:HauntingSlash","Koishi:BramblyRoseGarden+1","Koishi:CatchAndRose+1","Koishi:FourthEye","Koishi:SubterraneanRose+1","Koishi:UnconsciousUprising","Koishi:Prune","Koishi:SubterraneanRose+1","Koishi:UnconsciousUrges","Koishi:PhantomBarrier+1"],"relics":["Koishi:ImaginaryFriend","WingedGreaves","Strawberry","Runesmith:Locket","Velvet Choker","ZunR:ReiMu","alterego_mod:FleetingLove","Bottled Lightning","Ancient Tea Set","Dream Catcher","Old Coin","Frozen Eye"],"acts_visited":["Exordium","TheCity"],"potions_floor_usage":[16,29,33],"damage_taken":[{"damage":7,"enemies":"Jaw Worm","floor":1,"turns":5},{"damage":0,"enemies":"Small Slimes","floor":3,"turns":5},{"damage":2,"enemies":"HollowMod:MossKnight","floor":7,"turns":12},{"damage":1,"enemies":"Cultist","floor":10,"turns":3},{"damage":26,"enemies":"Lagavulin","floor":12,"turns":10},{"damage":2,"enemies":"Blue Slaver","floor":14,"turns":4},{"damage":30,"enemies":"The Guardian","floor":16,"turns":9},{"damage":5,"enemies":"3 Byrds","floor":18,"turns":4},{"damage":7,"enemies":"Shell Parasite","floor":19,"turns":5},{"damage":8,"enemies":"Book of Stabbing","floor":29,"turns":5},{"damage":18,"enemies":"Slavers","floor":31,"turns":5},{"damage":86,"enemies":"Automaton","floor":33,"turns":12}],"seed_played":"-3889437164488886498","potions_obtained":[{"floor":3,"key":"EssenceOfSteel"},{"floor":7,"key":"LiquidBronze"},{"floor":11,"key":"Fire Potion"},{"floor":16,"key":"champ:CounterPotion"}],"is_trial":false,"path_per_floor":["M","?","M","$","?","R","E","R","T","M","?","E","$","M","R","B",null,"M","M","?","?","?","R","T","R","T","?","R","E","$","E","R","B"],"character_chosen":"KOISHI","items_purchased":["Koishi:FourthEye","Koishi:UnconsciousUrges","Dream Catcher"],"campfire_rested":2,"item_purchase_floors":[4,30,30],"current_hp_per_floor":[62,62,63,63,63,63,64,64,71,70,70,45,45,44,65,37,73,70,65,65,65,65,65,65,65,65,65,65,58,58,41,62,0,0],"gold":414,"neow_bonus":"TEN_PERCENT_HP_BONUS","is_daily":false,"chose_seed":false,"campfire_upgraded":5,"win_rate":0.0,"timestamp":1609268401,"path_taken":["M","?","M","$","?","R","E","R","T","?","?","E","$","?","R","BOSS","M","M","?","?","?","R","?","R","T","?","R","E","$","E","R","BOSS"],"items_purchased_type":["Card","Card","Relic"],"build_version":"2020-12-22","purchased_purges":0,"victory":false,"max_hp_per_floor":[66,66,66,66,66,66,66,66,73,73,73,73,73,73,73,73,73,73,73,73,73,73,73,73,73,73,73,73,73,73,73,73,73,73],"card_choices":[{"not_picked":["Koishi:RacingHeart","Koishi:SubterraneanRose"],"picked":"Koishi:BramblyRoseGarden","floor":1},{"not_picked":["Koishi:GhostParty","Koishi:DreadfulBlow"],"picked":"Koishi:CatchAndRose","floor":3},{"not_picked":["Koishi:UnansweredLove","Koishi:SuperEgo"],"picked":"Koishi:SubterraneanRose","floor":7},{"not_picked":["Koishi:BloodcurdlingScream","Koishi:YoukaiPolygraph"],"picked":"Koishi:UnconsciousUprising","floor":10},{"not_picked":["Koishi:PhantomStrike","Koishi:ReflexRadar"],"picked":"Koishi:Prune","floor":12},{"not_picked":["Koishi:DNAsFlaw","Koishi:FleetingPhantom","Koishi:SubconsciousSweep"],"picked":"SKIP","floor":14},{"not_picked":["Koishi:StingingMind","Koishi:UnconsciousUprising","Koishi:Prune+1"],"picked":"SKIP","floor":18},{"not_picked":["Koishi:SpiritedAway","Koishi:DanmakuParanoia","Koishi:PhantomStrike+1"],"picked":"SKIP","floor":19},{"not_picked":["Koishi:GrowingPain","Koishi:ParalyzingFear","Koishi:RuptureMind"],"picked":"SKIP","floor":29},{"not_picked":["Koishi:FleetingPhantom","Koishi:UnseenTerror+1","Koishi:Prune"],"picked":"SKIP","floor":31},{"not_picked":["Koishi:YoukaiPolygraph","Koishi:JumpScare"],"picked":"Koishi:PhantomBarrier+1","floor":32}],"player_experience":319198,"relics_obtained":[{"floor":7,"key":"WingedGreaves"},{"floor":9,"key":"Strawberry"},{"floor":12,"key":"Runesmith:Locket"},{"floor":26,"key":"Bottled Lightning"},{"floor":29,"key":"Ancient Tea Set"},{"floor":31,"key":"Old Coin"}],"event_choices":[{"damage_healed":0,"gold_gain":0,"player_choice":"Leave","damage_taken":0,"max_hp_gain":0,"max_hp_loss":0,"event_name":"The Cleric","floor":2,"gold_loss":0},{"damage_healed":0,"gold_gain":0,"player_choice":"Ignored","damage_taken":0,"max_hp_gain":0,"max_hp_loss":0,"event_name":"NoteForYourself","floor":5,"gold_loss":0},{"damage_healed":0,"gold_gain":0,"player_choice":"Bought 1 Potion","damage_taken":0,"max_hp_gain":0,"max_hp_loss":0,"event_name":"The Woman in Blue","floor":11,"gold_loss":0},{"damage_healed":0,"gold_gain":0,"player_choice":"Keep O-miki","damage_taken":0,"relics_obtained":["ZunR:ReiMu"],"max_hp_gain":0,"max_hp_loss":0,"event_name":"ZunEvent","floor":20,"gold_loss":40},{"damage_healed":0,"gold_gain":0,"player_choice":"Choice 1","damage_taken":0,"relics_obtained":["alterego_mod:FleetingLove"],"max_hp_gain":0,"max_hp_loss":0,"event_name":"Secret Garden","floor":21,"gold_loss":0},{"damage_healed":0,"gold_gain":0,"player_choice":"Read","damage_taken":0,"max_hp_gain":0,"max_hp_loss":0,"event_name":"The Library","floor":22,"gold_loss":0,"cards_obtained":["Koishi:SubterraneanRose"]},{"damage_healed":0,"gold_gain":0,"player_choice":"Upgrade","damage_taken":0,"max_hp_gain":0,"max_hp_loss":0,"event_name":"Designer","floor":27,"gold_loss":40,"cards_upgraded":["Koishi:BasicDefend"]}],"is_beta":false,"boss_relics":[{"not_picked":["SacredBark","Astrolabe"],"picked":"Velvet Choker"}],"items_purged_floors":[],"is_endless":false,"potions_floor_spawned":[3,7,12,14,16,18],"killed_by":"Automaton","ascension_level":0}}