{"host":"7sni158j623xchr2","time":1609228644,"event":{"mods":["BaseMod","Colored Map","Highlight Path","Minty Spire (QoL Compilation)","Permanent Neow","Potion Indicator Mod","Rare Cards Sparkle","Relic Sorter","Relic Stats","StSLib","everything is the same but u backflip on backflip"],"gold_per_floor":[214,225,225,236,25,25,42,42,95,120,131,150,150,161,161,258,258,274,274,274,274,294,294,311,311,338,338,370,370,13,27,27,130,130,148,165,185,231,231,231,231],"floor_reached":40,"playtime":1274,"items_purged":["Defend_B+1"],"score":449,"play_id":"a2316387-5c65-4a8e-812a-845af35a6950","local_time":"20201229015724","is_ascension_mode":true,"campfire_choices":[{"data":"Fission","floor":6,"key":"SMITH"},{"data":"Defragment","floor":13,"key":"SMITH"},{"data":"Defragment","floor":15,"key":"SMITH"},{"data":"Genetic Algorithm","floor":23,"key":"SMITH"},{"data":"Genetic Algorithm","floor":25,"key":"SMITH"},{"data":"Capacitor","floor":29,"key":"SMITH"},{"data":"Go for the Eyes","floor":32,"key":"SMITH"}],"circlet_count":0,"master_deck":["Strike_B+1","Strike_B+1","Defend_B+1","Defend_B+1","Defend_B+1","Zap","Dualcast","Darkness","Go for the Eyes+1","Genetic Algorithm+1","Defragment+1","Fission+1","Rebound","Coolheaded","Defragment+1","Capacitor+1","Compile Driver","Hyperbeam","Coolheaded+1","Genetic Algorithm+1","Seek","Turbo","Ball Lightning+1"],"relics":["FrozenCore","Orichalcum","Omamori","Calling Bell","Smiling Mask","Letter Opener","Turnip","Eternal Feather","Toy Ornithopter","Centennial Puzzle","Thread and Needle","Girya"],"acts_visited":["Exordium","TheCity","TheBeyond"],"potions_floor_usage":[40,40,40],"damage_taken":[{"damage":7,"enemies":"Jaw Worm","floor":1,"turns":3},{"damage":6,"enemies":"Cultist","floor":2,"turns":3},{"damage":5,"enemies":"2 Louse","floor":4,"turns":3},{"damage":5,"enemies":"2 Fungi Beasts","floor":7,"turns":3},{"damage":6,"enemies":"Lagavulin","floor":10,"turns":6},{"damage":8,"enemies":"3 Louse","floor":11,"turns":4},{"damage":0,"enemies":"Looter","floor":12,"turns":3},{"damage":17,"enemies":"Lots of Slimes","floor":14,"turns":6},{"damage":1,"enemies":"Hexaghost","floor":16,"turns":9},{"damage":17,"enemies":"2 Thieves","floor":18,"turns":3},{"damage":10,"enemies":"Chosen","floor":22,"turns":5},{"damage":11,"enemies":"3 Cultists","floor":24,"turns":4},{"damage":21,"enemies":"Book of Stabbing","floor":28,"turns":5},{"damage":0,"enemies":"Centurion and Healer","floor":31,"turns":9},{"damage":7,"enemies":"Champ","floor":33,"turns":11},{"damage":21,"enemies":"3 Darklings","floor":35,"turns":4},{"damage":0,"enemies":"3 Shapes","floor":36,"turns":7},{"damage":4,"enemies":"3 Darklings","floor":37,"turns":4},{"damage":12,"enemies":"2 Orb Walkers","floor":38,"turns":7},{"damage":64,"enemies":"Giant Head","floor":40,"turns":12}],"seed_played":"4295203993023087344","potions_obtained":[{"floor":1,"key":"PotionOfCapacity"},{"floor":7,"key":"BlessingOfTheForge"},{"floor":16,"key":"Fruit Juice"},{"floor":31,"key":"GamblersBrew"}],"is_trial":false,"path_per_floor":["M","M","?","M","$","R","M","$","T","E","M","M","R","M","R","B",null,"M","?","?","?","M","R","M","R","T","?","E","R","$","M","R","B",null,"M","M","M","?","?","E"],"character_chosen":"DEFECT","items_purchased":["Defragment","Fission","Thread and Needle"],"campfire_rested":0,"item_purchase_floors":[5,5,30],"current_hp_per_floor":[68,62,62,57,57,57,52,52,52,46,38,38,38,21,21,20,75,58,58,58,44,34,46,35,47,47,47,26,38,38,38,50,43,80,59,59,55,43,43,0,0],"gold":231,"neow_bonus":"HUNDRED_GOLD","is_daily":false,"chose_seed":false,"campfire_upgraded":7,"win_rate":0.0,"timestamp":1609228644,"path_taken":["M","M","?","M","?","R","M","$","T","E","M","?","R","?","R","BOSS","M","?","?","?","M","R","M","R","T","?","E","R","$","M","R","BOSS","M","M","M","?","?","E"],"items_purchased_type":["Card","Card","Relic"],"build_version":"2020-12-22","purchased_purges":1,"victory":false,"max_hp_per_floor":[75,75,75,75,75,75,75,75,75,75,75,75,75,75,75,75,75,75,75,75,80,80,80,80,80,80,80,80,80,80,80,80,80,80,80,80,80,80,80,85,85],"relic_stats":{"Centennial Puzzle":[15],"counters":[20,111],"Eternal Feather":48,"Turnip":[8],"Letter Opener":[225],"Orichalcum":[162],"Smiling Mask":25,"obtain_stats":[{"Girya":38,"Eternal Feather":20,"Thread and Needle":30,"Omamori":10,"Letter Opener":17,"Orichalcum":9,"Smiling Mask":17,"FrozenCore":34,"Calling Bell":17,"Centennial Puzzle":28,"Turnip":17,"Cracked Core":0,"Toy Ornithopter":26},{"Girya":19,"Eternal Feather":10,"Thread and Needle":13,"Omamori":5,"Letter Opener":9,"Orichalcum":4,"Smiling Mask":9,"FrozenCore":15,"Calling Bell":9,"Centennial Puzzle":13,"Turnip":9,"Cracked Core":0,"Toy Ornithopter":12},{"Girya":99,"Eternal Feather":43,"Thread and Needle":57,"Omamori":18,"Letter Opener":40,"Orichalcum":12,"Smiling Mask":40,"FrozenCore":77,"Calling Bell":40,"Centennial Puzzle":57,"Turnip":40,"Cracked Core":0,"Toy Ornithopter":52}],"Toy Ornithopter":15,"FrozenCore":[22]},"card_choices":[{"not_picked":["Stack","Beam Cell"],"picked":"Darkness","floor":1},{"not_picked":["Beam Cell","Blizzard"],"picked":"Go for the Eyes","floor":2},{"not_picked":["Rebound","Barrage"],"picked":"Genetic Algorithm","floor":4},{"not_picked":["Hologram","Stack"],"picked":"Rebound","floor":7},{"not_picked":["Streamline","Steam Power"],"picked":"Coolheaded","floor":10},{"not_picked":["Creative AI","Hologram"],"picked":"Defragment","floor":11},{"not_picked":["Redo","Sweeping Beam"],"picked":"Capacitor","floor":12},{"not_picked":["Barrage","Darkness"],"picked":"Compile Driver","floor":14},{"not_picked":["Machine Learning","Thunder Strike"],"picked":"Hyperbeam","floor":16},{"not_picked":["Go for the Eyes","Force Field"],"picked":"Coolheaded+1","floor":18},{"not_picked":["Cold Snap","Streamline","Rebound"],"picked":"SKIP","floor":22},{"not_picked":["Capacitor+1","Coolheaded+1"],"picked":"Genetic Algorithm","floor":24},{"not_picked":["Streamline","Redo","Tempest+1"],"picked":"SKIP","floor":28},{"not_picked":["Stack","Beam Cell+1","Redo"],"picked":"SKIP","floor":31},{"not_picked":["Meteor Strike","Fission"],"picked":"Seek","floor":33},{"not_picked":["Conserve Battery+1","Chill+1"],"picked":"Turbo","floor":35},{"not_picked":["Redo","Rip and Tear+1"],"picked":"Ball Lightning+1","floor":36},{"not_picked":["Conserve Battery+1","Sunder+1","Coolheaded"],"picked":"SKIP","floor":37}],"player_experience":1548555,"relics_obtained":[{"floor":9,"key":"Orichalcum"},{"floor":10,"key":"Omamori"},{"floor":17,"key":"Smiling Mask"},{"floor":17,"key":"Letter Opener"},{"floor":17,"key":"Turnip"},{"floor":26,"key":"Toy Ornithopter"},{"floor":28,"key":"Centennial Puzzle"},{"floor":38,"key":"Girya"}],"event_choices":[{"cards_removed":["Strike_B"],"damage_healed":0,"gold_gain":0,"player_choice":"Purged","damage_taken":0,"max_hp_gain":0,"max_hp_loss":0,"event_name":"Purifier","floor":3,"gold_loss":0},{"damage_healed":0,"gold_gain":0,"player_choice":"Simplicity","damage_taken":0,"max_hp_gain":0,"max_hp_loss":0,"event_name":"Back to Basics","floor":19,"gold_loss":0,"cards_upgraded":["Strike_B","Strike_B","Strike_B","Defend_B","Defend_B","Defend_B","Defend_B"]},{"damage_healed":0,"gold_gain":0,"player_choice":"Stole Relic","damage_taken":0,"relics_obtained":["Eternal Feather"],"max_hp_gain":0,"max_hp_loss":0,"event_name":"Addict","floor":20,"gold_loss":0,"cards_obtained":["Shame"]},{"damage_healed":0,"gold_gain":0,"player_choice":"Shed Blood","damage_taken":19,"max_hp_gain":5,"max_hp_loss":0,"event_name":"Forgotten Altar","floor":21,"gold_loss":0},{"damage_healed":0,"gold_gain":0,"player_choice":"Ignored","damage_taken":0,"max_hp_gain":0,"max_hp_loss":0,"event_name":"Vampires","floor":27,"gold_loss":0},{"damage_healed":0,"gold_gain":0,"player_choice":"Fight","damage_taken":0,"max_hp_gain":0,"max_hp_loss":0,"event_name":"Mysterious Sphere","floor":38,"gold_loss":0},{"cards_removed":["Strike_B"],"damage_healed":0,"gold_gain":0,"player_choice":"Purged","damage_taken":0,"max_hp_gain":0,"max_hp_loss":0,"event_name":"Purifier","floor":39,"gold_loss":0}],"is_beta":false,"boss_relics":[{"not_picked":["Empty Cage","Busted Crown"],"picked":"Calling Bell"},{"not_picked":["Tiny House","Fusion Hammer"],"picked":"FrozenCore"}],"items_purged_floors":[30],"is_endless":false,"potions_floor_spawned":[1,7,16,22,31,33,36],"killed_by":"Giant Head","ascension_level":2}}