{"host":"ktoxvvst1mwxww91","time":1609239980,"event":{"mods":["BaseMod","Hermit","Minty Spire (QoL Compilation)","StSLib","The Hierophant","The Mystic","The Necromancer"],"gold_per_floor":[110,110,35,35,58,97,88,123,123,159,159,138,120,120,120,44,44],"floor_reached":16,"playtime":549,"items_purged":["hierophant:Strike_Hierophant"],"score":218,"play_id":"fae451cd-c41e-4cc0-8906-bd3d68026ac1","local_time":"20201229120620","is_ascension_mode":true,"campfire_choices":[{"data":"hierophant:Charity","floor":11.0,"key":"SMITH"},{"floor":15,"key":"REST"}],"circlet_count":0,"master_deck":["AscendersBane","hierophant:Strike_Hierophant","hierophant:Strike_Hierophant","hierophant:Punish","hierophant:Defend_Hierophant","hierophant:Defend_Hierophant","hierophant:Defend_Hierophant","hierophant:Defend_Hierophant","hierophant:ChurchCoffers","hierophant:Doubloon","hierophant:Charity+1","hierophant:PassingBell","hierophant:Community","hierophant:Doubloon","hierophant:RecallFunds","hierophant:RepressedViolence","hierophant:Blessing","hierophant:RepressedViolence","hierophant:PassingBell"],"relics":["hierophant:PropheticMaskRelic","NeowsBlessing","Golden Idol","InkBottle","Gambling Chip","Ginger","Dream Catcher","FaceOfCleric"],"acts_visited":["Exordium"],"potions_floor_usage":[13],"damage_taken":[{"damage":0.0,"enemies":"Jaw Worm","floor":1.0,"turns":1.0},{"damage":0.0,"enemies":"2 Louse","floor":5.0,"turns":1.0},{"damage":0.0,"enemies":"3 Sentries","floor":6.0,"turns":1.0},{"damage":0.0,"enemies":"Cultist","floor":7.0,"turns":3.0},{"damage":0.0,"enemies":"Lots of Slimes","floor":8.0,"turns":1.0},{"damage":50.0,"enemies":"Gremlin Nob","floor":10.0,"turns":5.0},{"damage":20.0,"enemies":"3 Sentries","floor":12.0,"turns":4.0},{"damage":3,"enemies":"Blue Slaver","floor":13,"turns":2},{"damage":44,"enemies":"Hexaghost","floor":16,"turns":9}],"seed_played":"-8714897251589022698","potions_obtained":[{"floor":1.0,"key":"Energy Potion"},{"floor":8.0,"key":"Explosive Potion"},{"floor":12.0,"key":"Explosive Potion"},{"floor":13,"key":"Fruit Juice"}],"is_trial":false,"path_per_floor":["M","?","$","?","M","E","M","M","T","E","R","E","M","?","R","B"],"character_chosen":"HIEROPHANT","items_purchased":[],"campfire_rested":1,"item_purchase_floors":[],"current_hp_per_floor":[68,68,68,68,68,68,68,68,68,18,18,5,14,14,36,0,0],"gold":44,"neow_bonus":"THREE_ENEMY_KILL","is_daily":false,"chose_seed":false,"campfire_upgraded":1,"win_rate":0.0,"timestamp":1609239980,"path_taken":["M","?","$","?","M","E","M","M","T","E","R","E","?","?","R","BOSS"],"items_purchased_type":[],"build_version":"2020-12-22","purchased_purges":1,"victory":false,"max_hp_per_floor":[75,69,69,69,69,69,69,69,69,69,69,69,74,74,74,74,74],"card_choices":[{"not_picked":["hierophant:Mercenaries","hierophant:RustyCrate"],"picked":"hierophant:Charity","floor":1.0},{"not_picked":["hierophant:FieryStrike","hierophant:Purify"],"picked":"hierophant:PassingBell","floor":5.0},{"not_picked":["hierophant:ThreeLashes","hierophant:Purify"],"picked":"hierophant:Community","floor":6.0},{"not_picked":["hierophant:Glossolalia","hierophant:Invocation"],"picked":"hierophant:RecallFunds","floor":7.0},{"not_picked":["hierophant:ThreeLashes","hierophant:BulkyChest"],"picked":"hierophant:RepressedViolence","floor":8.0},{"not_picked":["hierophant:Doomsaying","hierophant:AuricForm"],"picked":"hierophant:Blessing","floor":10.0},{"not_picked":["hierophant:Martyrdom","hierophant:HammerAndAnvil"],"picked":"hierophant:RepressedViolence","floor":12.0},{"not_picked":["hierophant:RepressedViolence","hierophant:HammerAndAnvil"],"picked":"hierophant:PassingBell","floor":13}],"player_experience":940916,"relics_obtained":[{"floor":6.0,"key":"InkBottle"},{"floor":9.0,"key":"Gambling Chip"},{"floor":10.0,"key":"Ginger"},{"floor":12.0,"key":"Dream Catcher"}],"event_choices":[{"damage_healed":0.0,"max_hp_gain":0.0,"max_hp_loss":6.0,"gold_gain":0.0,"event_name":"Golden Idol","player_choice":"Lose Max HP","floor":2.0,"gold_loss":0.0,"damage_taken":0.0,"relics_obtained":["Golden Idol"]},{"cards_removed":["hierophant:Strike_Hierophant"],"damage_healed":0.0,"max_hp_gain":0.0,"max_hp_loss":0.0,"gold_gain":0.0,"event_name":"Living Wall","player_choice":"Forget","floor":4.0,"gold_loss":0.0,"damage_taken":0.0},{"damage_healed":0,"gold_gain":0,"player_choice":"Trade","damage_taken":0,"relics_obtained":["FaceOfCleric"],"max_hp_gain":0,"max_hp_loss":0,"event_name":"FaceTrader","floor":14,"gold_loss":0}],"is_beta":false,"boss_relics":[],"items_purged_floors":[3],"is_endless":false,"potions_floor_spawned":[1,8,12,13],"killed_by":"Hexaghost","ascension_level":10}}