{"host":"daa8jqyg4gqfaysm","time":1609251931,"event":{"mods":["BaseMod","Colored Powertips","Minty Spire (QoL Compilation)","StSLib"],"gold_per_floor":[110,129,146,146,163,163,177,208,232,232,244,244,271,446,446,551,551,566,5,5,5,23,23,51,51,75,93,124,24,77,91,91,194,194,206,81,94,0,18,46,46,58,58,93,107,107,107,157,157,157,157],"floor_reached":50,"playtime":2515,"items_purged":["Doubt","Injury","Writhe"],"score":748,"play_id":"f9d4768b-3dcb-4fe0-8463-a443ab0e78c8","local_time":"20201229222531","is_ascension_mode":true,"campfire_choices":[{"data":"BattleHymn","floor":6,"key":"SMITH"},{"data":"SandsOfTime","floor":12,"key":"SMITH"},{"data":"Vigilance","floor":15,"key":"SMITH"},{"floor":23,"key":"REST"},{"data":"CrushJoints","floor":25,"key":"SMITH"},{"floor":32,"key":"REST"},{"floor":41,"key":"REST"},{"floor":46,"key":"RECALL"},{"data":"Wallop","floor":49,"key":"SMITH"}],"circlet_count":0,"master_deck":["Strike_P+1","Strike_P+1","Defend_P+1","Defend_P+1","Defend_P+1","Defend_P+1","Eruption+1","Vigilance+1","ClearTheMind","EmptyMind","SandsOfTime+1","BattleHymn+1","FearNoEvil+1","Crescendo","ReachHeaven","EmptyBody+1","MasterReality+1","CrushJoints+1","Master of Strategy+1","FlurryOfBlows","Conclude+1","Evaluate+1","LessonLearned","SpiritShield","ThirdEye+1","LikeWater+1","Evaluate+1","Protect+1","Wallop+1"],"relics":["Empty Cage","Question Card","Akabeko","Bronze Scales","Cursed Key","MealTicket","Pen Nib","MutagenicStrength","Whetstone","Anchor","War Paint","VioletLotus","Red Mask","Vajra","Blood Vial","TungstenRod"],"acts_visited":["Exordium","TheCity","TheBeyond"],"potions_floor_usage":[18,22,37,39,40,44],"damage_taken":[{"damage":5,"enemies":"2 Louse","floor":1,"turns":5},{"damage":8,"enemies":"Small Slimes","floor":2,"turns":8},{"damage":2,"enemies":"Cultist","floor":3,"turns":4},{"damage":2,"enemies":"2 Fungi Beasts","floor":5,"turns":4},{"damage":1,"enemies":"Looter","floor":7,"turns":3},{"damage":38,"enemies":"Gremlin Nob","floor":8,"turns":5},{"damage":0,"enemies":"Blue Slaver","floor":11,"turns":3},{"damage":7,"enemies":"Lagavulin","floor":13,"turns":5},{"damage":21,"enemies":"Slime Boss","floor":16,"turns":6},{"damage":17,"enemies":"Spheric Guardian","floor":18,"turns":3},{"damage":10,"enemies":"2 Thieves","floor":22,"turns":3},{"damage":14,"enemies":"Slavers","floor":24,"turns":4},{"damage":4,"enemies":"Snake Plant","floor":27,"turns":3},{"damage":23,"enemies":"Gremlin Leader","floor":28,"turns":5},{"damage":0,"enemies":"Chosen and Byrds","floor":31,"turns":4},{"damage":47,"enemies":"Champ","floor":33,"turns":6},{"damage":17,"enemies":"3 Darklings","floor":35,"turns":3},{"damage":3,"enemies":"Orb Walker","floor":37,"turns":3},{"damage":9,"enemies":"Maw","floor":39,"turns":5},{"damage":30,"enemies":"Reptomancer","floor":40,"turns":5},{"damage":1,"enemies":"4 Shapes","floor":42,"turns":8},{"damage":6,"enemies":"Giant Head","floor":44,"turns":8},{"damage":0,"enemies":"Transient","floor":45,"turns":5},{"damage":0,"enemies":"Mind Bloom Boss Battle","floor":48,"turns":8},{"damage":66,"enemies":"Time Eater","floor":50,"turns":8}],"seed_played":"1645342183639881852","potions_obtained":[{"floor":1,"key":"EssenceOfSteel"},{"floor":3,"key":"SkillPotion"},{"floor":11,"key":"SpeedPotion"},{"floor":16,"key":"Block Potion"},{"floor":24,"key":"BlessingOfTheForge"},{"floor":33,"key":"Strength Potion"},{"floor":35,"key":"Block Potion"},{"floor":37,"key":"Block Potion"},{"floor":42,"key":"AttackPotion"},{"floor":45,"key":"Explosive Potion"}],"is_trial":false,"path_per_floor":["M","M","M","?","M","R","M","E","T","?","M","R","E","?","R","B",null,"M","$","?","?","M","R","E","R","T","M","E","$","T","M","R","B",null,"M","$","M","?","M","E","R","M","T","E","M","R","?","?","R","B"],"character_chosen":"WATCHER","items_purchased":["Master of Strategy","MealTicket","Pen Nib"],"campfire_rested":3,"item_purchase_floors":[19,19,19],"current_hp_per_floor":[60,52,50,72,70,70,69,31,31,72,72,72,65,65,65,44,65,48,48,48,48,38,59,45,45,45,41,18,33,33,33,54,7,56,39,54,51,51,42,12,33,32,32,26,28,28,63,63,63,0,0],"gold":157,"neow_bonus":"BOSS_RELIC","is_daily":false,"chose_seed":false,"campfire_upgraded":5,"win_rate":0.0,"timestamp":1609251931,"path_taken":["M","M","M","?","M","R","M","E","T","?","?","R","E","?","R","BOSS","M","$","?","?","M","R","E","R","T","M","E","?","?","M","R","BOSS","M","$","M","?","M","E","R","M","T","E","M","R","?","?","R","BOSS"],"items_purchased_type":["Card","Relic","Relic"],"build_version":"2020-12-22","purchased_purges":3,"victory":false,"max_hp_per_floor":[72,72,72,72,72,72,72,72,72,72,72,72,72,72,72,72,72,72,72,72,72,72,72,72,72,72,72,72,72,72,72,72,72,72,72,72,72,72,72,72,72,72,72,72,72,72,63,63,63,63,63],"card_choices":[{"not_picked":["SashWhip","Fasting2"],"picked":"ClearTheMind","floor":1},{"not_picked":["WindmillStrike","FlurryOfBlows"],"picked":"EmptyMind","floor":2},{"not_picked":["JustLucky","Fasting2"],"picked":"SandsOfTime","floor":3},{"not_picked":["Wallop","ThirdEye"],"picked":"BattleHymn","floor":5},{"not_picked":["Halt","ForeignInfluence"],"picked":"FearNoEvil","floor":7},{"not_picked":["Blasphemy","Evaluate"],"picked":"Crescendo","floor":8},{"not_picked":["ThirdEye","Consecrate","MentalFortress"],"picked":"ReachHeaven","floor":11},{"not_picked":["JustLucky","MentalFortress","SashWhip"],"picked":"EmptyBody","floor":13},{"not_picked":["Wish","LessonLearned","ConjureBlade"],"picked":"MasterReality","floor":16},{"not_picked":["Halt","Protect","PathToVictory"],"picked":"CrushJoints","floor":18},{"not_picked":["Wireheading","Nirvana","Vengeance"],"picked":"FlurryOfBlows","floor":22},{"not_picked":["CutThroughFate","SashWhip","Crescendo"],"picked":"Conclude","floor":24},{"not_picked":["CarveReality+1","Conclude","Wireheading"],"picked":"Evaluate","floor":27},{"not_picked":["Worship","SashWhip+1","Wireheading"],"picked":"LessonLearned","floor":28},{"not_picked":["EmptyBody","Adaptation","Weave+1","BattleHymn+1"],"picked":"SKIP","floor":31},{"not_picked":["ConjureBlade","Scrawl","Ragnarok"],"picked":"SpiritShield","floor":33},{"not_picked":["Collect+1","ClearTheMind+1","JustLucky+1"],"picked":"ThirdEye+1","floor":35},{"not_picked":["WheelKick+1","SashWhip+1","SandsOfTime+1"],"picked":"LikeWater+1","floor":37},{"not_picked":["FlurryOfBlows+1","Worship+1","JustLucky+1"],"picked":"Evaluate+1","floor":39},{"not_picked":["PathToVictory","CutThroughFate","Weave+1"],"picked":"Protect","floor":40},{"not_picked":["Evaluate","FlurryOfBlows+1","Halt+1","JustLucky+1"],"picked":"SKIP","floor":42},{"not_picked":["Judgement","ThirdEye","PathToVictory","Protect"],"picked":"SKIP","floor":44},{"not_picked":["ReachHeaven+1","Adaptation","Nirvana"],"picked":"Wallop","floor":45}],"player_experience":755040,"relics_obtained":[{"floor":8,"key":"Question Card"},{"floor":9,"key":"Akabeko"},{"floor":13,"key":"Bronze Scales"},{"floor":24,"key":"Whetstone"},{"floor":26,"key":"Anchor"},{"floor":28,"key":"War Paint"},{"floor":40,"key":"Vajra"},{"floor":44,"key":"Blood Vial"},{"floor":48,"key":"TungstenRod"}],"event_choices":[{"damage_healed":24,"gold_gain":0,"player_choice":"Banana","damage_taken":0,"max_hp_gain":0,"max_hp_loss":0,"event_name":"Big Fish","floor":4,"gold_loss":0},{"damage_healed":41,"gold_gain":0,"player_choice":"Full Heal","damage_taken":0,"max_hp_gain":0,"max_hp_loss":0,"event_name":"Wheel of Change","floor":10,"gold_loss":0},{"damage_healed":0,"gold_gain":175,"player_choice":"AGREE","damage_taken":0,"max_hp_gain":0,"max_hp_loss":0,"event_name":"Liars Game","floor":14,"gold_loss":0,"cards_obtained":["Doubt"]},{"damage_healed":0,"gold_gain":0,"player_choice":"Simplicity","damage_taken":0,"max_hp_gain":0,"max_hp_loss":0,"event_name":"Back to Basics","floor":20,"gold_loss":0,"cards_upgraded":["Strike_P","Strike_P","Defend_P","Defend_P","Defend_P","Defend_P"]},{"damage_healed":0,"gold_gain":0,"player_choice":"Inject Mutagens","damage_taken":0,"relics_obtained":["MutagenicStrength"],"max_hp_gain":0,"max_hp_loss":0,"event_name":"Drug Dealer","floor":21,"gold_loss":0},{"damage_healed":0,"gold_gain":0,"player_choice":"Paid","damage_taken":0,"relics_obtained":["Red Mask"],"max_hp_gain":0,"max_hp_loss":0,"event_name":"Tomb of Lord Red Mask","floor":38,"gold_loss":94},{"damage_healed":63,"gold_gain":0,"player_choice":"Heal","damage_taken":0,"max_hp_gain":0,"max_hp_loss":9,"event_name":"The Moai Head","floor":47,"gold_loss":0},{"damage_healed":0,"gold_gain":0,"player_choice":"Fight","damage_taken":0,"max_hp_gain":0,"max_hp_loss":0,"event_name":"MindBloom","floor":48,"gold_loss":0}],"is_beta":false,"boss_relics":[{"not_picked":["SlaversCollar","Snecko Eye"],"picked":"Cursed Key"},{"not_picked":["Sozu","Velvet Choker"],"picked":"VioletLotus"}],"items_purged_floors":[19,29,36],"is_endless":false,"potions_floor_spawned":[1,3,11,16,24,33,35,37,42,45],"killed_by":"Time Eater","ascension_level":6}}