{"host":"1c52r9kaxdyo25eq","time":1609278895,"event":{"mods":["AchievementEnabler","BaseMod","Minty Spire (QoL Compilation)","Rare Cards Sparkle","SuperFastMode","everything is the same but u backflip on backflip"],"gold_per_floor":[111,111,128,146,71,71,86,161,161,161,161,181,197,214,214,214,214],"floor_reached":16,"playtime":265,"items_purged":["Defend_G"],"score":188,"play_id":"db7f8c6e-7aa7-40d7-bf39-c3ae4fa5430f","local_time":"20201230065455","is_ascension_mode":true,"campfire_choices":[{"data":"Predator","floor":6.0,"key":"SMITH"},{"floor":10.0,"key":"REST"},{"data":"Acrobatics","floor":15.0,"key":"SMITH"}],"circlet_count":0,"master_deck":["AscendersBane","Strike_G","Strike_G","Strike_G","Defend_G","Defend_G","Defend_G","Defend_G","Survivor+1","Neutralize","Dagger Spray+1","Masterful Stab","Predator+1","Acrobatics+1","Grand Finale"],"relics":["Ring of the Snake","Anchor"],"acts_visited":["Exordium"],"potions_floor_usage":[16],"damage_taken":[{"damage":0.0,"enemies":"2 Louse","floor":1.0,"turns":4.0},{"damage":7.0,"enemies":"Jaw Worm","floor":3.0,"turns":5.0},{"damage":0.0,"enemies":"Small Slimes","floor":4.0,"turns":2.0},{"damage":6.0,"enemies":"Exordium Thugs","floor":7.0,"turns":3.0},{"damage":0.0,"enemies":"Looter","floor":12.0,"turns":2.0},{"damage":0.0,"enemies":"Lots of Slimes","floor":13.0,"turns":2.0},{"damage":0.0,"enemies":"Exordium Thugs","floor":14.0,"turns":3.0},{"damage":33,"enemies":"Slime Boss","floor":16,"turns":7}],"seed_played":"4305662178954137031","potions_obtained":[{"floor":12.0,"key":"Strength Potion"},{"floor":13.0,"key":"Explosive Potion"}],"is_trial":false,"path_per_floor":["M","?","M","M","$","R","M","?","T","R","?","M","M","M","R","B"],"character_chosen":"THE_SILENT","items_purchased":[],"campfire_rested":1,"item_purchase_floors":[],"current_hp_per_floor":[59,39,32,32,32,32,26,15,15,34,34,34,34,34,34,1,1],"gold":214,"neow_bonus":"REMOVE_CARD","is_daily":false,"chose_seed":false,"campfire_upgraded":2,"win_rate":0.0,"timestamp":1609278895,"path_taken":["M","?","M","M","$","R","M","?","T","R","?","M","M","M","R","BOSS"],"items_purchased_type":[],"build_version":"2020-12-22","purchased_purges":1,"victory":false,"max_hp_per_floor":[66,66,66,66,66,66,66,66,66,66,66,66,66,66,66,66,66],"card_choices":[{"not_picked":["Sucker Punch","Dash"],"picked":"Dagger Spray","floor":1.0},{"not_picked":["Cloak And Dagger","Deadly Poison"],"picked":"Masterful Stab","floor":3.0},{"not_picked":["Dash","Outmaneuver"],"picked":"Predator","floor":4.0},{"not_picked":["Finisher","Backstab"],"picked":"Acrobatics","floor":7.0},{"not_picked":["Accuracy","Dagger Throw"],"picked":"Grand Finale","floor":12.0},{"not_picked":["Noxious Fumes","Acrobatics","Dagger Spray"],"picked":"SKIP","floor":13.0},{"not_picked":["Underhanded Strike","Prepared","Concentrate"],"picked":"SKIP","floor":14.0}],"player_experience":529463,"relics_obtained":[{"floor":9.0,"key":"Anchor"}],"event_choices":[{"damage_healed":0.0,"max_hp_gain":0.0,"max_hp_loss":0.0,"gold_gain":0.0,"event_name":"Shining Light","player_choice":"Entered Light","floor":2.0,"gold_loss":0.0,"damage_taken":20.0,"cards_upgraded":["Survivor","Dagger Spray"]},{"damage_healed":0.0,"max_hp_gain":0.0,"max_hp_loss":0.0,"gold_gain":75.0,"event_name":"World of Goop","player_choice":"Gather Gold","floor":8.0,"gold_loss":0.0,"damage_taken":11.0},{"cards_removed":["Strike_G"],"damage_healed":0.0,"max_hp_gain":0.0,"max_hp_loss":0.0,"gold_gain":0.0,"event_name":"Bonfire Elementals","player_choice":"Offered Basic","floor":11.0,"gold_loss":0.0,"damage_taken":0.0}],"is_beta":false,"boss_relics":[],"items_purged_floors":[5],"is_endless":false,"potions_floor_spawned":[12,13],"killed_by":"Slime Boss","ascension_level":20}}