{"host":"jewdtr7eremy7cl3","time":1609250701,"event":{"mods":["ATMod(阿瑾Mod)","Act Like it!","Arknights The Spire","BaseMod","Dota2Spire","Gensokyo","Lobotomy","LobotomyExtend","Minty Spire (QoL Compilation)","Remilia（蕾米莉亚）","Spicy Shops","StSLib","The Alterego","The Forsaken","The Servant 0.9.4","TheWitcher","WarShipGirlsR/战舰少女R mod","Yakumo Yukari mod","【遗物卡牌】REMEMod","残留之物"],"gold_per_floor":[269,289,305,318,330,330,330,365,392,31,57,57,74,84,84,336,336,351,371,371,75,75,101,112,112,160,0,0,14,39,56,56,155,155,244,254,234,13,13,13,95,133,133,148,148,56,56,71,71,71],"floor_reached":51,"playtime":3821,"items_purged":[],"score":854,"play_id":"c57e2165-f1e7-4337-9712-6cfd00f35840","local_time":"20201229220501","is_ascension_mode":false,"campfire_choices":[{"floor":6.0,"key":"REST"},{"data":"BestPractice","floor":12.0,"key":"SMITH"},{"data":"FlawlessForm","floor":15.0,"key":"SMITH"},{"data":"Initiator","floor":32.0,"key":"SMITH"},{"data":"AT_PowerWithin","floor":40.0,"key":"SMITH"},{"data":"LightFlow","floor":47,"key":"SMITH"},{"data":"TheWorld","floor":49,"key":"SMITH"}],"circlet_count":0,"master_deck":["Strike_S","Strike_S","Strike_S","Defend_S","Defend_S+1","Defend_S","KidneyShot+1","Exchange","SurpressingFire","Scorched","BestPractice+1","Bloodbath","Deadline","WhiteNight","ShatteredReality","Gensokyo:MissMary","OldLady","Reset","Unruled","LaLuna","FlawlessForm+1","ShyLook","FloweringNight+1","Potential","UniverseFragment","LightFlow+1","AT_PowerWithin+1","BlackSwan","RedShoes","OSAHOGD","Initiator+1","Comet+1","TheWorld+1","Potential","Misdirection","Ricochet","FastForward","Solidify","Mercenary","FastForward+1","Spin+1","Rudolta","Deadline+1","SingingMachine","Desolation+1"],"relics":["Uniform","AT_ATBox","CogitoBucket","LetterFromLob","ats:Originium","Ginger","Lantern","ats:Originium","Bag of Preparation","SkinProphecy","Dota2Spire:ArmletOfMordiggian","SolemnVow_r","Dota2Spire:RefresherOrb","AT_GoldPhoenixTree","Nunchaku","PlaceholderMod:DeVermisMysteriis","ats:Originium","Potion Belt","ChangeAnything","Moonlight_r","MagicBullet_r","Dota2Spire:ShadowBlade","ats:Originium","MealTicket","Empty Cage","TreeSap","AtMidnight","Dota2Spire:AghanimScepter","Dota2Spire:AssaultCuirass","Pantograph","PlaceholderMod:DaolothFragment","Boot"],"acts_visited":["Gensokyo:Gensokyo","Gensokyo:Gensokyoer","Gensokyo:Gensokyoest"],"potions_floor_usage":[51,51],"damage_taken":[{"damage":6.0,"enemies":"Gensokyo:Gryphon","floor":1.0,"turns":4.0},{"damage":6.0,"enemies":"Gensokyo:2_Kodama","floor":2.0,"turns":5.0},{"damage":0.0,"enemies":"Gensokyo:3_Fairies","floor":3.0,"turns":4.0},{"damage":0.0,"enemies":"Gensokyo:LivingMonolith","floor":4.0,"turns":3.0},{"damage":4.0,"enemies":"Gensokyo:VengefulSpirit","floor":5.0,"turns":2.0},{"damage":30.0,"enemies":"Gensokyo:Cirno","floor":8.0,"turns":6.0},{"damage":26.0,"enemies":"Gensokyo:Mamizou","floor":11.0,"turns":7.0},{"damage":12.0,"enemies":"Gensokyo:Gryphon_and_Rabbit","floor":13.0,"turns":3.0},{"damage":0.0,"enemies":"Gensokyo:LivingMonolith","floor":14.0,"turns":3.0},{"damage":24.0,"enemies":"Gensokyo:Kokoro","floor":16.0,"turns":10.0},{"damage":0.0,"enemies":"Gensokyo:2_Gloops","floor":18.0,"turns":2.0},{"damage":0.0,"enemies":"Gensokyo:AngelMirror","floor":19.0,"turns":2.0},{"damage":44.0,"enemies":"Gensokyo:Reisen","floor":23.0,"turns":2.0},{"damage":0.0,"enemies":"Gensokyo:Wraith","floor":24.0,"turns":3.0},{"damage":13.0,"enemies":"Gensokyo:Swordslinger","floor":29.0,"turns":3.0},{"damage":64.0,"enemies":"Gensokyo:Koishi","floor":30.0,"turns":6.0},{"damage":15.0,"enemies":"Gensokyo:Monolith_and_Dog","floor":31.0,"turns":3.0},{"damage":64.0,"enemies":"Gensokyo:Kaguya","floor":33.0,"turns":6.0},{"damage":34.0,"enemies":"Gensokyo:3_Boulders","floor":35.0,"turns":8.0},{"damage":22.0,"enemies":"Gensokyo:3_Bats","floor":36.0,"turns":3.0},{"damage":64.0,"enemies":"Gensokyo:Doremy","floor":41.0,"turns":6.0},{"damage":10.0,"enemies":"Gensokyo:Dusk_and_Dawn","floor":42.0,"turns":3.0},{"damage":33.0,"enemies":"Gensokyo:Sharpion","floor":44.0,"turns":2.0},{"damage":0,"enemies":"Gensokyo:SeedOfUnknown","floor":48,"turns":2},{"damage":32,"enemies":"Gensokyo:Scarlet_Devils","floor":50,"turns":7},{"damage":103,"enemies":"Malkuth","floor":51,"turns":8},{"damage":100,"enemies":"Netzach","floor":51,"turns":6}],"seed_played":"-7285911073782605122","potions_obtained":[{"floor":2.0,"key":"SpeedPotion"},{"floor":5.0,"key":"Strength Potion"},{"floor":13.0,"key":"LiquidMemories"},{"floor":16.0,"key":"AttackPotion"},{"floor":24.0,"key":"SteroidPotion"},{"floor":29.0,"key":"Dexterity Potion"},{"floor":31.0,"key":"PlaceholderMod:PlaceholderPotion"},{"floor":33.0,"key":"SteroidPotion"},{"floor":36.0,"key":"SteroidPotion"},{"floor":44.0,"key":"Dota2Spire:Clarity"},{"floor":48,"key":"DistilledChaos"}],"is_trial":false,"path_per_floor":["M","M","M","M","M","R","?","E","T","COS","E","R","M","M","R","B",null,"M","M","?","$","?","E","M","M","T","?","?","M","E","M","R","B",null,"M","M","?","$","?","R","E","M","T","M","?","COS","R","M","R","B",null],"character_chosen":"THE_SERVANT","items_purchased":["Nunchaku","PlaceholderMod:DeVermisMysteriis","AT_PowerWithin","Dota2Spire:AghanimScepter","Dota2Spire:AssaultCuirass"],"campfire_rested":1,"item_purchase_floors":[21,21,21,38,38],"current_hp_per_floor":[59,55,56,57,54,65,65,37,37,37,36,36,50,57,57,69,69,71,73,64,64,64,45,74,42,42,42,42,43,26,25,25,29,29,87,82,82,82,67,67,55,76,76,65,65,65,65,91,91,97],"gold":71,"neow_bonus":"","is_daily":false,"chose_seed":false,"campfire_upgraded":6,"win_rate":0.0,"timestamp":1609250701,"path_taken":["M","?","?","M","M","R","?","E","T","COS","E","R","M","M","R","BOSS","M","M","?","$","?","E","M","?","T","?","?","?","E","M","R","BOSS","M","M","?","$","?","R","E","M","T","?","?","COS","R","M","R","BOSS"],"items_purchased_type":["Relic","Relic","Card","Relic","Relic"],"build_version":"2020-12-22","purchased_purges":0,"victory":true,"max_hp_per_floor":[65,65,65,65,65,65,65,65,65,65,65,65,65,67,67,69,69,71,73,73,73,73,75,79,79,79,79,79,81,83,85,85,87,87,91,93,93,93,93,93,95,97,97,99,99,99,99,101,101,103],"card_choices":[{"not_picked":["MHz","CrumblingArmor"],"picked":"Funeral","floor":1.0},{"not_picked":["Unruled","WasteNot"],"picked":"SurpressingFire","floor":1.0},{"not_picked":["Freischutz","FairyFestival"],"picked":"Scorched","floor":2.0},{"not_picked":["Unruled","Revamp"],"picked":"ShatteredReality","floor":2.0},{"not_picked":["FieryBird","BeautyBeast"],"picked":"LongBird","floor":3.0},{"not_picked":["Collapse","Unruled"],"picked":"BestPractice","floor":3.0},{"not_picked":["PunishingBird","VoidDream"],"picked":"SingingMachine","floor":4.0},{"not_picked":["BottledTime","BestPractice"],"picked":"ShiftingGears","floor":4.0},{"not_picked":["FairyFestival","MeatLantern"],"picked":"Bloodbath","floor":5.0},{"not_picked":["Ricochet","Unruled"],"picked":"Deadline","floor":5.0},{"not_picked":["MeatLantern","Woodsman"],"picked":"WhiteNight","floor":8.0},{"not_picked":["Foresight","Collapse"],"picked":"ShatteredReality","floor":8.0},{"not_picked":["CrumblingArmor","BeautyBeast"],"picked":"OldLady","floor":11.0},{"not_picked":["Hightail","DoubleEdge"],"picked":"Reset","floor":11.0},{"not_picked":["FairyFestival","HeroicMonk"],"picked":"DespairKnight","floor":13.0},{"not_picked":["Rewind","DoubleEdge"],"picked":"Unruled","floor":13.0},{"not_picked":["PunishingBird","WhitesApple"],"picked":"LaLuna","floor":14.0},{"not_picked":["BottledTime","Gouge"],"picked":"FlawlessForm","floor":14.0},{"not_picked":["FairyFestival","NakedNest"],"picked":"ShyLook","floor":16.0},{"not_picked":["Solidify","Duplication"],"picked":"FloweringNight","floor":16.0},{"not_picked":["CherryBlossoms","Yin","FieryBird"],"picked":"Singing Bowl","floor":18.0},{"not_picked":["Hightail","Shuttle"],"picked":"Potential","floor":18.0},{"not_picked":["MeatLantern","HappyTeddy","SpiderBud"],"picked":"Singing Bowl","floor":19.0},{"not_picked":["Laetitia","DreamingCurrent"],"picked":"UniverseFragment","floor":19.0},{"not_picked":["Snipe","Hightail"],"picked":"LightFlow","floor":19.0},{"not_picked":["Laetitia","MeatLantern"],"picked":"BlackSwan","floor":23.0},{"not_picked":["ShatteredReality+1","Starlight"],"picked":"Sabotage","floor":23.0},{"not_picked":["GalaxyChild","Scarecrow"],"picked":"RedShoes","floor":24.0},{"not_picked":["ShatteredReality+1","Alleviate"],"picked":"SoulSculpture","floor":24.0},{"not_picked":["QueenBee","Woodsman","SnowQueen"],"picked":"Singing Bowl","floor":29.0},{"not_picked":["BottledTime","Replace"],"picked":"Starlight","floor":29.0},{"not_picked":["Porccubus","NakedNest"],"picked":"OSAHOGD","floor":30.0},{"not_picked":["Defy","FastForward"],"picked":"Initiator","floor":30.0},{"not_picked":["GreedKing","Alriune","SnowQueen"],"picked":"Singing Bowl","floor":31.0},{"not_picked":["QueenOfHatred","Variant"],"picked":"CENSORED","floor":31.0},{"not_picked":["DoubleEdge+1","Defy"],"picked":"Comet+1","floor":31.0},{"not_picked":["DreamingCurrent","SnowQueen","NakedNest"],"picked":"Singing Bowl","floor":33.0},{"not_picked":["TrueSight","FlawlessForm"],"picked":"TheWorld","floor":33.0},{"not_picked":["CherryBlossoms","SnowQueen","MeatLantern"],"picked":"Singing Bowl","floor":35.0},{"not_picked":["FastForward+1","Replace"],"picked":"Potential","floor":35.0},{"not_picked":["GalaxyChild","LittleHelper","Porccubus"],"picked":"Singing Bowl","floor":36.0},{"not_picked":["Alleviate+1","Potential+1"],"picked":"Misdirection","floor":36.0},{"not_picked":[],"picked":"Ricochet","floor":37.0},{"not_picked":[],"picked":"FastForward","floor":37.0},{"not_picked":[],"picked":"Solidify","floor":37.0},{"not_picked":["FairyFestival","PunishingBird","GalaxyChild"],"picked":"Singing Bowl","floor":41.0},{"not_picked":["Laetitia","SpiderBud"],"picked":"Mercenary","floor":41.0},{"not_picked":["Unruled","ShiftingGears+1"],"picked":"FastForward+1","floor":41.0},{"not_picked":["SnowQueen","BodiesMountain","MeatLantern"],"picked":"Singing Bowl","floor":42.0},{"not_picked":["ShatteredReality+1","Replace"],"picked":"Spin+1","floor":42.0},{"not_picked":["PunishingBird","HeroicMonk"],"picked":"Rudolta","floor":44.0},{"not_picked":["Ricochet+1","Rewind+1"],"picked":"Deadline+1","floor":44.0},{"not_picked":["MeltingLove","LittlePrince"],"picked":"SingingMachine","floor":48},{"not_picked":["Read","Ricochet"],"picked":"Desolation+1","floor":48}],"player_experience":137945,"relics_obtained":[{"floor":1.0,"key":"LetterFromLob"},{"floor":8.0,"key":"ats:Originium"},{"floor":8.0,"key":"Ginger"},{"floor":9.0,"key":"Lantern"},{"floor":11.0,"key":"ats:Originium"},{"floor":11.0,"key":"Bag of Preparation"},{"floor":23.0,"key":"ats:Originium"},{"floor":23.0,"key":"Potion Belt"},{"floor":26.0,"key":"Dota2Spire:ShadowBlade"},{"floor":30.0,"key":"ats:Originium"},{"floor":30.0,"key":"MealTicket"},{"floor":35.0,"key":"AtMidnight"},{"floor":41.0,"key":"Pantograph"},{"floor":43.0,"key":"PlaceholderMod:DaolothFragment"}],"event_choices":[],"is_beta":false,"boss_relics":[{"not_picked":["Black Star","Runic Dome"],"picked":"Dota2Spire:RefresherOrb"},{"not_picked":["Velvet Choker","Tiny House"],"picked":"Empty Cage"}],"items_purged_floors":[],"is_endless":false,"potions_floor_spawned":[2,5,13,16,24,29,31,33,36,41,44,48],"ascension_level":0}}