{"host":"9tzam4717zt8ei1o","time":1609251248,"event":{"mods":["BaseMod","Colored Map","Keyboard Shortcuts","Minty Spire (QoL Compilation)","Quick Restart","StSLib","SuperFastMode"],"gold_per_floor":[119,91,166,166,4,30,30,44,44,64,29,60,78,88,88,88,88],"floor_reached":16,"playtime":250,"items_purged":[],"score":295,"play_id":"51b5079d-2ade-45d2-a732-a2a48290b407","local_time":"20201229231408","is_ascension_mode":true,"campfire_choices":[{"data":"Neutralize","floor":7.0,"key":"SMITH"},{"floor":15.0,"key":"REST"}],"circlet_count":0,"master_deck":["AscendersBane","Strike_G","Strike_G","Strike_G","Strike_G","Strike_G","Defend_G","Defend_G","Defend_G","Defend_G","Defend_G","Survivor","Neutralize+1","Dagger Spray","Blade Dance","Blade Dance","Calculated Gamble","Accuracy","PiercingWail","Envenom","Eviscerate"],"relics":["Ring of the Snake","NeowsBlessing","Anchor","Medical Kit","Torii","Mango","Strawberry"],"acts_visited":["Exordium"],"potions_floor_usage":[16],"damage_taken":[{"damage":0.0,"enemies":"Cultist","floor":1.0,"turns":1.0},{"damage":0.0,"enemies":"3 Sentries","floor":6.0,"turns":1.0},{"damage":0.0,"enemies":"Small Slimes","floor":8.0,"turns":1.0},{"damage":0.0,"enemies":"2 Louse","floor":10.0,"turns":3.0},{"damage":37.0,"enemies":"Gremlin Nob","floor":12.0,"turns":4.0},{"damage":0.0,"enemies":"2 Fungi Beasts","floor":13.0,"turns":2.0},{"damage":8.0,"enemies":"Exordium Wildlife","floor":14.0,"turns":5.0},{"damage":38,"enemies":"The Guardian","floor":16,"turns":14}],"seed_played":"-6401875119613752584","potions_obtained":[{"floor":1.0,"key":"Dexterity Potion"},{"floor":12.0,"key":"Swift Potion"}],"is_trial":false,"path_per_floor":["M","$","?","?","$","E","R","M","T","M","?","E","M","M","R","B"],"character_chosen":"THE_SILENT","items_purchased":["Blade Dance","Medical Kit"],"campfire_rested":1,"item_purchase_floors":[2,5],"current_hp_per_floor":[59,59,48,13,13,13,13,13,27,27,47,17,17,9,35,0,0],"gold":88,"neow_bonus":"THREE_ENEMY_KILL","is_daily":false,"chose_seed":false,"campfire_upgraded":1,"win_rate":0.0,"timestamp":1609251248,"path_taken":["M","$","?","?","$","E","R","M","T","M","?","E","M","M","R","BOSS"],"items_purchased_type":["Card","Relic"],"build_version":"2020-12-22","purchased_purges":0,"victory":false,"max_hp_per_floor":[66,66,66,66,66,66,66,66,80,80,80,87,87,87,87,87,87],"card_choices":[{"not_picked":["Leg Sweep","Dagger Throw"],"picked":"Dagger Spray","floor":1.0},{"not_picked":["Prepared","All Out Attack"],"picked":"Blade Dance","floor":6.0},{"not_picked":["Dagger Spray","Flechettes"],"picked":"Calculated Gamble","floor":8.0},{"not_picked":["Deadly Poison","PiercingWail"],"picked":"Accuracy","floor":10.0},{"not_picked":["Endless Agony","Dagger Throw"],"picked":"PiercingWail","floor":12.0},{"not_picked":["Acrobatics","Flying Knee"],"picked":"Envenom","floor":13.0},{"not_picked":["Underhanded Strike","Escape Plan"],"picked":"Eviscerate","floor":14.0}],"player_experience":127489,"relics_obtained":[{"floor":6.0,"key":"Torii"},{"floor":9.0,"key":"Mango"},{"floor":12.0,"key":"Strawberry"}],"event_choices":[{"damage_healed":0.0,"max_hp_gain":0.0,"max_hp_loss":0.0,"gold_gain":75.0,"event_name":"World of Goop","player_choice":"Gather Gold","floor":3.0,"gold_loss":0.0,"damage_taken":11.0},{"damage_healed":0.0,"max_hp_gain":0.0,"max_hp_loss":0.0,"gold_gain":0.0,"event_name":"Scrap Ooze","player_choice":"Success","floor":4.0,"gold_loss":0.0,"damage_taken":35.0,"relics_obtained":["Anchor"]},{"damage_healed":20.0,"max_hp_gain":0.0,"max_hp_loss":0.0,"gold_gain":0.0,"event_name":"The Cleric","player_choice":"Healed","floor":11.0,"gold_loss":35.0,"damage_taken":0.0}],"is_beta":false,"boss_relics":[],"items_purged_floors":[],"is_endless":false,"potions_floor_spawned":[1,12,13],"killed_by":"The Guardian","ascension_level":20}}