{"host":"wbjiqg83duq292na","time":1609282274,"event":{"mods":["BaseMod","Minty Spire (QoL Compilation)"],"gold_per_floor":[114,129,149,6,16,45,45,62,62,62,62,62,62,12,12,110,110,127,127,127,141,154,154,186,186,186,211,228,228,241,251,251,251,251],"floor_reached":33,"playtime":1896,"items_purged":[],"score":328,"play_id":"cbcaeef8-8b6b-47b6-bd8e-57953f93a6e2","local_time":"20201229205114","is_ascension_mode":true,"campfire_choices":[{"floor":7,"key":"RECALL"},{"data":"Burst","floor":10,"key":"SMITH"},{"floor":12,"key":"REST"},{"data":"Bouncing Flask","floor":15,"key":"SMITH"},{"data":"Adrenaline","floor":23,"key":"SMITH"},{"data":"Blade Dance","floor":25,"key":"SMITH"},{"floor":32,"key":"REST"}],"circlet_count":0,"master_deck":["Strike_G+1","Strike_G","Strike_G","Strike_G","Defend_G","Defend_G","Defend_G+1","Defend_G","Defend_G","Survivor","Neutralize","Blade Dance+1","Blade Dance","Blade Dance","Burst+1","Bouncing Flask+1","Adrenaline+1","Poisoned Stab+1","Backflip+1","Decay","A Thousand Cuts","Noxious Fumes+1","Crippling Poison+1"],"relics":["Ring of the Snake","PreservedInsect","Meat on the Bone","Boot","Cursed Key","TungstenRod","Kunai","StoneCalendar"],"acts_visited":["Exordium","TheCity"],"potions_floor_usage":[16,24,24,33,33],"damage_taken":[{"damage":4,"enemies":"Small Slimes","floor":1,"turns":5},{"damage":1,"enemies":"Jaw Worm","floor":2,"turns":4},{"damage":5,"enemies":"2 Louse","floor":3,"turns":3},{"damage":0,"enemies":"Exordium Thugs","floor":5,"turns":4},{"damage":10,"enemies":"3 Sentries","floor":6,"turns":7},{"damage":0,"enemies":"3 Louse","floor":8,"turns":3},{"damage":37,"enemies":"Slime Boss","floor":16,"turns":12},{"damage":2,"enemies":"Shell Parasite","floor":18,"turns":3},{"damage":0,"enemies":"Spheric Guardian","floor":21,"turns":3},{"damage":16,"enemies":"3 Cultists","floor":22,"turns":5},{"damage":18,"enemies":"Slavers","floor":24,"turns":3},{"damage":0,"enemies":"Gremlin Leader","floor":27,"turns":4},{"damage":20,"enemies":"Centurion and Healer","floor":28,"turns":6},{"damage":25,"enemies":"Shelled Parasite and Fungi","floor":30,"turns":5},{"damage":6,"enemies":"Snake Plant","floor":31,"turns":3},{"damage":51,"enemies":"Automaton","floor":33,"turns":6}],"seed_played":"3252909604043974368","potions_obtained":[{"floor":1,"key":"Dexterity Potion"},{"floor":5,"key":"Poison Potion"},{"floor":8,"key":"EssenceOfSteel"},{"floor":24,"key":"SkillPotion"},{"floor":27,"key":"SmokeBomb"},{"floor":28,"key":"Fire Potion"},{"floor":31,"key":"ColorlessPotion"}],"is_trial":false,"path_per_floor":["M","M","M","$","M","E","R","M","T","R","?","R","?","?","R","B",null,"M","$","?","M","M","R","E","R","T","E","M","?","M","M","R","B"],"character_chosen":"THE_SILENT","items_purchased":["PreservedInsect"],"campfire_rested":2,"item_purchase_floors":[4],"current_hp_per_floor":[73,72,67,67,67,57,57,57,57,57,42,65,62,62,62,37,77,75,75,75,75,59,59,41,41,41,41,33,33,20,26,49,0,0],"gold":251,"neow_bonus":"TEN_PERCENT_HP_BONUS","is_daily":false,"chose_seed":false,"campfire_upgraded":4,"win_rate":0.0,"timestamp":1609282274,"path_taken":["M","M","M","$","M","E","R","M","T","R","?","R","?","?","R","BOSS","M","$","?","?","M","R","E","R","T","E","M","?","M","M","R","BOSS"],"items_purchased_type":["Relic"],"build_version":"2020-12-22","purchased_purges":0,"victory":false,"max_hp_per_floor":[77,77,77,77,77,77,77,77,77,77,77,77,77,77,77,77,77,77,77,77,77,77,77,77,77,77,77,77,77,77,77,77,77,77],"card_choices":[{"not_picked":["Masterful Stab","Dash"],"picked":"Blade Dance","floor":1},{"not_picked":["Skewer","Slice"],"picked":"Blade Dance","floor":2},{"not_picked":["Dagger Throw","Deflect","Bane"],"picked":"SKIP","floor":3},{"not_picked":["Backflip","Blur"],"picked":"Blade Dance","floor":5},{"not_picked":["Heel Hook","Expertise"],"picked":"Burst","floor":6},{"not_picked":["PiercingWail","Expertise"],"picked":"Bouncing Flask","floor":8},{"not_picked":["Night Terror","Wraith Form v2"],"picked":"Adrenaline","floor":16},{"not_picked":["Underhanded Strike","Deflect","Heel Hook+1"],"picked":"SKIP","floor":18},{"not_picked":["Finisher+1","Dodge and Roll"],"picked":"Poisoned Stab+1","floor":21},{"not_picked":["Flying Knee","Dagger Spray","Acrobatics"],"picked":"SKIP","floor":22},{"not_picked":["Calculated Gamble","Blur+1"],"picked":"Backflip+1","floor":24},{"not_picked":["Backflip","PiercingWail+1"],"picked":"A Thousand Cuts","floor":27},{"not_picked":["Slice+1","Acrobatics","Blade Dance"],"picked":"SKIP","floor":28},{"not_picked":["Backstab","Blade Dance"],"picked":"Noxious Fumes+1","floor":30},{"not_picked":["Deflect+1","Predator+1"],"picked":"Crippling Poison+1","floor":31}],"player_experience":258867,"relics_obtained":[{"floor":6,"key":"Meat on the Bone"},{"floor":24,"key":"TungstenRod"},{"floor":26,"key":"Kunai"},{"floor":27,"key":"StoneCalendar"}],"event_choices":[{"damage_healed":0,"gold_gain":0,"player_choice":"Entered Light","damage_taken":15,"max_hp_gain":0,"max_hp_loss":0,"event_name":"Shining Light","floor":11,"gold_loss":0,"cards_upgraded":["Strike_G","Defend_G"]},{"damage_healed":0,"gold_gain":0,"player_choice":"Success","damage_taken":3,"relics_obtained":["Boot"],"max_hp_gain":0,"max_hp_loss":0,"event_name":"Scrap Ooze","floor":13,"gold_loss":0},{"cards_removed":["Strike_G"],"damage_healed":0,"gold_gain":0,"player_choice":"Card Removal","damage_taken":0,"max_hp_gain":0,"max_hp_loss":0,"event_name":"The Cleric","floor":14,"gold_loss":50},{"damage_healed":0,"gold_gain":0,"player_choice":"Bought 0 Potions","damage_taken":0,"max_hp_gain":0,"max_hp_loss":0,"event_name":"The Woman in Blue","floor":20,"gold_loss":0},{"damage_healed":0,"gold_gain":0,"player_choice":"Ignored","damage_taken":0,"max_hp_gain":0,"max_hp_loss":0,"event_name":"Ghosts","floor":29,"gold_loss":0}],"is_beta":false,"boss_relics":[{"not_picked":["Philosopher\u0027s Stone","SacredBark"],"picked":"Cursed Key"}],"items_purged_floors":[],"is_endless":false,"potions_floor_spawned":[1,5,8,24,27,28,31],"killed_by":"Automaton","ascension_level":1}}