{"host":"Terry","time":1609203704,"event":{"mods":["BaseMod","Downfall","Hubris","Minty Spire (QoL Compilation)","Replay The Spire","StSLib"],"gold_per_floor":[99,114,134,134,134,150,150,168,193,210,238,257,182,217,233,334,334,334,334,357,357,357,357,377,393,393,393,393,408,80,80,7,7,19,122,122,122,140,160,212,212,212,212,72,99,24,24,24,37,69,82,82],"floor_reached":53,"playtime":2764,"items_purged":["Shame"],"score":884,"play_id":"8b6ecaa7-bc41-435c-b80e-1ce66789a99b","local_time":"20201228200144","is_ascension_mode":true,"campfire_choices":[{"data":"sneckomod:SnekBite","floor":1,"key":"SMITH"},{"floor":13,"key":"REST"},{"data":"sneckomod:MasterEye","floor":18,"key":"SMITH"},{"data":"sneckomod:UnknownColorless","floor":37,"key":"SMITH"},{"floor":42,"key":"REST"},{"data":"sneckomod:QuickBite","floor":48,"key":"SMITH"}],"circlet_count":0,"master_deck":["sneckomod:Strike","sneckomod:Strike","sneckomod:Strike","sneckomod:Defend+1","sneckomod:Defend+1","sneckomod:Defend+1","sneckomod:TailWhip+1","sneckomod:SnekBite+1","sneckomod:Unknown","sneckomod:Unknown","sneckomod:IronFang","sneckomod:IronFang","sneckomod:QuickMove","sneckomod:SnakeSap+1","sneckomod:QuickBite+1","sneckomod:Restock","sneckomod:MasterEye+1","sneckomod:UnknownStrike","sneckomod:Unknown1Cost","sneckomod:UnknownStrike","sneckomod:Mudshield","sneckomod:UnknownUncommonPower","sneckomod:SnekBeam","sneckomod:QuickBite+1","hexamod:FirstSeal","sneckomod:UnknownCommonAttack+1","sneckomod:DiceCrush+1","sneckomod:UnknownUncommonSkill","sneckomod:CheapStock","sneckomod:MasterEye+1","sneckomod:UnknownClassBLUE+1","sneckomod:Unknown1Cost+1","sneckomod:UnknownColorless+1","sneckomod:UnknownUncommonSkill+1","sneckomod:UnknownClassSLIMEBOUND+1","sneckomod:UnknownVulnerable+1","sneckomod:WideSting","sneckomod:UnknownClassGREEN+1","Pot Of Greed","Pot Of Greed","Pot Of Greed","Pot Of Greed","sneckomod:DiceCrush+1","sneckomod:SnakeSap+1"],"relics":["sneckomod:SneckoSoul","StoneCalendar","Boot","Shuriken","downfall:HeartBlessingBlue","Whetstone","hubris:VirtuousBlindfold","Lantern","Sundial","Replay:Bottled Eggs","hubris:MysteriousPyramids","Sling","hubris:Towel","downfall:RedIOU","hubris:Stopwatch","sneckomod:LoadedDie","ReplayTheSpireMod:Ring of Addiction","Potion Belt","Chameleon Ring","hubris:AstralHammer","Replay:Baseball","downfall:HeartBlessingGreen","Calipers","Grinning Jar"],"acts_visited":["Exordium","TheCity","TheBeyond"],"potions_floor_usage":[8,25,35,39,45,45,49,52,52],"damage_taken":[{"damage":0,"enemies":"Small Slimes","floor":2,"turns":3},{"damage":0,"enemies":"Cultist","floor":3,"turns":3},{"damage":2,"enemies":"Jaw Worm","floor":6,"turns":4},{"damage":5,"enemies":"Large Slime","floor":8,"turns":7},{"damage":0,"enemies":"Replay:BlueRogue","floor":9,"turns":5},{"damage":11,"enemies":"2 Fungi Beasts","floor":10,"turns":4},{"damage":12,"enemies":"Lagavulin","floor":11,"turns":5},{"damage":9,"enemies":"Exordium Wildlife","floor":12,"turns":4},{"damage":18,"enemies":"3 Sentries","floor":14,"turns":6},{"damage":12,"enemies":"Blue Slaver","floor":15,"turns":4},{"damage":22,"enemies":"downfall:Ironclad","floor":16,"turns":7},{"damage":0,"enemies":"Chosen","floor":19,"turns":1},{"damage":19,"enemies":"Shell Parasite","floor":24,"turns":5},{"damage":23,"enemies":"Centurion and Healer","floor":25,"turns":6},{"damage":27,"enemies":"Snake Plant","floor":29,"turns":3},{"damage":0,"enemies":"downfall:FleeingMerchant","floor":30,"turns":4},{"damage":0,"enemies":"downfall:FleeingMerchant","floor":32,"turns":4},{"damage":18,"enemies":"Snecko","floor":34,"turns":4},{"damage":25,"enemies":"downfall:Silent","floor":35,"turns":5},{"damage":12,"enemies":"Orb Walker","floor":38,"turns":3},{"damage":56,"enemies":"3 Darklings","floor":39,"turns":5},{"damage":0,"enemies":"downfall:FleeingMerchant","floor":44,"turns":4},{"damage":17,"enemies":"Reptomancer","floor":45,"turns":4},{"damage":4,"enemies":"4 Shapes","floor":49,"turns":2},{"damage":28,"enemies":"Nemesis","floor":50,"turns":5},{"damage":0,"enemies":"Transient","floor":51,"turns":5},{"damage":13,"enemies":"downfall:Watcher","floor":52,"turns":6}],"seed_played":"-302769522638750263","potions_obtained":[{"floor":6,"key":"Block Potion"},{"floor":10,"key":"SkillPotion"},{"floor":11,"key":"EssenceOfSteel"},{"floor":14,"key":"Explosive Potion"},{"floor":34,"key":"AttackPotion"},{"floor":35,"key":"SpeedPotion"},{"floor":41,"key":"Adrenaline Potion"},{"floor":41,"key":"Toxic Potion"},{"floor":41,"key":"Venom Potion"},{"floor":45,"key":"AttackPotion"},{"floor":46,"key":"Energy Potion"},{"floor":46,"key":"Block Potion"},{"floor":50,"key":"Block Potion"}],"is_trial":false,"path_per_floor":["R","M","M","?","?","M","T","M","E","M","E","M","R","E","M","B",null,"R","M","T","?","PTL","PTL","M","M","T","?","T","M","$","?","$","?","M","B",null,"R","M","M","?","?","R","T","$","E","R","T","R","M","E","M","B",null],"character_chosen":"THE_SNECKO","items_purchased":["Sling","sneckomod:UnknownUncommonSkill","sneckomod:CheapStock","sneckomod:UnknownClassBLUE+1","Explosive Potion"],"campfire_rested":2,"item_purchase_floors":[30,30,30,32,44],"current_hp_per_floor":[81,81,81,81,81,79,79,74,74,63,51,43,80,63,52,30,94,94,95,95,95,95,95,76,53,53,53,53,27,35,35,43,43,33,16,100,100,89,41,41,41,71,71,79,81,81,81,81,85,64,71,69],"gold":82,"neow_bonus":"ONE_RARE_RELIC","is_daily":false,"chose_seed":false,"campfire_upgraded":4,"win_rate":0.0,"timestamp":1609203704,"path_taken":["R","M","M","?","?","M","T","M","E","?","E","M","R","E","M","BOSS","R","M","?","?","PTL","PTL","M","M","T","?","?","M","$","?","$","?","M","BOSS","R","M","M","?","?","R","T","?","E","R","?","R","M","E","M","BOSS"],"items_purchased_type":["Relic","Card","Card","Card","Potion"],"build_version":"2020-12-18","purchased_purges":1,"victory":true,"max_hp_per_floor":[81,81,81,81,81,81,81,81,81,81,81,82,92,93,94,94,94,94,95,95,95,95,95,95,95,95,95,95,96,97,97,98,98,99,100,100,100,101,102,102,102,102,102,103,101,101,101,101,100,100,100,100],"card_choices":[{"not_picked":["sneckomod:UnknownBlock","sneckomod:UnknownWeak"],"picked":"sneckomod:IronFang","floor":2},{"not_picked":["sneckomod:UnknownUncommonSkill","sneckomod:Nope"],"picked":"sneckomod:IronFang","floor":3},{"not_picked":["sneckomod:SoulRoll","sneckomod:ImprovisedGuard"],"picked":"sneckomod:QuickMove","floor":6},{"not_picked":["sneckomod:UnknownClassRED","sneckomod:QuickMove"],"picked":"sneckomod:SnakeSap","floor":8},{"not_picked":["sneckomod:RainOfDice","sneckomod:MixItUp"],"picked":"sneckomod:QuickBite","floor":9},{"not_picked":["sneckomod:UnknownWeak","sneckomod:QuickMove"],"picked":"sneckomod:Restock","floor":10},{"not_picked":["sneckomod:UnknownCommonSkill","sneckomod:SoulExchange"],"picked":"sneckomod:MasterEye","floor":11},{"not_picked":["sneckomod:DiceCrush","sneckomod:UnknownCommonAttack"],"picked":"sneckomod:UnknownStrike","floor":12},{"not_picked":["sneckomod:UnknownUncommonSkill","sneckomod:DefensiveFlair"],"picked":"sneckomod:Unknown1Cost","floor":14},{"not_picked":["sneckomod:DiceCrush","sneckomod:RainOfDice"],"picked":"sneckomod:UnknownStrike","floor":15},{"not_picked":["sneckomod:Cheat","sneckomod:GlitteringGambit"],"picked":"sneckomod:Mudshield","floor":16},{"not_picked":["sneckomod:IronFang","sneckomod:UnknownBlock"],"picked":"sneckomod:UnknownUncommonPower","floor":19},{"not_picked":["sneckomod:DiceCrush","sneckomod:UnknownCommonSkill"],"picked":"sneckomod:SnekBeam","floor":24},{"not_picked":["sneckomod:PureSnecko","sneckomod:IronFang"],"picked":"sneckomod:QuickBite","floor":25},{"not_picked":["hexamod:SecondSeal","hexamod:ThirdSeal"],"picked":"hexamod:FirstSeal","floor":29},{"not_picked":["sneckomod:WideSting","sneckomod:SoulRoll+1"],"picked":"sneckomod:UnknownCommonAttack+1","floor":29},{"not_picked":["sneckomod:Mudshield","sneckomod:QuickMove"],"picked":"sneckomod:DiceCrush+1","floor":30},{"not_picked":["sneckomod:SoulRoll","sneckomod:QuickMove"],"picked":"sneckomod:MasterEye+1","floor":32},{"not_picked":["sneckomod:UnknownCommonSkill","sneckomod:UnknownClassTHE_CHAMP_GRAY"],"picked":"sneckomod:Unknown1Cost+1","floor":34},{"not_picked":["sneckomod:SerpentMind","sneckomod:GlitteringGambit"],"picked":"sneckomod:UnknownColorless","floor":35},{"not_picked":["sneckomod:UnknownCommonSkill+1","sneckomod:IronFang+1"],"picked":"sneckomod:UnknownUncommonSkill+1","floor":38},{"not_picked":["sneckomod:QuickBite+1","sneckomod:SnakeSap+1"],"picked":"sneckomod:UnknownClassSLIMEBOUND+1","floor":39},{"not_picked":["sneckomod:DiceCrush","sneckomod:UnknownClassSLIMEBOUND"],"picked":"sneckomod:UnknownVulnerable+1","floor":44},{"not_picked":["sneckomod:QuickBite","sneckomod:UnknownVulnerable"],"picked":"sneckomod:WideSting","floor":45},{"not_picked":["sneckomod:UnknownClassHEXA_GHOST_PURPLE","sneckomod:UnknownWeak"],"picked":"sneckomod:UnknownClassGREEN+1","floor":49},{"not_picked":["sneckomod:CheapStock","sneckomod:DiceBlock"],"picked":"sneckomod:DiceCrush+1","floor":50},{"not_picked":["sneckomod:DiceBlock","sneckomod:Unknown1Cost"],"picked":"sneckomod:SnakeSap+1","floor":51}],"player_experience":583824,"relics_obtained":[{"floor":9,"key":"Boot"},{"floor":11,"key":"Shuriken"},{"floor":14,"key":"Whetstone"},{"floor":20,"key":"Lantern"},{"floor":26,"key":"Replay:Bottled Eggs"},{"floor":28,"key":"Juzu Bracelet"},{"floor":40,"key":"sneckomod:LoadedDie"},{"floor":41,"key":"ReplayTheSpireMod:Ring of Addiction"},{"floor":41,"key":"Potion Belt"},{"floor":41,"key":"Chameleon Ring"},{"floor":43,"key":"hubris:AstralHammer"},{"floor":45,"key":"Replay:Baseball"},{"floor":47,"key":"Calipers"},{"floor":50,"key":"Grinning Jar"}],"event_choices":[{"damage_healed":0,"gold_gain":0,"player_choice":"Upgraded","damage_taken":0,"max_hp_gain":0,"max_hp_loss":0,"event_name":"Upgrade Shrine","floor":5,"gold_loss":0,"cards_upgraded":["sneckomod:TailWhip"]},{"damage_healed":0,"gold_gain":0,"player_choice":"Stole Relic","damage_taken":0,"relics_obtained":["hubris:MysteriousPyramids"],"max_hp_gain":0,"max_hp_loss":0,"event_name":"Addict","floor":27,"gold_loss":0,"cards_obtained":["Shame"]}],"is_beta":true,"boss_relics":[{"not_picked":["Busted Crown","hubris:BlackHole"],"picked":"hubris:VirtuousBlindfold"},{"not_picked":["Kintsugi","Runic Pyramid"],"picked":"hubris:Stopwatch"}],"items_purged_floors":[44],"is_endless":false,"potions_floor_spawned":[6,10,11,14,15,34,35,38,45,50],"ascension_level":2}}