{"host":"ye7mfqqt9ljtnqit","time":1609241335,"event":{"mods":["BaseMod","Colored Map","Downfall","Marisa£®ÏF”Í°°ƒß¿Ì…≥£©","Minty Spire (QoL Compilation)","StSLib","SuperFastMode","The Servant 0.9.4"],"gold_per_floor":[117,117,170,13,88,416,428,428,428,428,447,467,478,493,493,597,597,616,632,646,22,54,54,54],"floor_reached":23,"playtime":1047,"items_purged":[],"score":195,"play_id":"c22d33de-d6b3-4af1-b6f9-8c09c9f4a343","local_time":"20201229192855","is_ascension_mode":false,"campfire_choices":[{"data":"EventHorizon","floor":10,"key":"SMITH"},{"data":"EnergyFlow","floor":15,"key":"SMITH"}],"circlet_count":0,"master_deck":["Strike_MRS","Strike_MRS","Strike_MRS","Strike_MRS","Defend_MRS","Defend_MRS","Defend_MRS","Defend_MRS","MasterSpark","UpSweep","WitchLeyline","EventHorizon+1","ChargeUpSpray","WitchLeyline","EnergyFlow+1","MeteoricShower","MillisecondPulsars","Singularity","WitchLeyline","MeteoricShower+1","WitchOfGreed","MagicChant","expansioncontent:StudyTheSpire","IllusionStar","GasGiant"],"relics":["MiniHakkero","Gambling Chip","Mummified Hand","OrangePellets","Old Coin","FossilizedHelix","Snecko Eye","Omamori","Boot"],"acts_visited":["Exordium","TheCity"],"potions_floor_usage":[16,16,16],"damage_taken":[{"damage":3.0,"enemies":"Small Slimes","floor":1.0,"turns":3.0},{"damage":14,"enemies":"Gremlin Nob","floor":6,"turns":3},{"damage":3,"enemies":"Jaw Worm","floor":7,"turns":3},{"damage":0,"enemies":"2 Louse","floor":11,"turns":2},{"damage":5,"enemies":"Lots of Slimes","floor":12,"turns":5},{"damage":0,"enemies":"3 Louse","floor":13,"turns":2},{"damage":0,"enemies":"Looter","floor":14,"turns":2},{"damage":19,"enemies":"Hexaghost","floor":16,"turns":8},{"damage":2,"enemies":"Chosen","floor":18,"turns":3},{"damage":0,"enemies":"Spheric Guardian","floor":19,"turns":2},{"damage":5,"enemies":"Snecko","floor":20,"turns":3},{"damage":25,"enemies":"Shelled Parasite and Fungi","floor":22,"turns":5},{"damage":44,"enemies":"Slavers","floor":23,"turns":3}],"seed_played":"2631506291065583034","potions_obtained":[{"floor":6,"key":"EssenceOfSteel"},{"floor":11,"key":"Block Potion"},{"floor":13,"key":"DistilledChaos"},{"floor":22,"key":"LiquidBronze"}],"is_trial":false,"path_per_floor":["M","?","?","$","?","E","M","?","T","R","M","M","M","M","R","B",null,"M","M","M","$","M","E"],"character_chosen":"MARISA","items_purchased":["OrangePellets","WitchOfGreed","Omamori","MagicChant","expansioncontent:StudyTheSpire","IllusionStar","Boot"],"campfire_rested":0,"item_purchase_floors":[4,21,21,21,21,21,21],"current_hp_per_floor":[51,39,39,39,28,14,11,75,75,75,75,70,70,70,70,51,75,73,73,68,68,43,0,0],"gold":54,"neow_bonus":"ONE_RARE_RELIC","is_daily":false,"chose_seed":false,"campfire_upgraded":2,"win_rate":0.0,"timestamp":1609241335,"path_taken":["M","?","?","$","?","E","M","?","T","R","M","M","M","M","R","BOSS","M","M","M","$","M","E"],"items_purchased_type":["Relic","Card","Relic","Card","Card","Card","Relic"],"build_version":"2020-12-22","purchased_purges":0,"victory":false,"max_hp_per_floor":[75,75,75,75,75,75,75,75,75,75,75,75,75,75,75,75,75,75,75,75,75,75,75,75],"card_choices":[{"not_picked":["DarkSpark","Acceleration"],"picked":"WitchLeyline","floor":1.0},{"not_picked":["MilkyWay","GravityBeat"],"picked":"EventHorizon","floor":6},{"not_picked":["DC","GravityBeat"],"picked":"PulseMagic","floor":7},{"not_picked":["GrandCross","AsteroidBelt"],"picked":"ChargeUpSpray","floor":11},{"not_picked":["LuminesStrike","GrandCross"],"picked":"WitchLeyline","floor":12},{"not_picked":["DarkMatter","SporeBomb"],"picked":"EnergyFlow","floor":13},{"not_picked":["MysteriousBeam","GravityBeat"],"picked":"MeteoricShower","floor":14},{"not_picked":["JA","TreasureHunter"],"picked":"MillisecondPulsars","floor":16},{"not_picked":["OpenUniverse+1","NonDirectionalLaser"],"picked":"Singularity","floor":18},{"not_picked":["DoubleSpark","6A"],"picked":"WitchLeyline","floor":19},{"not_picked":["OneTimeOff","MysteriousBeam"],"picked":"MeteoricShower+1","floor":20},{"not_picked":["6A","PulseMagic"],"picked":"GasGiant","floor":22}],"player_experience":55335,"relics_obtained":[{"floor":6,"key":"Old Coin"},{"floor":9,"key":"FossilizedHelix"}],"event_choices":[{"damage_healed":0.0,"max_hp_gain":0.0,"max_hp_loss":0.0,"gold_gain":0.0,"event_name":"Scrap Ooze","player_choice":"Success","floor":2.0,"gold_loss":0.0,"damage_taken":12.0,"relics_obtained":["Mummified Hand"]},{"damage_healed":0.0,"max_hp_gain":0.0,"max_hp_loss":0.0,"gold_gain":53.0,"event_name":"Golden Wing","player_choice":"Gained Gold","floor":3.0,"gold_loss":0.0,"damage_taken":0.0},{"damage_healed":0,"gold_gain":75,"player_choice":"Gather Gold","damage_taken":11,"max_hp_gain":0,"max_hp_loss":0,"event_name":"World of Goop","floor":5,"gold_loss":0},{"cards_removed":["PulseMagic"],"damage_healed":64,"gold_gain":0,"player_choice":"Offered Uncommon","damage_taken":0,"max_hp_gain":0,"max_hp_loss":0,"event_name":"Bonfire Elementals","floor":8,"gold_loss":0}],"is_beta":false,"boss_relics":[{"not_picked":["Cursed Key","Fusion Hammer"],"picked":"Snecko Eye"}],"items_purged_floors":[],"is_endless":false,"potions_floor_spawned":[6,11,13,14],"killed_by":"Slavers","ascension_level":0}}