{"host":"hzhtv7n0nkrnil9f","time":1609262022,"event":{"mods":["AchievementEnabler","BaseMod","Colored Map","Minty Spire (QoL Compilation)","Permanent Neow"],"gold_per_floor":[114,114,39,114,114,144,44,44,44,44,44],"floor_reached":10,"playtime":953,"items_purged":["Mind Blast","Strike_P"],"score":62,"play_id":"876b4e7e-d1c6-42d2-ae65-483484b25bb0","local_time":"20201229181342","daily_mods":["Allstar","Red Cards","Night Terrors"],"is_ascension_mode":false,"campfire_choices":[{"data":"Eruption","floor":8,"key":"SMITH"}],"circlet_count":0,"master_deck":["Strike_P","Strike_P","Defend_P","Defend_P","Defend_P","Defend_P","Eruption+1","Vigilance","Purity","Thinking Ahead","Trip","Secret Weapon","Judgement"],"relics":["PureWater","SsserpentHead","Pocketwatch","Dream Catcher"],"acts_visited":["Exordium"],"potions_floor_usage":[],"damage_taken":[{"damage":6,"enemies":"Jaw Worm","floor":1,"turns":3},{"damage":43,"enemies":"Lagavulin","floor":6,"turns":9},{"damage":7,"enemies":"Gremlin Nob","floor":10,"turns":2}],"seed_played":"6838610760785432018","potions_obtained":[{"floor":1,"key":"ColorlessPotion"}],"is_trial":false,"path_per_floor":["M","?","$","?","?","E","$","R","T","E"],"character_chosen":"WATCHER","items_purchased":[],"campfire_rested":0,"item_purchase_floors":[],"current_hp_per_floor":[66,59,59,48,48,5,5,5,5,0,0],"gold":44,"neow_bonus":"","is_daily":true,"chose_seed":false,"campfire_upgraded":1,"win_rate":0.0,"timestamp":1609262022,"path_taken":["M","?","$","?","?","E","$","R","T","E"],"items_purchased_type":[],"build_version":"2020-12-22","purchased_purges":2,"victory":false,"max_hp_per_floor":[72,72,72,72,72,72,72,72,72,72,72],"card_choices":[{"not_picked":["Anger","FollowUp","SashWhip"],"picked":"SKIP","floor":1},{"not_picked":["Consecrate","Shrug It Off"],"picked":"Judgement","floor":6}],"player_experience":205818,"relics_obtained":[{"floor":6,"key":"Pocketwatch"},{"floor":9,"key":"Dream Catcher"}],"event_choices":[{"cards_removed":["Strike_P"],"damage_healed":0,"gold_gain":0,"player_choice":"Card Removal","damage_taken":7,"max_hp_gain":0,"max_hp_loss":0,"event_name":"Golden Wing","floor":2,"gold_loss":0},{"damage_healed":0,"gold_gain":75,"player_choice":"Gather Gold","damage_taken":11,"max_hp_gain":0,"max_hp_loss":0,"event_name":"World of Goop","floor":4,"gold_loss":0},{"damage_healed":0,"gold_gain":0,"player_choice":"Trade","damage_taken":0,"relics_obtained":["SsserpentHead"],"max_hp_gain":0,"max_hp_loss":0,"event_name":"FaceTrader","floor":5,"gold_loss":0}],"is_beta":false,"boss_relics":[],"items_purged_floors":[3,7],"is_endless":false,"potions_floor_spawned":[1],"killed_by":"Gremlin Nob","ascension_level":0}}