{"host":"foq4mrde4mssg7vt","time":1609263856,"event":{"mods":["AchievementEnabler","BaseMod","Colored Map","Colored Powertips","Highlight Path","Minty Spire (QoL Compilation)","Relic Stats","everything is the same but u backflip on backflip"],"gold_per_floor":[109,109,124,142,142,142,167,167,193,193,193,232,332,87,87,173,173,202,247,256,284,309,309,341,341,341,365,365,402,433,456,456,537,546,573,573,93,112,112,154,154,154,154],"floor_reached":42,"playtime":2147,"items_purged":["Strike_R","Decay"],"score":797,"play_id":"40a29562-38d7-4beb-99e5-afe0b1da4024","local_time":"20201230014416","is_ascension_mode":true,"campfire_choices":[{"data":"Sword Boomerang","floor":6.0,"key":"SMITH"},{"data":"Perfected Strike","floor":8.0,"key":"SMITH"},{"data":"Disarm","floor":11.0,"key":"SMITH"},{"data":"Cleave","floor":15.0,"key":"SMITH"},{"data":"Pommel Strike","floor":23.0,"key":"SMITH"},{"data":"Defend_R","floor":25.0,"key":"SMITH"},{"data":"Rampage","floor":32.0,"key":"SMITH"},{"data":"Metallicize","floor":41,"key":"SMITH"}],"circlet_count":0,"master_deck":["AscendersBane","Defend_R+1","Defend_R","Defend_R","Defend_R","Bash+1","Sword Boomerang+1","Disarm+1","Perfected Strike+1","Flame Barrier+1","Cleave+1","Reaper","Headbutt","Bite","Bite","Bite","Bite","Bite","True Grit+1","Pommel Strike+1","Iron Wave+1","Shrug It Off+1","Rage+1","Clash","Shrug It Off+1","Rampage+1","Bludgeon","CurseOfTheBell","Battle Trance+1","True Grit+1","Metallicize+1","Combust+1","Feel No Pain"],"relics":["Burning Blood","TungstenRod","CeramicFish","Smiling Mask","Toxic Egg 2","Frozen Eye","Cursed Key","Tiny Chest","Prayer Wheel","Calling Bell","Omamori","Mummified Hand","WingedGreaves","Membership Card","White Beast Statue","Lantern","Ancient Tea Set"],"acts_visited":["Exordium","TheCity","TheBeyond"],"potions_floor_usage":[33,33,40,42],"damage_taken":[{"damage":3.0,"enemies":"2 Louse","floor":1.0,"turns":4.0},{"damage":0.0,"enemies":"Small Slimes","floor":3.0,"turns":3.0},{"damage":3.0,"enemies":"Cultist","floor":4.0,"turns":3.0},{"damage":15.0,"enemies":"Gremlin Nob","floor":7.0,"turns":3.0},{"damage":25.0,"enemies":"Lagavulin","floor":12.0,"turns":8.0},{"damage":10.0,"enemies":"The Guardian","floor":16.0,"turns":16.0},{"damage":0.0,"enemies":"3 Byrds","floor":18.0,"turns":3.0},{"damage":39.0,"enemies":"2 Thieves","floor":21.0,"turns":5.0},{"damage":10.0,"enemies":"Centurion and Healer","floor":22.0,"turns":9.0},{"damage":60.0,"enemies":"Gremlin Leader","floor":24.0,"turns":14.0},{"damage":51.0,"enemies":"Cultist and Chosen","floor":27.0,"turns":9.0},{"damage":4.0,"enemies":"Snake Plant","floor":29.0,"turns":5.0},{"damage":8.0,"enemies":"Centurion and Healer","floor":30.0,"turns":10.0},{"damage":7.0,"enemies":"Shelled Parasite and Fungi","floor":31.0,"turns":7.0},{"damage":71,"enemies":"Automaton","floor":33,"turns":12},{"damage":7,"enemies":"Orb Walker","floor":35,"turns":5},{"damage":33,"enemies":"3 Darklings","floor":38,"turns":17},{"damage":53,"enemies":"Reptomancer","floor":40,"turns":11},{"damage":41,"enemies":"Nemesis","floor":42,"turns":3}],"seed_played":"2202581244988934980","potions_obtained":[{"floor":12.0,"key":"Energy Potion"},{"floor":16.0,"key":"BloodPotion"},{"floor":29.0,"key":"Energy Potion"},{"floor":30.0,"key":"ColorlessPotion"},{"floor":40,"key":"Energy Potion"}],"is_trial":false,"path_per_floor":["M","?","M","M","?","R","E","R","T","?","R","E","?","$","R","B",null,"M","?","?","M","M","R","E","R","T","M","?","M","M","M","R","B",null,"M","?","$","M","?","E","R","E"],"character_chosen":"IRONCLAD","items_purchased":["Cleave","Frozen Eye","Membership Card","True Grit+1","White Beast Statue","Metallicize","BlessingOfTheForge","Lantern","Block Potion"],"campfire_rested":0,"item_purchase_floors":[14,14,37,37,37,37,37,37,37],"current_hp_per_floor":[68,55,61,64,64,64,55,55,55,60,60,41,41,41,41,37,64,70,51,51,36,51,51,51,51,51,15,15,25,51,51,51,14,42,51,51,51,51,51,30,30,0,0],"gold":154,"neow_bonus":"ONE_RARE_RELIC","is_daily":false,"chose_seed":false,"campfire_upgraded":8,"win_rate":0.0,"timestamp":1609263856,"path_taken":["M","?","M","M","?","R","E","R","T","?","R","E","?","$","R","BOSS","M","?","?","M","M","R","E","R","T","M","?","M","M","M","R","BOSS","M","?","$","M","?","E","R","E"],"items_purchased_type":["Card","Relic","Relic","Card","Relic","Card","Potion","Relic","Potion"],"build_version":"2020-12-22","purchased_purges":2,"victory":false,"max_hp_per_floor":[68,68,68,68,68,68,68,68,68,73,73,73,73,73,73,73,73,73,51,51,51,51,51,51,51,51,51,51,51,51,51,51,51,51,51,51,51,51,51,51,51,51,51],"relic_stats":{"counters":[19,147],"Mummified Hand":[3],"CeramicFish":225,"Tiny Chest":0,"Prayer Wheel":5,"Smiling Mask":25,"Cursed Key":0,"obtain_stats":[{"Lantern":37,"CeramicFish":7,"Omamori":34,"Smiling Mask":9,"Cursed Key":17,"Ancient Tea Set":40,"Burning Blood":0,"White Beast Statue":37,"Calling Bell":34,"Frozen Eye":14,"Mummified Hand":34,"Tiny Chest":24,"Prayer Wheel":28,"WingedGreaves":34,"Membership Card":37,"Toxic Egg 2":12,"TungstenRod":0},{"Lantern":16,"CeramicFish":4,"Omamori":15,"Smiling Mask":4,"Cursed Key":6,"Ancient Tea Set":18,"Burning Blood":0,"White Beast Statue":16,"Calling Bell":15,"Frozen Eye":5,"Mummified Hand":15,"Tiny Chest":10,"Prayer Wheel":11,"WingedGreaves":15,"Membership Card":16,"Toxic Egg 2":5,"TungstenRod":0},{"Lantern":116,"CeramicFish":13,"Omamori":111,"Smiling Mask":13,"Cursed Key":37,"Ancient Tea Set":144,"Burning Blood":0,"White Beast Statue":116,"Calling Bell":111,"Frozen Eye":21,"Mummified Hand":111,"Tiny Chest":68,"Prayer Wheel":77,"WingedGreaves":111,"Membership Card":116,"Toxic Egg 2":21,"TungstenRod":0}],"Burning Blood":77,"TungstenRod":72},"card_choices":[{"not_picked":["Armaments","Havoc"],"picked":"Sword Boomerang","floor":1.0},{"not_picked":["Dual Wield","Thunderclap"],"picked":"Disarm","floor":3.0},{"not_picked":["Pommel Strike","Disarm"],"picked":"Perfected Strike","floor":4.0},{"not_picked":["Uppercut","Reckless Charge","Flex"],"picked":"SKIP","floor":7.0},{"not_picked":["Combust","Havoc+1"],"picked":"Flame Barrier+1","floor":12.0},{"not_picked":["Double Tap+1","Offering+1"],"picked":"Reaper","floor":16.0},{"not_picked":["Seeing Red+1","Flex+1"],"picked":"Headbutt","floor":18.0},{"not_picked":["Bloodletting+1","Pommel Strike"],"picked":"True Grit+1","floor":21.0},{"not_picked":["Searing Blow","Warcry+1"],"picked":"Pommel Strike","floor":22.0},{"not_picked":["Heavy Blade","Bloodletting+1","Uppercut"],"picked":"SKIP","floor":24.0},{"not_picked":["Heavy Blade","Evolve"],"picked":"Iron Wave+1","floor":27.0},{"not_picked":["Havoc+1","Impervious+1"],"picked":"Shrug It Off+1","floor":29.0},{"not_picked":["Uppercut","Sword Boomerang"],"picked":"Rage+1","floor":29.0},{"not_picked":["Shrug It Off+1","True Grit+1"],"picked":"Clash","floor":30.0},{"not_picked":["Dark Embrace","Armaments+1"],"picked":"Shrug It Off+1","floor":30.0},{"not_picked":["Rupture","Flex+1"],"picked":"Rampage","floor":31.0},{"not_picked":["Heavy Blade+1","Sentinel+1","Ghostly Armor+1"],"picked":"SKIP","floor":31.0},{"not_picked":["Offering+1","Brutality"],"picked":"Bludgeon","floor":33},{"not_picked":["Cleave+1","Body Slam+1"],"picked":"Battle Trance+1","floor":35},{"not_picked":["Havoc+1","Dropkick","Iron Wave"],"picked":"SKIP","floor":35},{"not_picked":["Wild Strike","Second Wind+1"],"picked":"Combust+1","floor":38},{"not_picked":["Iron Wave","Flex+1","Wild Strike"],"picked":"SKIP","floor":38},{"not_picked":["Rupture","Pommel Strike"],"picked":"Feel No Pain","floor":40}],"player_experience":313136,"relics_obtained":[{"floor":7.0,"key":"CeramicFish"},{"floor":9.0,"key":"Smiling Mask"},{"floor":12.0,"key":"Toxic Egg 2"},{"floor":24.0,"key":"Tiny Chest"},{"floor":34,"key":"Omamori"},{"floor":34,"key":"Mummified Hand"},{"floor":34,"key":"WingedGreaves"},{"floor":40,"key":"Ancient Tea Set"}],"event_choices":[{"damage_healed":0.0,"max_hp_gain":0.0,"max_hp_loss":0.0,"gold_gain":0.0,"event_name":"Shining Light","player_choice":"Entered Light","floor":2.0,"gold_loss":0.0,"damage_taken":14.0,"cards_upgraded":["Strike_R","Strike_R"]},{"damage_healed":0.0,"max_hp_gain":0.0,"max_hp_loss":0.0,"gold_gain":0.0,"event_name":"Living Wall","player_choice":"Grow","floor":5.0,"gold_loss":0.0,"damage_taken":0.0,"cards_upgraded":["Bash"]},{"damage_healed":0.0,"max_hp_gain":5.0,"max_hp_loss":0.0,"gold_gain":0.0,"event_name":"Big Fish","player_choice":"Donut","floor":10.0,"gold_loss":0.0,"damage_taken":0.0},{"damage_healed":0.0,"max_hp_gain":0.0,"max_hp_loss":0.0,"gold_gain":100.0,"event_name":"Golden Shrine","player_choice":"Pray","floor":13.0,"gold_loss":0.0,"damage_taken":0.0},{"damage_healed":0.0,"max_hp_gain":0.0,"max_hp_loss":22.0,"gold_gain":0.0,"event_name":"Vampires","player_choice":"Became a vampire","floor":19.0,"gold_loss":0.0,"damage_taken":0.0,"cards_obtained":["Bite","Bite","Bite","Bite","Bite"]},{"damage_healed":0.0,"max_hp_gain":0.0,"max_hp_loss":0.0,"gold_gain":0.0,"event_name":"Forgotten Altar","player_choice":"Smashed Altar","floor":20.0,"gold_loss":0.0,"damage_taken":0.0,"cards_obtained":["Decay"]},{"damage_healed":0.0,"max_hp_gain":0.0,"max_hp_loss":0.0,"gold_gain":0.0,"event_name":"The Mausoleum","player_choice":"Opened","floor":28.0,"gold_loss":0.0,"damage_taken":0.0,"relics_obtained":["Prayer Wheel"]},{"damage_healed":0,"gold_gain":0,"player_choice":"Memory 1","damage_taken":0,"max_hp_gain":0,"max_hp_loss":0,"event_name":"SensoryStone","floor":36,"gold_loss":0},{"damage_healed":0,"gold_gain":0,"player_choice":"Ignored","damage_taken":0,"max_hp_gain":0,"max_hp_loss":0,"event_name":"Mysterious Sphere","floor":39,"gold_loss":0}],"is_beta":false,"boss_relics":[{"not_picked":["Runic Pyramid","Pandora\u0027s Box"],"picked":"Cursed Key"},{"not_picked":["Sozu","SacredBark"],"picked":"Calling Bell"}],"items_purged_floors":[14,37],"is_endless":false,"potions_floor_spawned":[12,16,18,29,30,38,40],"killed_by":"Nemesis","ascension_level":14}}