{"host":"709gjpjg43u3i5a8","time":1609201998,"event":{"mods":["Act Like it!","BaseMod","Colored Map","Colored Powertips","Downfall","Duelist Mod","Gensokyo","GifTheSpireLib","Hallownest","Hermit","Hubris","Infinite Spire","Koishi","Marisa????????","Minty Spire (QoL Compilation)","Remilia??????","Shop Mod","StSLib","Td1madao Mod","The Administrix","The Animator","The Bug Knight","The Construct","The Cursed","The Disciple","The Hierophant","The Jungle","The Necromancer","The Poker Player","The Runesmith","The Servant 0.9.4"],"gold_per_floor":[136,236,45,45,45,72,87,113,113,113,139,139,153,167,167,264,264,278,278,294,308,323,354,354,366,366,366,64,64,77,40,40,136,136,150,150,450,470,77,106,106,126,126,126,137,170,182,192,192,192,192],"floor_reached":50,"playtime":5995,"items_purged":["theDuelist:GravekeeperCurse"],"score":707,"play_id":"253c2420-6f10-4e25-9bd0-c22d43bc0cfb","local_time":"20201228173318","is_ascension_mode":false,"campfire_choices":[{"data":"theDuelist:GiantSoldier","floor":10,"key":"SMITH"},{"data":"theDuelist:ScrapFactory","floor":12,"key":"SMITH"},{"data":"theDuelist:GiantSoldier","floor":15,"key":"SMITH"},{"data":"theDuelist:GravityLash","floor":24,"key":"SMITH"},{"data":"theDuelist:HappyLover","floor":27,"key":"SMITH"},{"data":"theDuelist:KamionTimelord","floor":32,"key":"SMITH"},{"data":"theDuelist:YamiForm","floor":41,"key":"SMITH"},{"data":"theDuelist:ForbiddenLance","floor":44,"key":"SMITH"},{"floor":49,"key":"RECALL"}],"circlet_count":0,"master_deck":["theDuelist:BeaverWarrior","theDuelist:BeaverWarrior","theDuelist:CastleWalls","theDuelist:CastleWalls","theDuelist:FinalFlame","theDuelist:GiantSoldier+1","theDuelist:GiantSoldier+1","theDuelist:ScrapFactory+1","theDuelist:Sparks","theDuelist:Sparks","theDuelist:MeteorDestruction","theDuelist:CharcoalInpachi","theDuelist:SummoningCurse","theDuelist:PsiCurse","Regret","theDuelist:InfernoFireBlast","theDuelist:MudGolem","theDuelist:GauntletWarrior","theDuelist:HappyLover","theDuelist:RainbowNeos","theDuelist:GravityLash+1","theDuelist:OnslaughtFireKings","theDuelist:HappyLover+1","theDuelist:AssaultArmor+1","theDuelist:HappyLover+1","theDuelist:GauntletWarrior","theDuelist:WhiteMagicalHat","theDuelist:MillenniumGolem+1","theDuelist:KamionTimelord+1","theDuelist:RainbowNeos","theDuelist:ElectromagneticShield","theDuelist:YamiForm+1","theDuelist:VendreadCharge","theDuelist:Wiretap+1","theDuelist:Hinotama+1","theDuelist:CastleDarkIllusions","theDuelist:DoubleTool","theDuelist:DarkFactory","theDuelist:GravityAxe","theDuelist:ForbiddenLance+1","theDuelist:Eva+1","theDuelist:RainbowNeos","theDuelist:YamiForm","theDuelist:Mathematician","theDuelist:RainbowOverdragon+1","theDuelist:Eva+1","theDuelist:CrystalRaigeki"],"relics":["theDuelist:MillenniumPuzzle","theDuelist:CardPoolRelic","theDuelist:CardPoolBasicRelic","theDuelist:BoosterPackPoolRelic","theDuelist:CardPoolAddRelic","theDuelist:CardPoolMinusRelic","theDuelist:CardPoolSaveRelic","theDuelist:CardPoolOptionsRelic","NeowsBlessing","Art of War","hubris:SoftwareUpdate","theDuelist:MerchantNecklace","Lantern","Girya","hubris:Backtick","theDuelist:MillenniumRod","theDuelist:TributeEggRelic","theDuelist:YugiMirror","infinitespire:ShieldingShard","theDuelist:DuelistOrichalcum","hubris:RunicObelisk","theDuelist:SummonAnchor","Meat on the Bone","theDuelist:GiftAnubis","BlueBox"],"acts_visited":["Exordium","TheCity","TheBeyond"],"potions_floor_usage":[16,33,33,33,33,33,45,45,50,50,50],"damage_taken":[{"damage":0,"enemies":"Cultist","floor":1,"turns":1},{"damage":0,"enemies":"HollowMod:MossKnight","floor":6,"turns":1},{"damage":0,"enemies":"Small Slimes","floor":7,"turns":1},{"damage":31,"enemies":"3 Sentries","floor":11,"turns":6},{"damage":0,"enemies":"2 Louse","floor":13,"turns":1},{"damage":3,"enemies":"Large Slime","floor":14,"turns":5},{"damage":55,"enemies":"Slime Boss","floor":16,"turns":13},{"damage":20,"enemies":"Shell Parasite","floor":18,"turns":4},{"damage":7,"enemies":"Spheric Guardian","floor":20,"turns":4},{"damage":0,"enemies":"3 Cultists","floor":21,"turns":6},{"damage":18,"enemies":"Chosen and Byrds","floor":22,"turns":5},{"damage":0,"enemies":"HollowMod:Nosk","floor":23,"turns":10},{"damage":17,"enemies":"Centurion and Healer","floor":25,"turns":6},{"damage":0,"enemies":"Snake Plant","floor":30,"turns":4},{"damage":14,"enemies":"Automaton","floor":33,"turns":10},{"damage":0,"enemies":"Orb Walker","floor":35,"turns":3},{"damage":0,"enemies":"3 Darklings","floor":38,"turns":2},{"damage":33,"enemies":"Reptomancer","floor":40,"turns":6},{"damage":31,"enemies":"Sphere and 2 Shapes","floor":42,"turns":4},{"damage":0,"enemies":"Spire Growth","floor":45,"turns":5},{"damage":0,"enemies":"Giant Head","floor":46,"turns":7},{"damage":0,"enemies":"Maw","floor":47,"turns":6},{"damage":1,"enemies":"Sphere and 2 Shapes","floor":48,"turns":6},{"damage":57,"enemies":"Time Eater","floor":50,"turns":11}],"seed_played":"8677035309043701711","potions_obtained":[{"floor":6,"key":"champ:CounterPotion"},{"floor":7,"key":"EntropicBrew"},{"floor":11,"key":"theDuelist:WhiteBottle"},{"floor":20,"key":"SmokeBomb"},{"floor":22,"key":"theDuelist:OrbBottle"},{"floor":33,"key":"theDuelist:SummonArmorPotion"},{"floor":38,"key":"DuplicationPotion"},{"floor":46,"key":"Weak Potion"},{"floor":48,"key":"Fruit Juice"}],"is_trial":false,"path_per_floor":["M","?","$","?","?","E","M","T","T","R","E","R","M","M","R","B",null,"M","?","M","M","M","E","R","M","T","R","$","?","M","$","R","B",null,"M","?","?","M","$","E","R","M","T","R","M","E","M","M","R","B"],"character_chosen":"THE_DUELIST","items_purchased":["Art of War","theDuelist:CharcoalInpachi","theDuelist:DuelistOrichalcum","theDuelist:KamionTimelord","theDuelist:ElectromagneticShield","theDuelist:SummonAnchor","theDuelist:CastleDarkIllusions","theDuelist:DoubleTool","theDuelist:DarkFactory","theDuelist:GravityAxe"],"campfire_rested":0,"item_purchase_floors":[3,3,28,28,31,39,39,39,39,39],"current_hp_per_floor":[80,80,80,92,92,92,92,92,92,92,61,61,61,58,58,3,92,72,66,59,59,41,41,41,24,24,24,24,24,24,24,24,10,92,92,92,92,92,92,59,59,40,40,40,52,52,52,51,51,0,0],"gold":192,"neow_bonus":"THREE_ENEMY_KILL","is_daily":false,"chose_seed":false,"campfire_upgraded":8,"win_rate":0.0,"timestamp":1609201998,"path_taken":["M","?","?","?","?","E","M","?","T","R","E","R","?","M","R","BOSS","M","?","?","?","M","E","R","M","T","R","?","?","M","$","R","BOSS","M","?","?","?","$","E","R","M","T","R","M","E","M","M","R","BOSS"],"items_purchased_type":["Relic","Card","Relic","Card","Card","Relic","Card","Card","Card","Card"],"build_version":"2020-12-22","purchased_purges":1,"victory":false,"max_hp_per_floor":[80,80,80,92,92,92,92,92,92,92,92,92,92,92,92,92,92,92,92,92,92,92,92,92,92,92,92,92,92,92,92,92,92,92,92,92,92,92,92,92,92,92,92,92,92,92,92,92,92,97,97],"card_choices":[{"not_picked":["theDuelist:CoreBlaster","theDuelist:Downbeat","theDuelist:AfterTheStorm","theDuelist:Electrowhip"],"picked":"theDuelist:MeteorDestruction","floor":1},{"not_picked":["theDuelist:RainbowNeos","theDuelist:EgoBoost","theDuelist:SpiritHarp","theDuelist:SwordDeepSeated"],"picked":"theDuelist:InfernoFireBlast","floor":6},{"not_picked":["theDuelist:ClearKuriboh","theDuelist:Hinotama","theDuelist:Sangan","theDuelist:AttackTheMoon"],"picked":"theDuelist:MudGolem","floor":7},{"not_picked":["theDuelist:ClearKuriboh","theDuelist:RedHeadedOni","theDuelist:Terraforming","theDuelist:MudragonSwamp"],"picked":"theDuelist:GauntletWarrior","floor":11},{"not_picked":["theDuelist:BerserkerCrush","theDuelist:SangaEarth","theDuelist:FuryFire","theDuelist:GravityBlaster"],"picked":"theDuelist:HappyLover","floor":13},{"not_picked":["theDuelist:DoubleTool","theDuelist:CombinationAttack","theDuelist:BigFire","theDuelist:LegendarySword"],"picked":"theDuelist:RainbowNeos","floor":14},{"not_picked":["theDuelist:YamiForm","theDuelist:Wildfire","theDuelist:SevenCompleted","theDuelist:InstantFusion"],"picked":"theDuelist:GravityLash","floor":16},{"not_picked":["theDuelist:SpellShatteringArrow","theDuelist:DoubleTool+1","theDuelist:WhiteMagicalHat","theDuelist:SparkBlaster"],"picked":"theDuelist:OnslaughtFireKings","floor":18},{"not_picked":["theDuelist:BeaverWarrior","theDuelist:CharcoalInpachi","theDuelist:MudGolem+1","theDuelist:RainbowNeos+1"],"picked":"theDuelist:HappyLover+1","floor":20},{"not_picked":["theDuelist:DoubleTool","theDuelist:CoreBlaster","theDuelist:CombinationAttack","theDuelist:BigFire"],"picked":"theDuelist:AssaultArmor+1","floor":21},{"not_picked":["theDuelist:MagicalStone","theDuelist:AfterGenocide","theDuelist:BattleFootballer","theDuelist:CharcoalInpachi"],"picked":"theDuelist:HappyLover","floor":22},{"not_picked":["theDuelist:MagnumShield","theDuelist:LegendHeart","theDuelist:Eva","theDuelist:PowerWall"],"picked":"theDuelist:WhiteMagicalHat","floor":23},{"not_picked":["theDuelist:DarklordSuperbia","theDuelist:PowerGiant","theDuelist:WormKing","theDuelist:Blockman"],"picked":"theDuelist:MillenniumGolem+1","floor":25},{"not_picked":["theDuelist:PowerWall+1","theDuelist:WhiteMagicalHat","theDuelist:SpiritHarp","theDuelist:AssaultArmor"],"picked":"theDuelist:RainbowNeos","floor":30},{"not_picked":["theDuelist:Raigeki+1","theDuelist:PineappleBlast","theDuelist:ForbiddenLance+1","theDuelist:MillenniumShield"],"picked":"theDuelist:YamiForm","floor":33},{"not_picked":["theDuelist:InfernoFireBlast+1","theDuelist:SevenCompleted","theDuelist:GiantTrunade+1","theDuelist:ForbiddenLance"],"picked":"theDuelist:VendreadCharge","floor":35},{"not_picked":["theDuelist:Graverobber+1","theDuelist:FairyBox","theDuelist:SilverApples+1","theDuelist:Reinforcements+1"],"picked":"theDuelist:Wiretap+1","floor":36},{"not_picked":["theDuelist:PowerKaishin","theDuelist:Tuningware","theDuelist:SpellShatteringArrow+1","theDuelist:Reinforcements+1"],"picked":"theDuelist:Hinotama+1","floor":38},{"not_picked":["theDuelist:Mathematician","theDuelist:FeatherShot+1"],"picked":"theDuelist:ForbiddenLance","floor":40},{"not_picked":["theDuelist:CoreBlaster","theDuelist:RainbowNeos","theDuelist:WormApocalypse+1","theDuelist:GiantTrunade+1"],"picked":"theDuelist:Eva+1","floor":42},{"not_picked":["theDuelist:CombinationAttack+2","theDuelist:SpiritHarp","theDuelist:SilverApples+1","theDuelist:ChaosSeed+1"],"picked":"theDuelist:RainbowNeos","floor":45},{"not_picked":["theDuelist:RainbowNeos","theDuelist:HappyLover","theDuelist:Eva+1","theDuelist:RainbowKuriboh"],"picked":"theDuelist:RainbowOverdragon+1","floor":46},{"not_picked":["theDuelist:BeaverWarrior","theDuelist:MudGolem+1","theDuelist:GauntletWarrior","theDuelist:RainbowNeos"],"picked":"theDuelist:Eva+1","floor":47},{"not_picked":["theDuelist:StarBlast","theDuelist:SangaEarth"],"picked":"theDuelist:CrystalRaigeki","floor":48}],"player_experience":412515,"relics_obtained":[{"floor":6,"key":"theDuelist:MerchantNecklace"},{"floor":8,"key":"Lantern"},{"floor":11,"key":"Girya"},{"floor":23,"key":"theDuelist:YugiMirror"},{"floor":26,"key":"infinitespire:ShieldingShard"},{"floor":40,"key":"Meat on the Bone"},{"floor":43,"key":"theDuelist:GiftAnubis"},{"floor":46,"key":"BlueBox"}],"event_choices":[{"damage_healed":0,"gold_gain":100,"player_choice":"Gold","damage_taken":0,"max_hp_gain":0,"max_hp_loss":0,"event_name":"Wheel of Change","floor":2,"gold_loss":0},{"damage_healed":0,"gold_gain":0,"player_choice":"Break - +12 Max HP","duelist":true,"damage_taken":0,"max_hp_gain":0,"max_hp_loss":0,"event_name":"Tomb of the Nameless","floor":4,"gold_loss":0},{"damage_healed":0,"gold_gain":0,"player_choice":"Box","damage_taken":0,"relics_obtained":["hubris:SoftwareUpdate"],"max_hp_gain":0,"max_hp_loss":0,"event_name":"Big Fish","floor":5,"gold_loss":0,"cards_obtained":["Regret"]},{"damage_healed":0,"gold_gain":0,"player_choice":"Dig - random Duelist relic","duelist":true,"damage_taken":0,"max_hp_gain":0,"max_hp_loss":0,"event_name":"Aknamkanon\u0027s Tomb","floor":19,"gold_loss":0},{"damage_healed":0,"gold_gain":0,"player_choice":"Ignored","damage_taken":0,"max_hp_gain":0,"max_hp_loss":0,"event_name":"Vampires","floor":29,"gold_loss":0},{"damage_healed":0,"gold_gain":0,"player_choice":"Memory 1","damage_taken":0,"max_hp_gain":0,"max_hp_loss":0,"event_name":"SensoryStone","floor":36,"gold_loss":0},{"damage_healed":0,"gold_gain":300,"player_choice":"Gold","damage_taken":0,"max_hp_gain":0,"max_hp_loss":0,"event_name":"Wheel of Change","floor":37,"gold_loss":0}],"is_beta":false,"boss_relics":[{"not_picked":["infinitespire:Burning Sword","Busted Crown"],"picked":"hubris:Backtick"},{"not_picked":["hubris:VirtuousBlindfold","theDuelist:HauntedRelic"],"picked":"hubris:RunicObelisk"}],"items_purged_floors":[28],"is_endless":false,"potions_floor_spawned":[6,7,11,20,22,33,38,46,48],"killed_by":"Time Eater","ascension_level":0}}