{"host":"i4eavuqabbk5mi94","time":1609200146,"event":{"mods":["BaseMod","Googly Eyes","Minty Spire (QoL Compilation)"],"gold_per_floor":[110,110,124,135,93,126,126,153,153,153,183,183,183,200,200,298,298,313,329,343,343,377,377,377,408,458,458,47,47,47,57,57,158,158,170,190,50,69,119,151,151,179,179,214,214,228,239,256,256,256],"floor_reached":51,"playtime":2926,"items_purged":["Normality","Strike_G+1"],"score":899,"play_id":"54f208b0-9cd5-4bc0-8102-476295d72e9f","local_time":"20201229000226","is_ascension_mode":true,"campfire_choices":[{"floor":7.0,"key":"REST"},{"floor":10.0,"key":"REST"},{"floor":12.0,"key":"REST"},{"floor":15.0,"key":"REST"},{"floor":23.0,"key":"REST"},{"floor":27.0,"key":"REST"},{"floor":29.0,"key":"REST"},{"data":"Catalyst","floor":32.0,"key":"SMITH"},{"data":"Poisoned Stab","floor":41,"key":"SMITH"},{"floor":49,"key":"REST"}],"circlet_count":0,"master_deck":["Strike_G+1","Strike_G+1","Strike_G+1","Defend_G+1","Defend_G+1","Defend_G+1","Defend_G+1","Survivor","Neutralize+1","Adrenaline","Bouncing Flask","Dagger Throw","Crippling Poison","Catalyst+1","Crippling Poison","Quick Slash","Backflip+1","Venomology","Poisoned Stab+1","Terror+1","Crippling Poison+1","Leg Sweep+1","Outmaneuver+1","Well Laid Plans+1","Doppelganger","All Out Attack","After Image+1","Crippling Poison+1","Tactician","Footwork+1","Caltrops+1","Leg Sweep","Slice+1","Catalyst+1"],"relics":["Ring of the Serpent","Frozen Egg 2","Paper Crane","The Courier","Odd Mushroom","Snecko Eye","Red Mask","PreservedInsect","Orichalcum","Gremlin Horn","War Paint","Tingsha","Molten Egg 2","White Beast Statue","Sundial","Incense Burner"],"acts_visited":["Exordium","TheCity","TheBeyond"],"potions_floor_usage":[44,44,47,47,47,48,48],"damage_taken":[{"damage":16.0,"enemies":"Small Slimes","floor":1.0,"turns":7.0},{"damage":0.0,"enemies":"2 Louse","floor":3.0,"turns":2.0},{"damage":6.0,"enemies":"Jaw Worm","floor":4.0,"turns":4.0},{"damage":16.0,"enemies":"Lagavulin","floor":6.0,"turns":6.0},{"damage":33.0,"enemies":"3 Sentries","floor":8.0,"turns":10.0},{"damage":20.0,"enemies":"The Mushroom Lair","floor":11.0,"turns":5.0},{"damage":8.0,"enemies":"Gremlin Gang","floor":14.0,"turns":4.0},{"damage":22.0,"enemies":"Hexaghost","floor":16.0,"turns":8.0},{"damage":1.0,"enemies":"Spheric Guardian","floor":18.0,"turns":3.0},{"damage":17.0,"enemies":"Shell Parasite","floor":19.0,"turns":4.0},{"damage":34.0,"enemies":"3 Cultists","floor":20.0,"turns":6.0},{"damage":1.0,"enemies":"Masked Bandits","floor":22.0,"turns":3.0},{"damage":22.0,"enemies":"Book of Stabbing","floor":25.0,"turns":5.0},{"damage":0.0,"enemies":"Snecko","floor":31.0,"turns":4.0},{"damage":3.0,"enemies":"Champ","floor":33.0,"turns":11.0},{"damage":5.0,"enemies":"Orb Walker","floor":35.0,"turns":4.0},{"damage":0.0,"enemies":"3 Darklings","floor":36.0,"turns":3.0},{"damage":10.0,"enemies":"Spire Growth","floor":38.0,"turns":5.0},{"damage":5.0,"enemies":"Mind Bloom Boss Battle","floor":39.0,"turns":6.0},{"damage":0.0,"enemies":"Giant Head","floor":40.0,"turns":7.0},{"damage":6,"enemies":"Nemesis","floor":42,"turns":7},{"damage":19,"enemies":"Reptomancer","floor":44,"turns":6},{"damage":0,"enemies":"Writhing Mass","floor":46,"turns":4},{"damage":0,"enemies":"Transient","floor":47,"turns":5},{"damage":5,"enemies":"4 Shapes","floor":48,"turns":3},{"damage":6,"enemies":"Donu and Deca","floor":50,"turns":9}],"seed_played":"7886600940441949756","potions_obtained":[{"floor":1.0,"key":"AttackPotion"},{"floor":3.0,"key":"SpeedPotion"},{"floor":4.0,"key":"DistilledChaos"},{"floor":11.0,"key":"Weak Potion"},{"floor":18.0,"key":"ColorlessPotion"},{"floor":22.0,"key":"CunningPotion"},{"floor":33.0,"key":"SkillPotion"},{"floor":35.0,"key":"Fire Potion"},{"floor":36.0,"key":"Block Potion"},{"floor":44,"key":"LiquidMemories"},{"floor":47,"key":"PowerPotion"},{"floor":48,"key":"SteroidPotion"}],"is_trial":false,"path_per_floor":["M","?","M","M","?","E","R","E","T","R","?","R","?","M","R","B",null,"M","M","M","?","?","R","?","E","T","R","$","R","?","M","R","B",null,"M","M","$","M","?","E","R","E","T","E","?","M","M","M","R","B",null],"character_chosen":"THE_SILENT","items_purchased":["Gremlin Horn","War Paint","Well Laid Plans+1","Footwork+1"],"campfire_rested":8,"item_purchase_floors":[28,28,28,37],"current_hp_per_floor":[54,54,54,48,48,32,53,20,20,41,21,42,47,39,61,39,75,74,57,23,23,22,44,44,22,22,44,44,66,66,66,66,63,75,70,70,70,60,55,55,55,49,49,30,30,30,30,25,47,41],"gold":256,"neow_bonus":"THREE_RARE_CARDS","is_daily":false,"chose_seed":false,"campfire_upgraded":2,"win_rate":0.0,"timestamp":1609200146,"path_taken":["M","?","M","M","?","E","R","E","T","R","?","R","?","M","R","BOSS","M","M","M","?","?","R","?","E","T","R","$","R","?","M","R","BOSS","M","M","$","M","?","E","R","E","T","E","?","M","M","M","R","BOSS"],"items_purchased_type":["Relic","Relic","Card","Card"],"build_version":"2020-12-22","purchased_purges":2,"victory":true,"max_hp_per_floor":[70,70,70,70,70,70,70,70,70,70,70,70,75,75,75,75,75,75,75,75,75,75,75,75,75,75,75,75,75,75,75,75,75,75,75,75,75,75,75,75,75,75,75,75,75,75,75,75,75,75],"card_choices":[{"not_picked":["Night Terror","Malaise"],"picked":"Adrenaline","floor":0.0},{"not_picked":["Dodge and Roll","Dagger Throw"],"picked":"Bouncing Flask","floor":1.0},{"not_picked":["Slice","Deadly Poison"],"picked":"Dagger Throw","floor":3.0},{"not_picked":["Backflip","Dagger Spray"],"picked":"Crippling Poison","floor":4.0},{"not_picked":["Bane","Flechettes"],"picked":"Catalyst","floor":6.0},{"not_picked":["Heel Hook","Dagger Throw"],"picked":"Crippling Poison","floor":8.0},{"not_picked":["Eviscerate","Deflect"],"picked":"Quick Slash","floor":11.0},{"not_picked":["Blur","Infinite Blades+1"],"picked":"Backflip","floor":14.0},{"not_picked":["Wraith Form v2+1","Phantasmal Killer"],"picked":"Venomology","floor":16.0},{"not_picked":["Outmaneuver+1","Blade Dance"],"picked":"Poisoned Stab","floor":18.0},{"not_picked":["Quick Slash","Sucker Punch"],"picked":"Terror+1","floor":19.0},{"not_picked":["Poisoned Stab","Dagger Throw+1"],"picked":"Crippling Poison+1","floor":20.0},{"not_picked":["Blur","Flying Knee"],"picked":"Leg Sweep+1","floor":22.0},{"not_picked":["Blade Dance","Prepared"],"picked":"Outmaneuver","floor":25.0},{"not_picked":["Acrobatics","Well Laid Plans+1","Poisoned Stab"],"picked":"SKIP","floor":31.0},{"not_picked":["Adrenaline","Grand Finale"],"picked":"After Image+1","floor":33.0},{"not_picked":["Skewer+1","Cloak And Dagger"],"picked":"Crippling Poison+1","floor":35.0},{"not_picked":["Poisoned Stab+1","Terror+1"],"picked":"Tactician","floor":36.0},{"not_picked":["Deflect","Leg Sweep"],"picked":"Caltrops+1","floor":38.0},{"not_picked":["PiercingWail","Prepared"],"picked":"Leg Sweep","floor":39.0},{"not_picked":["Cloak And Dagger+1","Wraith Form v2+1"],"picked":"Slice+1","floor":40},{"not_picked":["Blade Dance+1","Heel Hook+1","Poisoned Stab+1"],"picked":"SKIP","floor":42},{"not_picked":["Outmaneuver","Flying Knee+1","Backflip"],"picked":"SKIP","floor":44},{"not_picked":["Deadly Poison+1","Blade Dance","Escape Plan"],"picked":"SKIP","floor":46},{"not_picked":["Dagger Throw+1","Quick Slash+1","Setup+1"],"picked":"SKIP","floor":47},{"not_picked":["Backflip+1","Prepared","Quick Slash+1"],"picked":"SKIP","floor":48}],"player_experience":358631,"relics_obtained":[{"floor":6.0,"key":"Frozen Egg 2"},{"floor":8.0,"key":"Paper Crane"},{"floor":9.0,"key":"The Courier"},{"floor":11.0,"key":"Odd Mushroom"},{"floor":22.0,"key":"Red Mask"},{"floor":25.0,"key":"PreservedInsect"},{"floor":26.0,"key":"Orichalcum"},{"floor":39.0,"key":"Tingsha"},{"floor":40,"key":"Molten Egg 2"},{"floor":42,"key":"White Beast Statue"},{"floor":43,"key":"Sundial"},{"floor":44,"key":"Incense Burner"}],"event_choices":[{"damage_healed":0.0,"max_hp_gain":0.0,"max_hp_loss":0.0,"gold_gain":0.0,"event_name":"Living Wall","player_choice":"Grow","floor":2.0,"gold_loss":0.0,"damage_taken":0.0,"cards_upgraded":["Neutralize"]},{"damage_healed":0.0,"max_hp_gain":0.0,"max_hp_loss":0.0,"gold_gain":0.0,"event_name":"World of Goop","player_choice":"Left Gold","floor":5.0,"gold_loss":42.0,"damage_taken":0.0},{"damage_healed":0.0,"max_hp_gain":0.0,"max_hp_loss":0.0,"gold_gain":0.0,"event_name":"Mushrooms","player_choice":"Fought Mushrooms","floor":11.0,"gold_loss":0.0,"damage_taken":0.0},{"damage_healed":0.0,"max_hp_gain":5.0,"max_hp_loss":0.0,"gold_gain":0.0,"event_name":"Big Fish","player_choice":"Donut","floor":13.0,"gold_loss":0.0,"damage_taken":0.0},{"damage_healed":0.0,"max_hp_gain":0.0,"max_hp_loss":0.0,"gold_gain":0.0,"event_name":"Vampires","player_choice":"Ignored","floor":21.0,"gold_loss":0.0,"damage_taken":0.0},{"damage_healed":0.0,"max_hp_gain":0.0,"max_hp_loss":0.0,"gold_gain":0.0,"event_name":"Masked Bandits","player_choice":"Fought Bandits","floor":22.0,"gold_loss":0.0,"damage_taken":0.0},{"damage_healed":0.0,"max_hp_gain":0.0,"max_hp_loss":0.0,"gold_gain":0.0,"event_name":"Back to Basics","player_choice":"Simplicity","floor":24.0,"gold_loss":0.0,"damage_taken":0.0,"cards_upgraded":["Strike_G","Strike_G","Strike_G","Strike_G","Strike_G","Defend_G","Defend_G","Defend_G","Defend_G","Defend_G"]},{"damage_healed":0.0,"max_hp_gain":0.0,"max_hp_loss":0.0,"gold_gain":0.0,"cards_transformed":["Defend_G","Strike_G"],"event_name":"Drug Dealer","player_choice":"Became Test Subject","floor":30.0,"gold_loss":0.0,"damage_taken":0.0,"cards_obtained":["Doppelganger","All Out Attack"]},{"damage_healed":0.0,"max_hp_gain":0.0,"max_hp_loss":0.0,"gold_gain":0.0,"event_name":"MindBloom","player_choice":"Fight","floor":39.0,"gold_loss":0.0,"damage_taken":0.0},{"damage_healed":0,"gold_gain":0,"player_choice":"Copied","damage_taken":0,"max_hp_gain":0,"max_hp_loss":0,"event_name":"Duplicator","floor":45,"gold_loss":0,"cards_obtained":["Catalyst"]}],"is_beta":false,"boss_relics":[{"not_picked":["Philosopher\u0027s Stone","SacredBark"],"picked":"Snecko Eye"},{"not_picked":["Runic Dome","Tiny House"],"picked":"Ring of the Serpent"}],"items_purged_floors":[28,37],"is_endless":false,"potions_floor_spawned":[1,3,4,11,18,22,33,35,36,38,42,44,46,47,48],"ascension_level":3}}