{"host":"9b7hrp48q3pna783","time":1609260047,"event":{"mods":["BaseMod","Colored Map","Colored Powertips","Highlight Path","Minty Spire (QoL Compilation)","Relic Stats"],"gold_per_floor":[118,293,313,323,323,348,348,364,389,424,434,453,478,490,490,585,585,595,595,344,355,355,386,396,396,396,408,437,437,464,483,483,581,581,601,38,53,101,125,151,164,197,274,274,274,274,42,56,56,56],"floor_reached":51,"playtime":5496,"items_purged":["Defend_R","Defend_R","Defend_R"],"score":912,"play_id":"c96f51cf-402d-43c5-8504-6d783d09ca77","local_time":"20201229114047","is_ascension_mode":false,"campfire_choices":[{"data":"Shrug It Off","floor":7.0,"key":"SMITH"},{"data":"Metallicize","floor":15.0,"key":"SMITH"},{"data":"Armaments","floor":25,"key":"SMITH"},{"data":"RitualDagger","floor":32,"key":"SMITH"},{"data":"Inflame","floor":44,"key":"SMITH"},{"data":"Rupture","floor":49,"key":"SMITH"}],"circlet_count":0,"master_deck":["Strike_R","Strike_R+1","Strike_R","Strike_R","Strike_R","Defend_R","Bash","Inflame+1","Doubt","Metallicize+1","Shrug It Off+1","Battle Trance","Power Through","Metallicize+1","Perfected Strike","Impervious","Metallicize+1","Armaments+1","Heavy Blade","RitualDagger+1","Inflame+1","Pummel+1","Rampage","Inflame+1","Brutality","Parasite","Rage","Trip+1","Rupture+1","Bloodletting+1"],"relics":["Burning Blood","Pen Nib","PreservedInsect","Nunchaku","FossilizedHelix","Black Star","Strawberry","Anchor","Meat on the Bone","Boot","Mummified Hand","Toy Ornithopter","Juzu Bracelet","Ancient Tea Set","Incense Burner","Lizard Tail","Red Skull","Eternal Feather","Whetstone","Torii","Toxic Egg 2","Paper Frog"],"acts_visited":["TheCity","TheBeyond"],"potions_floor_usage":[18,23,27,31,42,50,50],"damage_taken":[{"damage":11.0,"enemies":"Jaw Worm","floor":1.0,"turns":2.0},{"damage":0.0,"enemies":"Small Slimes","floor":3.0,"turns":3.0},{"damage":0.0,"enemies":"2 Louse","floor":4.0,"turns":3.0},{"damage":20.0,"enemies":"Lagavulin","floor":6.0,"turns":7.0},{"damage":0.0,"enemies":"2 Fungi Beasts","floor":8.0,"turns":5.0},{"damage":13.0,"enemies":"3 Sentries","floor":10.0,"turns":10.0},{"damage":3.0,"enemies":"Exordium Wildlife","floor":11.0,"turns":4.0},{"damage":8.0,"enemies":"Blue Slaver","floor":12.0,"turns":4.0},{"damage":11.0,"enemies":"Gremlin Nob","floor":13.0,"turns":6.0},{"damage":0.0,"enemies":"3 Louse","floor":14.0,"turns":5.0},{"damage":0.0,"enemies":"Hexaghost","floor":16.0,"turns":10.0},{"damage":7,"enemies":"3 Byrds","floor":18,"turns":10},{"damage":0,"enemies":"Shell Parasite","floor":21,"turns":7},{"damage":40,"enemies":"Book of Stabbing","floor":23,"turns":8},{"damage":8,"enemies":"Centurion and Healer","floor":24,"turns":9},{"damage":0,"enemies":"Chosen and Byrds","floor":27,"turns":5},{"damage":0,"enemies":"Slavers","floor":28,"turns":5},{"damage":0,"enemies":"Gremlin Leader","floor":30,"turns":3},{"damage":0,"enemies":"Snake Plant","floor":31,"turns":3},{"damage":85,"enemies":"Automaton","floor":33,"turns":14},{"damage":18,"enemies":"3 Shapes","floor":35,"turns":4},{"damage":23,"enemies":"3 Darklings","floor":37,"turns":6},{"damage":22,"enemies":"2 Orb Walkers","floor":38,"turns":4},{"damage":21,"enemies":"Reptomancer","floor":40,"turns":6},{"damage":17,"enemies":"Writhing Mass","floor":41,"turns":6},{"damage":18,"enemies":"Giant Head","floor":42,"turns":8},{"damage":21,"enemies":"Maw","floor":48,"turns":5},{"damage":163,"enemies":"Awakened One","floor":50,"turns":11}],"seed_played":"-4761657432866047562","potions_obtained":[{"floor":1.0,"key":"FearPotion"},{"floor":6.0,"key":"Weak Potion"},{"floor":10.0,"key":"FearPotion"},{"floor":13.0,"key":"EntropicBrew"},{"floor":16.0,"key":"LiquidMemories"},{"floor":18,"key":"BloodPotion"},{"floor":24,"key":"Fire Potion"},{"floor":30,"key":"Strength Potion"},{"floor":33,"key":"BlessingOfTheForge"},{"floor":41,"key":"AttackPotion"},{"floor":42,"key":"Strength Potion"}],"is_trial":false,"path_per_floor":["M","?","M","M","?","E","R","M","T","E","M","M","E","M","R","B",null,"M","?","$","M","?","E","M","R","T","M","E","?","E","M","R","B",null,"M","$","M","?","T","E","M","E","T","R","?","?","$","M","R","B",null],"character_chosen":"IRONCLAD","items_purchased":["Armaments","Anchor","Brutality","Incense Burner","Rupture","Bloodletting+1"],"campfire_rested":0,"item_purchase_floors":[20,20,36,36,47,47],"current_hp_per_floor":[83,83,88,88,70,56,56,62,62,55,58,56,51,57,57,63,88,87,94,94,95,89,55,65,65,65,71,77,77,83,94,94,27,95,83,83,66,62,62,59,60,65,65,80,80,80,80,65,83,23],"gold":56,"neow_bonus":"TEN_PERCENT_HP_BONUS","is_daily":false,"chose_seed":false,"campfire_upgraded":6,"win_rate":0.0,"timestamp":1609260047,"path_taken":["M","?","M","M","?","E","R","M","T","E","M","M","E","M","R","BOSS","M","?","$","M","?","E","M","R","T","M","E","?","E","M","R","BOSS","M","$","M","?","?","E","M","E","T","R","?","?","$","M","R","BOSS"],"items_purchased_type":["Card","Relic","Card","Relic","Card","Card"],"build_version":"2020-12-22","purchased_purges":3,"victory":true,"max_hp_per_floor":[88,88,88,88,88,88,88,88,88,88,88,88,88,88,88,88,88,88,95,95,95,95,95,95,95,95,95,95,95,95,95,95,95,95,95,95,95,95,95,95,95,95,95,95,95,95,95,95,95,95],"relic_stats":{"Torii":4,"counters":[17,114],"Eternal Feather":33,"Pen Nib":[18],"PreservedInsect":309,"Juzu Bracelet":0,"Whetstone":["Strike_R","Pummel"],"Boot":[15],"Burning Blood":97,"Nunchaku":[19],"Lizard Tail":47,"Mummified Hand":[97],"Black Star":5,"obtain_stats":[{"Torii":42,"Eternal Feather":40,"Pen Nib":0,"PreservedInsect":0,"Juzu Bracelet":28,"Incense Burner":36,"Whetstone":40,"Boot":23,"Ancient Tea Set":30,"Burning Blood":0,"Nunchaku":0,"Anchor":20,"Lizard Tail":38,"Mummified Hand":26,"Strawberry":19,"Black Star":17,"Toxic Egg 2":42,"FossilizedHelix":0,"Toy Ornithopter":28,"Red Skull":39,"Meat on the Bone":23,"Paper Frog":43},{"Torii":15,"Eternal Feather":13,"Pen Nib":0,"PreservedInsect":0,"Juzu Bracelet":6,"Incense Burner":10,"Whetstone":13,"Boot":3,"Ancient Tea Set":7,"Burning Blood":0,"Nunchaku":0,"Anchor":1,"Lizard Tail":12,"Mummified Hand":4,"Strawberry":1,"Black Star":0,"Toxic Egg 2":15,"FossilizedHelix":0,"Toy Ornithopter":6,"Red Skull":12,"Meat on the Bone":3,"Paper Frog":15},{"Torii":98,"Eternal Feather":84,"Pen Nib":0,"PreservedInsect":0,"Juzu Bracelet":44,"Incense Burner":68,"Whetstone":84,"Boot":25,"Ancient Tea Set":47,"Burning Blood":0,"Nunchaku":0,"Anchor":10,"Lizard Tail":78,"Mummified Hand":34,"Strawberry":10,"Black Star":0,"Toxic Egg 2":98,"FossilizedHelix":0,"Toy Ornithopter":44,"Red Skull":78,"Meat on the Bone":25,"Paper Frog":98}],"Toy Ornithopter":20,"Meat on the Bone":84},"card_choices":[{"not_picked":["Armaments","Shrug It Off"],"picked":"Inflame","floor":1.0},{"not_picked":["True Grit","Warcry"],"picked":"Metallicize","floor":3.0},{"not_picked":["Reckless Charge","Flame Barrier"],"picked":"Shrug It Off","floor":4.0},{"not_picked":["Iron Wave","Heavy Blade"],"picked":"Battle Trance","floor":6.0},{"not_picked":["Headbutt","Reaper","Second Wind"],"picked":"SKIP","floor":8.0},{"not_picked":["Bloodletting","Shrug It Off","Anger"],"picked":"SKIP","floor":10.0},{"not_picked":["Disarm","True Grit"],"picked":"Power Through","floor":11.0},{"not_picked":["Clash","Disarm"],"picked":"Metallicize","floor":12.0},{"not_picked":["Intimidate","Inflame","Shockwave"],"picked":"SKIP","floor":13.0},{"not_picked":["Headbutt","Warcry"],"picked":"Perfected Strike","floor":14.0},{"not_picked":["Fiend Fire","Reaper"],"picked":"Impervious","floor":16.0},{"not_picked":["Infernal Blade","Cleave"],"picked":"Metallicize+1","floor":18},{"not_picked":["Warcry","Body Slam"],"picked":"Heavy Blade","floor":21},{"not_picked":["Twin Strike","Dropkick+1","Flex"],"picked":"SKIP","floor":23},{"not_picked":["Sword Boomerang","Seeing Red","Shrug It Off"],"picked":"SKIP","floor":24},{"not_picked":["Anger","Dropkick+1"],"picked":"Inflame+1","floor":27},{"not_picked":["True Grit+1","Headbutt"],"picked":"Pummel","floor":28},{"not_picked":["Flex","Body Slam","Corruption"],"picked":"SKIP","floor":30},{"not_picked":["Disarm+1","Rupture","True Grit"],"picked":"SKIP","floor":31},{"not_picked":["True Grit","Metallicize+1"],"picked":"Inflame","floor":35},{"not_picked":["Searing Blow","Thunderclap+1","Clash"],"picked":"SKIP","floor":37},{"not_picked":["Sever Soul","Sword Boomerang","Bludgeon"],"picked":"SKIP","floor":40},{"not_picked":["Flex+1","Cleave"],"picked":"Rage","floor":41},{"not_picked":["Headbutt+1","Dark Embrace","Reaper"],"picked":"SKIP","floor":42},{"not_picked":["Secret Weapon+1","Deep Breath+1"],"picked":"Trip+1","floor":46},{"not_picked":["Headbutt+1","Uppercut","Heavy Blade+1"],"picked":"SKIP","floor":48}],"player_experience":38094,"relics_obtained":[{"floor":6.0,"key":"Pen Nib"},{"floor":9.0,"key":"PreservedInsect"},{"floor":10.0,"key":"Nunchaku"},{"floor":13.0,"key":"FossilizedHelix"},{"floor":23,"key":"Meat on the Bone"},{"floor":23,"key":"Boot"},{"floor":26,"key":"Mummified Hand"},{"floor":28,"key":"Toy Ornithopter"},{"floor":28,"key":"Juzu Bracelet"},{"floor":30,"key":"Ancient Tea Set"},{"floor":38,"key":"Lizard Tail"},{"floor":39,"key":"Red Skull"},{"floor":40,"key":"Eternal Feather"},{"floor":40,"key":"Whetstone"},{"floor":42,"key":"Torii"},{"floor":42,"key":"Toxic Egg 2"},{"floor":43,"key":"Paper Frog"}],"event_choices":[{"damage_healed":0.0,"max_hp_gain":0.0,"max_hp_loss":0.0,"gold_gain":175.0,"event_name":"Liars Game","player_choice":"AGREE","floor":2.0,"gold_loss":0.0,"damage_taken":0.0,"cards_obtained":["Doubt"]},{"damage_healed":0.0,"max_hp_gain":0.0,"max_hp_loss":0.0,"gold_gain":0.0,"event_name":"Shining Light","player_choice":"Entered Light","floor":5.0,"gold_loss":0.0,"damage_taken":18.0,"cards_upgraded":["Inflame","Metallicize"]},{"damage_healed":0,"gold_gain":0,"player_choice":"Opened","damage_taken":0,"relics_obtained":["Strawberry"],"max_hp_gain":0,"max_hp_loss":0,"event_name":"The Mausoleum","floor":19,"gold_loss":0},{"damage_healed":0,"gold_gain":0,"player_choice":"Joined the Cult","damage_taken":6,"max_hp_gain":0,"max_hp_loss":0,"event_name":"Nest","floor":22,"gold_loss":0,"cards_obtained":["RitualDagger"]},{"damage_healed":0,"gold_gain":0,"player_choice":"Read","damage_taken":0,"max_hp_gain":0,"max_hp_loss":0,"event_name":"The Library","floor":29,"gold_loss":0,"cards_obtained":["Rampage"]},{"damage_healed":0,"gold_gain":0,"player_choice":"Fight","damage_taken":0,"max_hp_gain":0,"max_hp_loss":0,"event_name":"Mysterious Sphere","floor":38,"gold_loss":0},{"damage_healed":0,"gold_gain":0,"player_choice":"Ignored","damage_taken":0,"max_hp_gain":0,"max_hp_loss":0,"event_name":"Tomb of Lord Red Mask","floor":45,"gold_loss":0},{"damage_healed":0,"gold_gain":0,"player_choice":"Memory 1","damage_taken":0,"max_hp_gain":0,"max_hp_loss":0,"event_name":"SensoryStone","floor":46,"gold_loss":0}],"is_beta":false,"boss_relics":[{"not_picked":["Calling Bell","Runic Dome"],"picked":"Black Star"},{"not_picked":[]}],"items_purged_floors":[20,36,47],"is_endless":false,"potions_floor_spawned":[1,6,10,13,16,18,24,30,33,38,41,42],"ascension_level":0}}