{"host":"j29osl8nelwi4hyu","time":1609217922,"event":{"mods":["BaseMod","Colored Powertips","Hubris","Infinite Spire","Minty Spire (QoL Compilation)","Replay The Spire","StSLib"],"gold_per_floor":[113,113,123,123,198,198,232,232,232,246,246,261,261,261],"floor_reached":13,"playtime":245,"items_purged":[],"score":135,"play_id":"75f9b045-2cad-4187-b463-50437b93c050","local_time":"20201228205842","is_ascension_mode":true,"campfire_choices":[{"data":"ReplayTheSpireMod:Calculation Training","floor":6,"key":"SMITH"},{"floor":11,"key":"DIG"}],"circlet_count":0,"master_deck":["Strike_B","Strike_B","Strike_B+1","Defend_B","Defend_B","Defend_B","Defend_B","Zap","Dualcast","ReplayTheSpireMod:Calculation Training+1","Lockon+1","hubris:SpecializedCircuitry","Chaos","Chaos"],"relics":["Cracked Core","NeowsBlessing","Replay:Multitool","Solar Panel","Whetstone"],"acts_visited":["Exordium"],"potions_floor_usage":[12],"damage_taken":[{"damage":0,"enemies":"Cultist","floor":1,"turns":1},{"damage":0,"enemies":"2 Louse","floor":3,"turns":1},{"damage":0,"enemies":"Gremlin Nob","floor":7,"turns":1},{"damage":15,"enemies":"Small Slimes","floor":10,"turns":4},{"damage":6,"enemies":"3 Louse","floor":12,"turns":3},{"damage":45,"enemies":"3 Sentries","floor":13,"turns":4}],"seed_played":"-349479506223594064","potions_obtained":[{"floor":7,"key":"Fire Potion"},{"floor":10,"key":"PotionOfCapacity"},{"floor":12,"key":"FearPotion"}],"is_trial":false,"path_per_floor":["M","$","M","?","?","R","E","?","T","M","R","M","E"],"character_chosen":"DEFECT","items_purchased":[],"campfire_rested":0,"item_purchase_floors":[],"current_hp_per_floor":[75,75,75,72,61,61,61,54,54,43,43,39,0,0],"gold":261,"neow_bonus":"THREE_ENEMY_KILL","is_daily":false,"chose_seed":false,"campfire_upgraded":1,"win_rate":0.0,"timestamp":1609217922,"path_taken":["M","?","M","?","?","R","E","?","T","M","R","M","E"],"items_purchased_type":[],"build_version":"2020-12-22","purchased_purges":0,"victory":false,"max_hp_per_floor":[75,75,75,75,75,75,75,75,75,75,75,75,75,75],"card_choices":[{"not_picked":["hubris:PowerSurge","Coolheaded"],"picked":"ReplayTheSpireMod:Calculation Training","floor":1},{"not_picked":["Coolheaded","Force Field"],"picked":"Lockon","floor":3},{"not_picked":["Undo","Time Bomb"],"picked":"hubris:SpecializedCircuitry","floor":7},{"not_picked":["Panic Button","Stack"],"picked":"Chaos","floor":10},{"not_picked":["Heatsinks","Beam Cell"],"picked":"Chaos","floor":12}],"player_experience":270272,"relics_obtained":[{"floor":7,"key":"Solar Panel"},{"floor":11,"key":"Whetstone"}],"event_choices":[{"damage_healed":0,"gold_gain":0,"player_choice":"Success","damage_taken":3,"relics_obtained":["Replay:Multitool"],"max_hp_gain":0,"max_hp_loss":0,"event_name":"Scrap Ooze","floor":4,"gold_loss":0},{"damage_healed":0,"gold_gain":75,"player_choice":"Gather Gold","damage_taken":11,"max_hp_gain":0,"max_hp_loss":0,"event_name":"World of Goop","floor":5,"gold_loss":0},{"cards_removed":["Strike_B"],"damage_healed":0,"gold_gain":0,"player_choice":"Card Removal","damage_taken":7,"max_hp_gain":0,"max_hp_loss":0,"event_name":"Golden Wing","floor":8,"gold_loss":0}],"is_beta":false,"boss_relics":[],"items_purged_floors":[],"is_endless":false,"potions_floor_spawned":[7,10,12],"killed_by":"3 Sentries","ascension_level":5}}