{"host":"vpxex9ryma3s0oll","time":1609206349,"event":{"mods":["AchievementEnabler","BaseMod","Bestiary","Minty Spire (QoL Compilation)","Quick Restart","Shop Mod","StSLib","The Senshi"],"gold_per_floor":[113,38,113,125,141,169,183,183,235,9,184,184,184,195,195,294,294,277,192,192,211,86,86,120,132,144,156,184,206,218,256,268,280,280],"floor_reached":33,"playtime":1243,"items_purged":["Defend_B","Strike_B","Strike_B"],"score":297,"play_id":"c88a06d6-7e65-4f52-bd34-59a7e89eb684","local_time":"20201228204549","is_ascension_mode":true,"campfire_choices":[{"floor":8.0,"key":"REST"},{"floor":12.0,"key":"REST"},{"data":"Chill","floor":15.0,"key":"SMITH"},{"data":"Seek","floor":23.0,"key":"SMITH"},{"floor":25.0,"key":"REST"},{"floor":30.0,"key":"REST"},{"floor":32.0,"key":"DIG"}],"circlet_count":0,"master_deck":["Strike_B","Defend_B","Defend_B","Zap","Dualcast","Static Discharge","Beam Cell","Chill+1","Self Repair","Streamline","Doubt","Streamline","Seek+1","Beam Cell+1","Amplify","Leap"],"relics":["Cracked Core","Darkstone Periapt","PreservedInsect","Busted Crown","Omamori","Enchiridion","MawBank","Lantern","Shovel","Oddly Smooth Stone"],"acts_visited":["Exordium","TheCity"],"potions_floor_usage":[33],"damage_taken":[{"damage":5.0,"enemies":"Jaw Worm","floor":1.0,"turns":5.0},{"damage":5.0,"enemies":"2 Louse","floor":4.0,"turns":2.0},{"damage":5.0,"enemies":"Small Slimes","floor":5.0,"turns":3.0},{"damage":34.0,"enemies":"3 Sentries","floor":6.0,"turns":6.0},{"damage":11.0,"enemies":"Red Slaver","floor":7.0,"turns":3.0},{"damage":18.0,"enemies":"Exordium Wildlife","floor":14.0,"turns":5.0},{"damage":35.0,"enemies":"Hexaghost","floor":16.0,"turns":8.0},{"damage":22.0,"enemies":"2 Thieves","floor":18.0,"turns":4.0},{"damage":3.0,"enemies":"Chosen","floor":21.0,"turns":4.0},{"damage":16.0,"enemies":"Book of Stabbing","floor":24.0,"turns":4.0},{"damage":2.0,"enemies":"Centurion and Healer","floor":28.0,"turns":6.0},{"damage":32.0,"enemies":"Sentry and Sphere","floor":29.0,"turns":5.0},{"damage":23.0,"enemies":"Gremlin Leader","floor":31.0,"turns":4.0},{"damage":69,"enemies":"Automaton","floor":33,"turns":8}],"seed_played":"3311475876823527140","potions_obtained":[{"floor":4.0,"key":"DistilledChaos"},{"floor":6.0,"key":"Block Potion"},{"floor":14.0,"key":"ColorlessPotion"},{"floor":16.0,"key":"Weak Potion"},{"floor":28.0,"key":"SkillPotion"},{"floor":29.0,"key":"Ancient Potion"},{"floor":31.0,"key":"EntropicBrew"}],"is_trial":false,"path_per_floor":["M","$","?","M","M","E","M","R","T","$","?","R","?","M","R","B",null,"M","?","?","M","$","R","E","R","T","$","M","M","R","E","R","B"],"character_chosen":"DEFECT","items_purchased":["Self Repair","Streamline"],"campfire_rested":4,"item_purchase_floors":[10,10],"current_hp_per_floor":[70,70,59,54,49,15,4,26,26,26,32,56,56,45,45,17,81,66,66,50,54,54,54,45,69,69,69,74,49,73,57,57,0,0],"gold":280,"neow_bonus":"REMOVE_CARD","is_daily":false,"chose_seed":false,"campfire_upgraded":2,"win_rate":0.0,"timestamp":1609206349,"path_taken":["M","$","?","M","M","E","M","R","T","$","?","R","?","?","R","BOSS","M","?","?","M","$","R","E","R","T","?","M","M","R","E","R","BOSS"],"items_purchased_type":["Card","Card"],"build_version":"2020-12-22","purchased_purges":3,"victory":false,"max_hp_per_floor":[75,75,75,75,75,75,75,75,75,75,81,81,81,81,81,81,81,81,81,81,81,81,81,81,81,81,81,81,81,81,81,81,81,81],"card_choices":[{"not_picked":["Redo","Gash","Leap"],"picked":"SKIP","floor":1.0},{"not_picked":["Reprogram","Chaos"],"picked":"Static Discharge","floor":4.0},{"not_picked":["Ball Lightning","Redo","Blizzard"],"picked":"SKIP","floor":5.0},{"not_picked":["Rebound","Hello World"],"picked":"Beam Cell","floor":6.0},{"not_picked":["Storm","Melter"],"picked":"Chill","floor":7.0},{"not_picked":["Self Repair","Buffer"],"picked":"Streamline","floor":14.0},{"not_picked":["Electrodynamics","All For One"],"picked":"Seek","floor":16.0},{"not_picked":["Compile Driver"],"picked":"SKIP","floor":18.0},{"not_picked":[],"picked":"Beam Cell+1","floor":21.0},{"not_picked":[],"picked":"Amplify","floor":24.0},{"not_picked":["Streamline"],"picked":"SKIP","floor":28.0},{"not_picked":["Redo"],"picked":"SKIP","floor":29.0},{"not_picked":[],"picked":"Leap","floor":31.0}],"player_experience":33133,"relics_obtained":[{"floor":6.0,"key":"Darkstone Periapt"},{"floor":9.0,"key":"PreservedInsect"},{"floor":20.0,"key":"Enchiridion"},{"floor":24.0,"key":"MawBank"},{"floor":26.0,"key":"Lantern"},{"floor":31.0,"key":"Shovel"},{"floor":32.0,"key":"Oddly Smooth Stone"}],"event_choices":[{"damage_healed":0.0,"max_hp_gain":0.0,"max_hp_loss":0.0,"gold_gain":75.0,"event_name":"World of Goop","player_choice":"Gather Gold","floor":3.0,"gold_loss":0.0,"damage_taken":11.0},{"damage_healed":0.0,"max_hp_gain":0.0,"max_hp_loss":0.0,"gold_gain":175.0,"event_name":"Liars Game","player_choice":"AGREE","floor":11.0,"gold_loss":0.0,"damage_taken":0.0,"cards_obtained":["Doubt"]},{"cards_removed":["Defend_B"],"damage_healed":0.0,"max_hp_gain":0.0,"max_hp_loss":0.0,"gold_gain":0.0,"event_name":"Purifier","player_choice":"Purged","floor":13.0,"gold_loss":0.0,"damage_taken":0.0},{"damage_healed":0.0,"max_hp_gain":0.0,"max_hp_loss":0.0,"gold_gain":0.0,"event_name":"Addict","player_choice":"Obtained Relic","floor":19.0,"gold_loss":85.0,"damage_taken":0.0,"relics_obtained":["Omamori"]},{"damage_healed":0.0,"max_hp_gain":0.0,"max_hp_loss":0.0,"gold_gain":0.0,"event_name":"Cursed Tome","player_choice":"Obtained Book","floor":20.0,"gold_loss":0.0,"damage_taken":16.0}],"is_beta":false,"boss_relics":[{"not_picked":["SacredBark","Cursed Key"],"picked":"Busted Crown"}],"items_purged_floors":[2,10,22],"is_endless":false,"potions_floor_spawned":[4,6,14,16,28,29,31],"killed_by":"Automaton","ascension_level":1}}