{"host":"792mtbovsoa03nb3","time":1609268605,"event":{"mods":["BaseMod","Colored Map","Dota2Spire","Downfall","Hubris","Infinite Spire","Minty Spire (QoL Compilation)","Replay The Spire","Spicy Shops","StSLib","The Blue Laboratory","The Jungle"],"gold_per_floor":[117,117,292,306,306,306,340,352,376,410,429,429,25,37,37,134,134,150,150,150,184,184,213,213,230,276,296,316,332,332,366,366,461,461,473,490,490,501,512,512,512],"floor_reached":40,"playtime":1978,"items_purged":[],"score":672,"play_id":"d495a617-89c3-44d0-8294-beb6699d3ad1","local_time":"20201229110325","is_ascension_mode":true,"campfire_choices":[{"data":"A Thousand Cuts","floor":6,"key":"SMITH"},{"data":"Sucker Punch","floor":15,"key":"SMITH"},{"data":"After Image","floor":24,"key":"SMITH"},{"data":"Footwork","floor":32,"key":"SMITH"}],"circlet_count":0,"master_deck":["Strike_G","Strike_G","Strike_G","Strike_G","Defend_G","Defend_G","Defend_G","Defend_G","Survivor","Neutralize+1","Grand Finale","Sucker Punch+1","Doubt","A Thousand Cuts+1","Dash","Distraction","Caltrops","Fluid Movement","Spreading Infection","hubris:Despair","ReplayTheSpireMod:Haul","Slice","Concentrate","After Image+1","Outmaneuver","Flying Knee","Slice","Blade Dance+1","Slice","Footwork+1","Deflect+1","Cloak And Dagger","Dash","Night Terror+1","Dodge and Roll+1","Cloak And Dagger+1","Hidden Blade+1"],"relics":["Ring of the Snake","Dota2Spire:BladeMail","Dota2Spire:ArmletOfMordiggian","infinitespire:Beetle Shell","Kunai","infinitespire:Lychee Nut","hubris:VirtuousBlindfold","Red Mask","hubris:BottledHeart","hubris:ToyBattleship","PreservedInsect","Gremlin Food","hubris:TerracottaHorce"],"acts_visited":["Exordium","TheCity","TheBeyond"],"potions_floor_usage":[10,10,16,29,31,33,35,40],"damage_taken":[{"damage":7,"enemies":"2 Louse","floor":1,"turns":4},{"damage":3,"enemies":"Small Slimes","floor":4,"turns":5},{"damage":19,"enemies":"Gremlin Nob","floor":7,"turns":5},{"damage":0,"enemies":"Cultist","floor":8,"turns":4},{"damage":20,"enemies":"3 Sentries","floor":10,"turns":9},{"damage":4,"enemies":"Blue Slaver","floor":11,"turns":5},{"damage":1,"enemies":"Exordium Thugs","floor":14,"turns":3},{"damage":0,"enemies":"Hexaghost","floor":16,"turns":9},{"damage":9,"enemies":"2 Thieves","floor":18,"turns":4},{"damage":0,"enemies":"Masked Bandits","floor":21,"turns":3},{"damage":0,"enemies":"Book of Stabbing","floor":23,"turns":6},{"damage":0,"enemies":"3 Byrds","floor":25,"turns":4},{"damage":0,"enemies":"Centurion and Healer","floor":27,"turns":8},{"damage":0,"enemies":"Snecko","floor":28,"turns":4},{"damage":0,"enemies":"Shelled Parasite and Fungi","floor":29,"turns":6},{"damage":0,"enemies":"Slavers","floor":31,"turns":2},{"damage":0,"enemies":"Pondfish","floor":33,"turns":9},{"damage":0,"enemies":"3 Shapes","floor":35,"turns":6},{"damage":0,"enemies":"3 Darklings","floor":36,"turns":6},{"damage":0,"enemies":"Jaw Worm Horde","floor":38,"turns":5},{"damage":0,"enemies":"Maw","floor":39,"turns":10},{"damage":29,"enemies":"Giant Head","floor":40,"turns":10}],"seed_played":"4655847407270098774","potions_obtained":[{"floor":1,"key":"Elixir"},{"floor":7,"key":"sneckomod:MuddlingPotion"},{"floor":8,"key":"blueLaboratory:ArtistsPotion"},{"floor":14,"key":"ColorlessPotion"},{"floor":25,"key":"GhostInAJar"},{"floor":28,"key":"blueLaboratory:NinjaPotion"},{"floor":31,"key":"blueLaboratory:BubblePotion"},{"floor":33,"key":"Fire Potion"},{"floor":36,"key":"LiquidBronze"}],"is_trial":false,"path_per_floor":["M","?","?","M","?","R","E","M","T","E","M","?","$","M","R","B",null,"M","?","?","?","?","E","R","M","T","M","M","M","?","E","R","B",null,"M","M","?","M","M","E"],"character_chosen":"THE_SILENT","items_purchased":["Kunai","Slice","infinitespire:Lychee Nut"],"campfire_rested":0,"item_purchase_floors":[13,13,13],"current_hp_per_floor":[63,63,63,60,60,60,41,41,41,21,17,17,17,21,21,27,52,44,44,44,49,1,1,1,1,1,1,1,1,1,1,1,1,1,1,1,1,1,1,0,0],"gold":512,"neow_bonus":"ONE_RANDOM_RARE_CARD","is_daily":false,"chose_seed":false,"campfire_upgraded":4,"win_rate":0.0,"timestamp":1609268605,"path_taken":["M","?","?","M","?","R","E","?","T","E","M","?","?","M","R","BOSS","M","?","?","?","?","E","R","?","T","M","M","M","?","E","R","BOSS","M","M","?","M","M","E"],"items_purchased_type":["Relic","Card","Relic"],"build_version":"2020-12-22","purchased_purges":0,"victory":false,"max_hp_per_floor":[70,70,70,70,70,70,70,70,70,70,70,70,52,52,52,52,52,52,52,52,52,1,1,1,1,1,1,1,1,1,1,1,1,1,1,1,1,1,1,1,1],"card_choices":[{"not_picked":["Deadly Poison","Concentrate"],"picked":"Sucker Punch","floor":1},{"not_picked":["Outmaneuver","hubris:SlightOfHand"],"picked":"A Thousand Cuts","floor":4},{"not_picked":["Well Laid Plans","Quick Slash"],"picked":"Distraction","floor":7},{"not_picked":["Expertise","Crippling Poison"],"picked":"Caltrops","floor":8},{"not_picked":["Distraction","Flying Knee"],"picked":"Fluid Movement","floor":10},{"not_picked":["Finisher","Hidden Blade","hubris:TrickCloak"],"picked":"SKIP","floor":11},{"not_picked":["infinitespire:Oblivion","infinitespire:Menacing"],"picked":"ReplayTheSpireMod:Haul","floor":12},{"not_picked":["Dagger Spray","Quick Slash"],"picked":"Concentrate","floor":14},{"not_picked":["Poison Darts","infinitespire:Neurotoxin"],"picked":"After Image","floor":16},{"not_picked":["ReplayTheSpireMod:The Works","Prepared"],"picked":"Outmaneuver","floor":18},{"not_picked":["ReplayTheSpireMod:The Works","Draining Mist"],"picked":"Flying Knee","floor":21},{"not_picked":["Blade Dance","Expertise"],"picked":"Slice","floor":23},{"not_picked":["Backflip","Escape Plan"],"picked":"Blade Dance+1","floor":25},{"not_picked":["Eviscerate","infinitespire:Neurotoxin"],"picked":"Slice","floor":27},{"not_picked":["hubris:SlightOfHand","Poisoned Stab"],"picked":"Footwork","floor":28},{"not_picked":["Dagger Throw","Escape Plan"],"picked":"Deflect+1","floor":29},{"not_picked":["Grand Finale","Dagger Throw"],"picked":"Dash","floor":31},{"not_picked":["Glass Knife","Envenom"],"picked":"Night Terror","floor":33},{"not_picked":["Backflip+1","Infinite Blades+1"],"picked":"Dodge and Roll+1","floor":35},{"not_picked":["ReplayTheSpireMod:Tripwire","Sneak Up"],"picked":"Cloak And Dagger+1","floor":36},{"not_picked":["Dagger Throw+1","Infinite Blades"],"picked":"Hidden Blade+1","floor":38},{"not_picked":["Bane+1","Dagger Throw","Deadly Poison"],"picked":"SKIP","floor":39}],"player_experience":821607,"relics_obtained":[{"floor":7,"key":"Dota2Spire:BladeMail"},{"floor":9,"key":"Dota2Spire:ArmletOfMordiggian"},{"floor":10,"key":"infinitespire:Beetle Shell"},{"floor":21,"key":"Red Mask"},{"floor":23,"key":"hubris:ToyBattleship"},{"floor":26,"key":"PreservedInsect"},{"floor":31,"key":"Gremlin Food"}],"event_choices":[{"damage_healed":0,"gold_gain":0,"player_choice":"Grow","damage_taken":0,"max_hp_gain":0,"max_hp_loss":0,"event_name":"Living Wall","floor":2,"gold_loss":0,"cards_upgraded":["Neutralize"]},{"damage_healed":0,"gold_gain":175,"player_choice":"AGREE","damage_taken":0,"max_hp_gain":0,"max_hp_loss":0,"event_name":"Liars Game","floor":3,"gold_loss":0,"cards_obtained":["Doubt"]},{"damage_healed":0,"gold_gain":0,"cards_transformed":["Strike_G"],"player_choice":"Transformed","damage_taken":0,"max_hp_gain":0,"max_hp_loss":0,"event_name":"Transmorgrifier","floor":5,"gold_loss":0,"cards_obtained":["Dash"]},{"cards_removed":["Defend_G"],"damage_healed":0,"gold_gain":0,"player_choice":"Elegance","damage_taken":0,"max_hp_gain":0,"max_hp_loss":0,"event_name":"Back to Basics","floor":19,"gold_loss":0},{"damage_healed":0,"gold_gain":0,"player_choice":"Ignored","damage_taken":0,"max_hp_gain":0,"max_hp_loss":0,"event_name":"Ghosts","floor":20,"gold_loss":0},{"damage_healed":0,"gold_gain":0,"player_choice":"Fought Bandits","damage_taken":0,"max_hp_gain":0,"max_hp_loss":0,"event_name":"Masked Bandits","floor":21,"gold_loss":0},{"damage_healed":0,"gold_gain":0,"player_choice":"Read","damage_taken":0,"max_hp_gain":0,"max_hp_loss":0,"event_name":"The Library","floor":30,"gold_loss":0,"cards_obtained":["Cloak And Dagger"]},{"damage_healed":0,"gold_gain":0,"player_choice":"Forge","damage_taken":0,"max_hp_gain":0,"max_hp_loss":0,"event_name":"Accursed Blacksmith","floor":37,"gold_loss":0,"cards_upgraded":["Night Terror"]}],"is_beta":false,"boss_relics":[{"not_picked":["ReplayTheSpireMod:DimensionalGlitch","Tiny House"],"picked":"hubris:VirtuousBlindfold"},{"not_picked":["Snecko Scales","Snecko Eye"],"picked":"hubris:TerracottaHorce"}],"items_purged_floors":[],"is_endless":false,"potions_floor_spawned":[1,7,8,14,25,28,31,33,36],"killed_by":"Giant Head","ascension_level":2}}