{"host":"ab3ipg3fqe03b2ex","time":1609251129,"event":{"mods":["AchievementEnabler","BaseMod","Colored Powertips","Minty Spire (QoL Compilation)","MostiFishMod","Quick Restart","Shop Mod","StSLib","Uncapped","【功能Mod】Neow奖励","【功能Mod】精心准备"],"gold_per_floor":[114,127,127,143,218,244,256,291,291,291,302,302,330,342,342,439,439,454,469,485,495,512,542,542,570,570,596,596,613,625,640,640,742,742,753,772,772,772,404,439,196,230,230,265,265,265,278,295,295,295],"floor_reached":51,"playtime":1076,"items_purged":["Defend_G","Defend_G"],"score":1579,"play_id":"d0232c55-8ee4-41b3-8dc2-6420af2be432","local_time":"20201229221209","is_ascension_mode":true,"campfire_choices":[{"data":"Blade Dance","floor":10,"key":"SMITH"},{"data":"Riddle With Holes","floor":12,"key":"SMITH"},{"data":"Blade Dance","floor":15,"key":"SMITH"},{"data":"Riddle With Holes","floor":32,"key":"SMITH"},{"data":"Dagger Throw","floor":45,"key":"SMITH"},{"data":"Bite","floor":49,"key":"SMITH"}],"circlet_count":0,"master_deck":["Defend_G","Defend_G","Survivor","Neutralize","Blade Dance+1","Dagger Throw+1","MostiFishMod:WinterMarkForm+1","Riddle With Holes+1","Blade Dance+1","MostiFishMod:GrandStart+1","Quick Slash+1","Dagger Spray+1","Riddle With Holes+1","Bite","Bite","Bite","Bite","Bite+1"],"relics":["Civilization","ShadowXiaoBlade","Black Star","SynthV:TestCard","Paper Crane","Shuriken","HornCleat","Mummified Hand","Gremlin Horn","Bag of Preparation","Busted Crown","Potion Belt","Bottled Tornado","Bird Faced Urn","MealTicket","Ice Cream","Singing Bowl","Bronze Scales","ExusiaiGun","ThornShield","Nunchaku","ImprovedEquipment","Technique","Thread and Needle","Blue Candle","Prayer Wheel","Regal Pillow","Bag of Marbles"],"acts_visited":["Exordium","TheCity","TheBeyond"],"potions_floor_usage":[50],"damage_taken":[{"damage":7,"enemies":"Jaw Worm","floor":1,"turns":2},{"damage":0,"enemies":"Cultist","floor":2,"turns":2},{"damage":0,"enemies":"Small Slimes","floor":4,"turns":1},{"damage":0,"enemies":"Lagavulin","floor":6,"turns":3},{"damage":0,"enemies":"3 Louse","floor":7,"turns":2},{"damage":0,"enemies":"Gremlin Nob","floor":8,"turns":2},{"damage":0,"enemies":"Blue Slaver","floor":11,"turns":1},{"damage":0,"enemies":"3 Sentries","floor":13,"turns":3},{"damage":0,"enemies":"Looter","floor":14,"turns":1},{"damage":0,"enemies":"Hexaghost","floor":16,"turns":2},{"damage":0,"enemies":"Chosen","floor":18,"turns":1},{"damage":0,"enemies":"3 Byrds","floor":19,"turns":1},{"damage":0,"enemies":"Centurion and Healer","floor":20,"turns":1},{"damage":0,"enemies":"Snake Plant","floor":21,"turns":1},{"damage":0,"enemies":"3 Cultists","floor":22,"turns":1},{"damage":0,"enemies":"Gremlin Leader","floor":23,"turns":1},{"damage":0,"enemies":"Slavers","floor":25,"turns":1},{"damage":0,"enemies":"Book of Stabbing","floor":27,"turns":1},{"damage":0,"enemies":"Chosen and Byrds","floor":29,"turns":1},{"damage":0,"enemies":"Shelled Parasite and Fungi","floor":30,"turns":1},{"damage":0,"enemies":"Snecko","floor":31,"turns":1},{"damage":0,"enemies":"Collector","floor":33,"turns":1},{"damage":0,"enemies":"Orb Walker","floor":35,"turns":1},{"damage":4,"enemies":"3 Shapes","floor":36,"turns":1},{"damage":0,"enemies":"Nemesis","floor":40,"turns":1},{"damage":0,"enemies":"Giant Head","floor":42,"turns":1},{"damage":0,"enemies":"Nemesis","floor":44,"turns":1},{"damage":0,"enemies":"Sphere and 2 Shapes","floor":47,"turns":1},{"damage":0,"enemies":"Spire Growth","floor":48,"turns":1},{"damage":0,"enemies":"Awakened One","floor":50,"turns":2}],"seed_played":"6100028941760842007","potions_obtained":[{"floor":2,"key":"LiquidBronze"},{"floor":4,"key":"FearPotion"},{"floor":7,"key":"Block Potion"},{"floor":11,"key":"Energy Potion"},{"floor":33,"key":"LiquidBronze"},{"floor":40,"key":"SpeedPotion"},{"floor":44,"key":"PowerPotion"}],"is_trial":false,"path_per_floor":["M","M","$","M","?","E","M","E","T","R","M","R","E","M","R","B",null,"M","M","M","M","M","E","?","E","T","E","?","M","M","M","R","B",null,"M","M","?","?","$","E","$","E","T","E","R","?","M","M","R","B",null],"character_chosen":"THE_SILENT","items_purchased":["ThornShield","Technique"],"campfire_rested":0,"item_purchase_floors":[39,41],"current_hp_per_floor":[64,66,66,70,63,68,76,85,85,85,97,97,112,128,128,145,151,167,186,207,229,254,280,280,309,309,341,341,375,411,448,448,486,486,525,563,563,563,567,610,610,654,654,699,699,664,714,765,765,817],"gold":295,"neow_bonus":"BOSS_RELIC","is_daily":false,"chose_seed":false,"campfire_upgraded":6,"win_rate":0.0,"timestamp":1609251129,"path_taken":["M","M","$","M","?","E","M","E","T","R","?","R","E","M","R","BOSS","M","M","M","M","?","E","?","E","T","E","?","M","M","M","R","BOSS","M","M","?","?","$","E","$","E","T","E","R","?","M","M","R","BOSS"],"items_purchased_type":["Relic","Relic"],"build_version":"2020-12-22","purchased_purges":2,"victory":true,"max_hp_per_floor":[71,73,73,77,77,82,90,99,99,99,109,109,122,136,136,151,151,167,186,207,229,254,280,280,309,309,341,341,375,411,448,448,486,486,525,567,567,567,567,610,610,654,654,699,699,664,714,765,765,817],"card_choices":[{"not_picked":["Outmaneuver","Slice"],"picked":"Blade Dance","floor":1},{"not_picked":["Cloak And Dagger","Outmaneuver","Underhanded Strike","Slice","Sucker Punch"],"picked":"SKIP","floor":2},{"not_picked":["MostiFishMod:HiddenBlade","Prepared","Sucker Punch","MostiFishMod:PerfectParry"],"picked":"Dagger Throw","floor":4},{"not_picked":["MostiFishMod:Opportunism","Slice","Deflect","Acrobatics"],"picked":"MostiFishMod:WinterMarkForm","floor":6},{"not_picked":["MostiFishMod:FrostNova","Choke","Acrobatics","Slice","Distraction"],"picked":"SKIP","floor":7},{"not_picked":["Deadly Poison","Cloak And Dagger","Slice","Outmaneuver","Doppelganger"],"picked":"SKIP","floor":8},{"not_picked":["PiercingWail","Backflip","Slice","Dagger Throw"],"picked":"Riddle With Holes","floor":11},{"not_picked":["Quick Slash","Dodge and Roll","MostiFishMod:PoisonShield","Poisoned Stab"],"picked":"Blade Dance","floor":13},{"not_picked":["Deadly Poison","Noxious Fumes","Bouncing Flask","PiercingWail","Sucker Punch"],"picked":"SKIP","floor":14},{"not_picked":["Venomology","After Image","Malaise","MostiFishMod:Listen"],"picked":"MostiFishMod:GrandStart","floor":16},{"not_picked":["Acrobatics+1","PiercingWail"],"picked":"Quick Slash+1","floor":18},{"not_picked":["Acrobatics","Quick Slash","Heel Hook"],"picked":"SKIP","floor":19},{"not_picked":["Footwork","MostiFishMod:PerfectParry","Crippling Poison+1"],"picked":"SKIP","floor":20},{"not_picked":["Bane","Flying Knee"],"picked":"Dagger Spray+1","floor":21},{"not_picked":["Infinite Blades+1","MostiFishMod:PoisonShield","Leg Sweep"],"picked":"SKIP","floor":22},{"not_picked":["Prepared","Expertise"],"picked":"Riddle With Holes","floor":23},{"not_picked":["MostiFishMod:Wind","Deflect","MostiFishMod:LethalBlade"],"picked":"SKIP","floor":25},{"not_picked":["MostiFishMod:Wind","Caltrops","Bouncing Flask"],"picked":"Singing Bowl","floor":27},{"not_picked":["Slice","PiercingWail","Deadly Poison+1"],"picked":"Singing Bowl","floor":29},{"not_picked":["Deadly Poison","Flying Knee","Dodge and Roll"],"picked":"Singing Bowl","floor":30},{"not_picked":["Tactician","Expertise","Dagger Throw+1"],"picked":"Singing Bowl","floor":31},{"not_picked":["Glass Knife","MostiFishMod:SpreadingSpore","After Image"],"picked":"Singing Bowl","floor":33},{"not_picked":["Blade Dance","PiercingWail+1","Poisoned Stab"],"picked":"Singing Bowl","floor":35},{"not_picked":["Dodge and Roll+1","Quick Slash","MostiFishMod:PerfectParry"],"picked":"Singing Bowl","floor":36},{"not_picked":["MostiFishMod:PerfectParry+1","MostiFishMod:InvigoratingSolution+1","MostiFishMod:PreservedThorns+1"],"picked":"Singing Bowl","floor":40},{"not_picked":["Acrobatics","Well Laid Plans","Envenom"],"picked":"Singing Bowl","floor":42},{"not_picked":["Eviscerate","MostiFishMod:InvigoratingSolution","Distraction+1"],"picked":"Singing Bowl","floor":44},{"not_picked":["Finisher+1","Cloak And Dagger","MostiFishMod:PreservedThorns"],"picked":"Singing Bowl","floor":47},{"not_picked":["Distraction+1","Bane+1","Outmaneuver"],"picked":"Singing Bowl","floor":47},{"not_picked":["MostiFishMod:PoisonShield+1","Quick Slash+1","Bane"],"picked":"Singing Bowl","floor":48},{"not_picked":["MostiFishMod:ThornCasing+1","Dagger Throw+1","Prepared"],"picked":"Singing Bowl","floor":48}],"player_experience":14063,"relics_obtained":[{"floor":1,"key":"SynthV:TestCard"},{"floor":6,"key":"Paper Crane"},{"floor":6,"key":"Shuriken"},{"floor":8,"key":"HornCleat"},{"floor":8,"key":"Blood Vial"},{"floor":9,"key":"Mummified Hand"},{"floor":13,"key":"Gremlin Horn"},{"floor":13,"key":"Bag of Preparation"},{"floor":23,"key":"Potion Belt"},{"floor":23,"key":"Bottled Tornado"},{"floor":25,"key":"Bird Faced Urn"},{"floor":25,"key":"MealTicket"},{"floor":26,"key":"Ice Cream"},{"floor":27,"key":"Singing Bowl"},{"floor":27,"key":"Bronze Scales"},{"floor":40,"key":"Nunchaku"},{"floor":40,"key":"ImprovedEquipment"},{"floor":42,"key":"Thread and Needle"},{"floor":42,"key":"Blue Candle"},{"floor":43,"key":"Prayer Wheel"},{"floor":44,"key":"Regal Pillow"},{"floor":44,"key":"Bag of Marbles"}],"event_choices":[{"damage_healed":0,"gold_gain":75,"player_choice":"Touch","damage_taken":7,"max_hp_gain":0,"max_hp_loss":0,"event_name":"FaceTrader","floor":5,"gold_loss":0},{"damage_healed":92,"gold_gain":0,"player_choice":"Heal","damage_taken":0,"max_hp_gain":0,"max_hp_loss":0,"event_name":"The Library","floor":24,"gold_loss":0},{"damage_healed":0,"gold_gain":0,"player_choice":"Became a vampire (Vial)","damage_taken":0,"max_hp_gain":0,"max_hp_loss":0,"event_name":"Vampires","floor":28,"relics_lost":["Blood Vial"],"gold_loss":0,"cards_obtained":["Bite","Bite","Bite","Bite","Bite"]},{"cards_removed":["Defend_G"],"damage_healed":0,"gold_gain":0,"player_choice":"Removed Skill","damage_taken":0,"max_hp_gain":0,"max_hp_loss":0,"event_name":"Falling","floor":37,"gold_loss":0},{"damage_healed":0,"gold_gain":0,"player_choice":"Ignored","damage_taken":0,"max_hp_gain":0,"max_hp_loss":0,"event_name":"Tomb of Lord Red Mask","floor":38,"gold_loss":0},{"damage_healed":0,"gold_gain":0,"player_choice":"Max HP","damage_taken":0,"max_hp_gain":0,"max_hp_loss":35,"event_name":"Winding Halls","floor":46,"gold_loss":0}],"is_beta":false,"boss_relics":[{"not_picked":["xbg","Velvet Choker"],"picked":"Busted Crown"},{"not_picked":["NightmareShop","Sozu"],"picked":"ExusiaiGun"}],"items_purged_floors":[39,41],"is_endless":false,"potions_floor_spawned":[2,4,7,11,13,18,21,29,33,40,44,47],"ascension_level":3}}