{"host":"bc298c4gavna5tx2","time":1609253471,"event":{"mods":["ATMod(°¢èªMod)","Act Like it!","BaseMod","Challenge The Spire","Minty Spire (QoL Compilation)","MostiFishMod","Quick Restart","Spicy Shops","StSLib","¡¾¹¦ÄÜMod¡¿»ìãçÖ®»·ÐÞ¸´²¹¶¡","¡¾ÒÅÎï¿¨ÅÆ¡¿REMEMod"],"gold_per_floor":[12,12,43,8,22,51,51,51,51,78,91,154,175,193,193,290,290,302,315,334,348,348,348,374,374,374,403,403,403,446,508,508,687,687,828,828,869,869,944,944,944,1014,1066,1066,1120,1212,1221,1312,1312,1437,1437,1437,1262,1342,1367],"floor_reached":56,"playtime":1313,"items_purged":["Defend_B","Strike_B","Defend_B","Strike_B","Dualcast"],"score":2291,"play_id":"343bcde7-4344-4f87-b54f-622a08c94bbd","local_time":"20201229225111","is_ascension_mode":true,"campfire_choices":[{"data":"MostiFishMod:GatherIntelligence","floor":7.0,"key":"SMITH"},{"data":"MostiFishMod:ReadyAimFire","floor":15,"key":"SMITH"},{"data":"Zap","floor":23,"key":"SMITH"},{"data":"MostiFishMod:ReadyAimFire","floor":25,"key":"SMITH"},{"floor":32,"key":"RECALL"},{"data":"Rainbow","floor":40,"key":"SMITH"},{"data":"1","floor":44,"key":"LIFT"},{"data":"MostiFishMod:PerfectForm","floor":49,"key":"SMITH"},{"data":"MostiFishMod:IntelligentEquipment","floor":52,"key":"SMITH"}],"circlet_count":0,"master_deck":["Strike_B","Defend_B","Zap+1","MostiFishMod:PerfectForm+1","AT_RealColorLess+1","MostiFishMod:GatherIntelligence+1","Electrodynamics+1","MostiFishMod:ReadyAimFire+1","MostiFishMod:IntelligentEquipment+1","MostiFishMod:ReadyAimFire+1","AT_RobotInSpace+1","AT_ThreeBodyProblem","AT_ThunderBolt","MostiFishMod:StarOceanB+1","Rainbow+1","REME_EyeOfCthun"],"relics":["Cracked Core","REME_ComplimentaryCards","AT_ATBox","DaveBox","Civilization","SynthV:TestCard","DianPoetry","AT_TimeSand","Symbiotic Virus","Odd Mushroom","TakeMeEscape","Blue Candle","Gremlin Horn","AT_MibuBalloonWealth","Nilry\u0027s Codex","DiscerningMonocle","Girya","MealTicket","REME_CardOfGreed","Meat on the Bone","Frozen Eye","MetatronsCube","SynthV","Pocketwatch","Darkstone Periapt","AT_DeathDance","StoneCalendar","Nunchaku","Blood Vial","Kunai","Technique","ImprovedEquipment","CeramicFish","Strawberry","AT_SpeedBoots","AT_RabadonDeathcap","REME_HourglassOfDeath","TimeFreeze","Bag of Marbles","Pen Nib"],"acts_visited":["Exordium","TheCity","TheBeyond","TheEnding"],"potions_floor_usage":[16,42,42],"damage_taken":[{"damage":7.0,"enemies":"Jaw Worm","floor":1.0,"turns":3.0},{"damage":0.0,"enemies":"2 Louse","floor":3.0,"turns":2.0},{"damage":4.0,"enemies":"Small Slimes","floor":5.0,"turns":3.0},{"damage":12.0,"enemies":"3 Sentries","floor":6.0,"turns":4.0},{"damage":0.0,"enemies":"Gremlin Nob","floor":10.0,"turns":3.0},{"damage":0.0,"enemies":"3 Louse","floor":11.0,"turns":1.0},{"damage":0.0,"enemies":"3 Sentries","floor":12.0,"turns":1.0},{"damage":0.0,"enemies":"The Mushroom Lair","floor":13.0,"turns":2.0},{"damage":0,"enemies":"Exordium Wildlife","floor":14,"turns":1},{"damage":0,"enemies":"The Guardian","floor":16,"turns":2},{"damage":0,"enemies":"Shell Parasite","floor":18,"turns":2},{"damage":12,"enemies":"Chosen","floor":19,"turns":2},{"damage":0,"enemies":"Centurion and Healer","floor":20,"turns":2},{"damage":0,"enemies":"Sentry and Sphere","floor":21,"turns":1},{"damage":0,"enemies":"Book of Stabbing","floor":24,"turns":1},{"damage":0,"enemies":"Gremlin Leader","floor":27,"turns":1},{"damage":0,"enemies":"Snecko","floor":30,"turns":1},{"damage":0,"enemies":"Centurion and Healer","floor":31,"turns":1},{"damage":0,"enemies":"Automaton","floor":33,"turns":3},{"damage":0,"enemies":"3 Darklings","floor":35,"turns":1},{"damage":0,"enemies":"Orb Walker","floor":37,"turns":1},{"damage":0,"enemies":"Mind Bloom Boss Battle","floor":39,"turns":1},{"damage":0,"enemies":"Transient","floor":42,"turns":2},{"damage":0,"enemies":"Giant Head","floor":45,"turns":1},{"damage":0,"enemies":"Sphere and 2 Shapes","floor":46,"turns":1},{"damage":0,"enemies":"Jaw Worm Horde","floor":48,"turns":1},{"damage":0,"enemies":"Awakened One","floor":50,"turns":2},{"damage":0,"enemies":"Shield and Spear","floor":54,"turns":1},{"damage":0,"enemies":"The Heart","floor":55,"turns":3}],"seed_played":"8759495906106256121","potions_obtained":[{"floor":6.0,"key":"ColorlessPotion"},{"floor":10.0,"key":"CultistPotion"},{"floor":11.0,"key":"REME_GoldPotion"},{"floor":19,"key":"AttackPotion"},{"floor":24,"key":"REME_GoldPotion"},{"floor":42,"key":"AttackPotion"},{"floor":46,"key":"EntropicBrew"},{"floor":48,"key":"DistilledChaos"}],"is_trial":false,"path_per_floor":["M","?","M","?","M","E","R","$","T","E","M","E","?","M","R","B",null,"M","M","M","M","?","R","E","R","T","E","?","?","M","M","R","B",null,"M","$","M","$","?","R","?","M","T","R","E","M","$","M","R","B",null,"R","$","E","B",null],"character_chosen":"DEFECT","items_purchased":["Girya","MealTicket","REME_CardOfGreed","Meat on the Bone","Frozen Eye","MetatronsCube","SynthV","Pocketwatch","Darkstone Periapt","AT_DeathDance","Kunai","Technique","ImprovedEquipment","CeramicFish","Strawberry","REME_EyeOfCthun","AT_SpeedBoots","AT_RabadonDeathcap","REME_HourglassOfDeath","TimeFreeze","Bag of Marbles"],"campfire_rested":0,"item_purchase_floors":[36,36,36,36,36,38,38,38,38,38,47,47,47,47,47,47,53,53,53,53,53],"current_hp_per_floor":[62,62,65,79,80,76,76,76,76,85,97,112,130,150,150,171,183,205,216,241,268,268,268,296,296,296,327,311,311,343,377,377,414,438,481,481,525,533,578,578,578,624,624,624,671,721,728,781,781,839,839,839,839,899,960],"gold":1367,"neow_bonus":"REMOVE_TWO","is_daily":false,"chose_seed":false,"campfire_upgraded":7,"win_rate":0.0,"timestamp":1609253471,"path_taken":["M","?","M","?","M","E","R","?","T","E","M","E","?","M","R","BOSS","M","M","M","M","?","R","E","R","T","E","?","?","?","M","R","BOSS","M","$","M","$","?","R","?","M","T","R","E","M","?","M","R","BOSS","R","$","E","BOSS"],"items_purchased_type":["Relic","Relic","Relic","Relic","Relic","Relic","Relic","Relic","Relic","Relic","Relic","Relic","Relic","Relic","Relic","Card","Relic","Relic","Relic","Relic","Relic"],"build_version":"2020-12-22","purchased_purges":5,"victory":true,"max_hp_per_floor":[76,76,79,79,84,92,92,92,92,101,113,128,146,166,166,187,187,209,232,257,284,284,284,312,312,312,343,343,343,375,409,409,446,446,489,489,533,533,578,578,578,624,624,624,671,721,728,781,781,839,839,839,839,899,960],"card_choices":[{"not_picked":["Sunder","Defragment","Conserve Battery"],"picked":"SKIP","floor":1.0},{"not_picked":["Streamline","Aggregate","Gash","Scrape","Rebound"],"picked":"SKIP","floor":3.0},{"not_picked":["Ball Lightning","Loop","Rebound","Double Energy"],"picked":"MostiFishMod:GatherIntelligence","floor":5.0},{"not_picked":["MostiFishMod:PushDownKick","Tempest","Sweeping Beam","Chaos"],"picked":"Electrodynamics","floor":6.0},{"not_picked":["Redo","Compile Driver","Steam","Stack"],"picked":"MostiFishMod:ReadyAimFire","floor":10.0},{"not_picked":["Redo","Beam Cell","Leap","MostiFishMod:PushDownKick","Tempest"],"picked":"SKIP","floor":11.0},{"not_picked":["Lockon","AT_WarpDrive","Fusion","Chill","FTL"],"picked":"SKIP","floor":12.0},{"not_picked":["Fusion","Rebound","Steam Power","Beam Cell"],"picked":"MostiFishMod:IntelligentEquipment","floor":14},{"not_picked":["Electrodynamics","MostiFishMod:StarOceanB","Creative AI","MostiFishMod:GoodWordForIt"],"picked":"MostiFishMod:ReadyAimFire","floor":16},{"not_picked":["Sunder","Coolheaded+1","Reinforced Body","Consume+1","MostiFishMod:PushDownKick"],"picked":"SKIP","floor":18},{"not_picked":["AT_StudyProgram+1","MostiFishMod:LinkProtocol","Ball Lightning","Consume+1"],"picked":"AT_RobotInSpace+1","floor":19},{"not_picked":["Genetic Algorithm+1","Hologram","Go for the Eyes","Loop"],"picked":"AT_ThreeBodyProblem","floor":20},{"not_picked":["Glacier","Redo","Defragment+1","Leap","Hologram+1"],"picked":"SKIP","floor":21},{"not_picked":["Loop","MostiFishMod:GatherIntelligence","Chaos","Streamline+1","Aggregate+1"],"picked":"SKIP","floor":24},{"not_picked":["MostiFishMod:PushDownKick","MostiFishMod:Impulse","Ball Lightning","Core Surge","Turbo"],"picked":"SKIP","floor":27},{"not_picked":["Gash","Ball Lightning","Coolheaded","Sunder","Reinforced Body"],"picked":"SKIP","floor":30},{"not_picked":["AT_DarkMatter","Gash","Go for the Eyes","Cold Snap"],"picked":"MostiFishMod:StarOceanB","floor":31},{"not_picked":["REME_ForAll","All For One","Multi-Cast","MostiFishMod:Hijack"],"picked":"Rainbow","floor":33},{"not_picked":["Leap+1","Beam Cell+1","Gash+1","Turbo+1","Streamline"],"picked":"SKIP","floor":35},{"not_picked":["REME_SelfUpgrade","Cold Snap","Coolheaded+1","Conserve Battery","Sweeping Beam"],"picked":"SKIP","floor":37},{"not_picked":["Redo+1","Lockon+1","Go for the Eyes+1","Consume+1","Skim+1"],"picked":"SKIP","floor":42},{"not_picked":["MostiFishMod:GoodWordForIt","MostiFishMod:FluxCapactior","Consume+1","Double Energy","Cold Snap"],"picked":"SKIP","floor":45},{"not_picked":["Turbo+1","Go for the Eyes","Gash+1","Steam+1","Conserve Battery"],"picked":"SKIP","floor":46},{"not_picked":["AT_HeatAcrobatics+1","White Noise","Capacitor","REME_Whirling+1","Aggregate+1"],"picked":"SKIP","floor":48},{"not_picked":["AT_EMC2+1","MostiFishMod:Impulse","Steam+1","Hologram","Go for the Eyes"],"picked":"SKIP","floor":54}],"player_experience":76708,"relics_obtained":[{"floor":1.0,"key":"SynthV:TestCard"},{"floor":6.0,"key":"DianPoetry"},{"floor":10.0,"key":"AT_TimeSand"},{"floor":12.0,"key":"Symbiotic Virus"},{"floor":13.0,"key":"Odd Mushroom"},{"floor":24,"key":"Blue Candle"},{"floor":26,"key":"Gremlin Horn"},{"floor":27,"key":"AT_MibuBalloonWealth"},{"floor":28,"key":"Nilry\u0027s Codex"},{"floor":39,"key":"StoneCalendar"},{"floor":43,"key":"Nunchaku"},{"floor":45,"key":"Blood Vial"},{"floor":54,"key":"Pen Nib"}],"event_choices":[{"damage_healed":0.0,"max_hp_gain":0.0,"max_hp_loss":0.0,"gold_gain":0.0,"event_name":"Living Wall","player_choice":"Grow","floor":2.0,"gold_loss":0.0,"damage_taken":0.0,"cards_upgraded":["AT_RealColorLess"]},{"damage_healed":19.0,"max_hp_gain":0.0,"max_hp_loss":0.0,"gold_gain":0.0,"event_name":"The Cleric","player_choice":"Healed","floor":4.0,"gold_loss":35.0,"damage_taken":0.0},{"damage_healed":0.0,"max_hp_gain":0.0,"max_hp_loss":0.0,"gold_gain":0.0,"event_name":"Mushrooms","player_choice":"Fought Mushrooms","floor":13.0,"gold_loss":0.0,"damage_taken":0.0},{"damage_healed":0,"gold_gain":0,"player_choice":"Ignored","damage_taken":0,"max_hp_gain":0,"max_hp_loss":0,"event_name":"Ghosts","floor":22,"gold_loss":0},{"damage_healed":0,"gold_gain":0,"player_choice":"Obtained Book","damage_taken":16,"max_hp_gain":0,"max_hp_loss":0,"event_name":"Cursed Tome","floor":28,"gold_loss":0},{"damage_healed":0,"gold_gain":0,"player_choice":"Read","damage_taken":0,"max_hp_gain":0,"max_hp_loss":0,"event_name":"The Library","floor":29,"gold_loss":0,"cards_obtained":["AT_ThunderBolt"]},{"damage_healed":0,"gold_gain":0,"player_choice":"Fight","damage_taken":0,"max_hp_gain":0,"max_hp_loss":0,"event_name":"MindBloom","floor":39,"gold_loss":0},{"damage_healed":0,"gold_gain":0,"player_choice":"Ignored","damage_taken":0,"max_hp_gain":0,"max_hp_loss":0,"event_name":"Tomb of Lord Red Mask","floor":41,"gold_loss":0}],"is_beta":false,"boss_relics":[{"not_picked":["Runic Pyramid","Velvet Choker"],"picked":"TakeMeEscape"},{"not_picked":["REME_DemonsWealth","MostiFishMod:Hod"],"picked":"DiscerningMonocle"}],"items_purged_floors":[36,38,47,53,53],"is_endless":false,"potions_floor_spawned":[6,10,11,14,19,24,27,33,35,42,46,48,54],"ascension_level":9}}