{"host":"56792r0r1tfnc9x9","time":1609213930,"event":{"mods":["2.2 Compatiblity","Abigail Mod","AchievementEnabler","Act Like it!","Aspiration","BaseMod","Better Note","Better Third Choice","Better Vampires","BetterRewards","Block Reminder","CapriCore","Colored Map","Colored Powertips","Conspire","Downfall","Elementarium","Emptier Cage","Energized Spire","GifTheSpireLib","Gremlin Mod","Halation","Hermit","Highlight Path","Hubris","Jedi Mod","JesterMod","Jorbs\u0027s Wanderer Trilogy","Marisa????????","Minty Spire (QoL Compilation)","Pale of the Ancients","Potionbrewer","Rare Cards Sparkle","Relic Stats","Replay The Spire","Robot Space Explorer","SacredBarkPlus","Shade Mod","Spicy Shops","StSLib","Stuff the Spire","Synergy Search","The Construct","The Jungle","The Marked","The Runesmith","Waifu the Spire","Wandering Minibosses"],"gold_per_floor":[117,117,17,36,36,154,196,146,222,222,257,284,309,332,332,393,393,363,393,72,44,44,44,44,76,144,144,280,399,399,421,421,526,526,548,601,624,592,2,2,19,45,45,63,97,165,177,192,192,192],"floor_reached":51,"playtime":6504,"items_purged":["Clumsy","hexamod:Strike","hexamod:Strike","Parasite"],"score":1186,"play_id":"58d1c2d8-920b-4276-ab99-66128f142334","local_time":"20201228215210","is_ascension_mode":false,"campfire_choices":[{"data":"hexamod:Strike","floor":15.0,"key":"PURGE"},{"floor":32.0,"key":"DIG"},{"data":"ReplayUltimateDefense","floor":40.0,"key":"SMITH"},{"data":"hexamod:HexaLevel","floor":49,"key":"SMITH"}],"circlet_count":0,"master_deck":["hexamod:Defend","hexamod:Defend","hexamod:Defend","hexamod:Defend","hexamod:Sear","hexamod:Float","hexamod:FastForward","hexamod:Hexaguard","hexamod:UnleashSpirits","hexamod:NecessarySacrifice","hexamod:Hexaguard","hexamod:ChargedBarrage","hexamod:GhostflameInferno","hexamod:BurningTouch","Secret Technique","hexamod:TimeOfNeed","Slimebound:CheckThePlaybook","hexamod:TimeOfNeed","hexamod:HexaLevel+1","hexamod:EtherealExpedition+1","StuffTheSpire:Incantation+1","All Out Attack+1","Dash","ReplayUltimateDefense+1","hexamod:SoulSteal","Adrenaline","Noxious Fumes","hexamod:FlamesFromBeyond","Concentrate+1","Blade Dance+1","ReplayTheSpireMod:From All Sides"],"relics":["hexamod:SpiritBrand","potionbrewer:ToyAutogyro","aspiration:ArtOfWarUpgrade","Lee\u0027s Waffle","halation:LostSnail","Runesmith:Locket","hubris:Icosahedron","Oddly Smooth Stone","Replay:WaspNest","Mummified Hand","StuffTheSpire:Kangaroo","halation:BottledLove","The Courier","hubris:Towel","Letter Opener","InkBottle","aspiration:SilentSkillbook","conspire:Boomerang","hexamod:TheBrokenSeal","jedi:Pinwheel","StuffTheSpire:Gunfinga","aspiration:SeaSaltIceCream","Replay:Baseball","aspiration:FrozenJewel","ReplayTheSpireMod:Shallot","Gremlin Food"],"acts_visited":["Exordium","TheCity","TheBeyond"],"potions_floor_usage":[41,45,50,50,50],"damage_taken":[{"damage":0.0,"enemies":"2 Louse","floor":1.0,"turns":3.0},{"damage":6.0,"enemies":"Small Slimes","floor":4.0,"turns":4.0},{"damage":0.0,"enemies":"Jaw Worm","floor":6.0,"turns":3.0},{"damage":0.0,"enemies":"Replay:BlueRogue","floor":7.0,"turns":6.0},{"damage":17.0,"enemies":"Lagavulin","floor":11.0,"turns":6.0},{"damage":0.0,"enemies":"2 Fungi Beasts","floor":12.0,"turns":4.0},{"damage":5.0,"enemies":"Exordium Wildlife","floor":13.0,"turns":6.0},{"damage":0.0,"enemies":"Gremlin Gang","floor":14.0,"turns":5.0},{"damage":18.0,"enemies":"The Guardian","floor":16.0,"turns":9.0},{"damage":7.0,"enemies":"Chosen","floor":18.0,"turns":4.0},{"damage":0.0,"enemies":"Shell Parasite","floor":19.0,"turns":3.0},{"damage":9.0,"enemies":"Snecko","floor":21.0,"turns":5.0},{"damage":0.0,"enemies":"Replay:Snechameleon","floor":25.0,"turns":6.0},{"damage":0.0,"enemies":"Book of Stabbing","floor":28.0,"turns":5.0},{"damage":0.0,"enemies":"3 Cultists","floor":29.0,"turns":4.0},{"damage":0.0,"enemies":"Chosen and Byrds","floor":31.0,"turns":4.0},{"damage":24.0,"enemies":"Automaton","floor":33.0,"turns":8.0},{"damage":0.0,"enemies":"Orb Walker","floor":35.0,"turns":3.0},{"damage":24.0,"enemies":"2 Orb Walkers","floor":36.0,"turns":4.0},{"damage":4.0,"enemies":"3 Darklings","floor":37.0,"turns":4.0},{"damage":0.0,"enemies":"Writhing Mass","floor":38.0,"turns":3.0},{"damage":0,"enemies":"Spire Growth","floor":41,"turns":3},{"damage":0,"enemies":"Giant Head","floor":42,"turns":5},{"damage":0,"enemies":"4 Shapes","floor":44,"turns":2},{"damage":0,"enemies":"R_Hoarder","floor":45,"turns":5},{"damage":0,"enemies":"Sphere and 2 Shapes","floor":47,"turns":3},{"damage":0,"enemies":"Writhing Mass","floor":48,"turns":2},{"damage":0,"enemies":"conspire:OrnateMirror","floor":50,"turns":3}],"seed_played":"-8309534253514071909","potions_obtained":[{"floor":1.0,"key":"potionbrewer:ToxicPotion"},{"floor":1.0,"key":"champ:CounterPotion"},{"floor":1.0,"key":"SkillPotion"},{"floor":4.0,"key":"SneckoOil"},{"floor":4.0,"key":"AttackPotion"},{"floor":6.0,"key":"PowerPotion"},{"floor":6.0,"key":"hexamod:EctoCoolerPotion"},{"floor":7.0,"key":"Strength Potion"},{"floor":7.0,"key":"BlessingOfTheForge"},{"floor":12.0,"key":"potionbrewer:CleansingPotion"},{"floor":12.0,"key":"Ancient Potion"},{"floor":12.0,"key":"potionbrewer:AcidPotion"},{"floor":13.0,"key":"hexamod:DoubleChargePotion"},{"floor":13.0,"key":"PowerPotion"},{"floor":13.0,"key":"ColorlessPotion"},{"floor":14.0,"key":"Weak Potion"},{"floor":14.0,"key":"Swift Potion"},{"floor":16.0,"key":"SmokeBomb"},{"floor":16.0,"key":"conspire:TimeTravelPotion"},{"floor":18.0,"key":"Toxic Potion"},{"floor":18.0,"key":"SteroidPotion"},{"floor":18.0,"key":"potionbrewer:SplittingPotion"},{"floor":19.0,"key":"Block Potion"},{"floor":19.0,"key":"DistilledChaos"},{"floor":19.0,"key":"potionbrewer:EndurancePotion"},{"floor":21.0,"key":"Elixir"},{"floor":21.0,"key":"LifebloodPotion"},{"floor":25.0,"key":"SpeedPotion"},{"floor":25.0,"key":"FairyPotion"},{"floor":28.0,"key":"Ancient Potion"},{"floor":28.0,"key":"Languid Potion"},{"floor":29.0,"key":"EntropicBrew"},{"floor":29.0,"key":"potionbrewer:SplittingPotion"},{"floor":31.0,"key":"EntropicBrew"},{"floor":31.0,"key":"potionbrewer:StunPotion"},{"floor":33.0,"key":"Strength Potion"},{"floor":35.0,"key":"SneckoOil"},{"floor":35.0,"key":"hexamod:DoubleChargePotion"},{"floor":35.0,"key":"potionbrewer:BoundlessPotion"},{"floor":37.0,"key":"Explosive Potion"},{"floor":37.0,"key":"Venom Potion"},{"floor":41,"key":"AttackPotion"},{"floor":42,"key":"Weak Potion"},{"floor":46,"key":"PowerPotion"},{"floor":47,"key":"potionbrewer:QuicksilverPotion"}],"is_trial":false,"path_per_floor":["M","?","$","M","?","M","E","?","T","R","E","M","M","M","R_BF","B",null,"M","M","$","M","?","R","?","E","T","?","E","M","?","M","R_BF","B",null,"M","?","M","M","$","R","M","E","T","M","E","?","M","M","R","B",null],"character_chosen":"THE_SPIRIT","items_purchased":["potionbrewer:ToyAutogyro","Art of War","Lee\u0027s Waffle","halation:LostSnail","hexamod:FourthSeal","hexamod:FastForward","Secret Technique","jedi:Pinwheel","ReplayUltimateDefense","StuffTheSpire:Gunfinga"],"campfire_rested":0,"item_purchase_floors":[0,0,0,0,0,0,20,39,39,39],"current_hp_per_floor":[77,77,77,71,71,71,71,71,71,71,54,54,49,49,49,31,77,70,70,70,61,61,61,35,35,35,35,35,35,28,36,36,53,77,77,59,87,87,84,84,84,84,84,84,84,84,84,84,84,84],"gold":192,"neow_bonus":"","is_daily":false,"chose_seed":false,"campfire_upgraded":2,"win_rate":0.0,"timestamp":1609213930,"path_taken":["M","?","$","M","?","?","E","?","T","R","E","M","M","M","R_BF","BOSS","M","M","$","M","?","R","?","E","T","?","E","?","?","M","R_BF","BOSS","M","?","M","M","$","R","M","E","T","M","E","?","?","M","R","BOSS"],"items_purchased_type":["Relic","Relic","Relic","Relic","Card","Card","Card","Relic","Card","Relic"],"build_version":"2020-12-22","purchased_purges":4,"victory":true,"max_hp_per_floor":[77,77,77,77,77,77,77,77,77,77,77,77,77,77,77,77,77,77,77,77,77,77,77,77,77,77,77,77,77,77,77,77,77,77,77,77,87,87,84,84,84,84,84,84,84,84,84,84,84,84],"relic_stats":{"Lee\u0027s Waffle":39,"counters":[206,969],"Mummified Hand":[105],"Letter Opener":[370],"obtain_stats":[{"CeramicFish":33,"Runesmith:Locket":0,"potionbrewer:SalesContract":31,"StuffTheSpire:BottledEssence":35,"Old Coin":46,"StuffTheSpire:SapphireSignet":33,"Sozu":34,"potionbrewer:RamsHorn":13,"Centennial Puzzle":23,"HornCleat":0,"FaceOfCleric":30,"MealTicket":14,"aspiration:ArtOfWarUpgrade":23,"Fusion Hammer":17,"Kunai":8,"Toxic Egg 2":0,"hubris:TinFlute":31,"hexamod:SpiritBrand":0,"wanderingMiniBosses:ThiefScarf":30,"halation:QuantumPhysicsTextbook":0,"Oddly Smooth Stone":7,"hexamod:TheBrokenSeal":37,"potionbrewer:MortarAndPestle":25,"conspire:Boomerang":0,"Letter Opener":28,"aspiration:SeaSaltIceCream":42,"potionbrewer:ToyAutogyro":0,"aspiration:FrozenJewel":43,"Du-Vu Doll":6,"Replay:Baseball":42,"wanderingMiniBosses:Blackblade":35,"ReplayTheSpireMod:Shallot":45,"hubris:PeanutButter":0,"aspiration:SilentSkillbook":34,"aspiration:Lifesprig":0,"Torii":17,"Blue Doll":7,"conspire:SpecialSausage":17,"StuffTheSpire:GrapeVine":27,"jedi:Pinwheel":39,"Empty Cage":34,"SsserpentHead":7,"StuffTheSpire:Gunfinga":39,"Matryoshka":11,"hubris:Backtick":17,"hubris:Icosahedron":12,"Mummified Hand":11,"SlimeboundClassic:AbsorbEndCombat":0,"Pantograph":24,"hubris:CuriousFeather":0,"StuffTheSpire:Nightcore":36,"InkBottle":32,"Gremlin Food":9,"Lee\u0027s Waffle":0,"halation:BottledLove":25,"StuffTheSpire:Saxophone":35,"Replay:WaspNest":9,"The Courier":26,"jedi:crownofsimplicity":0,"hubris:Towel":2,"halation:SelfBoilingWater":9,"Strange Spoon":0,"StuffTheSpire:Mouthbags":6,"Ornamental Fan":9,"halation:EternalFortune":19,"aspiration:KaomsHeart":36,"StuffTheSpire:RubySignet":9,"Bag of Marbles":13,"Art of War":0,"StuffTheSpire:Kangaroo":17,"halation:LostSnail":0,"halation:PinkSoulGem":15,"hubris:OldNail":0},{"CeramicFish":144,"Runesmith:Locket":178,"potionbrewer:SalesContract":143,"StuffTheSpire:BottledEssence":145,"Old Coin":172,"StuffTheSpire:SapphireSignet":144,"Sozu":145,"potionbrewer:RamsHorn":123,"Centennial Puzzle":163,"HornCleat":126,"FaceOfCleric":165,"MealTicket":159,"aspiration:ArtOfWarUpgrade":190,"Fusion Hammer":160,"Kunai":131,"Toxic Egg 2":154,"hubris:TinFlute":143,"hexamod:SpiritBrand":0,"wanderingMiniBosses:ThiefScarf":143,"halation:QuantumPhysicsTextbook":154,"Oddly Smooth Stone":182,"hexamod:TheBrokenSeal":198,"potionbrewer:MortarAndPestle":140,"conspire:Boomerang":175,"Letter Opener":192,"aspiration:SeaSaltIceCream":201,"potionbrewer:ToyAutogyro":178,"aspiration:FrozenJewel":201,"Du-Vu Doll":130,"Replay:Baseball":201,"wanderingMiniBosses:Blackblade":168,"ReplayTheSpireMod:Shallot":203,"hubris:PeanutButter":175,"aspiration:SilentSkillbook":195,"aspiration:Lifesprig":175,"Torii":117,"Blue Doll":122,"conspire:SpecialSausage":134,"StuffTheSpire:GrapeVine":164,"jedi:Pinwheel":199,"Empty Cage":167,"SsserpentHead":113,"StuffTheSpire:Gunfinga":199,"Matryoshka":114,"hubris:Backtick":117,"hubris:Icosahedron":132,"Mummified Hand":183,"SlimeboundClassic:AbsorbEndCombat":0,"Pantograph":164,"hubris:CuriousFeather":154,"StuffTheSpire:Nightcore":168,"InkBottle":194,"Gremlin Food":113,"Lee\u0027s Waffle":178,"halation:BottledLove":191,"StuffTheSpire:Saxophone":145,"Replay:WaspNest":182,"The Courier":191,"jedi:crownofsimplicity":119,"hubris:Towel":176,"halation:SelfBoilingWater":122,"Strange Spoon":154,"StuffTheSpire:Mouthbags":113,"Ornamental Fan":157,"halation:EternalFortune":118,"aspiration:KaomsHeart":146,"StuffTheSpire:RubySignet":131,"Bag of Marbles":133,"Art of War":178,"StuffTheSpire:Kangaroo":187,"halation:LostSnail":178,"halation:PinkSoulGem":133,"hubris:OldNail":175},{"CeramicFish":679,"Runesmith:Locket":847,"potionbrewer:SalesContract":674,"StuffTheSpire:BottledEssence":685,"Old Coin":819,"StuffTheSpire:SapphireSignet":679,"Sozu":685,"potionbrewer:RamsHorn":567,"Centennial Puzzle":785,"HornCleat":581,"FaceOfCleric":793,"MealTicket":761,"aspiration:ArtOfWarUpgrade":905,"Fusion Hammer":768,"Kunai":605,"Toxic Egg 2":739,"hubris:TinFlute":674,"hexamod:SpiritBrand":0,"wanderingMiniBosses:ThiefScarf":674,"halation:QuantumPhysicsTextbook":739,"Oddly Smooth Stone":863,"hexamod:TheBrokenSeal":942,"potionbrewer:MortarAndPestle":658,"conspire:Boomerang":837,"Letter Opener":916,"aspiration:SeaSaltIceCream":954,"potionbrewer:ToyAutogyro":847,"aspiration:FrozenJewel":954,"Du-Vu Doll":601,"Replay:Baseball":954,"wanderingMiniBosses:Blackblade":808,"ReplayTheSpireMod:Shallot":961,"hubris:PeanutButter":837,"aspiration:SilentSkillbook":932,"aspiration:Lifesprig":837,"Torii":535,"Blue Doll":558,"conspire:SpecialSausage":629,"StuffTheSpire:GrapeVine":789,"jedi:Pinwheel":946,"Empty Cage":803,"SsserpentHead":506,"StuffTheSpire:Gunfinga":946,"Matryoshka":510,"hubris:Backtick":535,"hubris:Icosahedron":610,"Mummified Hand":869,"SlimeboundClassic:AbsorbEndCombat":0,"Pantograph":789,"hubris:CuriousFeather":739,"StuffTheSpire:Nightcore":808,"InkBottle":924,"Gremlin Food":506,"Lee\u0027s Waffle":847,"halation:BottledLove":911,"StuffTheSpire:Saxophone":685,"Replay:WaspNest":863,"The Courier":911,"jedi:crownofsimplicity":549,"hubris:Towel":841,"halation:SelfBoilingWater":558,"Strange Spoon":739,"StuffTheSpire:Mouthbags":506,"Ornamental Fan":749,"halation:EternalFortune":544,"aspiration:KaomsHeart":689,"StuffTheSpire:RubySignet":605,"Bag of Marbles":616,"Art of War":847,"StuffTheSpire:Kangaroo":893,"halation:LostSnail":847,"halation:PinkSoulGem":616,"hubris:OldNail":837}],"InkBottle":[25]},"card_choices":[{"not_picked":["hexamod:ShieldOfDarkness","hexamod:FourthSeal","hexamod:Again"],"picked":"SKIP","floor":1.0},{"not_picked":["hexamod:SpectersWail","hexamod:ThermalTransfer"],"picked":"hexamod:SecondSeal","floor":4.0},{"not_picked":["hexamod:ShieldOfDarkness","hexamod:Firestarter"],"picked":"hexamod:Hexaguard","floor":6.0},{"not_picked":["hexamod:HauntingEcho","hexamod:NightmareStrike"],"picked":"hexamod:UnleashSpirits","floor":7.0},{"not_picked":["hexamod:ChargedBarrage","hexamod:GhostOfSpireFuture"],"picked":"hexamod:NecessarySacrifice","floor":11.0},{"not_picked":["hexamod:SpectersWail","hexamod:NightmareStrike","hexamod:GhostLash"],"picked":"SKIP","floor":12.0},{"not_picked":["hexamod:BurningTouch","hexamod:NightmareStrike"],"picked":"hexamod:Hexaguard","floor":13.0},{"not_picked":["hexamod:ShieldOfDarkness","hexamod:NightmareGuise"],"picked":"hexamod:ChargedBarrage","floor":14.0},{"not_picked":["hexamod:CrushingStance","hexamod:TimeWarp"],"picked":"hexamod:GhostflameInferno","floor":16.0},{"not_picked":["hexamod:BacktrackSmack","hexamod:HauntingEcho"],"picked":"hexamod:BurningTouch","floor":18.0},{"not_picked":["hexamod:AdvancingGuard","hexamod:ThermalTransfer","hexamod:BacktrackSmack+1"],"picked":"SKIP","floor":19.0},{"not_picked":["hexamod:Incineration+1","hexamod:SpectersWail"],"picked":"hexamod:TimeOfNeed","floor":21.0},{"not_picked":["hexamod:ThermalTransfer","hexamod:BacktrackSmack"],"picked":"hexamod:TimeOfNeed","floor":25.0},{"not_picked":["hexamod:ShieldOfDarkness","hexamod:SwordOfDarkness+1","hexamod:FastForward"],"picked":"SKIP","floor":28.0},{"not_picked":["hexamod:FlamesFromBeyond","hexamod:BacktrackSmack"],"picked":"hexamod:HexaLevel","floor":29.0},{"not_picked":["hexamod:SwordOfDarkness","hexamod:GhostShield+1"],"picked":"hexamod:EtherealExpedition+1","floor":31.0},{"not_picked":["hexamod:SearingWound","hexamod:EmpoweringStance"],"picked":"hexamod:FifthSeal","floor":33.0},{"not_picked":["hexamod:SecondSeal","hexamod:FirstSeal","hexamod:FourthSeal"],"picked":"hexamod:SixthSeal","floor":35.0},{"not_picked":["hexamod:SecondSeal","hexamod:FourthSeal","hexamod:SixthSeal"],"picked":"hexamod:ThirdSeal","floor":35.0},{"not_picked":["Well Laid Plans+1","Endless Agony","hexamod:RetreatToShadows+1","Flying Knee"],"picked":"SKIP","floor":35.0},{"not_picked":["hexamod:NightmareGuise","hexamod:RadiantFlame","Acrobatics"],"picked":"StuffTheSpire:Incantation","floor":36.0},{"not_picked":["Well Laid Plans+1","Dodge and Roll","Reflex"],"picked":"All Out Attack+1","floor":37.0},{"not_picked":["Catalyst","Deflect","hexamod:AdvancingGuard+1"],"picked":"Dash","floor":38.0},{"not_picked":["Dagger Spray+1","Footwork+1","Dagger Throw+1"],"picked":"hexamod:SoulSteal","floor":41},{"not_picked":["Endless Agony","hexamod:PhantomCloak+1","Underhanded Strike"],"picked":"Adrenaline","floor":42},{"not_picked":["conspire:PoisonWeapons","hexamod:BacktrackSmack","hexamod:NightmareGuise+1"],"picked":"Noxious Fumes","floor":44},{"not_picked":["ReplayTheSpireMod:Shiv Toss+1","ReplayTheSpireMod:Exploit Weakness","jedi:collectorvenom"],"picked":"hexamod:FlamesFromBeyond","floor":45},{"not_picked":["Cloak And Dagger","StuffTheSpire:Sprint","Poison Darts"],"picked":"Concentrate+1","floor":46},{"not_picked":["hexamod:RainOfEmbers+1","StuffTheSpire:Injection","hexamod:ShieldOfDarkness+1"],"picked":"Blade Dance+1","floor":46},{"not_picked":["Catalyst","hexamod:HeatMetal","hubris:SlightOfHand","jedi:poisonivy+1"],"picked":"SKIP","floor":47},{"not_picked":["Crippling Poison","Blade Dance+1","ReplayTheSpireMod:Exploit Weakness"],"picked":"ReplayTheSpireMod:From All Sides","floor":48}],"player_experience":911079,"relics_obtained":[{"floor":7.0,"key":"Oddly Smooth Stone"},{"floor":9.0,"key":"Replay:WaspNest"},{"floor":11.0,"key":"Mummified Hand"},{"floor":25.0,"key":"halation:BottledLove"},{"floor":26.0,"key":"The Courier"},{"floor":28.0,"key":"Letter Opener"},{"floor":32.0,"key":"InkBottle"},{"floor":36.0,"key":"conspire:Boomerang"},{"floor":42,"key":"aspiration:SeaSaltIceCream"},{"floor":43,"key":"aspiration:FrozenJewel"},{"floor":45,"key":"ReplayTheSpireMod:Shallot"},{"floor":46,"key":"Gremlin Food"}],"event_choices":[{"damage_healed":0.0,"max_hp_gain":0.0,"max_hp_loss":0.0,"gold_gain":0.0,"event_name":"conspire:Investor","player_choice":"Leave","floor":5.0,"gold_loss":0.0,"damage_taken":0.0},{"cards_removed":["hexamod:Strike"],"damage_healed":0.0,"max_hp_gain":0.0,"max_hp_loss":0.0,"gold_gain":0.0,"event_name":"The Cleric","player_choice":"Card Removal","floor":8.0,"gold_loss":50.0,"damage_taken":0.0},{"cards_removed":["hexamod:Defend"],"damage_healed":0.0,"max_hp_gain":0.0,"max_hp_loss":0.0,"gold_gain":0.0,"event_name":"betterNote:BetterNote","player_choice":"Give","floor":22.0,"gold_loss":0.0,"damage_taken":0.0,"cards_obtained":["jesterMod:Strike"]},{"damage_healed":0.0,"max_hp_gain":0.0,"max_hp_loss":0.0,"gold_gain":0.0,"event_name":"Mysterious Sphere","player_choice":"Fight","floor":36.0,"gold_loss":0.0,"damage_taken":0.0}],"is_beta":false,"boss_relics":[{"not_picked":["halation:PinkAlligatorPlush","StuffTheSpire:ModemDavis"],"picked":"StuffTheSpire:Kangaroo"},{"not_picked":["aspiration:RunesmithSkillbook","halation:Risk"],"picked":"aspiration:SilentSkillbook"}],"items_purged_floors":[0,3,20,39],"is_endless":false,"potions_floor_spawned":[1,12,13,33,41,42,44,45,47],"ascension_level":0}}