{"host":"2se5dq1do2gp0x9k","time":1609204599,"event":{"mods":["BaseMod","Block Reminder","Colored Map","Colored Powertips","Minty Spire (QoL Compilation)","Relic Stats","StSLib","SuperFastMode","Synergy Search"],"gold_per_floor":[119,139,139,150,225,225,225],"floor_reached":6,"playtime":214,"items_purged":[],"score":72,"play_id":"d09ded88-f845-4b94-b388-fd6245cf0847","local_time":"20201228171639","is_ascension_mode":true,"campfire_choices":[],"circlet_count":0,"master_deck":["AscendersBane","Strike_R","Strike_R+1","Strike_R","Strike_R","Strike_R","Defend_R+1","Defend_R","Defend_R","Defend_R","Bash","True Grit","Shrug It Off","Pommel Strike"],"relics":["Burning Blood","Dream Catcher"],"acts_visited":["Exordium"],"potions_floor_usage":[6],"damage_taken":[{"damage":12,"enemies":"2 Louse","floor":1,"turns":4},{"damage":12,"enemies":"Jaw Worm","floor":2,"turns":5},{"damage":0,"enemies":"Cultist","floor":4,"turns":4},{"damage":25,"enemies":"3 Sentries","floor":6,"turns":6}],"seed_played":"-8278345207044934310","potions_obtained":[{"floor":2,"key":"BloodPotion"}],"is_trial":false,"path_per_floor":["M","M","?","M","?","E"],"character_chosen":"IRONCLAD","items_purchased":[],"campfire_rested":0,"item_purchase_floors":[],"current_hp_per_floor":[62,56,33,39,28,18,18],"gold":225,"neow_bonus":"RANDOM_COMMON_RELIC","is_daily":false,"chose_seed":false,"campfire_upgraded":0,"win_rate":0.0,"timestamp":1609204599,"path_taken":["M","M","?","M","?","E"],"items_purchased_type":[],"build_version":"2020-12-22","purchased_purges":0,"victory":false,"max_hp_per_floor":[75,75,75,75,75,75,75],"relic_stats":{"Dream Catcher":0,"counters":[4,19],"obtain_stats":[{"Dream Catcher":0,"Burning Blood":0},{"Dream Catcher":0,"Burning Blood":0},{"Dream Catcher":0,"Burning Blood":0}],"Burning Blood":18},"card_choices":[{"not_picked":["Sentinel","Havoc"],"picked":"True Grit","floor":1},{"not_picked":["Intimidate","Evolve"],"picked":"Shrug It Off","floor":2},{"not_picked":["Fire Breathing","Spot Weakness"],"picked":"Pommel Strike","floor":4}],"player_experience":3641000,"relics_obtained":[],"event_choices":[{"damage_healed":0,"gold_gain":0,"player_choice":"Entered Light","damage_taken":23,"max_hp_gain":0,"max_hp_loss":0,"event_name":"Shining Light","floor":3,"gold_loss":0,"cards_upgraded":["Strike_R","Defend_R"]},{"damage_healed":0,"gold_gain":75,"player_choice":"Gather Gold","damage_taken":11,"max_hp_gain":0,"max_hp_loss":0,"event_name":"World of Goop","floor":5,"gold_loss":0}],"is_beta":false,"boss_relics":[],"items_purged_floors":[],"is_endless":false,"potions_floor_spawned":[2],"killed_by":"3 Sentries","ascension_level":20}}