{"host":"oy4pyvr762z5n0bb","time":1609227277,"event":{"mods":["AchievementEnabler","BaseMod","Colored Map","Colored Powertips","Googly Eyes","Key Reminder","Minty Spire (QoL Compilation)","Quick Restart","Relic Sorter","StSLib","SuperFastMode","Unceasing Turn Reminder","slay the spire mod where everything is the same but ironclad has a cowboy hat"],"gold_per_floor":[115,135,146,1,76,102,102,128,151,187,216,216,225,248,248,353,353,347,370,370,370],"floor_reached":20,"playtime":397,"items_purged":[],"score":252,"play_id":"c168d661-8117-4707-8146-fdd520aefbe6","local_time":"20201228233437","is_ascension_mode":true,"campfire_choices":[{"data":"Heavy Blade","floor":7,"key":"SMITH"},{"data":"Bash","floor":12,"key":"SMITH"},{"data":"Spot Weakness","floor":15,"key":"SMITH"}],"circlet_count":0,"master_deck":["Strike_R","Strike_R","Strike_R","Strike_R","Strike_R","Defend_R","Defend_R","Defend_R","Defend_R","Bash+1","Heavy Blade+1","Bloodletting","Iron Wave","Shrug It Off","Headbutt","Pommel Strike","Parasite","Spot Weakness+1","Reaper","Cleave","Twin Strike"],"relics":["Burning Blood","NeowsBlessing","Sling","Lantern","CeramicFish","Happy Flower","MealTicket","SlaversCollar"],"acts_visited":["Exordium","TheCity"],"potions_floor_usage":[6,10,11,18,20],"damage_taken":[{"damage":0,"enemies":"2 Louse","floor":1,"turns":1},{"damage":0,"enemies":"Small Slimes","floor":2,"turns":1},{"damage":0,"enemies":"Jaw Worm","floor":3,"turns":1},{"damage":34,"enemies":"Gremlin Nob","floor":6,"turns":4},{"damage":8,"enemies":"3 Sentries","floor":8,"turns":8},{"damage":11,"enemies":"Gremlin Nob","floor":10,"turns":3},{"damage":7,"enemies":"Large Slime","floor":11,"turns":4},{"damage":13,"enemies":"Red Slaver","floor":14,"turns":5},{"damage":44,"enemies":"Slime Boss","floor":16,"turns":9},{"damage":23,"enemies":"2 Thieves","floor":18,"turns":4},{"damage":30,"enemies":"Spheric Guardian","floor":19,"turns":5},{"damage":47,"enemies":"Shelled Parasite and Fungi","floor":20,"turns":3}],"seed_played":"-5480982861744924713","potions_obtained":[{"floor":2,"key":"AttackPotion"},{"floor":8,"key":"BloodPotion"},{"floor":10,"key":"Explosive Potion"},{"floor":16,"key":"DistilledChaos"},{"floor":19,"key":"Weak Potion"}],"is_trial":false,"path_per_floor":["M","M","M","$","?","E","R","E","T","E","M","R","?","M","R","B",null,"M","M","M"],"character_chosen":"IRONCLAD","items_purchased":["Sling"],"campfire_rested":0,"item_purchase_floors":[4],"current_hp_per_floor":[78,80,80,80,69,41,41,39,39,50,49,49,69,62,62,24,66,56,32,0,0],"gold":370,"neow_bonus":"THREE_ENEMY_KILL","is_daily":false,"chose_seed":false,"campfire_upgraded":3,"win_rate":0.0,"timestamp":1609227277,"path_taken":["M","M","M","$","?","E","R","E","T","E","M","R","?","M","R","BOSS","M","M","M"],"items_purchased_type":["Relic"],"build_version":"2020-12-22","purchased_purges":0,"victory":false,"max_hp_per_floor":[80,80,80,80,80,80,80,80,80,80,80,80,80,80,80,80,80,80,80,80,80],"card_choices":[{"not_picked":["Headbutt","Clash"],"picked":"Heavy Blade","floor":1},{"not_picked":["Twin Strike","Impervious"],"picked":"Bloodletting","floor":2},{"not_picked":["Feel No Pain","Entrench"],"picked":"Iron Wave","floor":3},{"not_picked":["True Grit","Entrench"],"picked":"Shrug It Off","floor":6},{"not_picked":["Combust","Dark Embrace","Clash"],"picked":"SKIP","floor":8},{"not_picked":["Dropkick","Corruption"],"picked":"Headbutt","floor":10},{"not_picked":["Clash","Ghostly Armor"],"picked":"Pommel Strike","floor":11},{"not_picked":["Twin Strike","Second Wind"],"picked":"Spot Weakness","floor":14},{"not_picked":["Impervious","Fiend Fire"],"picked":"Reaper","floor":16},{"not_picked":["Wild Strike","Clash"],"picked":"Cleave","floor":18},{"not_picked":["Rupture+1","Iron Wave"],"picked":"Twin Strike","floor":19}],"player_experience":595331,"relics_obtained":[{"floor":6,"key":"Lantern"},{"floor":8,"key":"CeramicFish"},{"floor":9,"key":"Happy Flower"},{"floor":10,"key":"MealTicket"}],"event_choices":[{"damage_healed":0,"gold_gain":75,"player_choice":"Gather Gold","damage_taken":11,"max_hp_gain":0,"max_hp_loss":0,"event_name":"World of Goop","floor":5,"gold_loss":0},{"damage_healed":20,"gold_gain":0,"player_choice":"Healed and dodged fight","damage_taken":0,"max_hp_gain":0,"max_hp_loss":0,"event_name":"Mushrooms","floor":13,"gold_loss":0,"cards_obtained":["Parasite"]}],"is_beta":false,"boss_relics":[{"not_picked":["Pandora\u0027s Box","Coffee Dripper"],"picked":"SlaversCollar"}],"items_purged_floors":[],"is_endless":false,"potions_floor_spawned":[2,8,10,16,19],"killed_by":"Shelled Parasite and Fungi","ascension_level":6}}