{"host":"7pe9xwx78c6nlay8","time":1609268847,"event":{"mods":["BaseMod","Minty Spire (QoL Compilation)"],"gold_per_floor":[112,62,81,96,85,114,114,39,39,70,70,95,270,289,289,364,364,383,393,318,318,361,386,386,386,386],"floor_reached":25,"playtime":1118,"items_purged":["Defend_P"],"score":495,"play_id":"e766a7a6-51b7-41e6-92e2-323586c22285","local_time":"20201230030727","is_ascension_mode":true,"campfire_choices":[{"data":"Eruption","floor":7,"key":"SMITH"},{"data":"Wish","floor":11,"key":"SMITH"},{"data":"Nirvana","floor":15,"key":"SMITH"},{"data":"Vigilance","floor":24,"key":"SMITH"}],"circlet_count":0,"master_deck":["AscendersBane","Eruption+1","Vigilance+1","Tantrum","Wish+1","Evaluate","Consecrate","JustLucky","Nirvana+1","Tantrum","Alpha","WheelKick","Blasphemy","ThirdEye","Weave","WindmillStrike"],"relics":["PureWater","Strawberry","Meat on the Bone","Du-Vu Doll","Boot","Pandora\u0027s Box","MealTicket"],"acts_visited":["Exordium","TheCity"],"potions_floor_usage":[6,12,14,23],"damage_taken":[{"damage":4,"enemies":"Jaw Worm","floor":1,"turns":4},{"damage":0,"enemies":"Small Slimes","floor":3,"turns":4},{"damage":0,"enemies":"2 Louse","floor":4,"turns":3},{"damage":0,"enemies":"Exordium Thugs","floor":5,"turns":6},{"damage":31,"enemies":"Gremlin Nob","floor":6,"turns":4},{"damage":25,"enemies":"3 Sentries","floor":10,"turns":6},{"damage":0,"enemies":"Lagavulin","floor":12,"turns":5},{"damage":6,"enemies":"Red Slaver","floor":14,"turns":3},{"damage":33,"enemies":"The Guardian","floor":16,"turns":15},{"damage":42,"enemies":"3 Byrds","floor":18,"turns":4},{"damage":16,"enemies":"Shell Parasite","floor":19,"turns":5},{"damage":0,"enemies":"Centurion and Healer","floor":22,"turns":4},{"damage":0,"enemies":"Gremlin Leader","floor":23,"turns":4},{"damage":50,"enemies":"Slavers","floor":25,"turns":3}],"seed_played":"-8785670316863979555","potions_obtained":[{"floor":1,"key":"SteroidPotion"},{"floor":3,"key":"SpeedPotion"},{"floor":6,"key":"Ancient Potion"},{"floor":12,"key":"Swift Potion"},{"floor":22,"key":"ColorlessPotion"}],"is_trial":false,"path_per_floor":["M","?","M","M","M","E","R","$","T","E","R","E","?","M","R","B",null,"M","M","?","?","M","E","R","E"],"character_chosen":"WATCHER","items_purchased":[],"campfire_rested":0,"item_purchase_floors":[],"current_hp_per_floor":[57,57,57,57,57,33,33,33,33,20,20,32,32,38,38,17,56,26,22,22,22,34,46,46,0,0],"gold":386,"neow_bonus":"TRANSFORM_TWO_CARDS","is_daily":false,"chose_seed":false,"campfire_upgraded":4,"win_rate":0.0,"timestamp":1609268847,"path_taken":["M","?","M","M","M","E","R","$","T","E","R","E","?","?","R","BOSS","M","M","?","?","M","E","R","E"],"items_purchased_type":[],"build_version":"2020-12-22","purchased_purges":1,"victory":false,"max_hp_per_floor":[62,62,62,62,62,69,69,69,69,69,69,69,69,69,69,69,69,69,69,69,69,69,69,69,69,69],"card_choices":[{"not_picked":["WheelKick","FearNoEvil","Swivel"],"picked":"SKIP","floor":1},{"not_picked":["ClearTheMind","Sanctity"],"picked":"Evaluate","floor":3},{"not_picked":["CarveReality","Protect","Crescendo"],"picked":"SKIP","floor":4},{"not_picked":["ClearTheMind","JustLucky"],"picked":"Consecrate","floor":5},{"not_picked":["SandsOfTime","Protect"],"picked":"JustLucky","floor":6},{"not_picked":["MasterReality","SashWhip","Vengeance"],"picked":"SKIP","floor":10},{"not_picked":["FlurryOfBlows","Evaluate","Ragnarok"],"picked":"SKIP","floor":12},{"not_picked":["Conclude","InnerPeace"],"picked":"Nirvana","floor":14},{"not_picked":["SignatureMove","CarveReality"],"picked":"ThirdEye","floor":18},{"not_picked":["Meditate","Halt","BowlingBash"],"picked":"SKIP","floor":19},{"not_picked":["WreathOfFlame","Collect","Crescendo+1"],"picked":"SKIP","floor":22},{"not_picked":["ClearTheMind","BattleHymn"],"picked":"WindmillStrike","floor":23}],"player_experience":1573978,"relics_obtained":[{"floor":6,"key":"Strawberry"},{"floor":9,"key":"Meat on the Bone"},{"floor":10,"key":"Du-Vu Doll"},{"floor":12,"key":"Boot"},{"floor":23,"key":"MealTicket"}],"event_choices":[{"cards_removed":["Strike_P"],"damage_healed":0,"gold_gain":0,"player_choice":"Card Removal","damage_taken":0,"max_hp_gain":0,"max_hp_loss":0,"event_name":"The Cleric","floor":2,"gold_loss":50},{"damage_healed":0,"gold_gain":175,"player_choice":"AGREE","damage_taken":0,"max_hp_gain":0,"max_hp_loss":0,"event_name":"Liars Game","floor":13,"gold_loss":0,"cards_obtained":["Doubt"]},{"cards_removed":["Doubt"],"damage_healed":0,"gold_gain":0,"player_choice":"Gave Gold","damage_taken":0,"max_hp_gain":0,"max_hp_loss":0,"event_name":"Beggar","floor":20,"gold_loss":75},{"damage_healed":0,"gold_gain":0,"player_choice":"Read","damage_taken":0,"max_hp_gain":0,"max_hp_loss":0,"event_name":"The Library","floor":21,"gold_loss":0,"cards_obtained":["Weave"]}],"is_beta":false,"boss_relics":[{"not_picked":["Busted Crown","Tiny House"],"picked":"Pandora\u0027s Box"}],"items_purged_floors":[8],"is_endless":false,"potions_floor_spawned":[1,3,6,12,22],"killed_by":"Slavers","ascension_level":14}}