{"host":"1mkqi3z2zauoip58","time":1609225666,"event":{"mods":["AchievementEnabler","Ascension Reborn","BaseMod","BetterRewards","Friendly Minions","KOR Keyword Fix","Koishi","Lobotomy","Minty Spire (QoL Compilation)","READ ME - Snecko Mod","Replay The Spire","Shop Mod","StSLib","SuperFastMode","The Bug Knight","The Cursed","The Gatherer","The Hierophant","The Runesmith"],"gold_per_floor":[270,42,42,42,66,99,112,112,165,181,214,224,24,24,24,129,129,139,155,167,178,192,219,219,245,325,358,381,397,79,113,113,210,210,220,237,254,268,279,312,312,347,347,347,347,379],"floor_reached":47,"playtime":2294,"items_purged":["InformationCode"],"score":944,"play_id":"93eb6aac-0fe2-4ac2-b273-194d6b0c20c7","local_time":"20201229160746","is_ascension_mode":true,"campfire_choices":[],"circlet_count":0,"master_deck":["SpecialBullet","SpecialBullet","SpecialBullet","SpecialBullet","SpecialBullet","SpecialBullet","SpecialBullet","SecurityCode","DisciplinaryCode","Wellcheers","CENSORED_ego+1","OSAHOGD","OldLady","RedEyes","Christmas","GalaxyChild","WristCuter+1","GreedKing","GoldRush","GreenStem","Ecstasy+1","MHz","Moonlight+1","UniverseFragment","Mimicry","Pot Of Greed","Pot Of Greed","Pot Of Greed","VoidDream","GoldRush","Christmas","WelfareCode","Adoration"],"relics":["CogitoBucket","NeowsBlessing","Gremlin Food","Tiny Chest","Smiling Mask","Ancient Tea Set","Letter Opener","SkinProphecy","PreservedInsect","Sozu","Omamori","Pantograph","The Courier","Red Mask","Grinning Jar","Replay:Baseball","Singing Bowl","Runesmith:AutoHammer","Painkiller Herb","Replay:Mystery Machine","Whetstone","Replay:Bandana"],"acts_visited":["Exordium","TheCity","TheBeyond"],"potions_floor_usage":[46],"damage_taken":[{"damage":0,"enemies":"Cultist","floor":1,"turns":1},{"damage":0,"enemies":"Replay:BlueRogue","floor":6,"turns":1},{"damage":0,"enemies":"2 Louse","floor":7,"turns":1},{"damage":5,"enemies":"Jaw Worm","floor":10,"turns":2},{"damage":17,"enemies":"HollowMod:MossKnight","floor":11,"turns":6},{"damage":19,"enemies":"Exordium Wildlife","floor":12,"turns":11},{"damage":23,"enemies":"Slime Boss","floor":16,"turns":7},{"damage":35,"enemies":"3 Byrds","floor":18,"turns":5},{"damage":41,"enemies":"Shelled Parasite and Fungi","floor":19,"turns":5},{"damage":15,"enemies":"Centurion and Healer","floor":20,"turns":5},{"damage":29,"enemies":"Snake Plant","floor":21,"turns":7},{"damage":12,"enemies":"Cultist and Chosen","floor":22,"turns":4},{"damage":21,"enemies":"HollowMod:Nosk","floor":23,"turns":6},{"damage":47,"enemies":"Slavers","floor":25,"turns":4},{"damage":30,"enemies":"Masked Bandits","floor":27,"turns":5},{"damage":41,"enemies":"Centurion and Healer","floor":29,"turns":9},{"damage":27,"enemies":"Replay:Snechameleon","floor":31,"turns":5},{"damage":50,"enemies":"Automaton","floor":33,"turns":8},{"damage":13,"enemies":"3 Darklings","floor":35,"turns":2},{"damage":7,"enemies":"Orb Walker","floor":36,"turns":2},{"damage":30,"enemies":"Writhing Mass","floor":37,"turns":4},{"damage":25,"enemies":"Maw","floor":38,"turns":4},{"damage":9,"enemies":"Spire Growth","floor":39,"turns":3},{"damage":15,"enemies":"Reptomancer","floor":40,"turns":3},{"damage":0,"enemies":"HollowMod:StalkingDevout","floor":42,"turns":3},{"damage":31,"enemies":"FixerMidnight","floor":46,"turns":8},{"damage":37,"enemies":"Malkuth","floor":47,"turns":5},{"damage":37,"enemies":"Netzach","floor":47,"turns":6}],"seed_played":"-8126521430071511901","potions_obtained":[{"floor":1,"key":"Adrenaline Potion"},{"floor":10,"key":"PowerPotion"}],"is_trial":false,"path_per_floor":["M","$","$","?","T","E","M","R","T","M","E","M","$","?","R","B",null,"M","M","M","M","M","E","R","E","T","?","T","M","$","E","R","B",null,"?","?","?","?","?","E","T","E","T","T","?","B",null],"character_chosen":"Angela","items_purchased":["CENSORED_ego","Gremlin Food","PreservedInsect","Replay:Baseball","Singing Bowl"],"campfire_rested":0,"item_purchase_floors":[2,2,13,30,30],"current_hp_per_floor":[70,70,70,70,70,70,70,70,70,70,61,54,54,54,54,27,72,51,24,32,36,55,68,78,70,80,90,90,94,94,76,86,85,100,104,106,105,112,116,120,120,124,124,124,124,126],"gold":457,"neow_bonus":"THREE_ENEMY_KILL","is_daily":false,"chose_seed":false,"campfire_upgraded":0,"win_rate":0.0,"timestamp":1609225666,"path_taken":["M","?","$","?","?","E","M","R","T","M","E","?","$","?","R","BOSS","M","M","M","M","M","E","R","E","T","?","?","M","$","E","R","BOSS","?","?","?","?","?","E","T","E","T","T","?","BOSS"],"items_purchased_type":["Card","Relic","Relic","Relic","Relic"],"build_version":"2020-12-22","purchased_purges":1,"victory":true,"max_hp_per_floor":[70,70,70,70,70,70,70,70,70,70,70,70,70,70,70,72,72,74,76,78,82,84,86,86,88,88,90,90,94,94,98,98,100,100,104,106,110,112,116,120,120,124,124,124,124,126],"card_choices":[{"not_picked":["RedShoes","QueenOfHatred"],"picked":"Wellcheers","floor":1},{"not_picked":["TodaysExpression","FrostShard"],"picked":"SKIP","floor":1},{"not_picked":["FairyFestival","WallGazer"],"picked":"OSAHOGD","floor":6},{"not_picked":["SomewhereSpear","BlackSwan_ego"],"picked":"SKIP","floor":6},{"not_picked":["Porccubus","LittlePrince"],"picked":"OldLady","floor":7},{"not_picked":["FeatherOfHonor","Harmony"],"picked":"SKIP","floor":7},{"not_picked":["SolemnVow"],"picked":"RedEyes","floor":10},{"not_picked":["Regret_ego"],"picked":"Christmas","floor":11},{"not_picked":["BigBird","FairyFestival"],"picked":"GalaxyChild","floor":11},{"not_picked":["RedEyes"],"picked":"WristCuter","floor":12},{"not_picked":["SnowQueen","Rudolta"],"picked":"GreedKing","floor":12},{"not_picked":["Justitia"],"picked":"GoldRush","floor":16},{"not_picked":["Soda"],"picked":"GreenStem","floor":18},{"not_picked":["TodaysExpression+1"],"picked":"Ecstasy+1","floor":19},{"not_picked":["Woodsman","Alriune"],"picked":"MHz","floor":19},{"not_picked":["CUTE+1"],"picked":"Moonlight","floor":20},{"not_picked":["QueenBee","Murderer"],"picked":"UniverseFragment","floor":21},{"not_picked":["Hypocrisy","InTheNameOfLoveAndHate"],"picked":"SKIP","floor":21},{"not_picked":["Harmony"],"picked":"Mimicry","floor":22},{"not_picked":["FourthMatchFlame+1","Heaven"],"picked":"SKIP","floor":23},{"not_picked":["Moonlight","BloodyDesire"],"picked":"SKIP","floor":25},{"not_picked":["FairyFestival","Funeral"],"picked":"VoidDream","floor":29},{"not_picked":["RapturousDream","Loneliness"],"picked":"SKIP","floor":29},{"not_picked":["GreenStem","Loneliness"],"picked":"Singing Bowl","floor":31},{"not_picked":["CENSORED_ego"],"picked":"GoldRush","floor":33},{"not_picked":["Noise+1","Hypocrisy"],"picked":"Singing Bowl","floor":35},{"not_picked":["SomewhereSpear+1"],"picked":"Christmas","floor":36},{"not_picked":["Noise","CherryBlossom"],"picked":"Singing Bowl","floor":37},{"not_picked":["BearPaw+1"],"picked":"Adoration","floor":38},{"not_picked":["Tough+1","Lamp+1"],"picked":"Singing Bowl","floor":39},{"not_picked":["Heaven+1","Soda"],"picked":"Singing Bowl","floor":40},{"not_picked":["Beak+1","Laetitia_ego"],"picked":"Singing Bowl","floor":42}],"player_experience":175215,"relics_obtained":[{"floor":5,"key":"Tiny Chest"},{"floor":6,"key":"Smiling Mask"},{"floor":9,"key":"Ancient Tea Set"},{"floor":11,"key":"Letter Opener"},{"floor":23,"key":"Omamori"},{"floor":25,"key":"Pantograph"},{"floor":26,"key":"The Courier"},{"floor":27,"key":"Red Mask"},{"floor":28,"key":"Grinning Jar"},{"floor":31,"key":"Runesmith:AutoHammer"},{"floor":40,"key":"Replay:Mystery Machine"},{"floor":42,"key":"Whetstone"},{"floor":43,"key":"Replay:Bandana"}],"event_choices":[{"cards_removed":["SpecialBullet"],"damage_healed":0,"gold_gain":0,"player_choice":"Purged","damage_taken":0,"max_hp_gain":0,"max_hp_loss":0,"event_name":"Purifier","floor":14,"gold_loss":0},{"damage_healed":0,"gold_gain":0,"player_choice":"Fought Bandits","damage_taken":0,"max_hp_gain":0,"max_hp_loss":0,"event_name":"Masked Bandits","floor":27,"gold_loss":0},{"damage_healed":0,"gold_gain":0,"player_choice":"Took Portal","damage_taken":0,"max_hp_gain":0,"max_hp_loss":0,"event_name":"SecretPortal","floor":45,"gold_loss":0}],"is_beta":false,"boss_relics":[{"not_picked":["Busted Crown","Empty Cage"],"picked":"Sozu"},{"not_picked":["Astrolabe","Kintsugi"],"picked":"Painkiller Herb"}],"items_purged_floors":[13],"is_endless":false,"potions_floor_spawned":[1,10,18,22,33,36,37,38],"ascension_level":1}}