{"host":"egkmzmldr8t233lo","time":1609259949,"event":{"mods":["Act Like it!","BaseMod","Colored Powertips","Luminous","Minty Spire (QoL Compilation)","MostiFishMod","Replay The Spire","StSLib","¡¾ÒÅÎï¿¨ÅÆ¡¿REMEMod"],"gold_per_floor":[115,135,151,151,151,228,153,183,207,233,250,250,250,279,279,380,380,442,506,53,108,168,168,238,138,219,219,219,245,245,304,304,453,453,469,35,90,185,185,185,259,259,259,329,340,398,408,471,471,471,471,471,220,254,254],"floor_reached":56,"playtime":2679,"items_purged":["Luminous:Light_Flash_Shower","Luminous:Magic_Accelerate_Luminous"],"score":1750,"play_id":"a5474338-4bbf-47f1-95f0-49646c81854e","local_time":"20201230003909","is_ascension_mode":false,"campfire_choices":[{"floor":12,"key":"RECALL"},{"floor":15,"key":"REST"},{"floor":23,"key":"REST"},{"floor":30,"key":"REST"},{"floor":40,"key":"REST"},{"floor":49,"key":"REST"},{"floor":52,"key":"REST"}],"circlet_count":0,"master_deck":["Luminous:Dark_Abyssal_Drop+1","Luminous:Dark_Abyssal_Drop+1","Luminous:Dark_Abyssal_Drop","Luminous:Defend_Luminous","Luminous:Defend_Luminous","Luminous:Defend_Luminous","Luminous:Defend_Luminous","Luminous:Switch_Luminous","Luminous:Lights_Protection_Luminous+1","Luminous:Abyss_Heart_Luminous+1","Luminous:Equalize_Luminous","Luminous:Dark_Moonlight_Spear+1","Luminous:Darkness_Mastery_Luminous+1","Luminous:Dark_Crescendo_Luminous+1","Luminous:Dark_Morning_Star","Luminous:Balance_Death_Scythe+1","Luminous:Date_of_Light_Luminous+1","Luminous:Armageddon_Luminous+1","Luminous:Dusk_Guard_Luminous+1","Luminous:Arcane_Rage_Luminous","Luminous:Erosion_Luminous","Luminous:Photic_Meditation_Luminous+1","Luminous:Lania_Blessing_Luminous"],"relics":["Luminous:MirrorRelic","REME_ComplimentaryCards","DaveBox","ShadowXiaoBlade","SynthV:TestCard","ReplayTheSpireMod:Ring of Challenge","Ring of Hypnosis","Regal Pillow","ReplayTheSpireMod:TigerMarble","Eternal Feather","REME_HourglassOfDeath","Gremlin Food","Fusion Hammer","Guide Book","DianDianMeat","Civilization","StoneCalendar","Divine Protection","Shuriken","Potion Belt","Ornamental Fan","ExusiaiGun","Replay:Rubber Ducky","Replay:Baseball","Medical Kit","Du-Vu Doll","Blood Vial","Ginger","The Courier","SynthV:C4","BranchBurnRelic","Dodecahedron","Nunchaku","Turnip"],"acts_visited":["Exordium","TheCity","TheBeyond","TheEnding"],"potions_floor_usage":[6,18,18,18,19,22,24,29,55,55,55,55,55],"damage_taken":[{"damage":0,"enemies":"Jaw Worm","floor":1,"turns":3},{"damage":0,"enemies":"2 Louse","floor":2,"turns":1},{"damage":0,"enemies":"Cultist","floor":3,"turns":3},{"damage":42,"enemies":"3 Sentries","floor":6,"turns":8},{"damage":16,"enemies":"Gremlin Nob","floor":8,"turns":4},{"damage":1,"enemies":"Replay:BlueRogue","floor":10,"turns":4},{"damage":7,"enemies":"Exordium Wildlife","floor":11,"turns":3},{"damage":11,"enemies":"Lagavulin","floor":14,"turns":4},{"damage":28,"enemies":"The Guardian","floor":16,"turns":7},{"damage":6,"enemies":"Spheric Guardian","floor":18,"turns":1},{"damage":13,"enemies":"Chosen","floor":19,"turns":5},{"damage":35,"enemies":"Snecko","floor":21,"turns":5},{"damage":16,"enemies":"Centurion and Healer","floor":22,"turns":2},{"damage":0,"enemies":"Gremlin Leader","floor":24,"turns":4},{"damage":4,"enemies":"REME_1_Revenger","floor":29,"turns":4},{"damage":0,"enemies":"Sentry and Sphere","floor":31,"turns":2},{"damage":0,"enemies":"Champ","floor":33,"turns":7},{"damage":0,"enemies":"3 Shapes","floor":35,"turns":2},{"damage":0,"enemies":"3 Darklings","floor":37,"turns":4},{"damage":0,"enemies":"Mind Bloom Boss Battle","floor":38,"turns":2},{"damage":0,"enemies":"Giant Head","floor":41,"turns":3},{"damage":18,"enemies":"R_Hoarder","floor":44,"turns":3},{"damage":0,"enemies":"Maw","floor":45,"turns":2},{"damage":16,"enemies":"Sphere and 2 Shapes","floor":46,"turns":2},{"damage":0,"enemies":"Transient","floor":47,"turns":2},{"damage":6,"enemies":"Maw","floor":48,"turns":1},{"damage":0,"enemies":"Donu and Deca","floor":50,"turns":1},{"damage":0,"enemies":"Shield and Spear","floor":54,"turns":3},{"damage":0,"enemies":"The Heart","floor":55,"turns":2}],"seed_played":"-4322405976544600427","potions_obtained":[{"floor":3,"key":"Weak Potion"},{"floor":8,"key":"Block Potion"},{"floor":14,"key":"Explosive Potion"},{"floor":16,"key":"Explosive Potion"},{"floor":18,"key":"AttackPotion"},{"floor":19,"key":"Adrenaline Potion"},{"floor":21,"key":"LiquidMemories"},{"floor":22,"key":"AttackPotion"},{"floor":37,"key":"SteroidPotion"},{"floor":38,"key":"ColorlessPotion"},{"floor":46,"key":"Energy Potion"},{"floor":47,"key":"Weak Potion"},{"floor":48,"key":"CultistPotion"}],"is_trial":false,"path_per_floor":["M","M","M","?","?","E","$","E","T","E","M","R","T","E","R","B",null,"M","M","$","M","M","R","E","$","T","?","?","E","R","M","R","B",null,"M","$","M","?","$","R","E","?","T","E","M","M","M","M","R","B",null,"R","$","E","B",null],"character_chosen":"LuminousClass","items_purchased":["Guide Book","DianDianMeat","Replay:Rubber Ducky","Replay:Baseball","Medical Kit","Dodecahedron","Nunchaku"],"campfire_rested":6,"item_purchase_floors":[20,20,36,36,36,53,53],"current_hp_per_floor":[75,75,75,75,75,33,33,17,17,16,9,18,18,7,53,25,75,73,60,60,25,11,58,65,65,65,49,50,54,98,110,110,124,124,138,138,160,183,183,183,207,207,207,218,246,266,326,351,357,390,390,390,390,431,467],"gold":254,"neow_bonus":"TRANSFORM_CARD","is_daily":false,"chose_seed":false,"campfire_upgraded":0,"win_rate":0.0,"timestamp":1609259949,"path_taken":["M","M","M","?","?","E","?","E","T","E","M","R","?","E","R","BOSS","M","M","$","M","M","R","E","$","T","?","?","E","R","M","R","BOSS","M","$","M","?","$","R","E","?","T","E","M","M","?","M","R","BOSS","R","$","E","BOSS"],"items_purchased_type":["Relic","Relic","Relic","Relic","Relic","Relic","Relic"],"build_version":"2020-12-22","purchased_purges":2,"victory":true,"max_hp_per_floor":[75,75,75,75,75,75,75,75,75,75,75,75,75,75,75,75,75,75,75,75,75,77,77,84,84,84,89,90,98,98,110,110,124,124,138,138,160,183,183,183,207,207,207,236,262,296,326,357,357,390,390,390,390,431,467],"card_choices":[{"not_picked":["Luminous:Light_Wash_Luminous","Luminous:Lights_Protection_Luminous"],"picked":"Luminous:Magic_Accelerate_Luminous","floor":1},{"not_picked":["Luminous:Blinding_Pillar_Luminous","Luminous:Concentrate_Luminous","Luminous:Light_Sylvan_Lance","Luminous:Light_Disperse"],"picked":"Luminous:Abyss_Heart_Luminous","floor":2},{"not_picked":["Luminous:Light_Disperse","Luminous:Light_Gather","Luminous:Light_Sylvan_Lance","Luminous:Concentrate_Luminous"],"picked":"Luminous:Equalize_Luminous","floor":3},{"not_picked":["Luminous:Darks_Surge_Luminous","Luminous:Accumulation_Luminous","Luminous:Balance_Ender","Luminous:Dark_Dim_Erosion"],"picked":"Luminous:Darkness_Mastery_Luminous","floor":6},{"not_picked":["Luminous:Phantom_Treasure_Luminous","Luminous:Fast_Spell_Luminous","Luminous:Photic_Meditation_Luminous","Luminous:Shadow_Shell_Luminous"],"picked":"Luminous:Dark_Morning_Star","floor":8},{"not_picked":["Luminous:Blinding_Pillar_Luminous","Luminous:Light_Disperse","Luminous:Dark_Pressure_Void","Luminous:Mana_Overload_Luminous","Luminous:Magic_Boost_Luminous"],"picked":"SKIP","floor":10},{"not_picked":["Luminous:Accumulation_Luminous","Luminous:Dark_Moonlight_Spear","Luminous:Magic_Boost_Luminous","Luminous:Blinding_Pillar_Luminous"],"picked":"Luminous:Balance_Death_Scythe","floor":11},{"not_picked":["Luminous:Light_Wash_Luminous","Luminous:Light_Sylvan_Lance","Luminous:Dark_Raid","Luminous:Light_Disperse"],"picked":"Luminous:Date_of_Light_Luminous","floor":14},{"not_picked":["Luminous:Mirror_Force_Luminous","Luminous:Dark_Crescendo_Luminous","Luminous:Equalize_Luminous","Luminous:Date_of_Light_Luminous"],"picked":"Luminous:Armageddon_Luminous","floor":16},{"not_picked":["Luminous:Darks_Surge_Luminous+1","Luminous:Dark_Raid","Luminous:Light_Glare+1","Luminous:Light_Disperse+1","Luminous:Magic_Accelerate_Luminous"],"picked":"SKIP","floor":18},{"not_picked":["Luminous:Light_Disperse+1","Luminous:Light_Ray_of_Redemption","Luminous:Light_Wash_Luminous","Luminous:Light_Glare","Luminous:Accumulation_Luminous"],"picked":"SKIP","floor":19},{"not_picked":["Luminous:Accumulation_Luminous+1","Luminous:Balance_Baptism","Luminous:Blinding_Pillar_Luminous","Luminous:Light_Glare+1","Luminous:Reverse_Spell_Luminous"],"picked":"SKIP","floor":21},{"not_picked":["Luminous:Dark_Morning_Star","Luminous:Dark_Dim_Erosion","Luminous:Darks_Surge_Luminous","Luminous:Blinding_Pillar_Luminous","Luminous:Light_Sylvan_Lance"],"picked":"SKIP","floor":22},{"not_picked":["Luminous:Darks_Surge_Luminous","Luminous:Phantom_Treasure_Luminous+1","Luminous:Balance_Baptism","Luminous:Light_Disperse+1","Luminous:Concentrate_Luminous+1"],"picked":"SKIP","floor":24},{"not_picked":["Luminous:Light_Gather","Luminous:Dark_Raid+1","Luminous:Dark_Pressure_Void","Luminous:Light_Glare","Luminous:Reverse_Spell_Luminous"],"picked":"SKIP","floor":29},{"not_picked":["Luminous:Light_Disperse","Luminous:Magic_Guard_Luminous","Luminous:Light_Sylvan_Lance","Luminous:Balance_Ender+1"],"picked":"Luminous:Dusk_Guard_Luminous+1","floor":31},{"not_picked":["Luminous:Chaos_Field_Luminous","Luminous:Equalize_Luminous","Luminous:Mirror_Force_Luminous","Luminous:Balance_Aether_Conduit"],"picked":"Luminous:Arcane_Rage_Luminous","floor":33},{"not_picked":["Luminous:Light_Gather+1","Luminous:Light_Spectral_Light+1","Luminous:Light_Sylvan_Lance","Luminous:Dark_Dim_Erosion","Luminous:Light_Disperse+1"],"picked":"SKIP","floor":35},{"not_picked":["Luminous:Light_Glare+1","Luminous:Light_Gather+1","Luminous:Dark_Raid+1","Luminous:Light_Sylvan_Lance+1","Luminous:Concentrate_Luminous+1"],"picked":"SKIP","floor":37},{"not_picked":["Luminous:Darks_Surge_Luminous+1","Luminous:Lania_Blessing_Luminous","Luminous:Dark_Extract","Luminous:Dark_Dim_Erosion+1","Luminous:Balance_Death_Scythe"],"picked":"SKIP","floor":41},{"not_picked":["Luminous:Magic_Accelerate_Luminous+1","Luminous:Light_Wash_Luminous+1","Luminous:Concentrate_Luminous","Luminous:Accumulation_Luminous+1"],"picked":"Luminous:Erosion_Luminous","floor":44},{"not_picked":["Luminous:Concentrate_Luminous+1","Luminous:Dark_Pressure_Void","Luminous:Dark_Dim_Erosion+1","Luminous:Magic_Boost_Luminous","Luminous:Light_Spectral_Light+1"],"picked":"SKIP","floor":45},{"not_picked":["Luminous:Dark_Raid+1","Luminous:Light_Wash_Luminous+1","Luminous:Light_Disperse","Luminous:Blinding_Pillar_Luminous"],"picked":"Luminous:Photic_Meditation_Luminous+1","floor":46},{"not_picked":["Luminous:Erosion_Luminous","Luminous:Dark_Dim_Erosion+1","Luminous:Shadow_Shell_Luminous+1","Luminous:Light_Glare","Luminous:Dark_Raid+1"],"picked":"SKIP","floor":47},{"not_picked":["Luminous:Blinding_Pillar_Luminous","Luminous:Light_Ray_of_Redemption","Luminous:Dusk_Guard_Luminous","Luminous:Tune_Luminous","Luminous:Concentrate_Luminous+1"],"picked":"SKIP","floor":48},{"not_picked":["Luminous:Lights_Protection_Luminous","Luminous:Accumulation_Luminous+1","Luminous:Light_Gather","Luminous:Light_Glare+1"],"picked":"Luminous:Lania_Blessing_Luminous","floor":54}],"player_experience":243477,"relics_obtained":[{"floor":1,"key":"SynthV:TestCard"},{"floor":5,"key":"ReplayTheSpireMod:Ring of Challenge"},{"floor":5,"key":"Ring of Hypnosis"},{"floor":6,"key":"Regal Pillow"},{"floor":8,"key":"ReplayTheSpireMod:TigerMarble"},{"floor":10,"key":"Eternal Feather"},{"floor":13,"key":"REME_HourglassOfDeath"},{"floor":14,"key":"Gremlin Food"},{"floor":21,"key":"Civilization"},{"floor":24,"key":"StoneCalendar"},{"floor":26,"key":"Divine Protection"},{"floor":29,"key":"Shuriken"},{"floor":31,"key":"Potion Belt"},{"floor":38,"key":"Du-Vu Doll"},{"floor":41,"key":"Blood Vial"},{"floor":41,"key":"Ginger"},{"floor":43,"key":"Dead Branch"},{"floor":44,"key":"The Courier"},{"floor":48,"key":"SynthV:C4"},{"floor":54,"key":"Turnip"}],"event_choices":[{"damage_healed":0,"gold_gain":0,"player_choice":"Shed Blood","damage_taken":21,"max_hp_gain":5,"max_hp_loss":0,"event_name":"Forgotten Altar","floor":27,"gold_loss":0},{"damage_healed":0,"gold_gain":0,"player_choice":"Copied","damage_taken":0,"max_hp_gain":0,"max_hp_loss":0,"event_name":"Duplicator","floor":28,"gold_loss":0,"cards_obtained":["Luminous:Balance_Death_Scythe"]},{"cards_removed":["Luminous:Balance_Death_Scythe"],"damage_healed":0,"gold_gain":0,"player_choice":"Gave Card","damage_taken":0,"relics_obtained":["Ornamental Fan"],"max_hp_gain":0,"max_hp_loss":0,"event_name":"WeMeetAgain","floor":32,"gold_loss":0},{"damage_healed":0,"gold_gain":0,"player_choice":"Fight","damage_taken":0,"max_hp_gain":0,"max_hp_loss":0,"event_name":"MindBloom","floor":38,"gold_loss":0},{"damage_healed":0,"gold_gain":0,"player_choice":"Upgraded","damage_taken":0,"max_hp_gain":0,"max_hp_loss":0,"event_name":"Upgrade Shrine","floor":42,"gold_loss":0,"cards_upgraded":["Luminous:Balance_Death_Scythe"]}],"is_beta":false,"boss_relics":[{"not_picked":["Coffee Dripper","OneHitWonderSystem"],"picked":"Fusion Hammer"},{"not_picked":["Astrolabe","Replay:Ancient Bell"],"picked":"ExusiaiGun"}],"items_purged_floors":[7,25],"is_endless":false,"potions_floor_spawned":[3,8,14,16,18,19,21,22,37,38,46,47,48],"ascension_level":0}}