{"host":"baymyijz6sxaqj5s","time":1609238051,"event":{"mods":["AchievementEnabler","BaseMod","Colored Map","Colored Powertips","DeckTracker","Highlight Path","KOR Keyword Fix","Keyboard Shortcuts","Minty Spire (QoL Compilation)","Quick Restart","StSLib","SuperFastMode"],"gold_per_floor":[114,114,114,128,105,123,123,123,149,149,149,207,220,20,20,118,118,136,38,65,65,81,81,81,95,95,106,106,123,123,134,134,134,134],"floor_reached":33,"playtime":1431,"items_purged":[],"score":235,"play_id":"b7ef4b6e-be1f-4971-9a80-1d57c685de0f","local_time":"20201229193411","is_ascension_mode":false,"campfire_choices":[{"data":"Dualcast","floor":7,"key":"SMITH"},{"data":"Zap","floor":10,"key":"SMITH"},{"data":"Chaos","floor":15,"key":"SMITH"},{"floor":23,"key":"REST"},{"data":"Self Repair","floor":28,"key":"SMITH"},{"floor":32,"key":"REST"}],"circlet_count":0,"master_deck":["Strike_B+1","Strike_B+1","Defend_B+1","Defend_B+1","Defend_B+1","Defend_B+1","Zap+1","Dualcast+1","Stack","Redo+1","Cold Snap","Sweeping Beam","Chaos+1","Conserve Battery","Machine Learning","Defragment","Coolheaded","Self Repair+1","Darkness","Biased Cognition","Capacitor"],"relics":["Cracked Core","Regal Pillow","Shovel","Bag of Marbles","SlaversCollar","Red Mask","Prayer Wheel","MutagenicStrength"],"acts_visited":["Exordium","TheCity"],"potions_floor_usage":[12,22,22,22,29,31,33,33],"damage_taken":[{"damage":0,"enemies":"Cultist","floor":1,"turns":3},{"damage":6,"enemies":"Jaw Worm","floor":4,"turns":3},{"damage":0,"enemies":"Small Slimes","floor":6,"turns":3},{"damage":10,"enemies":"3 Sentries","floor":12,"turns":8},{"damage":0,"enemies":"2 Fungi Beasts","floor":13,"turns":2},{"damage":6,"enemies":"The Guardian","floor":16,"turns":11},{"damage":5,"enemies":"Shell Parasite","floor":18,"turns":7},{"damage":51,"enemies":"Masked Bandits","floor":20,"turns":6},{"damage":21,"enemies":"2 Thieves","floor":22,"turns":4},{"damage":9,"enemies":"Centurion and Healer","floor":25,"turns":9},{"damage":1,"enemies":"Sentry and Sphere","floor":27,"turns":8},{"damage":0,"enemies":"Snake Plant","floor":29,"turns":5},{"damage":15,"enemies":"Centurion and Healer","floor":31,"turns":8},{"damage":101,"enemies":"Collector","floor":33,"turns":17}],"seed_played":"8738023843041591152","potions_obtained":[{"floor":4,"key":"AttackPotion"},{"floor":13,"key":"EssenceOfDarkness"},{"floor":18,"key":"EntropicBrew"},{"floor":20,"key":"Regen Potion"},{"floor":29,"key":"DuplicationPotion"}],"is_trial":false,"path_per_floor":["M","?","$","M","$","M","R","?","T","R","?","?","M","$","R","B",null,"M","$","?","?","M","R","?","M","T","M","R","M","?","M","R","B"],"character_chosen":"DEFECT","items_purchased":["Redo","Conserve Battery","Bag of Marbles","Coolheaded","Self Repair"],"campfire_rested":2,"item_purchase_floors":[5,14,14,19,19],"current_hp_per_floor":[82,82,82,76,76,76,76,76,76,76,69,59,59,59,59,53,82,77,77,33,17,15,56,56,54,54,60,60,70,70,65,87,0,0],"gold":134,"neow_bonus":"TEN_PERCENT_HP_BONUS","is_daily":false,"chose_seed":false,"campfire_upgraded":4,"win_rate":0.0,"timestamp":1609238051,"path_taken":["M","?","?","M","$","M","R","?","T","R","?","?","M","?","R","BOSS","M","$","?","?","M","R","?","M","T","?","R","M","?","M","R","BOSS"],"items_purchased_type":["Card","Card","Relic","Card","Card"],"build_version":"2020-12-22","purchased_purges":0,"victory":false,"max_hp_per_floor":[82,82,82,82,82,82,82,82,82,82,82,82,82,82,82,82,82,82,82,82,87,87,87,87,87,87,87,87,87,87,87,87,87,87],"card_choices":[{"not_picked":["Cold Snap","Steam Power"],"picked":"Stack","floor":1},{"not_picked":["Barrage","Static Discharge","Reinforced Body"],"picked":"SKIP","floor":4},{"not_picked":["Melter","Compile Driver"],"picked":"Cold Snap","floor":6},{"not_picked":["Redo","Beam Cell"],"picked":"Sweeping Beam","floor":12},{"not_picked":["Redo","All For One"],"picked":"Chaos","floor":13},{"not_picked":["Hyperbeam","Core Surge"],"picked":"Machine Learning","floor":16},{"not_picked":["Stack+1","Sweeping Beam"],"picked":"Defragment","floor":18},{"not_picked":["Redo","Rip and Tear"],"picked":"Darkness","floor":22},{"not_picked":["Coolheaded","Blizzard","Heatsinks"],"picked":"SKIP","floor":25},{"not_picked":["Stack+1","Fusion"],"picked":"Biased Cognition","floor":27},{"not_picked":["Lockon+1","Turbo+1","Streamline"],"picked":"SKIP","floor":27},{"not_picked":["Redo","Compile Driver"],"picked":"Capacitor","floor":29},{"not_picked":["Defragment","Streamline","Stack"],"picked":"SKIP","floor":29},{"not_picked":["Rebound","Sweeping Beam+1","Darkness"],"picked":"SKIP","floor":31},{"not_picked":["Force Field","Melter","Rebound"],"picked":"SKIP","floor":31}],"player_experience":291830,"relics_obtained":[{"floor":9,"key":"Regal Pillow"},{"floor":12,"key":"Shovel"},{"floor":20,"key":"Red Mask"},{"floor":26,"key":"Prayer Wheel"}],"event_choices":[{"cards_removed":["Strike_B"],"damage_healed":0,"gold_gain":0,"player_choice":"Purged","damage_taken":0,"max_hp_gain":0,"max_hp_loss":0,"event_name":"Purifier","floor":2,"gold_loss":0},{"damage_healed":0,"gold_gain":0,"player_choice":"Grow","damage_taken":0,"max_hp_gain":0,"max_hp_loss":0,"event_name":"Living Wall","floor":8,"gold_loss":0,"cards_upgraded":["Redo"]},{"cards_removed":["Strike_B"],"damage_healed":0,"gold_gain":0,"player_choice":"Card Removal","damage_taken":7,"max_hp_gain":0,"max_hp_loss":0,"event_name":"Golden Wing","floor":11,"gold_loss":0},{"damage_healed":0,"gold_gain":0,"player_choice":"Searched \u00271\u0027 times","damage_taken":0,"max_hp_gain":0,"max_hp_loss":0,"event_name":"Dead Adventurer","floor":12,"gold_loss":0},{"damage_healed":0,"gold_gain":0,"player_choice":"Fought Bandits","damage_taken":0,"max_hp_gain":0,"max_hp_loss":0,"event_name":"Masked Bandits","floor":20,"gold_loss":0},{"damage_healed":0,"gold_gain":0,"player_choice":"Shed Blood","damage_taken":21,"max_hp_gain":5,"max_hp_loss":0,"event_name":"Forgotten Altar","floor":21,"gold_loss":0},{"damage_healed":0,"gold_gain":0,"player_choice":"Simplicity","damage_taken":0,"max_hp_gain":0,"max_hp_loss":0,"event_name":"Back to Basics","floor":24,"gold_loss":0,"cards_upgraded":["Strike_B","Strike_B","Defend_B","Defend_B","Defend_B","Defend_B"]},{"damage_healed":0,"gold_gain":0,"player_choice":"Inject Mutagens","damage_taken":0,"relics_obtained":["MutagenicStrength"],"max_hp_gain":0,"max_hp_loss":0,"event_name":"Drug Dealer","floor":30,"gold_loss":0}],"is_beta":false,"boss_relics":[{"not_picked":["Astrolabe","Black Star"],"picked":"SlaversCollar"}],"items_purged_floors":[],"is_endless":false,"potions_floor_spawned":[4,13,18,20,22,25,29],"killed_by":"Collector","ascension_level":0}}