{"host":"0ydzwspkajt4brzd","time":1609222812,"event":{"mods":["AchievementEnabler","BaseMod","Colored Map","DeckTracker","Googly Eyes","Highlight Path","Minty Spire (QoL Compilation)","Quick Restart","Random Character Button","Rare Cards Sparkle"],"gold_per_floor":[113,113,123,133,144,144,178,178,202,215,215,215,29,48,48,151,151,169,183,183,108,121,154,154,183,183,183,197,197,214,214,214,315,315,331,331,331,343,362,362,374,391,391,147,178,23,34,49,49,49,49,49,0,0,0],"floor_reached":54,"playtime":3330,"items_purged":["Strike_R","Decay"],"score":1135,"play_id":"dba9604a-9543-4a3b-baad-e60b90387fff","local_time":"20201228222012","is_ascension_mode":true,"campfire_choices":[{"data":"Barricade","floor":6.0,"key":"SMITH"},{"data":"Entrench","floor":8.0,"key":"SMITH"},{"data":"Metallicize","floor":11.0,"key":"SMITH"},{"data":"Apotheosis","floor":15.0,"key":"SMITH"},{"data":"Battle Trance","floor":24.0,"key":"SMITH"},{"data":"Sentinel","floor":27.0,"key":"SMITH"},{"data":"Shrug It Off","floor":32.0,"key":"SMITH"},{"data":"Body Slam","floor":40.0,"key":"SMITH"},{"floor":49.0,"key":"RECALL"},{"data":"Demon Form","floor":52.0,"key":"SMITH"}],"circlet_count":0,"master_deck":["Strike_R","Strike_R","Strike_R","Defend_R","Defend_R","Defend_R","Defend_R","Bash+1","Metallicize+1","Battle Trance+1","Headbutt","Barricade+1","Entrench+1","Apotheosis+1","Sentinel+1","Juggernaut","True Grit+1","Iron Wave+1","Inflame","Shrug It Off+1","Demon Form+1","Body Slam+1","Metallicize+1","Parasite","Warcry","Limit Break","Headbutt","Parasite","Body Slam+1"],"relics":["Burning Blood","NeowsBlessing","Regal Pillow","Bronze Scales","Lantern","Coffee Dripper","Anchor","Blood Vial","Bottled Tornado","Matryoshka","Cursed Key","Potion Belt","TheAbacus","Shuriken","Oddly Smooth Stone"],"acts_visited":["Exordium","TheCity","TheBeyond","TheEnding"],"potions_floor_usage":[54],"damage_taken":[{"damage":0.0,"enemies":"Small Slimes","floor":1.0,"turns":1.0},{"damage":0.0,"enemies":"Cultist","floor":3.0,"turns":1.0},{"damage":0.0,"enemies":"2 Louse","floor":4.0,"turns":1.0},{"damage":10.0,"enemies":"Exordium Thugs","floor":5.0,"turns":6.0},{"damage":26.0,"enemies":"Lagavulin","floor":7.0,"turns":11.0},{"damage":9.0,"enemies":"Large Slime","floor":10.0,"turns":13.0},{"damage":1.0,"enemies":"2 Fungi Beasts","floor":14.0,"turns":4.0},{"damage":0.0,"enemies":"Slime Boss","floor":16.0,"turns":17.0},{"damage":11.0,"enemies":"Shell Parasite","floor":18.0,"turns":6.0},{"damage":15.0,"enemies":"Spheric Guardian","floor":19.0,"turns":5.0},{"damage":14.0,"enemies":"Snake Plant","floor":22.0,"turns":4.0},{"damage":42.0,"enemies":"Slavers","floor":23.0,"turns":9.0},{"damage":23.0,"enemies":"Book of Stabbing","floor":25.0,"turns":6.0},{"damage":0.0,"enemies":"Snecko","floor":28.0,"turns":7.0},{"damage":0.0,"enemies":"Centurion and Healer","floor":30.0,"turns":8.0},{"damage":0.0,"enemies":"Collector","floor":33.0,"turns":10.0},{"damage":3.0,"enemies":"Orb Walker","floor":35.0,"turns":4.0},{"damage":3.0,"enemies":"3 Darklings","floor":38.0,"turns":7.0},{"damage":1.0,"enemies":"Writhing Mass","floor":39.0,"turns":6.0},{"damage":0.0,"enemies":"Sphere and 2 Shapes","floor":41.0,"turns":8.0},{"damage":2.0,"enemies":"Maw","floor":42.0,"turns":7.0},{"damage":21.0,"enemies":"Reptomancer","floor":45.0,"turns":6.0},{"damage":6.0,"enemies":"Writhing Mass","floor":47.0,"turns":5.0},{"damage":0.0,"enemies":"4 Shapes","floor":48.0,"turns":8.0},{"damage":7.0,"enemies":"Time Eater","floor":50.0,"turns":9.0},{"damage":84,"enemies":"Shield and Spear","floor":54,"turns":5}],"seed_played":"-4961693944304942985","potions_obtained":[{"floor":1.0,"key":"Explosive Potion"},{"floor":3.0,"key":"ColorlessPotion"},{"floor":5.0,"key":"FearPotion"},{"floor":10.0,"key":"DuplicationPotion"},{"floor":14.0,"key":"Regen Potion"},{"floor":23.0,"key":"BloodPotion"},{"floor":25.0,"key":"Fire Potion"},{"floor":30.0,"key":"Explosive Potion"},{"floor":35.0,"key":"Block Potion"},{"floor":41.0,"key":"Strength Potion"},{"floor":42.0,"key":"DistilledChaos"}],"is_trial":false,"path_per_floor":["M","?","M","M","M","R","E","R","T","M","R","?","$","M","R","B",null,"M","M","?","$","M","E","R","E","T","R","M","T","M","?","R","B",null,"M","?","?","M","M","R","M","M","T","$","E","$","M","M","R","B",null,"R","$","E"],"character_chosen":"IRONCLAD","items_purchased":["Apotheosis","TheAbacus","Oddly Smooth Stone","Block Potion"],"campfire_rested":0,"item_purchase_floors":[13,44,46,53],"current_hp_per_floor":[78,78,80,80,76,76,56,56,56,53,53,41,41,46,46,52,73,68,59,59,59,51,30,30,13,13,13,37,37,45,39,39,47,72,77,77,77,80,80,80,80,80,80,80,65,65,67,75,75,76,79,79,79,0,0],"gold":0,"neow_bonus":"THREE_ENEMY_KILL","is_daily":false,"chose_seed":false,"campfire_upgraded":9,"win_rate":0.0,"timestamp":1609222812,"path_taken":["M","?","M","?","M","R","E","R","T","M","R","?","$","M","R","BOSS","M","M","?","$","?","E","R","E","T","R","M","?","M","?","R","BOSS","M","?","?","M","?","R","M","M","T","$","E","$","M","?","R","BOSS","R","$","E"],"items_purchased_type":["Card","Relic","Relic","Potion"],"build_version":"2020-12-22","purchased_purges":2,"victory":false,"max_hp_per_floor":[80,80,80,80,80,80,80,80,80,80,80,80,80,80,80,80,80,80,80,80,80,80,80,80,80,80,80,80,80,80,80,80,80,80,80,80,80,80,80,80,80,80,80,80,80,80,80,80,80,80,80,80,80,80,80],"card_choices":[{"not_picked":["Evolve","Seeing Red"],"picked":"Metallicize","floor":1.0},{"not_picked":["Cleave","Wild Strike"],"picked":"Battle Trance","floor":3.0},{"not_picked":["Warcry","Dropkick"],"picked":"Headbutt","floor":4.0},{"not_picked":["Twin Strike","Dropkick"],"picked":"Barricade","floor":5.0},{"not_picked":["Spot Weakness","Dual Wield"],"picked":"Entrench","floor":7.0},{"not_picked":["Havoc","Clash","Ghostly Armor"],"picked":"SKIP","floor":10.0},{"not_picked":["Evolve","Intimidate"],"picked":"Sentinel","floor":14.0},{"not_picked":["Corruption","Impervious"],"picked":"Juggernaut","floor":16.0},{"not_picked":["Pommel Strike","Evolve","Feel No Pain"],"picked":"SKIP","floor":18.0},{"not_picked":["Rupture","Havoc+1","Twin Strike"],"picked":"SKIP","floor":19.0},{"not_picked":["Pommel Strike","Perfected Strike+1"],"picked":"True Grit+1","floor":22.0},{"not_picked":["Shockwave","Iron Wave","Sword Boomerang+1"],"picked":"SKIP","floor":23.0},{"not_picked":["Limit Break","Clash"],"picked":"Iron Wave+1","floor":25.0},{"not_picked":["Flex","Perfected Strike"],"picked":"Inflame","floor":28.0},{"not_picked":["Burning Pact+1","Anger"],"picked":"Shrug It Off","floor":30.0},{"not_picked":["Feed","Fiend Fire"],"picked":"Demon Form","floor":33.0},{"not_picked":["Cleave+1","Clash+1"],"picked":"Body Slam","floor":35.0},{"not_picked":["Twin Strike+1","Sword Boomerang","Rage+1"],"picked":"SKIP","floor":38.0},{"not_picked":["Armaments+1","Pommel Strike"],"picked":"Warcry","floor":39.0},{"not_picked":["Heavy Blade","Dropkick"],"picked":"Limit Break","floor":41.0},{"not_picked":["Second Wind","Thunderclap+1"],"picked":"Headbutt","floor":42.0},{"not_picked":["Headbutt+1","Searing Blow","True Grit"],"picked":"SKIP","floor":45.0},{"not_picked":["Feel No Pain","Sever Soul"],"picked":"Body Slam+1","floor":47.0},{"not_picked":["Cleave","Fiend Fire","Sword Boomerang"],"picked":"SKIP","floor":48.0}],"player_experience":349024,"relics_obtained":[{"floor":7.0,"key":"Regal Pillow"},{"floor":9.0,"key":"Bronze Scales"},{"floor":23.0,"key":"Anchor"},{"floor":25.0,"key":"Blood Vial"},{"floor":26.0,"key":"Bottled Tornado"},{"floor":29.0,"key":"Matryoshka"},{"floor":43.0,"key":"Potion Belt"},{"floor":45.0,"key":"Shuriken"}],"event_choices":[{"damage_healed":0.0,"max_hp_gain":0.0,"max_hp_loss":0.0,"gold_gain":0.0,"event_name":"Upgrade Shrine","player_choice":"Upgraded","floor":2.0,"gold_loss":0.0,"damage_taken":0.0,"cards_upgraded":["Bash"]},{"damage_healed":0.0,"max_hp_gain":0.0,"max_hp_loss":0.0,"gold_gain":0.0,"event_name":"Scrap Ooze","player_choice":"Success","floor":12.0,"gold_loss":0.0,"damage_taken":12.0,"relics_obtained":["Lantern"]},{"cards_removed":["Strike_R"],"damage_healed":0.0,"max_hp_gain":0.0,"max_hp_loss":0.0,"gold_gain":0.0,"event_name":"Purifier","player_choice":"Purged","floor":20.0,"gold_loss":0.0,"damage_taken":0.0},{"damage_healed":0.0,"max_hp_gain":0.0,"max_hp_loss":0.0,"gold_gain":0.0,"event_name":"Knowing Skull","player_choice":"","floor":31.0,"potions_obtained":[],"gold_loss":0.0,"damage_taken":6.0,"cards_obtained":[]},{"damage_healed":0.0,"max_hp_gain":0.0,"max_hp_loss":0.0,"gold_gain":0.0,"event_name":"Tomb of Lord Red Mask","player_choice":"Ignored","floor":36.0,"gold_loss":0.0,"damage_taken":0.0},{"damage_healed":0.0,"max_hp_gain":0.0,"max_hp_loss":0.0,"gold_gain":0.0,"event_name":"Duplicator","player_choice":"Copied","floor":37.0,"gold_loss":0.0,"damage_taken":0.0,"cards_obtained":["Metallicize"]}],"is_beta":false,"boss_relics":[{"not_picked":["Tiny House","Ectoplasm"],"picked":"Coffee Dripper"},{"not_picked":["Velvet Choker","Pandora\u0027s Box"],"picked":"Cursed Key"}],"items_purged_floors":[21,44],"is_endless":false,"potions_floor_spawned":[1,3,5,10,14,23,25,30,35,38,41,42],"killed_by":"Shield and Spear","ascension_level":8}}