{"host":"jksa5rawk3m4gilz","time":1609246588,"event":{"mods":["BaseMod","Colored Map","Highlight Path","Minty Spire (QoL Compilation)","Quick Restart"],"gold_per_floor":[112,187,187,204,204,204,236,236,236,250,7,7,36,54,54,125,125,139,156,156,156,170,170,205,205,205,252,252,182,182,196,196,270,270,280,280,0,0,0,0,335,335,335,345,370,370,370,404,404,404],"floor_reached":51,"playtime":1403,"items_purged":[],"score":1433,"play_id":"219dfbb2-9c7c-4de4-99b5-d27c5f353aca","local_time":"20201229135628","is_ascension_mode":true,"campfire_choices":[{"data":"Neutralize","floor":6,"key":"SMITH"},{"data":"Blade Dance","floor":8,"key":"SMITH"},{"data":"Riddle With Holes","floor":12,"key":"SMITH"},{"data":"Accuracy","floor":15,"key":"SMITH"},{"floor":23,"key":"REST"},{"floor":25,"key":"REST"},{"floor":28,"key":"DIG"},{"floor":30,"key":"DIG"},{"floor":32,"key":"REST"},{"floor":40,"key":"DIG"},{"floor":42,"key":"REST"},{"floor":49,"key":"REST"}],"circlet_count":0,"master_deck":["AscendersBane","Strike_G","Defend_G","Defend_G","Defend_G","Defend_G","Defend_G","Survivor","Neutralize+1","Blade Dance+1","Deflect","Deflect","Accuracy+1","Deflect","Doppelganger","Phantasmal Killer","Accuracy+1","Blade Dance","Footwork+1","Endless Agony","Infinite Blades+1","Accuracy+1","Night Terror+1","Footwork+1","Writhe","Storm of Steel","Clumsy","Writhe","Decay","Sucker Punch+1"],"relics":["Ring of the Snake","NeowsBlessing","Akabeko","Orichalcum","Paper Crane","Frozen Egg 2","WristBlade","Shovel","Darkstone Periapt","WingedGreaves","Vajra","StoneCalendar","Bag of Marbles","Cursed Key","Pear","Gremlin Horn","Old Coin","Bronze Scales","Juzu Bracelet","Ice Cream"],"acts_visited":["Exordium","TheCity","TheBeyond"],"potions_floor_usage":[16,19,48,50],"damage_taken":[{"damage":0,"enemies":"Small Slimes","floor":1,"turns":1},{"damage":0,"enemies":"2 Louse","floor":4,"turns":1},{"damage":0,"enemies":"3 Sentries","floor":7,"turns":1},{"damage":0,"enemies":"Cultist","floor":10,"turns":3},{"damage":0,"enemies":"Gremlin Nob","floor":13,"turns":2},{"damage":0,"enemies":"Exordium Thugs","floor":14,"turns":3},{"damage":40,"enemies":"Slime Boss","floor":16,"turns":14},{"damage":1,"enemies":"Shell Parasite","floor":18,"turns":2},{"damage":18,"enemies":"2 Thieves","floor":19,"turns":4},{"damage":9,"enemies":"Snake Plant","floor":22,"turns":4},{"damage":16,"enemies":"Book of Stabbing","floor":24,"turns":4},{"damage":12,"enemies":"Snecko","floor":31,"turns":3},{"damage":29,"enemies":"Champ","floor":33,"turns":7},{"damage":0,"enemies":"Orb Walker","floor":35,"turns":1},{"damage":33,"enemies":"Nemesis","floor":41,"turns":5},{"damage":0,"enemies":"3 Shapes","floor":44,"turns":4},{"damage":26,"enemies":"Reptomancer","floor":48,"turns":5},{"damage":39,"enemies":"Time Eater","floor":50,"turns":7}],"seed_played":"-2001371744222085737","potions_obtained":[{"floor":7,"key":"ColorlessPotion"},{"floor":13,"key":"ColorlessPotion"},{"floor":16,"key":"Strength Potion"},{"floor":19,"key":"BlessingOfTheForge"},{"floor":33,"key":"SpeedPotion"}],"is_trial":false,"path_per_floor":["M","?","?","M","?","R","E","R","T","M","$","R","E","M","R","B",null,"M","M","?","?","M","R","E","R","T","T","R","$","R","M","R","B",null,"M","?","$","?","$","R","E","R","T","M","T","?","?","E","R","B",null],"character_chosen":"THE_SILENT","items_purchased":["Paper Crane","Infinite Blades+1","Pear","Footwork+1"],"campfire_rested":5,"item_purchase_floors":[11,29,37,37],"current_hp_per_floor":[59,48,48,48,48,48,48,48,48,48,48,48,48,48,48,8,52,51,33,33,33,24,43,27,46,46,46,46,46,46,34,53,24,56,56,56,66,82,82,82,49,73,79,79,85,85,91,65,95,56],"gold":404,"neow_bonus":"THREE_ENEMY_KILL","is_daily":false,"chose_seed":false,"campfire_upgraded":4,"win_rate":0.0,"timestamp":1609246588,"path_taken":["M","?","?","M","?","R","E","R","T","?","?","R","E","M","R","BOSS","M","M","?","?","M","R","E","R","T","?","R","$","R","M","R","BOSS","M","?","?","?","$","R","E","R","T","M","?","?","?","E","R","BOSS"],"items_purchased_type":["Relic","Card","Relic","Card"],"build_version":"2020-12-22","purchased_purges":0,"victory":true,"max_hp_per_floor":[66,66,66,66,66,66,66,66,66,66,66,66,66,66,66,66,66,66,66,66,66,66,66,66,66,66,66,66,66,66,66,66,66,66,66,66,76,82,82,82,82,82,88,88,94,94,100,100,100,100],"card_choices":[{"not_picked":["Deadly Poison","Poisoned Stab"],"picked":"Riddle With Holes","floor":1},{"not_picked":["Deadly Poison","Sucker Punch"],"picked":"Deflect","floor":4},{"not_picked":["Tactician","Deadly Poison"],"picked":"Deflect","floor":7},{"not_picked":["Backflip","Flying Knee"],"picked":"Accuracy","floor":10},{"not_picked":["Endless Agony","Eviscerate"],"picked":"Deflect","floor":13},{"not_picked":["Dodge and Roll","Deadly Poison"],"picked":"Doppelganger","floor":14},{"not_picked":["Grand Finale","Bullet Time"],"picked":"Phantasmal Killer","floor":16},{"not_picked":["Acrobatics","Outmaneuver"],"picked":"Accuracy+1","floor":18},{"not_picked":["Outmaneuver","Sucker Punch"],"picked":"Blade Dance","floor":19},{"not_picked":["Reflex","Setup","Quick Slash"],"picked":"SKIP","floor":22},{"not_picked":["Acrobatics+1","Skewer","Flechettes"],"picked":"SKIP","floor":24},{"not_picked":["Distraction","Slice+1"],"picked":"Accuracy+1","floor":31},{"not_picked":["Phantasmal Killer","Wraith Form v2+1"],"picked":"Night Terror","floor":33},{"not_picked":["Dodge and Roll","Deflect","Outmaneuver"],"picked":"SKIP","floor":35},{"not_picked":["Choke","Dagger Spray"],"picked":"Storm of Steel","floor":41},{"not_picked":["Prepared","Blade Dance","Underhanded Strike"],"picked":"SKIP","floor":44},{"not_picked":["Dagger Spray","Poisoned Stab+1"],"picked":"Sucker Punch+1","floor":48}],"player_experience":2087907,"relics_obtained":[{"floor":7,"key":"Akabeko"},{"floor":9,"key":"Orichalcum"},{"floor":13,"key":"Frozen Egg 2"},{"floor":24,"key":"Darkstone Periapt"},{"floor":26,"key":"WingedGreaves"},{"floor":27,"key":"Vajra"},{"floor":28,"key":"StoneCalendar"},{"floor":30,"key":"Bag of Marbles"},{"floor":40,"key":"Gremlin Horn"},{"floor":41,"key":"Old Coin"},{"floor":43,"key":"Bronze Scales"},{"floor":45,"key":"Juzu Bracelet"},{"floor":48,"key":"Ice Cream"}],"event_choices":[{"damage_healed":0,"gold_gain":75,"player_choice":"Gather Gold","damage_taken":11,"max_hp_gain":0,"max_hp_loss":0,"event_name":"World of Goop","floor":2,"gold_loss":0},{"damage_healed":0,"gold_gain":0,"cards_transformed":["Strike_G"],"player_choice":"Change","damage_taken":0,"max_hp_gain":0,"max_hp_loss":0,"event_name":"Living Wall","floor":3,"gold_loss":0,"cards_obtained":["Blade Dance"]},{"cards_removed":["Strike_G"],"damage_healed":0,"gold_gain":0,"player_choice":"Purged","damage_taken":0,"max_hp_gain":0,"max_hp_loss":0,"event_name":"Purifier","floor":5,"gold_loss":0},{"damage_healed":0,"gold_gain":0,"player_choice":"Opened","damage_taken":0,"relics_obtained":["Shovel"],"max_hp_gain":0,"max_hp_loss":0,"event_name":"The Mausoleum","floor":20,"gold_loss":0},{"damage_healed":0,"gold_gain":0,"cards_transformed":["Strike_G","Strike_G"],"player_choice":"Became Test Subject","damage_taken":0,"max_hp_gain":0,"max_hp_loss":0,"event_name":"Drug Dealer","floor":21,"gold_loss":0,"cards_obtained":["Footwork","Endless Agony"]},{"damage_healed":0,"gold_gain":0,"player_choice":"Upgraded","damage_taken":0,"max_hp_gain":0,"max_hp_loss":0,"event_name":"Upgrade Shrine","floor":36,"gold_loss":0,"cards_upgraded":["Night Terror"]},{"damage_healed":19,"gold_gain":0,"player_choice":"Writhe","damage_taken":0,"max_hp_gain":0,"max_hp_loss":0,"event_name":"Winding Halls","floor":38,"gold_loss":0,"cards_obtained":["Writhe"]},{"cards_removed":["Riddle With Holes"],"damage_healed":0,"gold_gain":0,"player_choice":"Removed Attack","damage_taken":0,"max_hp_gain":0,"max_hp_loss":0,"event_name":"Falling","floor":46,"gold_loss":0},{"damage_healed":0,"gold_gain":0,"player_choice":"Cursed","damage_taken":0,"max_hp_gain":0,"max_hp_loss":0,"event_name":"Wheel of Change","floor":47,"gold_loss":0,"cards_obtained":["Decay"]}],"is_beta":false,"boss_relics":[{"not_picked":["Sozu","Runic Dome"],"picked":"WristBlade"},{"not_picked":["Coffee Dripper","SlaversCollar"],"picked":"Cursed Key"}],"items_purged_floors":[],"is_endless":false,"potions_floor_spawned":[7,13,16,19,31,33,35,41],"ascension_level":14}}