{"host":"nz11ypxva4e39b7q","time":1609252833,"event":{"mods":["BaseMod","Better Vampires","Colored Map","Minty Spire (QoL Compilation)","StSLib","The Marked"],"gold_per_floor":[112,64,75,350,367,402,415,445,445,221,221,232,192,227,227,325,325,338,84,84,97,110,141,141,176,176,176,176,205,22,52,52,153,153,164,164,164,211,211,240,240,270,324,354,89,104,104,121,121,121,121,121,23,50,50],"floor_reached":56,"playtime":4124,"items_purged":["Regret","theMarked:SoldierOfQuellstein","theMarked:Strike"],"score":1645,"play_id":"911385bf-f53f-4194-a851-11ebe21d6b98","local_time":"20201229154033","is_ascension_mode":true,"campfire_choices":[{"data":"1","floor":15.0,"key":"LIFT"},{"data":"2","floor":24.0,"key":"LIFT"},{"data":"3","floor":27.0,"key":"LIFT"},{"data":"theMarked:MaelstromOfLightning","floor":32.0,"key":"SMITH"},{"data":"theMarked:Challenge","floor":41.0,"key":"SMITH"},{"data":"theMarked:MaelstromOfLightning","floor":47.0,"key":"SMITH"},{"floor":49.0,"key":"RECALL"},{"data":"theMarked:EnhanceMovement","floor":52.0,"key":"SMITH"}],"circlet_count":0,"master_deck":["theMarked:Strike","theMarked:Strike","theMarked:Strike","theMarked:Defend","theMarked:Defend","theMarked:Defend","theMarked:Defend","theMarked:EnhancedHearing","theMarked:WardOff+1","theMarked:EnhanceMovement+1","theMarked:ContemptForTheProud","theMarked:Snap+1","theMarked:WardOff+1","theMarked:Aftermath","theMarked:UnarmedFury","CurseOfTheBell","theMarked:PowerFlow","theMarked:MaelstromOfLightning+1","theMarked:Reabsorb","theMarked:WardOff","theMarked:EnhancedHearing","theMarked:Polarize","theMarked:Challenge+1","theMarked:Polarize+1","Impatience","theMarked:TakeCover+1","theMarked:DeterminationOfTheMarked+1","theMarked:MaelstromOfLightning+1"],"relics":["theMarked:ArtifactOfAir","NeowsBlessing","Meat on the Bone","Prayer Wheel","Mango","War Paint","Girya","Calling Bell","Potion Belt","Blue Candle","theMarked:SecretDocuments","theMarked:Winder","Anchor","Bag of Marbles","HornCleat","MutagenicStrength","theMarked:DemonDagger","Membership Card","Centennial Puzzle","SlaversCollar","CaptainsWheel","Vajra","Question Card","Singing Bowl","TheAbacus","Sundial","Medical Kit","Ornamental Fan"],"acts_visited":["Exordium","TheCity","TheBeyond","TheEnding"],"potions_floor_usage":[55,55,55,55,55],"damage_taken":[{"damage":0.0,"enemies":"2 Louse","floor":1.0,"turns":1.0},{"damage":0.0,"enemies":"Cultist","floor":3.0,"turns":1.0},{"damage":0.0,"enemies":"Jaw Worm","floor":5.0,"turns":1.0},{"damage":37.0,"enemies":"Gremlin Nob","floor":6.0,"turns":6.0},{"damage":14.0,"enemies":"Gremlin Gang","floor":7.0,"turns":7.0},{"damage":20.0,"enemies":"3 Sentries","floor":8.0,"turns":8.0},{"damage":0.0,"enemies":"Looter","floor":12.0,"turns":1.0},{"damage":10.0,"enemies":"Lagavulin","floor":14.0,"turns":8.0},{"damage":6.0,"enemies":"Slime Boss","floor":16.0,"turns":8.0},{"damage":18.0,"enemies":"2 Thieves","floor":18.0,"turns":4.0},{"damage":17.0,"enemies":"Spheric Guardian","floor":21.0,"turns":4.0},{"damage":13.0,"enemies":"Shelled Parasite and Fungi","floor":22.0,"turns":4.0},{"damage":15.0,"enemies":"Gremlin Leader","floor":23.0,"turns":3.0},{"damage":8.0,"enemies":"Slavers","floor":25.0,"turns":5.0},{"damage":15.0,"enemies":"Gremlin Leader","floor":29.0,"turns":4.0},{"damage":0.0,"enemies":"Book of Stabbing","floor":31.0,"turns":3.0},{"damage":0.0,"enemies":"Collector","floor":33.0,"turns":3.0},{"damage":9.0,"enemies":"3 Darklings","floor":35.0,"turns":5.0},{"damage":19.0,"enemies":"2 Orb Walkers","floor":38.0,"turns":5.0},{"damage":0.0,"enemies":"Nemesis","floor":40.0,"turns":3.0},{"damage":1.0,"enemies":"Giant Head","floor":42.0,"turns":3.0},{"damage":28.0,"enemies":"Nemesis","floor":44.0,"turns":5.0},{"damage":1.0,"enemies":"3 Shapes","floor":46.0,"turns":3.0},{"damage":12.0,"enemies":"Writhing Mass","floor":48.0,"turns":4.0},{"damage":25.0,"enemies":"Donu and Deca","floor":50.0,"turns":5.0},{"damage":1,"enemies":"Shield and Spear","floor":54,"turns":3},{"damage":79,"enemies":"The Heart","floor":55,"turns":7}],"seed_played":"-9170791333300128961","potions_obtained":[{"floor":5.0,"key":"Weak Potion"},{"floor":12.0,"key":"Swift Potion"},{"floor":13.0,"key":"Energy Potion"},{"floor":13.0,"key":"Block Potion"},{"floor":14.0,"key":"LiquidMemories"},{"floor":16.0,"key":"Block Potion"},{"floor":18.0,"key":"LiquidMemories"},{"floor":29.0,"key":"Fire Potion"},{"floor":31.0,"key":"Explosive Potion"},{"floor":33.0,"key":"CultistPotion"},{"floor":35.0,"key":"Block Potion"},{"floor":44.0,"key":"EssenceOfSteel"},{"floor":48.0,"key":"Strength Potion"}],"is_trial":false,"path_per_floor":["M","$","M","?","M","E","M","E","T","$","?","M","?","E","R","B",null,"M","$","?","M","M","E","R","E","T","R","?","E","$","E","R","B",null,"M","?","?","?","?","E","R","E","T","E","$","M","R","M","R","B",null,"R","$","E","B",null],"character_chosen":"THE_DEFAULT","items_purchased":["theMarked:WardOff","War Paint","theMarked:Winder","Membership Card","theMarked:Polarize","TheAbacus","Sundial","Medical Kit","ColorlessPotion"],"campfire_rested":0,"item_purchase_floors":[2,10,19,30,30,45,45,53,53],"current_hp_per_floor":[70,70,70,70,70,33,31,23,37,37,37,49,49,51,51,45,84,66,66,66,49,48,45,45,49,49,49,49,46,46,46,46,46,84,75,75,75,56,56,56,56,55,55,41,41,54,54,58,58,45,88,88,88,89,22],"gold":50,"neow_bonus":"THREE_ENEMY_KILL","is_daily":false,"chose_seed":false,"campfire_upgraded":4,"win_rate":0.0,"timestamp":1609252833,"path_taken":["M","$","M","?","?","E","?","E","T","$","?","?","?","E","R","BOSS","M","$","?","M","M","E","R","E","T","R","?","E","?","E","R","BOSS","M","?","?","?","?","E","R","E","T","E","$","M","R","M","R","BOSS","R","$","E","BOSS"],"items_purchased_type":["Card","Relic","Relic","Relic","Card","Relic","Relic","Relic","Potion"],"build_version":"2020-12-22","purchased_purges":3,"victory":true,"max_hp_per_floor":[70,70,70,70,70,70,70,70,84,84,84,84,84,84,84,84,84,84,84,84,84,84,84,84,84,84,84,84,84,84,84,84,84,84,84,84,80,80,80,80,80,80,80,82,82,84,84,88,88,88,88,88,88,90,90],"card_choices":[{"not_picked":["theMarked:Frustration","theMarked:TwofoldDefense"],"picked":"theMarked:EnhancedHearing","floor":1.0},{"not_picked":["theMarked:Parkour","theMarked:Aftermath"],"picked":"theMarked:EnhanceMovement","floor":3.0},{"not_picked":["theMarked:Electrocute","theMarked:ElectricStrings"],"picked":"theMarked:ContemptForTheProud","floor":5.0},{"not_picked":["theMarked:MysticalArsenal","theMarked:Parkour"],"picked":"theMarked:Snap","floor":6.0},{"not_picked":["theMarked:Parkour","theMarked:BanishingStrike","theMarked:ContemptForTheProud"],"picked":"SKIP","floor":7.0},{"not_picked":["theMarked:TwofoldDefense","theMarked:CreepingChasm"],"picked":"theMarked:WardOff","floor":8.0},{"not_picked":["theMarked:SelfDefenseTraining","theMarked:LightningStrikesTwice"],"picked":"theMarked:Aftermath","floor":12.0},{"not_picked":["theMarked:ChainLightning","theMarked:Generate","theMarked:RepellingDischarge"],"picked":"SKIP","floor":12.0},{"not_picked":["theMarked:ContemptForTheProud","theMarked:PowerFlow","theMarked:Electrocute"],"picked":"SKIP","floor":14.0},{"not_picked":["theMarked:ThrowWeapon","theMarked:Levitate"],"picked":"theMarked:UnarmedFury","floor":16.0},{"not_picked":["theMarked:BanishingStrike+1","theMarked:ElectricStrings"],"picked":"theMarked:PowerFlow","floor":18.0},{"not_picked":["theMarked:GodGivenPower","theMarked:SelfDefenseTraining","theMarked:Frustration+1"],"picked":"SKIP","floor":18.0},{"not_picked":["theMarked:GodGivenPower","theMarked:SelfDefenseTraining","theMarked:Frustration+1"],"picked":"SKIP","floor":18.0},{"not_picked":["theMarked:ShockingTouch+1","theMarked:KeepCalmAndFightOn"],"picked":"theMarked:Reabsorb","floor":21.0},{"not_picked":["theMarked:CreepingChasm","theMarked:SwordAndMagic","theMarked:Frustration"],"picked":"SKIP","floor":21.0},{"not_picked":["theMarked:SwordAndMagic+1","theMarked:Overcharge"],"picked":"theMarked:WardOff","floor":22.0},{"not_picked":["theMarked:Parkour","theMarked:Static","theMarked:ResourceFulStrike"],"picked":"SKIP","floor":22.0},{"not_picked":["theMarked:WastefulAttack","theMarked:StartUp+1"],"picked":"theMarked:EnhancedHearing","floor":23.0},{"not_picked":["theMarked:ComboAttacks","theMarked:Convert+1","theMarked:Parkour"],"picked":"SKIP","floor":25.0},{"not_picked":["theMarked:Opportunist","theMarked:MuscleMemory","theMarked:ShockingTouch+1"],"picked":"SKIP","floor":29.0},{"not_picked":["theMarked:Frustration","theMarked:ComboAttacks","theMarked:LightningStrikesTwice"],"picked":"SKIP","floor":31.0},{"not_picked":["theMarked:Defy","theMarked:DispelDoubt"],"picked":"theMarked:Challenge","floor":33.0},{"not_picked":["theMarked:BanishingStrike","theMarked:Frustration+1"],"picked":"theMarked:Polarize+1","floor":35.0},{"not_picked":["theMarked:RepellingDischarge+1","theMarked:ParalyzingBlade","theMarked:Improvise+1"],"picked":"SKIP","floor":35.0},{"not_picked":["Dramatic Entrance","Trip"],"picked":"Impatience","floor":39.0},{"not_picked":["theMarked:RepellingDischarge+1","theMarked:MysticalArsenal+1"],"picked":"theMarked:TakeCover+1","floor":40.0},{"not_picked":["theMarked:BanishingStrike","theMarked:Snap"],"picked":"theMarked:DeterminationOfTheMarked+1","floor":42.0},{"not_picked":["theMarked:Opportunist","theMarked:Aftermath","theMarked:WardOff+1","theMarked:Improvise"],"picked":"Singing Bowl","floor":44.0},{"not_picked":["theMarked:Overthink","theMarked:EnhancedHearing","theMarked:EmpowerWeapon","theMarked:Frustration"],"picked":"Singing Bowl","floor":46.0},{"not_picked":["theMarked:WastefulAttack+1","theMarked:RepellingDischarge+1","theMarked:Frustration+1"],"picked":"theMarked:MaelstromOfLightning","floor":46.0},{"not_picked":["theMarked:Electrify","theMarked:TakeOffHeels","theMarked:Electrocute+1","theMarked:SwordAndMagic"],"picked":"Singing Bowl","floor":48.0},{"not_picked":["theMarked:WardOff","theMarked:HeightenedSenses","theMarked:RogueSparks","theMarked:WastefulAttack"],"picked":"Singing Bowl","floor":48.0},{"not_picked":["theMarked:Convert","theMarked:Parkour","theMarked:Opportunist","theMarked:Panic+1"],"picked":"Singing Bowl","floor":54}],"player_experience":964608,"relics_obtained":[{"floor":6.0,"key":"Meat on the Bone"},{"floor":8.0,"key":"Prayer Wheel"},{"floor":9.0,"key":"Mango"},{"floor":14.0,"key":"Girya"},{"floor":17.0,"key":"Potion Belt"},{"floor":17.0,"key":"Blue Candle"},{"floor":17.0,"key":"theMarked:SecretDocuments"},{"floor":23.0,"key":"Anchor"},{"floor":25.0,"key":"Bag of Marbles"},{"floor":26.0,"key":"HornCleat"},{"floor":29.0,"key":"theMarked:DemonDagger"},{"floor":31.0,"key":"Centennial Puzzle"},{"floor":38.0,"key":"CaptainsWheel"},{"floor":40.0,"key":"Vajra"},{"floor":42.0,"key":"Question Card"},{"floor":44.0,"key":"Singing Bowl"},{"floor":54,"key":"Ornamental Fan"}],"event_choices":[{"damage_healed":0.0,"max_hp_gain":0.0,"max_hp_loss":0.0,"gold_gain":275.0,"event_name":"Golden Shrine","player_choice":"Desecrate","floor":4.0,"gold_loss":0.0,"damage_taken":0.0,"cards_obtained":["Regret"]},{"damage_healed":0.0,"max_hp_gain":0.0,"max_hp_loss":0.0,"gold_gain":0.0,"event_name":"Accursed Blacksmith","player_choice":"Forge","floor":11.0,"gold_loss":0.0,"damage_taken":0.0,"cards_upgraded":["theMarked:Snap"]},{"damage_healed":0.0,"max_hp_gain":0.0,"max_hp_loss":0.0,"gold_gain":0.0,"event_name":"The Woman in Blue","player_choice":"Bought 3 Potions","floor":13.0,"gold_loss":0.0,"damage_taken":0.0},{"damage_healed":0.0,"max_hp_gain":0.0,"max_hp_loss":0.0,"gold_gain":0.0,"event_name":"The Library","player_choice":"Read","floor":20.0,"gold_loss":0.0,"damage_taken":0.0,"cards_obtained":["theMarked:MaelstromOfLightning"]},{"damage_healed":0.0,"max_hp_gain":0.0,"max_hp_loss":0.0,"gold_gain":0.0,"event_name":"Drug Dealer","player_choice":"Inject Mutagens","floor":28.0,"gold_loss":0.0,"damage_taken":0.0,"relics_obtained":["MutagenicStrength"]},{"cards_removed":["theMarked:Strike"],"damage_healed":0.0,"max_hp_gain":0.0,"max_hp_loss":0.0,"gold_gain":0.0,"event_name":"Falling","player_choice":"Removed Attack","floor":36.0,"gold_loss":0.0,"damage_taken":0.0},{"damage_healed":0.0,"max_hp_gain":0.0,"max_hp_loss":4.0,"gold_gain":0.0,"event_name":"Winding Halls","player_choice":"Max HP","floor":37.0,"gold_loss":0.0,"damage_taken":0.0},{"damage_healed":0.0,"max_hp_gain":0.0,"max_hp_loss":0.0,"gold_gain":0.0,"event_name":"Mysterious Sphere","player_choice":"Fight","floor":38.0,"gold_loss":0.0,"damage_taken":0.0},{"damage_healed":0.0,"max_hp_gain":0.0,"max_hp_loss":0.0,"gold_gain":0.0,"event_name":"SensoryStone","player_choice":"Memory 1","floor":39.0,"gold_loss":0.0,"damage_taken":0.0}],"is_beta":false,"boss_relics":[{"not_picked":["Ectoplasm","Tiny House"],"picked":"Calling Bell"},{"not_picked":["Sozu","Philosopher\u0027s Stone"],"picked":"SlaversCollar"}],"items_purged_floors":[10,19,45],"is_endless":false,"potions_floor_spawned":[5,12,14,16,18,29,31,33,35,44,48],"ascension_level":2}}