{"host":"63yhhrjweyj22b0v","time":1609220199,"event":{"mods":["BaseMod","Minty Spire (QoL Compilation)","Quick Restart"],"gold_per_floor":[111,111,61,61,72,72,83,83,110,41,216,216,279,279,279,384,384,402,402,402,161,189,189,207,207,259,259,275,291,291,304,304,401,401,421,471,489,42,42,68,68,94,118,136,136,136,150,168,168,168,168],"floor_reached":50,"playtime":1948,"items_purged":["Redo"],"score":485,"play_id":"29d3cb4a-49c7-4664-9dc3-643e9be90f45","local_time":"20201228233639","is_ascension_mode":false,"campfire_choices":[{"data":"Dualcast","floor":6,"key":"SMITH"},{"data":"Zap","floor":8,"key":"SMITH"},{"data":"Redo","floor":12,"key":"SMITH"},{"floor":15,"key":"REST"},{"floor":23,"key":"REST"},{"floor":25,"key":"REST"},{"data":"Consume","floor":27,"key":"SMITH"},{"floor":32,"key":"REST"},{"floor":41,"key":"REST"},{"floor":46,"key":"REST"},{"floor":49,"key":"REST"}],"circlet_count":0,"master_deck":["Strike_B+1","Strike_B+1","Strike_B+1","Defend_B+1","Defend_B+1","Defend_B+1","Defend_B+1","Zap+1","Dualcast+1","Sweeping Beam","Beam Cell","Redo+1","Consume+1","Force Field","Electrodynamics","Storm+1","Rip and Tear+1","Conserve Battery+1","Tempest","Capacitor+1","Creative AI+1","Loop+1","Leap"],"relics":["Cracked Core","NeowsBlessing","DataDisk","Juzu Bracelet","Nuclear Battery","Spirit Poop","Frozen Egg 2","Red Mask","Anchor","Busted Crown","Dead Branch","Chemical X","Bronze Scales","Mercury Hourglass","Bottled Tornado","Oddly Smooth Stone"],"acts_visited":["Exordium","TheCity","TheBeyond"],"potions_floor_usage":[13,16,16,22,33,33,35,50,50,50],"damage_taken":[{"damage":0,"enemies":"Small Slimes","floor":1,"turns":1},{"damage":0,"enemies":"Cultist","floor":5,"turns":1},{"damage":0,"enemies":"2 Louse","floor":7,"turns":1},{"damage":10,"enemies":"3 Sentries","floor":13,"turns":5},{"damage":17,"enemies":"Slime Boss","floor":16,"turns":8},{"damage":14,"enemies":"Chosen","floor":18,"turns":5},{"damage":31,"enemies":"Masked Bandits","floor":22,"turns":4},{"damage":0,"enemies":"Spheric Guardian","floor":24,"turns":3},{"damage":12,"enemies":"Centurion and Healer","floor":28,"turns":5},{"damage":11,"enemies":"Shelled Parasite and Fungi","floor":29,"turns":5},{"damage":9,"enemies":"Snake Plant","floor":31,"turns":4},{"damage":62,"enemies":"Champ","floor":33,"turns":9},{"damage":0,"enemies":"3 Shapes","floor":35,"turns":4},{"damage":0,"enemies":"Mind Bloom Boss Battle","floor":36,"turns":3},{"damage":18,"enemies":"3 Darklings","floor":37,"turns":3},{"damage":12,"enemies":"Reptomancer","floor":40,"turns":4},{"damage":40,"enemies":"Giant Head","floor":42,"turns":6},{"damage":15,"enemies":"Spire Growth","floor":44,"turns":3},{"damage":0,"enemies":"Transient","floor":47,"turns":5},{"damage":0,"enemies":"Sphere and 2 Shapes","floor":48,"turns":2},{"damage":58,"enemies":"Awakened One","floor":50,"turns":4}],"seed_played":"-1821242415844760610","potions_obtained":[{"floor":1,"key":"AttackPotion"},{"floor":4,"key":"Strength Potion"},{"floor":4,"key":"FearPotion"},{"floor":5,"key":"DistilledChaos"},{"floor":18,"key":"PotionOfCapacity"},{"floor":22,"key":"EssenceOfSteel"},{"floor":29,"key":"Strength Potion"},{"floor":33,"key":"Swift Potion"},{"floor":42,"key":"Block Potion"},{"floor":44,"key":"PotionOfCapacity"},{"floor":47,"key":"DuplicationPotion"}],"is_trial":false,"path_per_floor":["M","?","?","?","M","R","M","R","T","$","?","R","?","?","R","B",null,"M","?","?","$","?","R","M","R","T","R","M","M","?","M","R","B",null,"M","?","M","$","?","E","R","E","T","M","?","R","M","M","R","B"],"character_chosen":"DEFECT","items_purchased":["Consume","Frozen Egg 2","Chemical X","Loop+1","Bronze Scales"],"campfire_rested":7,"item_purchase_floors":[10,21,38,38,38],"current_hp_per_floor":[75,60,60,60,60,60,60,60,60,60,60,60,50,50,72,55,75,61,61,61,61,30,52,52,74,74,74,62,51,51,42,64,2,75,75,75,57,57,57,45,67,27,27,12,12,34,34,34,56,0,0],"gold":168,"neow_bonus":"THREE_ENEMY_KILL","is_daily":false,"chose_seed":false,"campfire_upgraded":4,"win_rate":0.0,"timestamp":1609220199,"path_taken":["M","?","?","?","?","R","M","R","T","$","?","R","?","?","R","BOSS","M","?","?","$","?","R","M","R","T","R","M","M","?","M","R","BOSS","M","?","M","$","?","E","R","E","T","M","?","R","M","M","R","BOSS"],"items_purchased_type":["Card","Relic","Relic","Card","Relic"],"build_version":"2020-12-22","purchased_purges":1,"victory":false,"max_hp_per_floor":[75,75,75,75,75,75,75,75,75,75,75,75,75,75,75,75,75,75,75,75,75,75,75,75,75,75,75,75,75,75,75,75,75,75,75,75,75,75,75,75,75,75,75,75,75,75,75,75,75,75,75],"card_choices":[{"not_picked":["Hologram","Blizzard"],"picked":"Sweeping Beam","floor":1},{"not_picked":["Genetic Algorithm","Rebound"],"picked":"Beam Cell","floor":5},{"not_picked":["Scrape","All For One"],"picked":"Redo","floor":7},{"not_picked":["Rip and Tear","Reinforced Body"],"picked":"Force Field","floor":13},{"not_picked":["Meteor Strike","Thunder Strike"],"picked":"Electrodynamics","floor":16},{"not_picked":["Lockon","Redo+1"],"picked":"Storm+1","floor":18},{"not_picked":["Sweeping Beam+1","Auto Shields"],"picked":"Rip and Tear+1","floor":22},{"not_picked":["Stack","Rebound"],"picked":"Conserve Battery+1","floor":24},{"not_picked":["Steam","Sweeping Beam"],"picked":"Redo","floor":28},{"not_picked":["Tempest","Streamline+1","Core Surge"],"picked":"SKIP","floor":29},{"not_picked":["Streamline+1","Core Surge"],"picked":"Tempest","floor":29},{"not_picked":["Stack","Glacier+1"],"picked":"Capacitor+1","floor":31},{"not_picked":["Amplify","Biased Cognition+1"],"picked":"Creative AI+1","floor":33},{"not_picked":["Conserve Battery"],"picked":"SKIP","floor":35},{"not_picked":["Coolheaded+1"],"picked":"SKIP","floor":37},{"not_picked":["Chaos"],"picked":"SKIP","floor":40},{"not_picked":[],"picked":"Leap","floor":42},{"not_picked":["Scrape+1"],"picked":"SKIP","floor":44},{"not_picked":["Gash"],"picked":"SKIP","floor":47},{"not_picked":["Barrage"],"picked":"SKIP","floor":48}],"player_experience":644589,"relics_obtained":[{"floor":9,"key":"DataDisk"},{"floor":13,"key":"Juzu Bracelet"},{"floor":22,"key":"Red Mask"},{"floor":26,"key":"Anchor"},{"floor":36,"key":"Dead Branch"},{"floor":40,"key":"Mercury Hourglass"},{"floor":42,"key":"Bottled Tornado"},{"floor":43,"key":"Oddly Smooth Stone"}],"event_choices":[{"damage_healed":0,"gold_gain":0,"player_choice":"Entered Light","damage_taken":15,"max_hp_gain":0,"max_hp_loss":0,"event_name":"Shining Light","floor":2,"gold_loss":0,"cards_upgraded":["Defend_B","Strike_B"]},{"cards_removed":["Strike_B"],"damage_healed":0,"gold_gain":0,"player_choice":"Card Removal","damage_taken":0,"max_hp_gain":0,"max_hp_loss":0,"event_name":"The Cleric","floor":3,"gold_loss":50},{"damage_healed":0,"gold_gain":0,"player_choice":"Got Potions","damage_taken":0,"max_hp_gain":0,"max_hp_loss":0,"event_name":"Lab","floor":4,"gold_loss":0},{"damage_healed":0,"gold_gain":175,"player_choice":"AGREE","damage_taken":0,"max_hp_gain":0,"max_hp_loss":0,"event_name":"Liars Game","floor":11,"gold_loss":0,"cards_obtained":["Doubt"]},{"damage_healed":0,"gold_gain":30,"player_choice":"Searched \u00272\u0027 times","damage_taken":0,"max_hp_gain":0,"max_hp_loss":0,"event_name":"Dead Adventurer","floor":13,"gold_loss":0},{"damage_healed":0,"gold_gain":0,"player_choice":"Ignored","damage_taken":0,"max_hp_gain":0,"max_hp_loss":0,"event_name":"Golden Idol","floor":14,"gold_loss":0},{"cards_removed":["Doubt"],"damage_healed":0,"gold_gain":0,"player_choice":"Offered Curse","damage_taken":0,"relics_obtained":["Spirit Poop"],"max_hp_gain":0,"max_hp_loss":0,"event_name":"Bonfire Elementals","floor":19,"gold_loss":0},{"damage_healed":0,"gold_gain":0,"player_choice":"Simplicity","damage_taken":0,"max_hp_gain":0,"max_hp_loss":0,"event_name":"Back to Basics","floor":20,"gold_loss":0,"cards_upgraded":["Strike_B","Strike_B","Defend_B","Defend_B","Defend_B"]},{"damage_healed":0,"gold_gain":0,"player_choice":"Fought Bandits","damage_taken":0,"max_hp_gain":0,"max_hp_loss":0,"event_name":"Masked Bandits","floor":22,"gold_loss":0},{"damage_healed":0,"gold_gain":0,"player_choice":"Ignored","damage_taken":0,"max_hp_gain":0,"max_hp_loss":0,"event_name":"Ghosts","floor":30,"gold_loss":0},{"damage_healed":0,"gold_gain":0,"player_choice":"Fight","damage_taken":0,"max_hp_gain":0,"max_hp_loss":0,"event_name":"MindBloom","floor":36,"gold_loss":0},{"damage_healed":0,"gold_gain":0,"player_choice":"Ignored","damage_taken":0,"max_hp_gain":0,"max_hp_loss":0,"event_name":"Mysterious Sphere","floor":39,"gold_loss":0},{"damage_healed":0,"gold_gain":0,"player_choice":"Ignored","damage_taken":0,"max_hp_gain":0,"max_hp_loss":0,"event_name":"SecretPortal","floor":45,"gold_loss":0}],"is_beta":false,"boss_relics":[{"not_picked":["Astrolabe","Black Star"],"picked":"Nuclear Battery"},{"not_picked":["Cursed Key","Philosopher\u0027s Stone"],"picked":"Busted Crown"}],"items_purged_floors":[38],"is_endless":false,"potions_floor_spawned":[1,5,18,22,29,33,42,44,47],"killed_by":"Awakened One","ascension_level":0}}