{"host":"okln270zkafj6dck","time":1609234854,"event":{"mods":["BaseMod","Minty Spire (QoL Compilation)","Permanent Neow","Quick Restart","Relic Stats","StSLib","SuperFastMode"],"gold_per_floor":[369,369,92,110,123,123,30,71,148,148,181,205,205,205],"floor_reached":13,"playtime":267,"items_purged":["Strike_G"],"score":186,"play_id":"cad2f743-ef39-435f-b882-c3e33afaf17a","local_time":"20201229014054","is_ascension_mode":true,"campfire_choices":[{"data":"Flying Knee","floor":6.0,"key":"SMITH"},{"data":"Finisher","floor":10.0,"key":"SMITH"}],"circlet_count":0,"master_deck":["AscendersBane","Strike_G","Strike_G","Strike_G","Strike_G","Defend_G","Defend_G+1","Defend_G","Defend_G","Defend_G","Survivor","Neutralize","Flying Knee+1","Footwork","Finisher+1","Adrenaline+1","Deadly Poison","Dagger Throw"],"relics":["Ring of the Snake","Golden Idol","Membership Card","Oddly Smooth Stone","Shuriken","Frozen Egg 2","War Paint"],"acts_visited":["Exordium"],"potions_floor_usage":[13],"damage_taken":[{"damage":2.0,"enemies":"2 Louse","floor":1.0,"turns":5.0},{"damage":0.0,"enemies":"Jaw Worm","floor":4.0,"turns":4.0},{"damage":0.0,"enemies":"Cultist","floor":5.0,"turns":5.0},{"damage":8.0,"enemies":"Gremlin Nob","floor":8.0,"turns":5.0},{"damage":22.0,"enemies":"3 Sentries","floor":11.0,"turns":9.0},{"damage":8.0,"enemies":"Lots of Slimes","floor":12.0,"turns":5.0},{"damage":23,"enemies":"Gremlin Nob","floor":13,"turns":3}],"seed_played":"-2915842667201713085","potions_obtained":[{"floor":1.0,"key":"FearPotion"},{"floor":12.0,"key":"Explosive Potion"}],"is_trial":false,"path_per_floor":["M","?","$","M","M","R","?","E","T","R","E","M","E"],"character_chosen":"THE_SILENT","items_purchased":["Membership Card","Footwork","GhostInAJar"],"campfire_rested":0,"item_purchase_floors":[3,3,3],"current_hp_per_floor":[57,54,54,54,54,54,54,46,46,46,24,16,0,0],"gold":205,"neow_bonus":"TWO_FIFTY_GOLD","is_daily":false,"chose_seed":false,"campfire_upgraded":2,"win_rate":0.0,"timestamp":1609234854,"path_taken":["M","?","$","M","M","R","?","E","T","R","E","?","E"],"items_purchased_type":["Relic","Card","Potion"],"build_version":"2020-12-22","purchased_purges":1,"victory":false,"max_hp_per_floor":[60,54,54,54,54,54,54,54,54,54,54,54,54,54],"relic_stats":{"counters":[7,36],"Golden Idol":27,"Shuriken":[7],"War Paint":["Defend_G","Adrenaline"],"obtain_stats":[{"Golden Idol":2,"Shuriken":8,"Oddly Smooth Stone":7,"Membership Card":3,"Frozen Egg 2":9,"War Paint":11,"Ring of the Snake":0},{"Golden Idol":1,"Shuriken":4,"Oddly Smooth Stone":3,"Membership Card":1,"Frozen Egg 2":4,"War Paint":5,"Ring of the Snake":0},{"Golden Idol":5,"Shuriken":19,"Oddly Smooth Stone":14,"Membership Card":5,"Frozen Egg 2":19,"War Paint":28,"Ring of the Snake":0}],"Ring of the Snake":[14]},"card_choices":[{"not_picked":["Well Laid Plans","Outmaneuver"],"picked":"Flying Knee","floor":1.0},{"not_picked":["Bane","Outmaneuver","Endless Agony"],"picked":"SKIP","floor":4.0},{"not_picked":["Dodge and Roll","Acrobatics"],"picked":"Finisher","floor":5.0},{"not_picked":["Deflect","Acrobatics"],"picked":"Adrenaline","floor":8.0},{"not_picked":["Eviscerate","Escape Plan"],"picked":"Deadly Poison","floor":11.0},{"not_picked":["Masterful Stab","Dodge and Roll"],"picked":"Dagger Throw","floor":12.0}],"player_experience":68942,"relics_obtained":[{"floor":8.0,"key":"Shuriken"},{"floor":9.0,"key":"Frozen Egg 2"},{"floor":11.0,"key":"War Paint"}],"event_choices":[{"damage_healed":0.0,"max_hp_gain":0.0,"max_hp_loss":6.0,"gold_gain":0.0,"event_name":"Golden Idol","player_choice":"Lose Max HP","floor":2.0,"gold_loss":0.0,"damage_taken":0.0,"relics_obtained":["Golden Idol"]},{"damage_healed":0.0,"max_hp_gain":0.0,"max_hp_loss":0.0,"gold_gain":0.0,"event_name":"WeMeetAgain","player_choice":"Paid Gold","floor":7.0,"gold_loss":93.0,"damage_taken":0.0,"relics_obtained":["Oddly Smooth Stone"]}],"is_beta":false,"boss_relics":[],"items_purged_floors":[3],"is_endless":false,"potions_floor_spawned":[1,5,12],"killed_by":"Gremlin Nob","ascension_level":20}}