{"host":"jksa5rawk3m4gilz","time":1609239274,"event":{"mods":["BaseMod","Colored Map","Highlight Path","Minty Spire (QoL Compilation)","Quick Restart"],"gold_per_floor":[116,135,135,310,211,236,236,251,304,304,331,349,349,380,380,380,380],"floor_reached":16,"playtime":418,"items_purged":["Doubt"],"score":243,"play_id":"4a8951ab-2bcb-4f4e-a65f-d210be3c899c","local_time":"20201229115434","is_ascension_mode":true,"campfire_choices":[{"floor":7,"key":"REST"},{"data":"Burst","floor":10,"key":"SMITH"},{"data":"Choke","floor":15,"key":"SMITH"}],"circlet_count":0,"master_deck":["AscendersBane","Strike_G","Strike_G+1","Strike_G","Strike_G","Strike_G+1","Defend_G","Defend_G","Defend_G","Defend_G","Defend_G+1","Survivor+1","Neutralize+1","Choke+1","Dagger Spray","Burst+1","Concentrate","Endless Agony"],"relics":["Ring of the Snake","NeowsBlessing","Boot","Dream Catcher","War Paint","Bronze Scales"],"acts_visited":["Exordium"],"potions_floor_usage":[12,14],"damage_taken":[{"damage":0,"enemies":"Small Slimes","floor":1,"turns":1},{"damage":0,"enemies":"Jaw Worm","floor":2,"turns":1},{"damage":0,"enemies":"Lagavulin","floor":6,"turns":1},{"damage":0,"enemies":"2 Louse","floor":8,"turns":2},{"damage":26,"enemies":"Gremlin Nob","floor":11,"turns":4},{"damage":5,"enemies":"Large Slime","floor":12,"turns":5},{"damage":24,"enemies":"3 Sentries","floor":14,"turns":7},{"damage":23,"enemies":"Hexaghost","floor":16,"turns":6}],"seed_played":"-8590444109567221444","potions_obtained":[{"floor":8,"key":"LiquidMemories"},{"floor":11,"key":"Regen Potion"},{"floor":12,"key":"DuplicationPotion"}],"is_trial":false,"path_per_floor":["M","M","?","?","$","E","R","M","T","R","E","M","?","E","R","B"],"character_chosen":"THE_SILENT","items_purchased":["Dagger Spray"],"campfire_rested":1,"item_purchase_floors":[5],"current_hp_per_floor":[59,59,46,46,46,46,65,65,65,65,39,48,48,24,24,1,1],"gold":380,"neow_bonus":"THREE_ENEMY_KILL","is_daily":false,"chose_seed":false,"campfire_upgraded":2,"win_rate":0.0,"timestamp":1609239274,"path_taken":["M","M","?","?","$","E","R","M","T","R","E","M","?","E","R","BOSS"],"items_purchased_type":["Card"],"build_version":"2020-12-22","purchased_purges":1,"victory":false,"max_hp_per_floor":[66,66,66,66,66,66,66,66,66,66,66,66,66,66,66,66,66],"card_choices":[{"not_picked":["Bane","Underhanded Strike"],"picked":"Choke","floor":1},{"not_picked":["Dodge and Roll","Quick Slash","Underhanded Strike"],"picked":"SKIP","floor":2},{"not_picked":["Bane","Sucker Punch","Underhanded Strike"],"picked":"SKIP","floor":6},{"not_picked":["Dagger Throw","Deadly Poison"],"picked":"Burst","floor":8},{"not_picked":["Bouncing Flask","Deadly Poison"],"picked":"Concentrate","floor":11},{"not_picked":["Dagger Spray","Dagger Throw"],"picked":"Endless Agony","floor":12},{"not_picked":["Quick Slash","Flying Knee","Prepared"],"picked":"SKIP","floor":14}],"player_experience":2086294,"relics_obtained":[{"floor":6,"key":"Boot"},{"floor":9,"key":"Dream Catcher"},{"floor":11,"key":"War Paint"},{"floor":14,"key":"Bronze Scales"}],"event_choices":[{"damage_healed":0,"gold_gain":0,"player_choice":"Entered Light","damage_taken":13,"max_hp_gain":0,"max_hp_loss":0,"event_name":"Shining Light","floor":3,"gold_loss":0,"cards_upgraded":["Strike_G","Strike_G"]},{"damage_healed":0,"gold_gain":175,"player_choice":"AGREE","damage_taken":0,"max_hp_gain":0,"max_hp_loss":0,"event_name":"Liars Game","floor":4,"gold_loss":0,"cards_obtained":["Doubt"]},{"damage_healed":0,"gold_gain":0,"player_choice":"Grow","damage_taken":0,"max_hp_gain":0,"max_hp_loss":0,"event_name":"Living Wall","floor":13,"gold_loss":0,"cards_upgraded":["Neutralize"]}],"is_beta":false,"boss_relics":[],"items_purged_floors":[5],"is_endless":false,"potions_floor_spawned":[8,11,12],"killed_by":"Hexaghost","ascension_level":14}}