{"host":"78zdngn0u28jm0pp","time":1609208078,"event":{"mods":["BaseMod","Jorbs\u0027s Wanderer Trilogy","Minty Spire (QoL Compilation)","Permanent Neow","Quick Restart","Relic Stats","StSLib","Unceasing Turn Reminder"],"gold_per_floor":[114,133,149,149,249,249,275,13,13,28,59,123,123,149,149,228,228,243,293,304,16,35,61,61,91,91,91,110,129,159,173,173,247,297,313,5,5,21,40,71,71,104,104,130,130,148,162,187,187,187,187,187,187,1,34,34,34],"floor_reached":56,"playtime":3186,"items_purged":["Strike_G","Strike_G"],"score":2390,"play_id":"1aa9d694-d9ff-441d-81b3-dfbe09e1eca3","local_time":"20201228191438","is_ascension_mode":true,"campfire_choices":[{"data":"Neutralize","floor":6,"key":"SMITH"},{"data":"Glass Knife","floor":13,"key":"SMITH"},{"data":"Noxious Fumes","floor":15,"key":"SMITH"},{"data":"Corpse Explosion","floor":24,"key":"SMITH"},{"data":"Tools of the Trade","floor":27,"key":"SMITH"},{"data":"Cloak And Dagger","floor":32,"key":"SMITH"},{"data":"Terror","floor":41,"key":"SMITH"},{"floor":49,"key":"RECALL"},{"data":"Malaise","floor":53,"key":"SMITH"}],"circlet_count":0,"master_deck":["AscendersBane","Strike_G+1","Strike_G+1","Defend_G","Defend_G","Defend_G","Defend_G","Defend_G","Survivor","Neutralize+1","Backstab","Terror+1","Deflect+1","Glass Knife+1","Noxious Fumes+1","After Image","Blade Dance","Leg Sweep","Corpse Explosion+1","Acrobatics+1","Deflect","Tools of the Trade+1","Dagger Spray+1","Dash+1","Cloak And Dagger+1","Dagger Throw+1","Malaise+1","Die Die Die+1","Backstab+1","Footwork","Acrobatics","After Image","Backflip","Backflip+1","PiercingWail","Acrobatics"],"relics":["Ring of the Snake","PreservedInsect","HornCleat","Paper Crane","Lantern","Pen Nib","Ninja Scroll","Molten Egg 2","Cursed Key","Omamori","Ornamental Fan","Question Card","Tiny House","Sling","Nunchaku","Happy Flower","Lizard Tail","Toy Ornithopter","Pantograph","Whetstone"],"acts_visited":["Exordium","TheCity","TheBeyond","TheEnding"],"potions_floor_usage":[7,12,22,25,30,33,34,40,50,51,56],"damage_taken":[{"damage":3,"enemies":"Cultist","floor":1,"turns":5},{"damage":0,"enemies":"2 Louse","floor":2,"turns":4},{"damage":7,"enemies":"Small Slimes","floor":3,"turns":4},{"damage":0,"enemies":"Gremlin Nob","floor":7,"turns":2},{"damage":0,"enemies":"Exordium Thugs","floor":10,"turns":3},{"damage":2,"enemies":"Lagavulin","floor":11,"turns":5},{"damage":1,"enemies":"Lagavulin Event","floor":12,"turns":6},{"damage":0,"enemies":"3 Sentries","floor":14,"turns":3},{"damage":4,"enemies":"Hexaghost","floor":16,"turns":9},{"damage":0,"enemies":"2 Thieves","floor":18,"turns":3},{"damage":0,"enemies":"Chosen","floor":20,"turns":1},{"damage":4,"enemies":"Snecko","floor":22,"turns":4},{"damage":3,"enemies":"Slavers","floor":23,"turns":4},{"damage":0,"enemies":"Book of Stabbing","floor":25,"turns":3},{"damage":0,"enemies":"3 Cultists","floor":28,"turns":1},{"damage":0,"enemies":"Centurion and Healer","floor":29,"turns":4},{"damage":5,"enemies":"Gremlin Leader","floor":30,"turns":4},{"damage":0,"enemies":"Chosen and Byrds","floor":31,"turns":4},{"damage":42,"enemies":"Collector","floor":33,"turns":7},{"damage":0,"enemies":"Orb Walker","floor":35,"turns":2},{"damage":8,"enemies":"3 Darklings","floor":38,"turns":3},{"damage":6,"enemies":"Writhing Mass","floor":39,"turns":5},{"damage":0,"enemies":"Giant Head","floor":40,"turns":4},{"damage":4,"enemies":"Nemesis","floor":42,"turns":4},{"damage":5,"enemies":"Reptomancer","floor":44,"turns":3},{"damage":0,"enemies":"4 Shapes","floor":46,"turns":7},{"damage":0,"enemies":"Spire Growth","floor":47,"turns":4},{"damage":0,"enemies":"Nemesis","floor":48,"turns":5},{"damage":17,"enemies":"Donu and Deca","floor":50,"turns":8},{"damage":59,"enemies":"Time Eater","floor":51,"turns":20},{"damage":25,"enemies":"Shield and Spear","floor":55,"turns":3},{"damage":115,"enemies":"The Heart","floor":56,"turns":11}],"seed_played":"6773978714820440042","potions_obtained":[{"floor":2,"key":"AttackPotion"},{"floor":3,"key":"Explosive Potion"},{"floor":11,"key":"SpeedPotion"},{"floor":14,"key":"BlessingOfTheForge"},{"floor":18,"key":"ColorlessPotion"},{"floor":22,"key":"GamblersBrew"},{"floor":31,"key":"LiquidMemories"},{"floor":34,"key":"Fruit Juice"},{"floor":38,"key":"SpeedPotion"},{"floor":39,"key":"BlessingOfTheForge"},{"floor":44,"key":"DuplicationPotion"},{"floor":47,"key":"DistilledChaos"}],"is_trial":false,"path_per_floor":["M","M","M","?","?","R","E","$","T","M","E","?","R","E","R","B",null,"M","?","M","$","M","E","R","E","T","R","M","M","E","M","R","B",null,"M","$","?","M","M","E","R","E","T","E","?","M","M","E","R","B","B",null,"R","$","E","B"],"character_chosen":"THE_SILENT","items_purchased":["Paper Crane","Tools of the Trade","Dagger Spray+1","Sling","Footwork","FearPotion","LiquidBronze"],"campfire_rested":0,"item_purchase_floors":[8,21,21,36,36,36,54],"current_hp_per_floor":[56,56,49,54,54,54,54,54,54,54,52,51,51,51,51,47,65,65,65,65,65,61,58,58,58,58,58,58,58,53,53,53,11,66,66,66,66,58,52,52,52,48,48,43,43,43,43,43,43,56,27,68,68,68,43,0,0],"gold":34,"neow_bonus":"RANDOM_COMMON_RELIC","is_daily":false,"chose_seed":false,"campfire_upgraded":8,"win_rate":0.0,"timestamp":1609208078,"path_taken":["M","M","?","?","?","R","E","$","T","?","E","?","R","E","R","BOSS","M","?","?","?","M","E","R","E","T","R","M","M","E","M","R","BOSS","M","$","?","M","?","E","R","E","T","E","?","M","M","E","R","BOSS","BOSS","R","$","E","BOSS"],"items_purchased_type":["Relic","Card","Card","Relic","Card","Potion","Potion"],"build_version":"2020-12-22","purchased_purges":2,"victory":false,"max_hp_per_floor":[66,66,66,71,71,71,71,71,71,71,71,71,71,71,71,71,71,71,71,71,71,71,71,71,71,71,71,71,71,71,71,71,71,81,81,81,81,81,81,81,81,81,81,81,81,81,81,81,81,81,81,81,81,81,81,81,81],"relic_stats":{"Happy Flower":[20],"counters":[32,155],"PreservedInsect":623,"Pen Nib":[37],"Whetstone":["Strike_G","Strike_G"],"Cursed Key":2,"Question Card":13,"Nunchaku":[16],"Lizard Tail":40,"Ornamental Fan":[256],"Pantograph":75,"obtain_stats":[{"Lantern":9,"Tiny House":34,"Happy Flower":42,"PreservedInsect":0,"Pen Nib":11,"Omamori":23,"Whetstone":55,"Paper Crane":8,"Cursed Key":17,"Question Card":30,"Sling":36,"Nunchaku":40,"Lizard Tail":43,"HornCleat":7,"Ninja Scroll":12,"Ornamental Fan":25,"Pantograph":48,"Molten Egg 2":14,"Toy Ornithopter":44,"Ring of the Snake":0},{"Lantern":4,"Tiny House":19,"Happy Flower":24,"PreservedInsect":0,"Pen Nib":6,"Omamori":13,"Whetstone":31,"Paper Crane":4,"Cursed Key":9,"Question Card":17,"Sling":20,"Nunchaku":23,"Lizard Tail":24,"HornCleat":4,"Ninja Scroll":7,"Ornamental Fan":14,"Pantograph":28,"Molten Egg 2":8,"Toy Ornithopter":25,"Ring of the Snake":0},{"Lantern":15,"Tiny House":76,"Happy Flower":94,"PreservedInsect":0,"Pen Nib":23,"Omamori":53,"Whetstone":144,"Paper Crane":15,"Cursed Key":41,"Question Card":65,"Sling":78,"Nunchaku":90,"Lizard Tail":94,"HornCleat":15,"Ninja Scroll":29,"Ornamental Fan":56,"Pantograph":113,"Molten Egg 2":32,"Toy Ornithopter":97,"Ring of the Snake":0}],"Toy Ornithopter":15,"Ring of the Snake":[64]},"card_choices":[{"not_picked":["Deflect","Distraction"],"picked":"Backstab","floor":1},{"not_picked":["Slice","Deflect"],"picked":"Terror","floor":2},{"not_picked":["Acrobatics","Sucker Punch"],"picked":"Deflect","floor":3},{"not_picked":["Concentrate","Catalyst"],"picked":"Glass Knife","floor":7},{"not_picked":["Sucker Punch","Deadly Poison"],"picked":"Noxious Fumes","floor":10},{"not_picked":["Backflip","Dagger Spray"],"picked":"After Image","floor":11},{"not_picked":["Deadly Poison","Cloak And Dagger"],"picked":"Blade Dance","floor":12},{"not_picked":["Calculated Gamble","Bouncing Flask"],"picked":"Leg Sweep","floor":14},{"not_picked":["Storm of Steel","Malaise"],"picked":"Corpse Explosion","floor":16},{"not_picked":["Cloak And Dagger","Deadly Poison"],"picked":"Acrobatics+1","floor":18},{"not_picked":["Quick Slash+1","Flying Knee+1"],"picked":"Deflect","floor":20},{"not_picked":["Predator+1","Prepared","Underhanded Strike+1"],"picked":"SKIP","floor":22},{"not_picked":["Dodge and Roll","Poisoned Stab+1","A Thousand Cuts"],"picked":"SKIP","floor":23},{"not_picked":["Endless Agony+1","Poisoned Stab+1"],"picked":"Dash+1","floor":25},{"not_picked":["Calculated Gamble","Bane+1"],"picked":"Cloak And Dagger","floor":28},{"not_picked":["Bane+1","Heel Hook+1"],"picked":"Dagger Throw+1","floor":29},{"not_picked":["Well Laid Plans","Acrobatics"],"picked":"Malaise","floor":30},{"not_picked":["Flying Knee+1","Outmaneuver","Accuracy","Masterful Stab+1"],"picked":"SKIP","floor":31},{"not_picked":["Unload+1","Grand Finale+1","Tools of the Trade"],"picked":"Die Die Die+1","floor":33},{"not_picked":["Flying Knee+1","Blade Dance","Outmaneuver"],"picked":"Backstab+1","floor":34},{"not_picked":["Deadly Poison","Setup","Dagger Spray+1","Riddle With Holes+1"],"picked":"SKIP","floor":35},{"not_picked":["Underhanded Strike+1","Deadly Poison","Dodge and Roll"],"picked":"Acrobatics","floor":38},{"not_picked":["Slice+1","Riddle With Holes+1","Deflect"],"picked":"After Image","floor":39},{"not_picked":["Concentrate","Blade Dance","Setup","Predator+1"],"picked":"SKIP","floor":40},{"not_picked":["Prepared+1","Quick Slash+1","Distraction"],"picked":"Backflip","floor":42},{"not_picked":["Well Laid Plans","Quick Slash+1","Predator+1","Underhanded Strike+1"],"picked":"SKIP","floor":44},{"not_picked":["Footwork+1","Blade Dance","Slice+1"],"picked":"Backflip+1","floor":46},{"not_picked":["Blade Dance+1","Dagger Throw+1","Doppelganger"],"picked":"PiercingWail","floor":47},{"not_picked":["Outmaneuver","Skewer+1","Infinite Blades","Concentrate"],"picked":"SKIP","floor":48},{"not_picked":["Flying Knee+1","Poisoned Stab+1","Concentrate"],"picked":"Acrobatics","floor":55}],"player_experience":704217,"relics_obtained":[{"floor":7,"key":"HornCleat"},{"floor":9,"key":"Lantern"},{"floor":11,"key":"Pen Nib"},{"floor":12,"key":"Ninja Scroll"},{"floor":14,"key":"Molten Egg 2"},{"floor":23,"key":"Omamori"},{"floor":25,"key":"Ornamental Fan"},{"floor":30,"key":"Question Card"},{"floor":40,"key":"Nunchaku"},{"floor":42,"key":"Happy Flower"},{"floor":43,"key":"Lizard Tail"},{"floor":44,"key":"Toy Ornithopter"},{"floor":48,"key":"Pantograph"},{"floor":55,"key":"Whetstone"}],"event_choices":[{"damage_healed":0,"gold_gain":0,"player_choice":"Donut","damage_taken":0,"max_hp_gain":5,"max_hp_loss":0,"event_name":"Big Fish","floor":4,"gold_loss":0},{"damage_healed":0,"gold_gain":100,"player_choice":"Gold","damage_taken":0,"max_hp_gain":0,"max_hp_loss":0,"event_name":"Wheel of Change","floor":5,"gold_loss":0},{"damage_healed":0,"gold_gain":0,"player_choice":"Searched \u00271\u0027 times","damage_taken":0,"max_hp_gain":0,"max_hp_loss":0,"event_name":"Dead Adventurer","floor":12,"gold_loss":0},{"damage_healed":0,"gold_gain":50,"player_choice":"Pray","damage_taken":0,"max_hp_gain":0,"max_hp_loss":0,"event_name":"Golden Shrine","floor":19,"gold_loss":0},{"damage_healed":0,"gold_gain":0,"player_choice":"0 cards matched","damage_taken":0,"max_hp_gain":0,"max_hp_loss":0,"event_name":"Match and Keep!","floor":37,"gold_loss":0,"cards_obtained":[]},{"cards_removed":["Strike_G"],"damage_healed":0,"gold_gain":0,"player_choice":"Purged","damage_taken":0,"max_hp_gain":0,"max_hp_loss":0,"event_name":"Purifier","floor":45,"gold_loss":0}],"is_beta":false,"boss_relics":[{"not_picked":["Runic Dome","Empty Cage"],"picked":"Cursed Key"},{"not_picked":["Velvet Choker","Snecko Eye"],"picked":"Tiny House"}],"items_purged_floors":[21,54],"is_endless":false,"potions_floor_spawned":[2,3,11,14,18,22,23,31,38,39,44,47],"killed_by":"The Heart","ascension_level":20}}