{"host":"utqe55yv0jihe4d6","time":1609254685,"event":{"mods":["2.2 Compatiblity","AchievementEnabler","BaseMod","Block Reminder","Colored Map","Colored Powertips","Minty Spire (QoL Compilation)","Quick Restart","Rare Cards Sparkle","Relic Stats","SuperFastMode"],"gold_per_floor":[112,187,187,187,197,223,223,223,223],"floor_reached":8,"playtime":90,"items_purged":[],"score":158,"play_id":"4114101a-12e0-4aae-9ff7-90947c422dc6","local_time":"20201229101125","is_ascension_mode":true,"campfire_choices":[{"data":"Footwork","floor":7,"key":"SMITH"}],"circlet_count":0,"master_deck":["AscendersBane","Strike_G","Strike_G","Strike_G+1","Strike_G","Strike_G+1","Defend_G","Defend_G","Defend_G","Defend_G","Defend_G","Survivor","Neutralize+1","Underhanded Strike","Footwork+1","Quick Slash"],"relics":["Ring of the Snake","NeowsBlessing","Paper Crane"],"acts_visited":["Exordium"],"potions_floor_usage":[],"damage_taken":[{"damage":0,"enemies":"Small Slimes","floor":1,"turns":1},{"damage":0,"enemies":"Jaw Worm","floor":5,"turns":1},{"damage":0,"enemies":"3 Sentries","floor":6,"turns":1},{"damage":29,"enemies":"Gremlin Nob","floor":8,"turns":4}],"seed_played":"-2764759683701389279","potions_obtained":[],"is_trial":false,"path_per_floor":["M","?","?","?","M","E","R","E"],"character_chosen":"THE_SILENT","items_purchased":[],"campfire_rested":0,"item_purchase_floors":[],"current_hp_per_floor":[59,48,48,28,28,28,28,0,0],"gold":223,"neow_bonus":"THREE_ENEMY_KILL","is_daily":false,"chose_seed":false,"campfire_upgraded":1,"win_rate":0.0,"timestamp":1609254685,"path_taken":["M","?","?","?","?","E","R","E"],"items_purchased_type":[],"build_version":"2020-12-22","purchased_purges":0,"victory":false,"max_hp_per_floor":[66,66,66,66,66,66,66,66,66],"relic_stats":{"counters":[4,7],"obtain_stats":[{"NeowsBlessing":0,"Paper Crane":6,"Ring of the Snake":0},{"NeowsBlessing":0,"Paper Crane":3,"Ring of the Snake":0},{"NeowsBlessing":0,"Paper Crane":3,"Ring of the Snake":0}],"Ring of the Snake":[8]},"card_choices":[{"not_picked":["Acrobatics","Deflect"],"picked":"Underhanded Strike","floor":1},{"not_picked":["Flechettes","Dodge and Roll"],"picked":"Footwork","floor":5},{"not_picked":["Underhanded Strike","Terror"],"picked":"Quick Slash","floor":6}],"player_experience":2895469,"relics_obtained":[{"floor":6,"key":"Paper Crane"}],"event_choices":[{"damage_healed":0,"gold_gain":75,"player_choice":"Gather Gold","damage_taken":11,"max_hp_gain":0,"max_hp_loss":0,"event_name":"World of Goop","floor":2,"gold_loss":0},{"damage_healed":0,"gold_gain":0,"player_choice":"Grow","damage_taken":0,"max_hp_gain":0,"max_hp_loss":0,"event_name":"Living Wall","floor":3,"gold_loss":0,"cards_upgraded":["Neutralize"]},{"damage_healed":0,"gold_gain":0,"player_choice":"Entered Light","damage_taken":20,"max_hp_gain":0,"max_hp_loss":0,"event_name":"Shining Light","floor":4,"gold_loss":0,"cards_upgraded":["Strike_G","Strike_G"]}],"is_beta":false,"boss_relics":[],"items_purged_floors":[],"is_endless":false,"potions_floor_spawned":[],"killed_by":"Gremlin Nob","ascension_level":20}}