{"host":"52zmxm0oht7x0uft","time":1609270673,"event":{"mods":["AchievementEnabler","BaseMod","Minty Spire (QoL Compilation)","Quick Restart"],"gold_per_floor":[114,124,137,147,147,173,173,98,122,155,155,170,186,186,186,290,290,310,310,310,323,343,343,343],"floor_reached":23,"playtime":1215,"items_purged":["Strike_R"],"score":269,"play_id":"81235619-33c1-4a3d-afe3-2e213292ddd1","local_time":"20201229203753","is_ascension_mode":true,"campfire_choices":[{"floor":7,"key":"REST"},{"data":"Cleave","floor":11,"key":"SMITH"},{"data":"Clash","floor":15,"key":"SMITH"}],"circlet_count":0,"master_deck":["Strike_R","Strike_R","Strike_R","Defend_R","Defend_R","Defend_R","Defend_R","Bash","Clash+1","Cleave+1"],"relics":["Burning Blood","MealTicket","Lantern","Strawberry","Letter Opener","Black Star","The Courier","Blood Vial"],"acts_visited":["Exordium","TheCity"],"potions_floor_usage":[16,16,23,23,23],"damage_taken":[{"damage":7,"enemies":"Jaw Worm","floor":1,"turns":3},{"damage":1,"enemies":"Cultist","floor":2,"turns":4},{"damage":6,"enemies":"2 Louse","floor":3,"turns":3},{"damage":14,"enemies":"Lots of Slimes","floor":4,"turns":2},{"damage":49,"enemies":"Lagavulin","floor":6,"turns":8},{"damage":35,"enemies":"3 Sentries","floor":10,"turns":9},{"damage":24,"enemies":"Exordium Thugs","floor":12,"turns":5},{"damage":5,"enemies":"2 Fungi Beasts","floor":13,"turns":3},{"damage":34,"enemies":"The Guardian","floor":16,"turns":10},{"damage":26,"enemies":"Chosen","floor":18,"turns":6},{"damage":41,"enemies":"Spheric Guardian","floor":21,"turns":6},{"damage":13,"enemies":"Snecko","floor":22,"turns":5},{"damage":67,"enemies":"Book of Stabbing","floor":23,"turns":4}],"seed_played":"-2017558263643214996","potions_obtained":[{"floor":1,"key":"BloodPotion"},{"floor":4,"key":"LiquidBronze"},{"floor":10,"key":"Fire Potion"},{"floor":16,"key":"BloodPotion"},{"floor":21,"key":"SpeedPotion"},{"floor":22,"key":"PowerPotion"}],"is_trial":false,"path_per_floor":["M","M","M","M","?","E","R","$","T","E","R","M","M","?","R","B",null,"M","?","?","M","M","E"],"character_chosen":"IRONCLAD","items_purchased":[],"campfire_rested":1,"item_purchase_floors":[],"current_hp_per_floor":[87,88,88,80,68,25,51,66,73,44,44,26,27,27,27,18,95,75,75,75,42,37,0,0],"gold":343,"neow_bonus":"TEN_PERCENT_HP_BONUS","is_daily":false,"chose_seed":false,"campfire_upgraded":2,"win_rate":0.0,"timestamp":1609270673,"path_taken":["M","M","M","M","?","E","R","$","T","E","R","M","M","?","R","BOSS","M","?","?","?","M","E"],"items_purchased_type":[],"build_version":"2020-12-22","purchased_purges":1,"victory":false,"max_hp_per_floor":[88,88,88,88,88,88,88,88,95,95,95,95,95,95,95,95,95,95,95,95,95,95,95,95],"card_choices":[{"not_picked":["Whirlwind","Sword Boomerang","Anger"],"picked":"SKIP","floor":1},{"not_picked":["Fire Breathing","Wild Strike"],"picked":"Clash","floor":2},{"not_picked":["Body Slam","Fire Breathing"],"picked":"Cleave","floor":3},{"not_picked":["Uppercut","Sword Boomerang","Combust"],"picked":"SKIP","floor":4},{"not_picked":["Headbutt","Second Wind","Pommel Strike"],"picked":"SKIP","floor":6},{"not_picked":["Shockwave","Evolve","Sword Boomerang"],"picked":"SKIP","floor":10},{"not_picked":["Uppercut","Thunderclap","Headbutt"],"picked":"SKIP","floor":12},{"not_picked":["Havoc","Headbutt","Perfected Strike"],"picked":"SKIP","floor":13},{"not_picked":["Corruption","Reaper"],"picked":"Immolate","floor":16},{"not_picked":["Entrench+1","Body Slam","Shrug It Off"],"picked":"SKIP","floor":18},{"not_picked":["Pommel Strike","Metallicize","Warcry"],"picked":"SKIP","floor":21},{"not_picked":["Perfected Strike+1","Twin Strike","Blood for Blood"],"picked":"SKIP","floor":22}],"player_experience":331194,"relics_obtained":[{"floor":6,"key":"Lantern"},{"floor":9,"key":"Strawberry"},{"floor":10,"key":"Letter Opener"}],"event_choices":[{"damage_healed":0,"gold_gain":0,"player_choice":"Success","damage_taken":12,"relics_obtained":["MealTicket"],"max_hp_gain":0,"max_hp_loss":0,"event_name":"Scrap Ooze","floor":5,"gold_loss":0},{"cards_removed":["Strike_R"],"damage_healed":0,"gold_gain":0,"player_choice":"Purged","damage_taken":0,"max_hp_gain":0,"max_hp_loss":0,"event_name":"Purifier","floor":14,"gold_loss":0},{"damage_healed":0,"gold_gain":0,"player_choice":"Opened","damage_taken":0,"relics_obtained":["The Courier"],"max_hp_gain":0,"max_hp_loss":0,"event_name":"The Mausoleum","floor":19,"gold_loss":0},{"cards_removed":["Immolate"],"damage_healed":0,"gold_gain":0,"player_choice":"Gave Card","damage_taken":0,"relics_obtained":["Blood Vial"],"max_hp_gain":0,"max_hp_loss":0,"event_name":"WeMeetAgain","floor":20,"gold_loss":0}],"is_beta":false,"boss_relics":[{"not_picked":["Empty Cage","Philosopher\u0027s Stone"],"picked":"Black Star"}],"items_purged_floors":[8],"is_endless":false,"potions_floor_spawned":[1,4,10,12,16,21,22],"killed_by":"Book of Stabbing","ascension_level":4}}