{"host":"nox","time":1609248426,"event":{"mods":["Act Like it!","Aspiration","BaseMod","Better Altar","Better Match","Better Note","Better Sensory Stone","Better Skull","Better Third Choice","BetterRewards","Colored Powertips","Conspire","Energized Spire","GifTheSpireLib","Hubris","Infinite Spire","Minty Spire (QoL Compilation)","Pale of the Ancients","Quick Restart","Rare Cards Sparkle","Replay The Spire","Shop Mod","Spikes Relics","StSLib","Stuff the Spire","SuperFastMode","The Alterego","vexMod"],"gold_per_floor":[119,133,146,146,165,200,200,233,233,233,256,256,290,354,354,354,354,458,458,476,495,207,226,243,268,268,302,325,356,356,366,366,378,378,479,479,495,513,335,351,351,351,378,393,468,483,497,515,615,641,641,641,641],"floor_reached":52,"playtime":2864,"items_purged":["Strike_G","Strike_G","Strike_G","Strike_G"],"score":947,"play_id":"40679435-5859-443c-a3d0-cfc690a38db4","local_time":"20201229202706","is_ascension_mode":true,"campfire_choices":[{"data":"Phantasmal Killer","floor":7.0,"key":"SMITH"},{"floor":12.0,"key":"REST"},{"floor":15.0,"key":"REST"},{"floor":26.0,"key":"REST"},{"data":"StuffTheSpire:Harmony","floor":32.0,"key":"SMITH"},{"data":"conspire:PoisonWeapons","floor":34.0,"key":"SMITH"},{"floor":42.0,"key":"RECALL"},{"data":"Blade Dance","floor":51,"key":"SMITH"}],"circlet_count":0,"master_deck":["Strike_G+1","Defend_G","Defend_G","Defend_G","Defend_G","Defend_G","Survivor","Neutralize","Blade Dance+1","StuffTheSpire:Shiver+1","Cloak And Dagger","Slice+1","Phantasmal Killer+1","StuffTheSpire:Harmony+1","Backflip","Panache+1","Cloak And Dagger+1","Blade Dance+1","Cloak And Dagger+1","Blade Dance+1","infinitespire:Fortify","conspire:PoisonWeapons+1","Dash","ReplayTheSpireMod:From All Sides","Sucker Punch+1","Cloak And Dagger","ReplayTheSpireMod:From All Sides","Blade Dance+1","Outmaneuver+1","Slice+1","Heel Hook+1","Cloak And Dagger+1","StuffTheSpire:Shiver+1"],"relics":["Kunai","hubris:Towel","ReplayFunnel","hubris:MobiusCoin","WristBlade","MerchantsRug","Whetstone","Counterbalance","Potion Belt","Meat on the Bone","vexMod:ImprovementManual","Mummified Hand","energizedSpire:OgreHead","FossilizedHelix","Orrery","PreservedInsect"],"acts_visited":["Exordium","TheCity","TheBeyond"],"potions_floor_usage":[50,52,52,52],"damage_taken":[{"damage":4.0,"enemies":"Small Slimes","floor":1.0,"turns":6.0},{"damage":6.0,"enemies":"Jaw Worm","floor":2.0,"turns":3.0},{"damage":1.0,"enemies":"2 Louse","floor":3.0,"turns":4.0},{"damage":8.0,"enemies":"Red Slaver","floor":5.0,"turns":4.0},{"damage":15.0,"enemies":"Gremlin Nob","floor":6.0,"turns":4.0},{"damage":22.0,"enemies":"3 Sentries","floor":8.0,"turns":9.0},{"damage":13.0,"enemies":"Lagavulin","floor":13.0,"turns":6.0},{"damage":12.0,"enemies":"Exordium Wildlife","floor":14.0,"turns":5.0},{"damage":66.0,"enemies":"Fading Forest","floor":18.0,"turns":11.0},{"damage":3.0,"enemies":"Shell Parasite","floor":20.0,"turns":5.0},{"damage":3.0,"enemies":"Spheric Guardian","floor":21.0,"turns":3.0},{"damage":20.0,"enemies":"Snake Plant","floor":23.0,"turns":5.0},{"damage":1.0,"enemies":"conspire:HollyBat","floor":24.0,"turns":7.0},{"damage":33.0,"enemies":"Book of Stabbing","floor":25.0,"turns":6.0},{"damage":16.0,"enemies":"Gremlin Leader","floor":27.0,"turns":8.0},{"damage":29.0,"enemies":"conspire:SneckoGhost","floor":29.0,"turns":6.0},{"damage":0.0,"enemies":"Chosen and Byrds","floor":31.0,"turns":4.0},{"damage":8.0,"enemies":"Snake Plant","floor":33.0,"turns":3.0},{"damage":19.0,"enemies":"hubris:MusketHawk","floor":35.0,"turns":6.0},{"damage":32.0,"enemies":"3 Darklings","floor":37.0,"turns":4.0},{"damage":0.0,"enemies":"3 Shapes","floor":38.0,"turns":4.0},{"damage":12.0,"enemies":"Sphere and 2 Shapes","floor":40.0,"turns":5.0},{"damage":22.0,"enemies":"Nemesis","floor":43.0,"turns":5.0},{"damage":0.0,"enemies":"4 Shapes","floor":44.0,"turns":3.0},{"damage":0.0,"enemies":"Writhing Mass","floor":46.0,"turns":6.0},{"damage":0.0,"enemies":"3 Darklings","floor":47.0,"turns":2.0},{"damage":0.0,"enemies":"Transient","floor":48.0,"turns":5.0},{"damage":13,"enemies":"Reptomancer","floor":50,"turns":3},{"damage":93,"enemies":"conspire:OrnateMirror","floor":52,"turns":7}],"seed_played":"3887918984484229922","potions_obtained":[{"floor":1.0,"key":"Poison Potion"},{"floor":3.0,"key":"Dexterity Potion"},{"floor":6.0,"key":"FearPotion"},{"floor":14.0,"key":"Adrenaline Potion"},{"floor":27.0,"key":"DuplicationPotion"},{"floor":29.0,"key":"Block Potion"},{"floor":31.0,"key":"EssenceOfSteel"},{"floor":33.0,"key":"Poison Potion"},{"floor":35.0,"key":"SteroidPotion"},{"floor":38.0,"key":"Milkshake"},{"floor":40.0,"key":"Poison Potion"},{"floor":46.0,"key":"ColorlessPotion"},{"floor":48.0,"key":"Ancient Potion"}],"is_trial":false,"path_per_floor":["M","M","M","?","M","E","R","E","PTL","PTL","T","R","E","M","R","?","R","B",null,"M","M","$","M","M","E","R","E","T","E","AVR","M","R","M","R","B",null,"M","M","$","M","?","R","E","M","T","M","M","M","AVR","E","R","B"],"character_chosen":"THE_SILENT","items_purchased":["Panache","Cloak And Dagger","MerchantsRug","DistilledChaos"],"campfire_rested":3,"item_purchase_floors":[22,22,22,39],"current_hp_per_floor":[59,53,52,52,44,36,36,14,14,14,14,37,24,12,35,35,58,9,60,60,60,60,46,51,24,47,37,37,14,14,35,35,48,48,44,69,51,65,65,67,67,67,59,68,68,77,77,77,77,75,75,0,0],"gold":641,"neow_bonus":"BOSS_RELIC","is_daily":false,"chose_seed":false,"campfire_upgraded":4,"win_rate":0.0,"timestamp":1609248426,"path_taken":["M","M","M","?","M","E","R","E","PTL","PTL","T","R","E","M","R","?","R","BOSS","M","M","$","M","M","E","R","E","T","E","AVR","M","R","M","R","BOSS","M","M","$","M","?","R","E","M","T","M","M","M","AVR","E","R","BOSS"],"items_purchased_type":["Card","Card","Relic","Potion"],"build_version":"2020-11-17","purchased_purges":4,"victory":false,"max_hp_per_floor":[70,70,70,70,70,77,77,77,77,77,77,77,77,77,77,77,77,77,77,77,77,77,77,77,77,77,77,77,77,77,77,77,77,77,77,77,77,77,77,77,77,77,77,77,77,77,77,77,77,77,77,77,77],"card_choices":[{"not_picked":["Acrobatics","Reflex"],"picked":"Blade Dance","floor":1.0},{"not_picked":["hubris:Sniper","Sucker Punch"],"picked":"StuffTheSpire:Shiver","floor":2.0},{"not_picked":["Flying Knee","Sucker Punch"],"picked":"Cloak And Dagger","floor":3.0},{"not_picked":["Footwork","PiercingWail"],"picked":"Slice","floor":5.0},{"not_picked":["Choke","StuffTheSpire:BumpUp"],"picked":"Phantasmal Killer","floor":6.0},{"not_picked":["Deadly Poison","Venomology","Poison Darts"],"picked":"SKIP","floor":8.0},{"not_picked":["All Out Attack","aspiration:Lunge","Deadly Poison"],"picked":"SKIP","floor":13.0},{"not_picked":["Dodge and Roll","Bullet Time","Finisher"],"picked":"SKIP","floor":14.0},{"not_picked":["Dodge and Roll","Bullet Time","Finisher"],"picked":"SKIP","floor":14.0},{"not_picked":["StuffTheSpire:Innocence","StuffTheSpire:Vigor"],"picked":"StuffTheSpire:Harmony","floor":16.0},{"not_picked":["Quick Slash","ReplayTheSpireMod:Exploit Weakness+1","Hidden Blade"],"picked":"SKIP","floor":20.0},{"not_picked":["StuffTheSpire:Injection","Deflect","Backflip"],"picked":"SKIP","floor":21.0},{"not_picked":["StuffTheSpire:Injection","Deflect"],"picked":"Backflip","floor":21.0},{"not_picked":["hubris:Counter+1","Backflip"],"picked":"Blade Dance","floor":23.0},{"not_picked":["StuffTheSpire:Injection","Outmaneuver+1"],"picked":"Cloak And Dagger","floor":24.0},{"not_picked":["Riddle With Holes","StuffTheSpire:Injection","Quick Slash"],"picked":"SKIP","floor":25.0},{"not_picked":["Accuracy","Underhanded Strike"],"picked":"Blade Dance+1","floor":27.0},{"not_picked":["Hidden Blade","StuffTheSpire:MirrorStance","Masterful Stab"],"picked":"SKIP","floor":29.0},{"not_picked":["Dagger Spray","Calculated Gamble+1","Backflip"],"picked":"SKIP","floor":31.0},{"not_picked":["Phantasmal Killer","Cloak And Dagger"],"picked":"conspire:PoisonWeapons","floor":33.0},{"not_picked":["Sucker Punch","StuffTheSpire:Repulse+1","Replay:Poison Smokescreen"],"picked":"SKIP","floor":37.0},{"not_picked":["hubris:SlightOfHand","Dagger Spray+1"],"picked":"Dash","floor":38.0},{"not_picked":["hubris:Counter","Dagger Throw","Expertise"],"picked":"SKIP","floor":40.0},{"not_picked":["Deadly Poison+1","hubris:SlightOfHand+1"],"picked":"ReplayTheSpireMod:From All Sides","floor":43.0},{"not_picked":["Quick Slash","A Thousand Cuts"],"picked":"Sucker Punch+1","floor":44.0},{"not_picked":["Dagger Spray+1","Expertise+1"],"picked":"Cloak And Dagger","floor":46.0},{"not_picked":["PiercingWail","Acrobatics"],"picked":"ReplayTheSpireMod:From All Sides","floor":47.0},{"not_picked":["ReplayTheSpireMod:Speed Training","StuffTheSpire:BumpUp"],"picked":"Blade Dance","floor":48.0},{"not_picked":["Reflex+1","Skewer+1"],"picked":"Outmaneuver+1","floor":49.0},{"not_picked":["StuffTheSpire:ClusterCrunch","Dagger Throw+1"],"picked":"Slice+1","floor":49.0},{"not_picked":["ReplayTheSpireMod:Tripwire+1","Expertise+1"],"picked":"Heel Hook+1","floor":49.0},{"not_picked":["StuffTheSpire:FinalStruggle","Dodge and Roll+1"],"picked":"Cloak And Dagger+1","floor":49.0},{"not_picked":["Deflect+1","Choke"],"picked":"StuffTheSpire:Shiver+1","floor":50}],"player_experience":277035,"relics_obtained":[{"floor":6.0,"key":"Strawberry"},{"floor":8.0,"key":"vexMod:BarristanHead"},{"floor":11.0,"key":"ReplayFunnel"},{"floor":13.0,"key":"hubris:MobiusCoin"},{"floor":25.0,"key":"Whetstone"},{"floor":27.0,"key":"Counterbalance"},{"floor":28.0,"key":"Potion Belt"},{"floor":29.0,"key":"Meat on the Bone"},{"floor":43.0,"key":"FossilizedHelix"},{"floor":50,"key":"PreservedInsect"}],"event_choices":[],"is_beta":true,"boss_relics":[{"not_picked":["ReplayTheSpireMod:SealedPack","hubris:ScarierMask"],"picked":"WristBlade"},{"not_picked":["Replay:Bronze Core","Runic Dome"],"picked":"energizedSpire:OgreHead"}],"items_purged_floors":[22,30,39,49],"is_endless":false,"potions_floor_spawned":[1,3,6,14,27,29,31,33,35,38,40,46,48],"killed_by":"conspire:OrnateMirror","ascension_level":7}}