{"host":"appz8zkad29u9482","time":1609230539,"event":{"mods":["2.2 Compatiblity","Act Like it!","Aspiration","BaseMod","Better Altar","Better Match","Better Note","Better Skull","Better Third Choice","BetterRewards","CapriCore","Chen","Conspire","Disable Question Mark Monsters","Energized Spire","Gensokyo","GifTheSpireLib","Gold Saver","Halation","Hermit","Hubris","Infinite Spire","Jedi Mod","Marisa????????","Minty Spire (QoL Compilation)","Permanent Neow","Reimu??????","Replay The Spire","Spicy Shops","StSLib","Strawberry Spire","Stuff the Spire","The Immortal","The Servant 0.9.4","Yakumo Yukari mod","yUi"],"gold_per_floor":[586,248,248,248,248,248,259,307,332,363,363,378,378,391,391,486,486,506,506,519,52,67,67,67,67,67,67,92,105,105,132,132,237,237,249,249,269,285,285,285,295,295,320,320,320,365,203,82,82,82,82,82,7,7,7],"floor_reached":54,"playtime":3709,"items_purged":["Defend_purpleEX"],"score":794,"play_id":"8f241e82-e62e-4f2d-80a6-fd52a1c3681d","local_time":"20201228222859","is_ascension_mode":false,"campfire_choices":[{"data":"WingOfChimera_purple","floor":6.0,"key":"SMITH"},{"floor":11.0,"key":"REST"},{"data":"Gensokyo:TekeTeke","floor":13.0,"key":"SMITH"},{"data":"RuptureOfTimeAndSpace_purple","floor":15.0,"key":"SMITH"},{"data":"Fantasy_PerpetualMotionMachine_purple","floor":23.0,"key":"SMITH"},{"floor":25.0,"key":"RECALL"},{"data":"SharpContractionReality_purple","floor":27.0,"key":"SMITH"},{"data":"WingOfChimera_purple","floor":32.0,"key":"SMITH"},{"data":"DimensionStaggered_purple","floor":40.0,"key":"SMITH"},{"data":"DimensionStaggered_purple","floor":42.0,"key":"SMITH"},{"data":"Observe_purple_2","floor":44.0,"key":"SMITH"},{"data":"DimensionStaggered_purple","floor":49.0,"key":"SMITH"},{"data":"PositiveMatter_Antimatter_Universe_purple","floor":52,"key":"SMITH"}],"circlet_count":0,"master_deck":["AT_purpleEX","AT_purpleEX","AT_purpleEX","Defend_purpleEX","Defend_purpleEX","Observe_purple_1","Observe_purple_2+1","WingOfChimera_purple+1","Gensokyo:TekeTeke+1","Boundary_DreamRealityDamnation_purple","SharpContractionReality_purple+1","MNeedle_purple","RuptureOfTimeAndSpace_purple+1","D_absorption_purple","Fantasy_PerpetualMotionMachine_purple+1","hermit:EternalForm+1","DimensionStaggered_purple+1","MeetDecomposer_purple+1","Monsters_DoubleDeathButterfly_purple","WatchEChange_purple","WingOfChimera_purple+1","Boundary_LifeAndDeath_purple","PositiveMatter_Antimatter_Universe_purple+1","Boundary_DreamRealityDamnation_purple","DimensionStaggered_purple+1","DimensionStaggered_purple+1","Fantasy_PerpetualMotionMachine_purple"],"relics":["Boundary_crack","Memoryfragments_purpleEX","hubris:Zylophone","Chemical X","Gensokyo:CelestialsFlawlessClothing","Replay:Baseball","conspire:DecoderRing","StuffTheSpire:RunicHypercube","halation:LostSnail","halation:Sosunser","StuffTheSpire:Experiment12","Tea:ReiMu","strawberrySpire:ElefentMask","Eternal Feather","Gensokyo:ConquerorOfFear","Ice Cream","halation:Trompette","jedi:paperlyon","infinitespire:Beetle Shell","hubris:Towel","Replay:Rubber Ducky","Strange Spoon"],"acts_visited":["Gensokyo:Gensokyo","Gensokyo:Gensokyoer","Gensokyo:Gensokyoest","TheEnding"],"potions_floor_usage":[],"damage_taken":[{"damage":18.0,"enemies":"Gensokyo:3_Fairies","floor":1.0,"turns":7.0},{"damage":4.0,"enemies":"Gensokyo:Python","floor":7.0,"turns":5.0},{"damage":16.0,"enemies":"Gensokyo:Aya","floor":10.0,"turns":7.0},{"damage":0.0,"enemies":"Gensokyo:2_Kodama","floor":12.0,"turns":4.0},{"damage":0.0,"enemies":"Gensokyo:2_Rabbits","floor":14.0,"turns":1.0},{"damage":18.0,"enemies":"Gensokyo:Yukari","floor":16.0,"turns":7.0},{"damage":6.0,"enemies":"Gensokyo:3_Dogs","floor":18.0,"turns":2.0},{"damage":0.0,"enemies":"Gensokyo:CosmicMonolith","floor":20.0,"turns":3.0},{"damage":3.0,"enemies":"Gensokyo:3_Gloops","floor":22.0,"turns":4.0},{"damage":0.0,"enemies":"Gensokyo:Koishi","floor":28.0,"turns":5.0},{"damage":29.0,"enemies":"Gensokyo:Swordslinger","floor":29.0,"turns":6.0},{"damage":9.0,"enemies":"Gensokyo:Reisen","floor":31.0,"turns":4.0},{"damage":0.0,"enemies":"Gensokyo:Eiki","floor":33.0,"turns":6.0},{"damage":0.0,"enemies":"Gensokyo:3_Boulders","floor":35.0,"turns":2.0},{"damage":0.0,"enemies":"Gensokyo:3_Bats","floor":37.0,"turns":3.0},{"damage":0.0,"enemies":"Gensokyo:AtlasGolem","floor":38.0,"turns":4.0},{"damage":0.0,"enemies":"Gensokyo:4_Bats","floor":41.0,"turns":2.0},{"damage":0.0,"enemies":"Gensokyo:Shinki","floor":50.0,"turns":6.0},{"damage":192,"enemies":"Shield and Spear","floor":54,"turns":6}],"seed_played":"9121398118430658338","potions_obtained":[{"floor":7.0,"key":"Venom Potion"},{"floor":10.0,"key":"Explosive Potion"},{"floor":20.0,"key":"SteroidPotion"},{"floor":29.0,"key":"Weak Potion"},{"floor":31.0,"key":"DuplicationPotion"},{"floor":37.0,"key":"EssenceOfSteel"}],"is_trial":false,"path_per_floor":["M","COS","?","?","?","R","M","T","T","E","R","M","R","M","R","B",null,"M","?","M","COS","M","R","AVR","R","T","R","E","M","?","E","R","B",null,"M","?","M","M","?","R","M","R","T","R","?","T","COS","$","R","B",null,"R","$","E"],"character_chosen":"Youkari","items_purchased":["DimensionStaggered_purple","Fantasy_PerpetualMotionMachine_purple"],"campfire_rested":1,"item_purchase_floors":[48,53],"current_hp_per_floor":[50,50,50,35,23,23,24,24,24,10,28,33,33,33,33,20,63,57,57,57,57,54,54,54,54,54,54,55,29,29,20,32,36,63,63,63,63,63,63,63,63,63,63,63,63,63,63,63,63,63,63,63,63,0,0],"gold":7,"neow_bonus":"ONE_RARE_RELIC","is_daily":false,"chose_seed":false,"campfire_upgraded":11,"win_rate":0.0,"timestamp":1609230539,"path_taken":["M","COS","?","?","?","R","?","?","T","E","R","M","R","M","R","BOSS","M","?","M","COS","M","R","AVR","R","T","R","E","M","?","E","R","BOSS","M","?","M","M","?","R","M","R","T","R","?","?","COS","?","R","BOSS","R","$","E"],"items_purchased_type":["Card","Card"],"build_version":"2020-12-22","purchased_purges":1,"victory":false,"max_hp_per_floor":[63,63,63,63,63,63,63,63,63,63,63,63,63,63,63,63,63,63,63,63,63,63,63,63,63,63,63,63,63,63,63,63,63,63,63,63,63,63,63,63,63,63,63,63,63,63,63,63,63,63,63,63,63,63,63],"card_choices":[{"not_picked":["Umbrella_purple","ExistenceContinue_purple"],"picked":"WingOfChimera_purple","floor":1.0},{"not_picked":["Umbrella_purple","Boundary_DynamicStaticEquilibrium_purple"],"picked":"Boundary_DreamRealityDamnation_purple","floor":7.0},{"not_picked":["Realm_recovery_purpleEX","Worldmountain_purple"],"picked":"SharpContractionReality_purple","floor":10.0},{"not_picked":["SfantasyHide_purple","StateErode_purple"],"picked":"MNeedle_purple","floor":12.0},{"not_picked":["WatchEChange_purple","MNeedle_purple"],"picked":"RuptureOfTimeAndSpace_purple","floor":14.0},{"not_picked":["Mirror_TwoAndThreeElementRealm_purple","Theboundaryofcreation_purpleEX"],"picked":"D_absorption_purple","floor":16.0},{"not_picked":["Umbrella_purple","RuleDissolution_purple"],"picked":"Fantasy_PerpetualMotionMachine_purple","floor":18.0},{"not_picked":["StateDuplicate_purple","Realm_recovery_purpleEX+1"],"picked":"DimensionStaggered_purple","floor":20.0},{"not_picked":["Mirror_Drifter_purple","AdvanceAttack_purple"],"picked":"MeetDecomposer_purple+1","floor":22.0},{"not_picked":["Computing_the_future_purpleEX","Theboundaryofcreation_purpleEX"],"picked":"Monsters_DoubleDeathButterfly_purple","floor":28.0},{"not_picked":["D_absorption_purple","Realm_recovery_purpleEX"],"picked":"WatchEChange_purple","floor":28.0},{"not_picked":["Mirror_FormAndEmptin_purple","StateDuplicate_purple","ExistenceContinue_purple"],"picked":"SKIP","floor":29.0},{"not_picked":["Human_Monster_Realm_purple","Bait_HighSpeedFlying_purple+1"],"picked":"WingOfChimera_purple","floor":31.0},{"not_picked":["UniverseChoice_purple","Price_of_realm_purpleEX"],"picked":"Boundary_LifeAndDeath_purple","floor":33.0},{"not_picked":["Line_surface_state_purple","Bait_Toxicbait_purple+1"],"picked":"PositiveMatter_Antimatter_Universe_purple","floor":35.0},{"not_picked":["Boundary_DreamRealityDamnation_purple","MeetDecomposer_purple","AdvanceAttack_purple+1"],"picked":"SKIP","floor":37.0},{"not_picked":["Line_surface_state_purple+1","SharpContractionReality_purple"],"picked":"Boundary_DreamRealityDamnation_purple","floor":38.0},{"not_picked":["Mirror_FormAndEmptin_purple","Boundary_DynamicStaticEquilibrium_purple+1"],"picked":"DimensionStaggered_purple","floor":41.0}],"player_experience":365015,"relics_obtained":[{"floor":9.0,"key":"Replay:Baseball"},{"floor":10.0,"key":"conspire:DecoderRing"},{"floor":26.0,"key":"Tea:ReiMu"},{"floor":28.0,"key":"Eternal Feather"},{"floor":31.0,"key":"Gensokyo:ConquerorOfFear"},{"floor":31.0,"key":"halation:Trompette"},{"floor":43.0,"key":"infinitespire:Beetle Shell"},{"floor":46.0,"key":"Replay:Rubber Ducky"}],"event_choices":[],"is_beta":false,"boss_relics":[{"not_picked":["Replay:Bronze Core","Empty Cage"],"picked":"StuffTheSpire:RunicHypercube"},{"not_picked":["energizedSpire:SpiderWeb","aspiration:RitualDagger"],"picked":"jedi:paperlyon"}],"items_purged_floors":[48],"is_endless":false,"potions_floor_spawned":[7,10,20,29,31,33,37],"killed_by":"Shield and Spear","ascension_level":0}}