{"host":"k7udt7atmcuzf6l0","time":1609215481,"event":{"mods":["AchievementEnabler","BaseMod","Colored Map","Colored Powertips","Highlight Path","Minty Spire (QoL Compilation)","Quick Restart","Rare Cards Sparkle","StSLib","UnlockEverythingMod"],"gold_per_floor":[119,138,138,153,153,153,179,179,203,227,227,262,262,21,21,122,122,135,50,50,50,65,65,93,93,119,131,131,131,131,142,142,247,247,266,266,26,26,38,38,67,83,83,83,43,56,73,123,123,123,123],"floor_reached":50,"playtime":1419,"items_purged":[],"score":569,"play_id":"8b5b3ada-de7a-4782-8543-0c30949f6c88","local_time":"20201229121801","is_ascension_mode":false,"campfire_choices":[{"data":"Flex","floor":6.0,"key":"SMITH"},{"data":"Double Tap","floor":8.0,"key":"SMITH"},{"data":"Whirlwind","floor":11.0,"key":"SMITH"},{"data":"Flex","floor":15.0,"key":"SMITH"},{"data":"Warcry","floor":23,"key":"SMITH"},{"data":"Body Slam","floor":25,"key":"SMITH"},{"data":"Heavy Blade","floor":32,"key":"SMITH"},{"data":"Berserk","floor":40,"key":"SMITH"},{"data":"Reaper","floor":44,"key":"SMITH"},{"data":"Inflame","floor":49,"key":"SMITH"}],"circlet_count":0,"master_deck":["Strike_R","Strike_R","Strike_R","Strike_R","Strike_R","Defend_R","Defend_R","Defend_R+1","Bash","Whirlwind+1","Iron Wave+1","Flex+1","Double Tap+1","Bloodletting+1","Flex+1","Reaper+1","Hemokinesis","Warcry+1","Flex+1","Body Slam+1","Armaments+1","Heavy Blade+1","Berserk+1","Double Tap+1","Body Slam+1","Clash+1","Pommel Strike+1","Reaper","Inflame+1","Havoc+1"],"relics":["Burning Blood","Toy Ornithopter","Juzu Bracelet","Ancient Tea Set","WingedGreaves","Bag of Preparation","Coffee Dripper","War Paint","Orichalcum","Meat on the Bone","Potion Belt","Nilry\u0027s Codex","Thread and Needle","Philosopher\u0027s Stone","Gremlin Horn","Magic Flower","StrikeDummy","Ice Cream"],"acts_visited":["Exordium","TheCity","TheBeyond"],"potions_floor_usage":[33,33,46,46],"damage_taken":[{"damage":14.0,"enemies":"Small Slimes","floor":1.0,"turns":4.0},{"damage":6.0,"enemies":"Jaw Worm","floor":2.0,"turns":3.0},{"damage":6.0,"enemies":"Cultist","floor":4.0,"turns":3.0},{"damage":27.0,"enemies":"Gremlin Nob","floor":7.0,"turns":5.0},{"damage":0.0,"enemies":"3 Sentries","floor":12.0,"turns":1.0},{"damage":42.0,"enemies":"The Guardian","floor":16.0,"turns":7.0},{"damage":10.0,"enemies":"Spheric Guardian","floor":18.0,"turns":3.0},{"damage":0,"enemies":"3 Byrds","floor":22,"turns":1},{"damage":37,"enemies":"Slavers","floor":24,"turns":4},{"damage":2,"enemies":"3 Cultists","floor":27,"turns":2},{"damage":0,"enemies":"Centurion and Healer","floor":31,"turns":3},{"damage":58,"enemies":"Automaton","floor":33,"turns":8},{"damage":21,"enemies":"3 Shapes","floor":35,"turns":2},{"damage":1,"enemies":"Orb Walker","floor":39,"turns":3},{"damage":19,"enemies":"Giant Head","floor":41,"turns":6},{"damage":49,"enemies":"Sphere and 2 Shapes","floor":42,"turns":3},{"damage":31,"enemies":"Writhing Mass","floor":46,"turns":3},{"damage":13,"enemies":"Jaw Worm Horde","floor":47,"turns":2},{"damage":7,"enemies":"Mind Bloom Boss Battle","floor":48,"turns":4},{"damage":138,"enemies":"Time Eater","floor":50,"turns":7}],"seed_played":"-7600610036086800731","potions_obtained":[{"floor":4.0,"key":"ColorlessPotion"},{"floor":7.0,"key":"Explosive Potion"},{"floor":22,"key":"Energy Potion"},{"floor":31,"key":"ColorlessPotion"},{"floor":35,"key":"EssenceOfSteel"},{"floor":39,"key":"SkillPotion"},{"floor":48,"key":"SmokeBomb"}],"is_trial":false,"path_per_floor":["M","M","?","M","?","R","E","R","T","T","R","E","?","$","R","B",null,"M","?","?","?","M","R","E","R","T","M","?","T","?","M","R","B",null,"M","?","$","?","M","R","E","M","T","R","?","M","M","?","R","B"],"character_chosen":"IRONCLAD","items_purchased":["Bag of Preparation","Flex","FearPotion","Gremlin Horn"],"campfire_rested":0,"item_purchase_floors":[14,14,14,37],"current_hp_per_floor":[72,72,72,72,77,77,56,56,56,56,56,62,62,62,62,31,85,85,85,85,85,85,85,71,71,71,85,69,69,69,83,83,50,85,70,70,70,70,75,75,76,64,64,64,64,58,54,85,85,0,0],"gold":123,"neow_bonus":"THREE_CARDS","is_daily":false,"chose_seed":false,"campfire_upgraded":10,"win_rate":0.0,"timestamp":1609215481,"path_taken":["M","M","?","M","?","R","E","R","T","?","R","E","?","?","R","BOSS","M","?","?","?","M","R","E","R","T","M","?","?","?","M","R","BOSS","M","?","$","?","M","R","E","M","T","R","?","M","M","?","R","BOSS"],"items_purchased_type":["Relic","Card","Potion","Relic"],"build_version":"2020-12-22","purchased_purges":0,"victory":false,"max_hp_per_floor":[80,80,80,80,85,85,85,85,85,85,85,85,85,85,85,85,85,85,85,85,85,85,85,85,85,85,85,85,85,85,85,85,85,85,85,85,85,85,85,85,85,85,85,85,85,85,85,85,85,85,85],"card_choices":[{"not_picked":["Headbutt","Sever Soul"],"picked":"Whirlwind","floor":0.0},{"not_picked":["Clothesline","Metallicize"],"picked":"Iron Wave","floor":1.0},{"not_picked":["Clothesline","Sentinel"],"picked":"Flex","floor":2.0},{"not_picked":["Wild Strike","Flex","Anger"],"picked":"SKIP","floor":4.0},{"not_picked":["Twin Strike","Carnage"],"picked":"Double Tap","floor":7.0},{"not_picked":["Cleave","Thunderclap"],"picked":"Bloodletting","floor":12.0},{"not_picked":["Offering","Impervious"],"picked":"Reaper","floor":16.0},{"not_picked":["Entrench","Iron Wave"],"picked":"Hemokinesis","floor":18.0},{"not_picked":["Entrench","Thunderclap"],"picked":"Flex+1","floor":22},{"not_picked":["Wild Strike","Iron Wave+1"],"picked":"Body Slam","floor":24},{"not_picked":["Thunderclap+1","Flex+1"],"picked":"Armaments+1","floor":27},{"not_picked":["Iron Wave","Exhume"],"picked":"Heavy Blade","floor":31},{"not_picked":["Demon Form","Exhume"],"picked":"Berserk","floor":33},{"not_picked":["Shrug It Off","Searing Blow","Wild Strike+1"],"picked":"SKIP","floor":35},{"not_picked":["Sever Soul+1","Armaments"],"picked":"Body Slam+1","floor":39},{"not_picked":["Body Slam+1","Power Through+1"],"picked":"Clash+1","floor":41},{"not_picked":["Headbutt+1","Perfected Strike"],"picked":"Pommel Strike+1","floor":42},{"not_picked":["Combust+1","Second Wind"],"picked":"Reaper","floor":46},{"not_picked":["Pummel+1","Warcry"],"picked":"Inflame","floor":47},{"not_picked":["Combust+1","Sword Boomerang"],"picked":"Havoc+1","floor":48}],"player_experience":13167,"relics_obtained":[{"floor":7.0,"key":"Toy Ornithopter"},{"floor":9.0,"key":"Juzu Bracelet"},{"floor":10.0,"key":"Ancient Tea Set"},{"floor":12.0,"key":"WingedGreaves"},{"floor":21,"key":"Orichalcum"},{"floor":24,"key":"Meat on the Bone"},{"floor":26,"key":"Potion Belt"},{"floor":28,"key":"Nilry\u0027s Codex"},{"floor":29,"key":"Thread and Needle"},{"floor":41,"key":"Magic Flower"},{"floor":43,"key":"StrikeDummy"},{"floor":48,"key":"Ice Cream"}],"event_choices":[{"damage_healed":0.0,"max_hp_gain":0.0,"max_hp_loss":0.0,"gold_gain":0.0,"event_name":"The Cleric","player_choice":"Leave","floor":3.0,"gold_loss":0.0,"damage_taken":0.0},{"damage_healed":0.0,"max_hp_gain":5.0,"max_hp_loss":0.0,"gold_gain":0.0,"event_name":"Big Fish","player_choice":"Donut","floor":5.0,"gold_loss":0.0,"damage_taken":0.0},{"damage_healed":0.0,"max_hp_gain":0.0,"max_hp_loss":0.0,"gold_gain":0.0,"event_name":"NoteForYourself","player_choice":"Ignored","floor":13.0,"gold_loss":0.0,"damage_taken":0.0},{"damage_healed":0.0,"max_hp_gain":0.0,"max_hp_loss":0.0,"gold_gain":0.0,"event_name":"Addict","player_choice":"Obtained Relic","floor":19.0,"gold_loss":85.0,"damage_taken":0.0,"relics_obtained":["War Paint"]},{"damage_healed":0,"gold_gain":0,"player_choice":"1 cards matched","damage_taken":0,"max_hp_gain":0,"max_hp_loss":0,"event_name":"Match and Keep!","floor":20,"gold_loss":0,"cards_obtained":["Warcry"]},{"damage_healed":0,"gold_gain":0,"player_choice":"Relic","damage_taken":0,"max_hp_gain":0,"max_hp_loss":0,"event_name":"Wheel of Change","floor":21,"gold_loss":0},{"damage_healed":0,"gold_gain":0,"player_choice":"Obtained Book","damage_taken":16,"max_hp_gain":0,"max_hp_loss":0,"event_name":"Cursed Tome","floor":28,"gold_loss":0},{"damage_healed":0,"gold_gain":0,"player_choice":"Ignored","damage_taken":0,"max_hp_gain":0,"max_hp_loss":0,"event_name":"Ghosts","floor":30,"gold_loss":0},{"damage_healed":0,"gold_gain":0,"player_choice":"Copied","damage_taken":0,"max_hp_gain":0,"max_hp_loss":0,"event_name":"Duplicator","floor":36,"gold_loss":0,"cards_obtained":["Double Tap"]},{"cards_removed":["Defend_R"],"damage_healed":0,"gold_gain":0,"player_choice":"Removed Skill","damage_taken":0,"max_hp_gain":0,"max_hp_loss":0,"event_name":"Falling","floor":38,"gold_loss":0},{"damage_healed":0,"gold_gain":0,"player_choice":"Upgrade","damage_taken":0,"max_hp_gain":0,"max_hp_loss":0,"event_name":"Designer","floor":45,"gold_loss":40,"cards_upgraded":["Iron Wave"]},{"damage_healed":0,"gold_gain":0,"player_choice":"Fight","damage_taken":0,"max_hp_gain":0,"max_hp_loss":0,"event_name":"MindBloom","floor":48,"gold_loss":0}],"is_beta":false,"boss_relics":[{"not_picked":["Fusion Hammer","Runic Cube"],"picked":"Coffee Dripper"},{"not_picked":["Runic Dome","Mark of Pain"],"picked":"Philosopher\u0027s Stone"}],"items_purged_floors":[],"is_endless":false,"potions_floor_spawned":[4,7,22,31,35,39,48],"killed_by":"Time Eater","ascension_level":0}}