{"host":"yq9lr8gtbjek4ze8","time":1609211623,"event":{"mods":["Act Like it!","Arknights The Spire","BaseMod","CapriCore","Challenge The Spire","Conspire","Friendly Minions","Gensokyo","GifTheSpireLib","Hallownest","Koishi","Mimic Mod","Minty Spire (QoL Compilation)","MostiFishMod","Pale of the Ancients","Replay The Spire","StSLib","WarShipGirlsR/战舰少女R mod","【功能Mod】聪明的最终Boss"],"gold_per_floor":[111,142,2,12,12,12,37,37,61,61,130,130,55,95,95,210,210,257,291,291,330,19,19,19,19,19,19,39,39,91,111,111],"floor_reached":31,"playtime":1164,"items_purged":["ats:Strike V"],"score":270,"play_id":"b008a9c7-8109-4540-8621-4b6af2e4adec","local_time":"20201229111343","is_ascension_mode":true,"campfire_choices":[{"data":"ats:Neurotoxin","floor":6,"key":"SMITH"},{"floor":8,"key":"REST"},{"floor":12,"key":"REST"},{"data":"ats:Overload","floor":15,"key":"SMITH"},{"floor":23,"key":"REST"},{"floor":29,"key":"REST"}],"circlet_count":0,"master_deck":["ats:Strike C","ats:Strike G","ats:Strike S","ats:Armor Crushing Shot","ats:Defend","ats:Defend","ats:Defend","ats:Defend","ats:Emotion Absorption","ats:Leaping Hammer","ats:Neurotoxin+1","ats:Overload+1","Pain","ats:Composite Medical Shells","ats:Apocalypse","ats:Roar Of Ursus","ats:Flexible Camouflage","ats:Counter Healing Mode","MostiFishMod:JungleRules","ats:Consecutive Shot Auto"],"relics":["ats:Sanity","DaveBox","xbg","SynthV:TestCard","ats:MaxSp1","conspire:Boomerang","ats:Originium","Mirror","Replay:Bandana","Gensokyo:LunaticRedEyes","ats:Originium","ats:Rhine Circuitry","conspire:RunicOctahedron","Gensokyo:SongOfSouls","ats:MaxSp4","Gensokyo:ConquerorOfFear","Toxic Egg 2","Replay:Towering Pillar of Hats"],"acts_visited":["Gensokyo:Gensokyo","Gensokyo:Gensokyoer"],"potions_floor_usage":[28],"damage_taken":[{"damage":4,"enemies":"Gensokyo:Gryphon","floor":1,"turns":4},{"damage":28,"enemies":"conspire:MimicChest","floor":2,"turns":5},{"damage":1,"enemies":"Gensokyo:Python","floor":4,"turns":3},{"damage":21,"enemies":"Gensokyo:Cirno","floor":7,"turns":6},{"damage":16,"enemies":"Gensokyo:Mamizou","floor":11,"turns":6},{"damage":1,"enemies":"Gensokyo:3_Fairies","floor":14,"turns":3},{"damage":25,"enemies":"Gensokyo:Yukari","floor":16,"turns":6},{"damage":2,"enemies":"Gensokyo:Chomper","floor":18,"turns":3},{"damage":22,"enemies":"Gensokyo:AngelMirror","floor":19,"turns":3},{"damage":28,"enemies":"Gensokyo:3_Gloops","floor":21,"turns":5},{"damage":59,"enemies":"Gensokyo:Monolith_and_Dog","floor":28,"turns":5},{"damage":30,"enemies":"Gensokyo:Tenshi","floor":30,"turns":5},{"damage":6,"enemies":"Gensokyo:Wraith","floor":31,"turns":2}],"seed_played":"-5609911785953408710","potions_obtained":[{"floor":7,"key":"AttackPotion"},{"floor":19,"key":"ats:Emergency Sanity Potion"},{"floor":30,"key":"Fire Potion"}],"is_trial":false,"path_per_floor":["M","?","?","M","COS","R","E","R","T","?","E","R","$","M","R","B",null,"M","M","?","M","$","R","?","?","T","$","M","R","E","M"],"character_chosen":"DOCTOR_CLASS","items_purchased":["ats:MaxSp4","MostiFishMod:JungleRules"],"campfire_rested":4,"item_purchase_floors":[22,22],"current_hp_per_floor":[75,47,47,46,46,46,25,48,48,48,32,55,55,54,54,33,79,79,61,61,37,37,60,60,60,60,60,7,30,1,0,0],"gold":111,"neow_bonus":"TEN_PERCENT_HP_BONUS","is_daily":false,"chose_seed":false,"campfire_upgraded":2,"win_rate":0.0,"timestamp":1609211623,"path_taken":["M","?","?","?","COS","R","E","R","T","?","E","R","?","?","R","BOSS","M","M","?","?","?","R","?","?","T","$","M","R","E","M"],"items_purchased_type":["Relic","Card"],"build_version":"2020-12-22","purchased_purges":1,"victory":false,"max_hp_per_floor":[79,79,79,79,79,79,79,79,79,79,79,79,79,79,79,79,79,79,79,79,79,79,79,79,79,79,79,79,79,79,79,79],"card_choices":[{"not_picked":["ats:Poison Spread","ats:Flexible Camouflage"],"picked":"ats:Leaping Hammer","floor":1},{"not_picked":["ats:Burning Ground","ats:Hook Shot","ats:Curse Doll","ats:Guardian Obelisk"],"picked":"ats:Neurotoxin","floor":2},{"not_picked":["ats:Assault Order","ats:Cat Scratch","ats:Leaping Hammer","ats:Directed Diagnosis","ats:Part Time Job"],"picked":"SKIP","floor":4},{"not_picked":["ats:Cat Scratch","ats:Echo Reverb","ats:Hammer On","ats:Apocalypse"],"picked":"ats:Overload","floor":7},{"not_picked":["ats:Rat Pack","ats:Overload","ats:Cat Scratch","ats:Demon Strength"],"picked":"ats:Composite Medical Shells","floor":11},{"not_picked":["ats:Directed Diagnosis","ats:Explosion Area Strengthen","ats:Ignite","ats:Poison Spread"],"picked":"ats:Apocalypse","floor":14},{"not_picked":["ats:Volcano","ats:Rat Pack","ats:Fractured Body","ats:Shadow Assault"],"picked":"ats:Roar Of Ursus","floor":16},{"not_picked":["ats:Explosion Area Strengthen","ats:Ignite","ats:Assault Order","ats:Closed Bolt Burst Fire+1"],"picked":"ats:Flexible Camouflage","floor":18},{"not_picked":["ats:Shell Defense","ats:Cat Scratch","ats:Ignite","ats:Flexible Camouflage","ats:Closed Bolt Burst Fire+1"],"picked":"SKIP","floor":19},{"not_picked":["ats:Healing Drone","ats:Childhood Dance","ats:Explosion Area Strengthen+1","ats:Flexible Camouflage"],"picked":"ats:Counter Healing Mode","floor":21},{"not_picked":["ats:Support Order+1","ats:Demon Strength","ats:Childhood Dance+1","ats:Collapsing Strike","ats:Soul Rend"],"picked":"SKIP","floor":28},{"not_picked":["ats:Durian+1","ats:Assault Order+1","ats:Hammer On+1","ats:Poison Spread"],"picked":"ats:Consecutive Shot Auto","floor":30}],"player_experience":117465,"relics_obtained":[{"floor":1,"key":"SynthV:TestCard"},{"floor":2,"key":"ats:MaxSp1"},{"floor":7,"key":"ats:Originium"},{"floor":7,"key":"Mirror"},{"floor":9,"key":"Replay:Bandana"},{"floor":11,"key":"ats:Originium"},{"floor":11,"key":"ats:Rhine Circuitry"},{"floor":26,"key":"Toxic Egg 2"},{"floor":28,"key":"Gensokyo:ConquerorOfFear"},{"floor":30,"key":"Replay:Towering Pillar of Hats"}],"event_choices":[],"is_beta":false,"boss_relics":[{"not_picked":["BloodWine","Replay:Wanted Poster"],"picked":"conspire:RunicOctahedron"}],"items_purged_floors":[13],"is_endless":false,"potions_floor_spawned":[7,14,19,21,30],"killed_by":"Gensokyo:Wraith","ascension_level":1}}