{"host":"avq773cl9g5msfol","time":1609231023,"event":{"mods":["AchievementEnabler","Act Like it!","Ascension Unlocker","Aspiration","Astrologer","Bard","Bartender","BaseMod","Better Altar","Better Third Choice","BetterRewards","CapriCore","ChefMod","Colored Map","Colored Powertips","Conspire","Dio Mod","Downfall","Elementarium","Energized Spire","Gensokyo","GifTheSpireLib","GungeonMod","Hallownest","Hermit","Highlight Path","Hubris","Humility","Infinite Spire","Jorbs\u0027s Wanderer Trilogy","Koishi","Lobotomy","LobotomyExtend","Magitek Elite","Marisa????????","Marked Mod","Menagerie","Minty Spire (QoL Compilation)","Potionbrewer","Quarter Circle Forward PUNCH!","Rare Cards Sparkle","Reimu??????","Relic Stats","Remilia??????","Replay The Spire","SacredBarkPlus","Shade Mod","Somnambulant","Spicy Shops","StSLib","Synergy Search","The Administrix","The Blue Laboratory","The Bug Knight","The Construct","The Cursed","The Dragon Tamer","The Exalted","The Hayseed","The Hierophant","The Immortal","The Judge","The Marked","The Mystic","The Problem Sleuth","The Runesmith","The Senshi","The Vixen","The Wild Card","TheArtist","TheFirefly","Wandering Minibosses","Yakumo Yukari mod","vexMod"],"gold_per_floor":[111,126,126,126,201,201,229,253,253,274,274,274,303,226,226,324,324,344,129,129,161,161,194,194,156,156,156,156,183,183,133,133,133,133,133],"floor_reached":33,"playtime":4194,"items_purged":["DTMod:DeepFocus+1"],"score":534,"play_id":"d2bc79e2-560f-4c50-8245-ab614ddb593f","local_time":"20201229153703","is_ascension_mode":false,"metric_token":4755,"campfire_choices":[{"data":"DTMod:DoubleHit","floor":6,"key":"SMITH"},{"data":"DTMod:Training","floor":11,"key":"SMITH"},{"data":"infinitespire:FutureSight","floor":15,"key":"SMITH"},{"data":"Gensokyo:FourOfAKind","floor":30,"key":"SMITH"}],"dtmod_dragon_data":[50,50,3,-1,15,0],"circlet_count":0,"master_deck":["Gensokyo:FourOfAKind","Gensokyo:FourOfAKind","Gensokyo:FourOfAKind","Gensokyo:FourOfAKind+1"],"relics":["DTMod:PactStone","Golden Egg","Quantum Egg","hubris:EmptyBottle","OrangePellets","TungstenRod","DTMod:TacticalNote","DTMod:MindBender","ReplayTheSpireMod:TigerMarble","Calipers","hubris:SlimyHat","DTMod:SwitchButton","DTMod:AncientBone","Membership Card","conspire:Dentures","Juzu Bracelet","vexMod:InvisibilityCloak","aspiration:Lifesprig","DTMod:OddArmor","LetterFromLob","DemoMod:GlassGuonStoneRelic","Menagerie:HuntersKnife","qcfpunch:Army_Boots","construct:RocketBooster","Lantern","Replay:Bronze Core","WingedGreaves","qcfpunch:Black_Training_Shirt","TentaclePot:ReiMu","infinitespire:Broken Mirror","Bromod:ArcaneConsequence"],"acts_visited":["Menagerie:Menagerie","Gensokyo:Gensokyoer"],"potions_floor_usage":[23,23,33],"damage_taken":[{"damage":0,"enemies":"Menagerie:StygianBoar","floor":1,"turns":3},{"damage":0,"enemies":"Menagerie:MonstrousExperiment","floor":2,"turns":2},{"damage":0,"enemies":"Menagerie:VoidReaper","floor":7,"turns":3},{"damage":0,"enemies":"Menagerie:WhisperingWraith","floor":8,"turns":3},{"damage":0,"enemies":"Menagerie:MeltingSalamander","floor":10,"turns":3},{"damage":0,"enemies":"Menagerie:BEAST_MAGE_AND_PROWLING_AMALGAM","floor":13,"turns":2},{"damage":0,"enemies":"Menagerie:Suneater","floor":16,"turns":5},{"damage":4,"enemies":"Gensokyo:AngelMirror","floor":18,"turns":2},{"damage":0,"enemies":"Gensokyo:3_Dogs","floor":21,"turns":1},{"damage":0,"enemies":"Gensokyo:Tenshi","floor":23,"turns":2},{"damage":0,"enemies":"Gensokyo:Eiki","floor":33,"turns":1}],"seed_played":"6749082437327641117","potions_obtained":[],"is_trial":false,"path_per_floor":["M","M","?","?","?","R","E","M","T","M","R","?","M","$","R","B",null,"M","COS","?","M","?","E","?","$","T","T","?","T","R","?","R_BF","B"],"character_chosen":"THE_DT","items_purchased":["hubris:EmptyBottle","Adrenaline Potion","OrangePellets","TungstenRod","DTMod:BizarreTactic","DTMod:MasterPlan","DTMod:TacticalNote","DTMod:MindBender","ReplayTheSpireMod:TigerMarble","Calipers","DTMod:RunningTactic","DTMod:CrossStep","DTMod:CleansingStrike","hubris:SlimyHat","DTMod:SwitchButton","DTMod:AncientBone","LifebloodPotion","Membership Card","conspire:Dentures","DTMod:Observe","Juzu Bracelet","vexMod:InvisibilityCloak","blueLaboratory:FruitPunch","DTMod:BalancedStrike","DTMod:BreakAttack","aspiration:Lifesprig","DTMod:BlazingStrike","DTMod:Threaten","DTMod:OddArmor","DTMod:Cover","DTMod:TriAttack","DTMod:DeepFocus","DTMod:LightShield","DTMod:DragonDance","Lantern","TentaclePot:ReiMu"],"campfire_rested":0,"item_purchase_floors":[0,0,0,0,0,0,0,0,0,0,0,0,0,0,0,0,0,0,0,0,0,0,0,0,0,0,0,0,0,0,0,0,0,0,14,25],"current_hp_per_floor":[45,45,42,42,42,42,42,42,42,42,42,33,33,33,33,33,42,38,38,38,38,38,42,42,42,42,42,30,30,30,37,37,37,37,37],"gold":133,"neow_bonus":"","is_daily":false,"chose_seed":false,"campfire_upgraded":4,"win_rate":0.0,"timestamp":1609231023,"path_taken":["M","M","?","?","?","R","E","M","T","M","R","?","M","$","R","BOSS","M","COS","?","M","?","E","?","$","T","?","?","?","R","?","R_BF","BOSS"],"items_purchased_type":["Relic","Potion","Relic","Relic","Card","Card","Relic","Relic","Relic","Relic","Card","Card","Card","Relic","Relic","Relic","Potion","Relic","Relic","Card","Relic","Relic","Potion","Card","Card","Relic","Card","Card","Relic","Card","Card","Card","Card","Card","Card","Relic"],"build_version":"2020-12-22","purchased_purges":1,"victory":false,"max_hp_per_floor":[45,45,42,42,42,42,42,42,42,42,42,42,42,42,42,42,42,42,42,38,38,38,42,42,42,42,42,30,30,30,37,37,37,37,37],"relic_stats":{"OrangePellets":[68],"counters":[89,291],"Juzu Bracelet":4,"obtain_stats":[{"Golden Egg":0,"infinitespire:BottledMercury":43,"vexMod:MemoryStick":43,"wanderingMiniBosses:OtherGremlinHorn":31,"vexMod:RockOfEvil":34,"Replay:Wanted Poster":34,"Replay:Ringing Soul":26,"vexMod:InvisibilityCloak":0,"conspire:GlowingRock":6,"DTMod:TacticalNote":0,"DTMod:OddArmor":0,"vexMod:EndlessSickness":17,"Replay:Bronze Core":17,"DemoMod:MeltedRock":14,"DemoMod:LamentConfigurum":20,"qcfpunch:Red_Cyclone_Teachings":26,"construct:RocketBooster":24,"Gensokyo:TheCrow":41,"TentaclePot:ReiMu":25,"Pen Nib":27,"Guardian:PocketSentry":11,"aspiration:FrozenJewel":0,"infinitespire:EvilPickle":37,"Elementarium:ElementariumTrophy":33,"qcfpunch:Broken_Tusk":46,"infinitespire:Broken Mirror":27,"Pandora\u0027s Box":0,"energizedSpire:MagnifyingGlass":28,"Lantern":0,"aspiration:Lifesprig":0,"DTMod:AncientBone":0,"StoneCalendar":40,"Mythril_Glove":38,"hubris:EmptyBottle":0,"White_Cape":0,"qcfpunch:Crimson_Sash":4,"DTMod:MindBender":0,"AntiCross":6,"hubris:CuriousFeather":0,"WingedGreaves":2,"DemoMod:GnawedKey":0,"qcfpunch:Cattail":44,"InkBottle":28,"Potion Belt":0,"Lee\u0027s Waffle":0,"hubris:64BitClover":9,"Guardian:GemstoneGun":0,"qcfpunch:Black_Training_Shirt":23,"PreservedInsect":0,"Protect_Vest":49,"infinitespire:CheckeredPen":6,"infinitespire:Lucky Rock":6,"MawBank":10,"DTMod:SwitchButton":0,"PureWhite:ReiMu":26,"DemoMod:GreenGuonStone":0,"hubris:CrystalStatue":0,"Calipers":0,"Menagerie:HuntersKnife":5,"DemoMod:GlassGuonStoneRelic":11,"AdministrixMod:ConductorRitualBaton":0,"DemoMod:RiddleOfLead":34,"vexMod:RetaliationKit":31,"conspire:Dentures":0,"Girya":9,"Choco_Feather":8,"Dead Branch":0,"Oddly Smooth Stone":28,"wanderingMiniBosses:MasterThiefsPresence":22,"aspiration:SeaSaltIceCream":4,"War Paint":29,"Bromod:ArcaneConsequence":29,"OrangePellets":42,"Bottled Flame":13,"ReplayTheSpireMod:Shallot":4,"ReplayTheSpireMod:TigerMarble":9,"Mirror":40,"hermit:Momento":0,"conspire:SpecialSausage":3,"Juzu Bracelet":0,"Hallownest:DreamNailRelic":3,"hubris:SlimyHat":0,"Replay:Mystery Machine":13,"DemoMod:WhiteGuonStone":0,"conspire:TopHat":26,"ClockworkSouvenir":0,"DemoMod:SevenLeafClover":0,"Frozen Eye":29,"Cracked Core":0,"Hallownest:SalubrasBlessingRelic":10,"qcfpunch:Army_Boots":7,"ReplayTheSpireMod:Ninjato":3,"infinitespire:CursedDice":43,"aspiration:RunicSpoon":0,"Quantum Egg":2,"aspiration:SecretTechniqueScroll":17,"infinitespire:WardingShard":6,"DTMod:PactStone":0,"vexMod:HeadHunter":0,"LetterFromLob":1,"qcfpunch:Red_Headband":24,"Membership Card":0,"DemoMod:VorpalBullet":24,"TungstenRod":0},{"Golden Egg":0,"infinitespire:BottledMercury":21,"vexMod:MemoryStick":72,"wanderingMiniBosses:OtherGremlinHorn":35,"vexMod:RockOfEvil":36,"Replay:Wanted Poster":17,"Replay:Ringing Soul":11,"vexMod:InvisibilityCloak":78,"conspire:GlowingRock":2,"DTMod:TacticalNote":78,"DTMod:OddArmor":78,"vexMod:EndlessSickness":60,"Replay:Bronze Core":85,"DemoMod:MeltedRock":29,"DemoMod:LamentConfigurum":61,"qcfpunch:Red_Cyclone_Teachings":32,"construct:RocketBooster":32,"Gensokyo:TheCrow":72,"TentaclePot:ReiMu":88,"Pen Nib":64,"Guardian:PocketSentry":27,"aspiration:FrozenJewel":43,"infinitespire:EvilPickle":71,"Elementarium:ElementariumTrophy":36,"qcfpunch:Broken_Tusk":40,"infinitespire:Broken Mirror":88,"Pandora\u0027s Box":24,"energizedSpire:MagnifyingGlass":64,"Lantern":43,"aspiration:Lifesprig":78,"DTMod:AncientBone":78,"StoneCalendar":20,"Mythril_Glove":19,"hubris:EmptyBottle":24,"White_Cape":43,"qcfpunch:Crimson_Sash":25,"DTMod:MindBender":78,"AntiCross":2,"hubris:CuriousFeather":24,"WingedGreaves":25,"DemoMod:GnawedKey":43,"qcfpunch:Cattail":72,"InkBottle":64,"Potion Belt":43,"Lee\u0027s Waffle":43,"hubris:64BitClover":53,"Guardian:GemstoneGun":43,"qcfpunch:Black_Training_Shirt":88,"PreservedInsect":24,"Protect_Vest":41,"infinitespire:CheckeredPen":26,"infinitespire:Lucky Rock":52,"MawBank":57,"DTMod:SwitchButton":78,"PureWhite:ReiMu":11,"DemoMod:GreenGuonStone":43,"hubris:CrystalStatue":43,"Calipers":78,"Menagerie:HuntersKnife":45,"DemoMod:GlassGuonStoneRelic":4,"AdministrixMod:ConductorRitualBaton":53,"DemoMod:RiddleOfLead":68,"vexMod:RetaliationKit":16,"conspire:Dentures":78,"Girya":3,"Choco_Feather":3,"Dead Branch":53,"Oddly Smooth Stone":33,"wanderingMiniBosses:MasterThiefsPresence":10,"aspiration:SeaSaltIceCream":25,"War Paint":14,"Bromod:ArcaneConsequence":88,"OrangePellets":39,"Bottled Flame":28,"ReplayTheSpireMod:Shallot":25,"ReplayTheSpireMod:TigerMarble":26,"Mirror":39,"hermit:Momento":0,"conspire:SpecialSausage":50,"Juzu Bracelet":0,"Hallownest:DreamNailRelic":1,"hubris:SlimyHat":78,"Replay:Mystery Machine":28,"DemoMod:WhiteGuonStone":53,"conspire:TopHat":63,"ClockworkSouvenir":24,"DemoMod:SevenLeafClover":0,"Frozen Eye":13,"Cracked Core":43,"Hallownest:SalubrasBlessingRelic":3,"qcfpunch:Army_Boots":81,"ReplayTheSpireMod:Ninjato":50,"infinitespire:CursedDice":21,"aspiration:RunicSpoon":0,"Quantum Egg":1,"aspiration:SecretTechniqueScroll":6,"infinitespire:WardingShard":46,"DTMod:PactStone":78,"vexMod:HeadHunter":0,"LetterFromLob":44,"qcfpunch:Red_Headband":62,"Membership Card":24,"DemoMod:VorpalBullet":11,"TungstenRod":78},{"Golden Egg":0,"infinitespire:BottledMercury":74,"vexMod:MemoryStick":236,"wanderingMiniBosses:OtherGremlinHorn":115,"vexMod:RockOfEvil":123,"Replay:Wanted Poster":52,"Replay:Ringing Soul":34,"vexMod:InvisibilityCloak":264,"conspire:GlowingRock":6,"DTMod:TacticalNote":264,"DTMod:OddArmor":264,"vexMod:EndlessSickness":194,"Replay:Bronze Core":285,"DemoMod:MeltedRock":94,"DemoMod:LamentConfigurum":198,"qcfpunch:Red_Cyclone_Teachings":104,"construct:RocketBooster":104,"Gensokyo:TheCrow":236,"TentaclePot:ReiMu":290,"Pen Nib":209,"Guardian:PocketSentry":89,"aspiration:FrozenJewel":147,"infinitespire:EvilPickle":234,"Elementarium:ElementariumTrophy":123,"qcfpunch:Broken_Tusk":130,"infinitespire:Broken Mirror":290,"Pandora\u0027s Box":83,"energizedSpire:MagnifyingGlass":209,"Lantern":147,"aspiration:Lifesprig":264,"DTMod:AncientBone":264,"StoneCalendar":71,"Mythril_Glove":60,"hubris:EmptyBottle":83,"White_Cape":147,"qcfpunch:Crimson_Sash":85,"DTMod:MindBender":264,"AntiCross":6,"hubris:CuriousFeather":83,"WingedGreaves":85,"DemoMod:GnawedKey":147,"qcfpunch:Cattail":236,"InkBottle":209,"Potion Belt":147,"Lee\u0027s Waffle":147,"hubris:64BitClover":171,"Guardian:GemstoneGun":147,"qcfpunch:Black_Training_Shirt":290,"PreservedInsect":83,"Protect_Vest":131,"infinitespire:CheckeredPen":87,"infinitespire:Lucky Rock":169,"MawBank":182,"DTMod:SwitchButton":264,"PureWhite:ReiMu":34,"DemoMod:GreenGuonStone":147,"hubris:CrystalStatue":147,"Calipers":264,"Menagerie:HuntersKnife":152,"DemoMod:GlassGuonStoneRelic":10,"AdministrixMod:ConductorRitualBaton":171,"DemoMod:RiddleOfLead":226,"vexMod:RetaliationKit":45,"conspire:Dentures":264,"Girya":9,"Choco_Feather":9,"Dead Branch":171,"Oddly Smooth Stone":107,"wanderingMiniBosses:MasterThiefsPresence":29,"aspiration:SeaSaltIceCream":85,"War Paint":39,"Bromod:ArcaneConsequence":290,"OrangePellets":127,"Bottled Flame":92,"ReplayTheSpireMod:Shallot":85,"ReplayTheSpireMod:TigerMarble":87,"Mirror":127,"hermit:Momento":0,"conspire:SpecialSausage":167,"Juzu Bracelet":0,"Hallownest:DreamNailRelic":1,"hubris:SlimyHat":264,"Replay:Mystery Machine":92,"DemoMod:WhiteGuonStone":171,"conspire:TopHat":204,"ClockworkSouvenir":83,"DemoMod:SevenLeafClover":0,"Frozen Eye":37,"Cracked Core":147,"Hallownest:SalubrasBlessingRelic":9,"qcfpunch:Army_Boots":272,"ReplayTheSpireMod:Ninjato":167,"infinitespire:CursedDice":74,"aspiration:RunicSpoon":0,"Quantum Egg":1,"aspiration:SecretTechniqueScroll":16,"infinitespire:WardingShard":157,"DTMod:PactStone":264,"vexMod:HeadHunter":0,"LetterFromLob":150,"qcfpunch:Red_Headband":202,"Membership Card":83,"DemoMod:VorpalBullet":34,"TungstenRod":264}],"TungstenRod":2},"card_choices":[{"not_picked":["DTMod:SneakAttack","DTMod:MasterPlan","DTMod:MagiciansMark"],"picked":"SKIP","floor":1},{"not_picked":["DTMod:CalculatedDefense","DTMod:Hide","DTMod:MagicField"],"picked":"SKIP","floor":2},{"not_picked":["DTMod:DeepFocus","DTMod:Weaken","DTMod:BurningEnergy"],"picked":"SKIP","floor":7},{"not_picked":["DTMod:Weaken","DTMod:RepeatStrike"],"picked":"DTMod:Training","floor":8},{"not_picked":["DTMod:Astonish","DTMod:Hide","DTMod:HeatWave"],"picked":"SKIP","floor":10},{"not_picked":["Replay:Fractal Strike","infinitespire:SevenWalls"],"picked":"infinitespire:FutureSight","floor":12},{"not_picked":["DTMod:Feint","DTMod:MagiciansMark","DTMod:CrossStep"],"picked":"SKIP","floor":13},{"not_picked":["DTMod:SealedStrike","DTMod:Outburst"],"picked":"DTMod:GearUp","floor":16},{"not_picked":["DTMod:QuickFly+1","DTMod:BizarreTactic","DTMod:DeepFocus+1"],"picked":"SKIP","floor":18},{"not_picked":["Gensokyo:MenInBlack","Gensokyo:MonkeysPaw"],"picked":"Gensokyo:LochNessMonster","floor":20},{"not_picked":["DTMod:Adaptation+1","DTMod:DarkBreath+1"],"picked":"DTMod:Multitask","floor":21},{"not_picked":["DTMod:InvisibleFlame","DTMod:Shift"],"picked":"DTMod:Hide","floor":23}],"player_experience":1256837,"relics_obtained":[{"floor":1,"key":"LetterFromLob"},{"floor":7,"key":"qcfpunch:Army_Boots"},{"floor":9,"key":"construct:RocketBooster"},{"floor":23,"key":"qcfpunch:Black_Training_Shirt"},{"floor":27,"key":"infinitespire:Broken Mirror"},{"floor":29,"key":"Bromod:ArcaneConsequence"}],"event_choices":[{"damage_healed":0,"gold_gain":0,"player_choice":"Take","damage_taken":0,"relics_obtained":["Menagerie:HuntersKnife"],"max_hp_gain":0,"max_hp_loss":3,"event_name":"Menagerie:BigGameHunter","floor":3,"gold_loss":0},{"damage_healed":0,"gold_gain":75,"player_choice":"Grab what you can","damage_taken":0,"max_hp_gain":0,"max_hp_loss":0,"event_name":"Creature of the Night","floor":5,"gold_loss":0}],"is_beta":false,"boss_relics":[{"not_picked":["RedLine:ReiMu","Cursed Key"],"picked":"Replay:Bronze Core"}],"items_purged_floors":[0],"is_endless":false,"potions_floor_spawned":[7,13,16,18,21],"killed_by":"Gensokyo:Eiki","ascension_level":0}}