{"host":"tchp4ssh6eu1bj0c","time":1609208306,"event":{"mods":["AchievementEnabler","BaseMod","KOR Keyword Fix","Minty Spire (QoL Compilation)","SuperFastMode"],"gold_per_floor":[118,118,130,55,230,262,262,262,286,93,106,118,118,147,147,224,274,288,203,278,48,64,64,84,117,194,204,204,204],"floor_reached":28,"playtime":1331,"items_purged":["Strike_R","Doubt"],"score":461,"play_id":"66650a92-e6c3-4f60-a925-dbbb96777b53","local_time":"20201229111826","is_ascension_mode":true,"campfire_choices":[{"data":"Body Slam","floor":7.0,"key":"SMITH"},{"data":"Battle Trance","floor":13.0,"key":"SMITH"},{"data":"Shrug It Off","floor":15.0,"key":"SMITH"},{"data":"Body Slam","floor":23.0,"key":"SMITH"}],"circlet_count":0,"master_deck":["AscendersBane","Strike_R","Strike_R","Strike_R","Strike_R","Defend_R","Defend_R","Defend_R","Defend_R","Bash","Armaments+1","Shrug It Off+1","Body Slam+1","Battle Trance+1","Metallicize","Battle Trance+1","Iron Wave","Body Slam+1"],"relics":["Burning Blood","NeowsBlessing","Happy Flower","Pear","Smiling Mask","Sling","Oddly Smooth Stone","Tiny House","The Courier","Eternal Feather","Omamori","Molten Egg 2"],"acts_visited":["Exordium","TheCity"],"potions_floor_usage":[25,27],"damage_taken":[{"damage":0.0,"enemies":"Jaw Worm","floor":1.0,"turns":1.0},{"damage":0.0,"enemies":"Cultist","floor":3.0,"turns":1.0},{"damage":0.0,"enemies":"Gremlin Nob","floor":6.0,"turns":1.0},{"damage":8.0,"enemies":"2 Louse","floor":11.0,"turns":3.0},{"damage":15.0,"enemies":"Exordium Wildlife","floor":12.0,"turns":6.0},{"damage":2.0,"enemies":"3 Sentries","floor":14.0,"turns":8.0},{"damage":30.0,"enemies":"Hexaghost","floor":16.0,"turns":13.0},{"damage":32.0,"enemies":"3 Byrds","floor":18.0,"turns":9.0},{"damage":3.0,"enemies":"Shell Parasite","floor":22.0,"turns":9.0},{"damage":24.0,"enemies":"Snake Plant","floor":24.0,"turns":5.0},{"damage":13,"enemies":"Slavers","floor":25,"turns":7},{"damage":29,"enemies":"Shelled Parasite and Fungi","floor":27,"turns":9},{"damage":0,"enemies":"Chosen and Byrds","floor":28,"turns":1}],"seed_played":"-1266211840131889503","potions_obtained":[{"floor":11.0,"key":"FearPotion"},{"floor":14.0,"key":"DistilledChaos"},{"floor":16.0,"key":"BlessingOfTheForge"},{"floor":17.0,"key":"Swift Potion"},{"floor":25,"key":"GamblersBrew"}],"is_trial":false,"path_per_floor":["M","?","M","$","?","E","R","T","T","$","M","M","R","E","R","B",null,"M","?","?","$","M","R","M","E","T","M","M"],"character_chosen":"IRONCLAD","items_purchased":["Sling","Eternal Feather","Body Slam"],"campfire_rested":0,"item_purchase_floors":[10,21,21],"current_hp_per_floor":[74,74,75,75,75,75,75,85,85,85,83,74,74,78,78,54,82,56,56,47,47,50,59,41,34,34,11,11,11],"gold":204,"neow_bonus":"THREE_ENEMY_KILL","is_daily":false,"chose_seed":false,"campfire_upgraded":4,"win_rate":0.0,"timestamp":1609208306,"path_taken":["M","?","?","?","?","E","R","?","T","?","M","M","R","E","R","BOSS","M","?","?","$","M","R","M","E","T","M","M"],"items_purchased_type":["Relic","Relic","Card"],"build_version":"2020-12-22","purchased_purges":2,"victory":false,"max_hp_per_floor":[75,75,75,75,75,75,75,85,85,85,85,85,85,85,85,85,90,90,90,90,90,90,90,90,90,90,90,90,90],"card_choices":[{"not_picked":["Dual Wield","Iron Wave"],"picked":"Armaments","floor":1.0},{"not_picked":["Dark Embrace","Warcry"],"picked":"Shrug It Off","floor":3.0},{"not_picked":["Rupture","Dropkick"],"picked":"Body Slam","floor":6.0},{"not_picked":["Flex","Combust"],"picked":"Battle Trance","floor":11.0},{"not_picked":["Clothesline","Sword Boomerang"],"picked":"Metallicize","floor":12.0},{"not_picked":["Cleave","Exhume"],"picked":"Battle Trance","floor":14.0},{"not_picked":["Anger","Clothesline"],"picked":"Iron Wave","floor":17.0},{"not_picked":["Iron Wave","Heavy Blade","Double Tap"],"picked":"SKIP","floor":18.0},{"not_picked":["Clash","Heavy Blade","Pommel Strike"],"picked":"SKIP","floor":22.0},{"not_picked":["Armaments","Clothesline","Clash"],"picked":"SKIP","floor":24.0},{"not_picked":["Perfected Strike","Twin Strike","Dual Wield"],"picked":"SKIP","floor":25},{"not_picked":["Fire Breathing","Dark Embrace","Whirlwind+1"],"picked":"SKIP","floor":27}],"player_experience":436292,"relics_obtained":[{"floor":6.0,"key":"Happy Flower"},{"floor":8.0,"key":"Pear"},{"floor":9.0,"key":"Smiling Mask"},{"floor":14.0,"key":"Oddly Smooth Stone"},{"floor":25,"key":"Omamori"},{"floor":26,"key":"Molten Egg 2"}],"event_choices":[{"damage_healed":0.0,"max_hp_gain":0.0,"max_hp_loss":0.0,"gold_gain":0.0,"event_name":"Upgrade Shrine","player_choice":"Upgraded","floor":2.0,"gold_loss":0.0,"damage_taken":0.0,"cards_upgraded":["Armaments"]},{"damage_healed":0.0,"max_hp_gain":0.0,"max_hp_loss":0.0,"gold_gain":175.0,"event_name":"Liars Game","player_choice":"AGREE","floor":5.0,"gold_loss":0.0,"damage_taken":0.0,"cards_obtained":["Doubt"]},{"damage_healed":0.0,"max_hp_gain":0.0,"max_hp_loss":0.0,"gold_gain":0.0,"event_name":"Addict","player_choice":"Obtained Relic","floor":19.0,"gold_loss":85.0,"damage_taken":0.0,"relics_obtained":["The Courier"]},{"damage_healed":0.0,"max_hp_gain":0.0,"max_hp_loss":0.0,"gold_gain":75.0,"event_name":"FaceTrader","player_choice":"Touch","floor":20.0,"gold_loss":0.0,"damage_taken":9.0}],"is_beta":false,"boss_relics":[{"not_picked":["SacredBark","Mark of Pain"],"picked":"Tiny House"}],"items_purged_floors":[4,10],"is_endless":false,"potions_floor_spawned":[11,14,16,18,25],"killed_by":"Chosen and Byrds","ascension_level":14}}