{"host":"sav7uxregyirlf69","time":1609238663,"event":{"mods":["AchievementEnabler","BaseMod","Colored Map","DeckTracker","Keyboard Shortcuts","Minty Spire (QoL Compilation)","READ ME - Guardian Mod","StSLib","SuperFastMode"],"gold_per_floor":[16,16,91,51,76,76,101,125,148,166,166,191,191,216,216,216,216],"floor_reached":16,"playtime":246,"items_purged":[],"score":188,"play_id":"a841853b-bb46-461d-a1a8-0772977ad167","local_time":"20201229194423","is_ascension_mode":true,"campfire_choices":[{"data":"Neutralize","floor":6,"key":"SMITH"},{"floor":11,"key":"REST"},{"data":"Backflip","floor":13,"key":"SMITH"},{"floor":15,"key":"REST"}],"circlet_count":0,"master_deck":["AscendersBane","Strike_G","Strike_G","Strike_G","Strike_G","Strike_G","Defend_G","Defend_G","Defend_G","Defend_G","Defend_G","Survivor","Neutralize+1","Escape Plan","Heel Hook","Dagger Spray","Backflip+1","Blade Dance","Tactician"],"relics":["Ring of the Snake","Golden Idol","Lantern"],"acts_visited":["Exordium"],"potions_floor_usage":[4],"damage_taken":[{"damage":26,"enemies":"Jaw Worm","floor":1,"turns":10},{"damage":0,"enemies":"2 Louse","floor":5,"turns":3},{"damage":3,"enemies":"Small Slimes","floor":7,"turns":3},{"damage":14,"enemies":"Red Slaver","floor":8,"turns":5},{"damage":9,"enemies":"Large Slime","floor":10,"turns":8},{"damage":20,"enemies":"Exordium Thugs","floor":12,"turns":5},{"damage":0,"enemies":"Red Slaver","floor":14,"turns":3},{"damage":0,"enemies":"The Guardian","floor":16,"turns":1}],"seed_played":"-2080188613241576042","potions_obtained":[{"floor":1,"key":"Strength Potion"},{"floor":4,"key":"Fruit Juice"},{"floor":4,"key":"Dexterity Potion"}],"is_trial":false,"path_per_floor":["M","?","?","?","M","R","M","M","T","M","R","M","R","M","R","B"],"character_chosen":"THE_SILENT","items_purchased":[],"campfire_rested":2,"item_purchase_floors":[],"current_hp_per_floor":[45,45,34,39,39,39,36,22,22,13,35,15,15,15,37,37,37],"gold":216,"neow_bonus":"TWENTY_PERCENT_HP_BONUS","is_daily":false,"chose_seed":false,"campfire_upgraded":2,"win_rate":0.0,"timestamp":1609238663,"path_taken":["M","?","?","?","M","R","?","M","T","M","R","M","R","M","R","BOSS"],"items_purchased_type":[],"build_version":"2020-12-22","purchased_purges":0,"victory":false,"max_hp_per_floor":[78,71,71,76,76,76,76,76,76,76,76,76,76,76,76,76,76],"card_choices":[{"not_picked":["Eviscerate","Slice"],"picked":"Escape Plan","floor":1},{"not_picked":["Finisher","PiercingWail"],"picked":"Heel Hook","floor":5},{"not_picked":["Blade Dance","Sucker Punch"],"picked":"Dagger Spray","floor":7},{"not_picked":["Infinite Blades","Prepared"],"picked":"Backflip","floor":8},{"not_picked":["Dash","Bane"],"picked":"Blade Dance","floor":10},{"not_picked":["Dagger Spray","Slice","Outmaneuver"],"picked":"SKIP","floor":12},{"not_picked":["Distraction","Dagger Spray"],"picked":"Tactician","floor":14}],"player_experience":1049780,"relics_obtained":[{"floor":9,"key":"Lantern"}],"event_choices":[{"damage_healed":0,"gold_gain":0,"player_choice":"Lose Max HP","damage_taken":0,"relics_obtained":["Golden Idol"],"max_hp_gain":0,"max_hp_loss":7,"event_name":"Golden Idol","floor":2,"gold_loss":0},{"damage_healed":0,"gold_gain":75,"player_choice":"Gather Gold","damage_taken":11,"max_hp_gain":0,"max_hp_loss":0,"event_name":"World of Goop","floor":3,"gold_loss":0},{"damage_healed":0,"gold_gain":0,"player_choice":"Bought 3 Potions","damage_taken":0,"max_hp_gain":0,"max_hp_loss":0,"event_name":"The Woman in Blue","floor":4,"gold_loss":0}],"is_beta":false,"boss_relics":[],"items_purged_floors":[],"is_endless":false,"potions_floor_spawned":[1,7],"killed_by":"The Guardian","ascension_level":20}}