{"host":"6qo42zgaknezulyg","time":1609201353,"event":{"mods":["2.2 Compatiblity","BaseMod","Colored Map","Downfall","Highlight Path","Keyboard Shortcuts","Minty Spire (QoL Compilation)","Permanent Neow","Quick Restart","StSLib","SuperFastMode"],"gold_per_floor":[99,116,116,26,39,58,85,99,110,110,139,139,169,187,204,277,277,277,477,492,492,504,516,516,516,731,765,690,722,722,741,760,838,838,838,852,866,866,882,339,365,365,377,388,404,404,420,420,434,434],"floor_reached":51,"playtime":1549,"items_purged":["Slimebound:Icky","hexamod:Haunted","champ:Strike"],"score":1491,"play_id":"4151dacb-0cb2-45fd-9384-5fcfc4b740e2","local_time":"20201229092233","is_ascension_mode":true,"campfire_choices":[{"data":"champ:Devastate","floor":1.0,"key":"SMITH"},{"data":"champ:Control","floor":10.0,"key":"SMITH"},{"floor":12.0,"key":"REST"},{"data":"champ:Control","floor":18.0,"key":"SMITH"},{"floor":25.0,"key":"REST"},{"data":"champ:Improvising","floor":28.0,"key":"SMITH"},{"data":"champ:Taunt","floor":30.0,"key":"SMITH"},{"data":"champ:RecklessLeap","floor":35.0,"key":"SMITH"},{"floor":46,"key":"REST"}],"circlet_count":0,"master_deck":["AscendersBane","champ:Strike","champ:Strike","champ:Strike","champ:Defend","champ:Defend","champ:Defend","champ:Defend","champ:Execute","champ:Taunt+1","champ:Devastate+1","champ:Control+1","champ:Haymaker","champ:Backstep","champ:Control+1","champ:IgnorePain","Necronomicurse","champ:RecklessLeap+1","champ:Improvising+1","champ:BerserkerStyle","champ:Control","expansioncontent:StudyTheSpire","champ:Backstep+1","champ:Devastate+1"],"relics":["champ:ChampionCrown","champ:LiftRelic","Potion Belt","Ginger","Shuriken","Busted Crown","Necronomicon","Eternal Feather","Ancient Tea Set","downfall:HeartBlessingGreen","FossilizedHelix","sneckomod:SneckoTalon","sneckomod:BlankCard","champ:DefensiveTrainingManual"],"acts_visited":["Exordium","TheCity","TheBeyond"],"potions_floor_usage":[44,45,47,50],"damage_taken":[{"damage":2.0,"enemies":"Cultist","floor":2.0,"turns":4.0},{"damage":5.0,"enemies":"downfall:FleeingMerchant","floor":4.0,"turns":4.0},{"damage":6.0,"enemies":"Jaw Worm","floor":5.0,"turns":4.0},{"damage":7.0,"enemies":"Small Slimes","floor":6.0,"turns":2.0},{"damage":14.0,"enemies":"3 Louse","floor":8.0,"turns":3.0},{"damage":5.0,"enemies":"Red Slaver","floor":9.0,"turns":2.0},{"damage":15.0,"enemies":"Gremlin Nob","floor":11.0,"turns":3.0},{"damage":9.0,"enemies":"Exordium Wildlife","floor":14.0,"turns":4.0},{"damage":5.0,"enemies":"3 Louse","floor":15.0,"turns":5.0},{"damage":57.0,"enemies":"downfall:Ironclad","floor":16.0,"turns":7.0},{"damage":11.0,"enemies":"Shell Parasite","floor":20.0,"turns":3.0},{"damage":0.0,"enemies":"Spheric Guardian","floor":22.0,"turns":1.0},{"damage":4.0,"enemies":"Snecko","floor":23.0,"turns":4.0},{"damage":19.0,"enemies":"downfall:FleeingMerchant","floor":26.0,"turns":4.0},{"damage":0.0,"enemies":"Gremlin Leader","floor":27.0,"turns":2.0},{"damage":8.0,"enemies":"Book of Stabbing","floor":29.0,"turns":2.0},{"damage":12.0,"enemies":"Centurion and Healer","floor":31.0,"turns":6.0},{"damage":6.0,"enemies":"Shelled Parasite and Fungi","floor":32.0,"turns":5.0},{"damage":61.0,"enemies":"downfall:Silent","floor":33.0,"turns":4.0},{"damage":3.0,"enemies":"3 Shapes","floor":36.0,"turns":5.0},{"damage":4.0,"enemies":"3 Darklings","floor":37.0,"turns":4.0},{"damage":59.0,"enemies":"4 Shapes","floor":39.0,"turns":5.0},{"damage":66.0,"enemies":"Writhing Mass","floor":43.0,"turns":5.0},{"damage":34,"enemies":"3 Darklings","floor":44,"turns":4},{"damage":21,"enemies":"Sphere and 2 Shapes","floor":45,"turns":4},{"damage":85,"enemies":"Transient","floor":47,"turns":6},{"damage":0,"enemies":"Maw","floor":49,"turns":1},{"damage":20,"enemies":"downfall:Watcher","floor":50,"turns":3}],"seed_played":"-4206681885902232991","potions_obtained":[{"floor":5.0,"key":"SkillPotion"},{"floor":8.0,"key":"SpeedPotion"},{"floor":11.0,"key":"PowerPotion"},{"floor":16.0,"key":"Fruit Juice"},{"floor":22.0,"key":"Ancient Potion"},{"floor":27.0,"key":"sneckomod:MuddlingPotion"},{"floor":33.0,"key":"Weak Potion"},{"floor":39.0,"key":"hexamod:EctoCoolerPotion"},{"floor":45,"key":"SteroidPotion"},{"floor":49,"key":"PowerPotion"}],"is_trial":false,"path_per_floor":["R","M","?","$","M","M","T","M","M","R","E","R","?","M","M","B",null,"R","?","M","?","M","M","T","R","$","E","R","E","R","M","M","B",null,"R","M","M","?","M","$","T","?","M","M","M","R","M","?","M","B",null],"character_chosen":"THE_CHAMP","items_purchased":["sneckomod:BlankCard","champ:Control","expansioncontent:StudyTheSpire"],"campfire_rested":3,"item_purchase_floors":[40,40,40],"current_hp_per_floor":[73,71,71,71,67,65,65,56,51,51,43,67,67,63,63,20,70,70,70,64,43,43,43,43,77,67,67,79,71,83,86,85,61,80,86,86,86,86,86,86,86,86,66,55,43,80,74,74,74,77],"gold":434,"neow_bonus":"THREE_RARE_CARDS","is_daily":false,"chose_seed":false,"campfire_upgraded":6,"win_rate":0.0,"timestamp":1609201353,"path_taken":["R","M","?","$","M","M","T","M","M","R","E","R","?","M","M","BOSS","R","?","M","?","M","M","T","R","$","E","R","E","R","M","M","BOSS","R","M","M","?","M","$","T","?","M","M","M","R","M","?","M","BOSS"],"items_purchased_type":["Relic","Card","Card"],"build_version":"2020-12-22","purchased_purges":3,"victory":true,"max_hp_per_floor":[81,81,81,81,81,81,81,81,81,81,81,81,81,81,81,86,86,86,86,86,86,86,86,86,86,86,86,86,86,86,86,86,86,86,86,86,86,86,86,86,86,86,86,86,86,86,86,86,86,86],"card_choices":[{"not_picked":["champ:PerfectForm","champ:ShieldSlam"],"picked":"champ:Devastate","floor":0.0},{"not_picked":["champ:EnGarde","champ:RisingSlash","champ:GutPunch"],"picked":"SKIP","floor":2.0},{"not_picked":["champ:EnragedBash","champ:Circumvent"],"picked":"champ:Control","floor":4.0},{"not_picked":["champ:FanOfKnives","champ:IronFortress","champ:TornadoPunch"],"picked":"SKIP","floor":5.0},{"not_picked":["champ:FanOfKnives","champ:IronFortress","champ:TornadoPunch"],"picked":"SKIP","floor":5.0},{"not_picked":["champ:FanOfKnives","champ:IronFortress","champ:TornadoPunch"],"picked":"SKIP","floor":5.0},{"not_picked":["champ:BerserkersShout","champ:BringItOn","champ:BladeFlurry"],"picked":"SKIP","floor":6.0},{"not_picked":["champ:GutPunch","champ:RageSigil"],"picked":"champ:Haymaker","floor":8.0},{"not_picked":["champ:FanOfKnives","champ:TornadoPunch","champ:DefensiveShout"],"picked":"SKIP","floor":9.0},{"not_picked":["champ:FanOfKnives","champ:TornadoPunch","champ:DefensiveShout"],"picked":"SKIP","floor":9.0},{"not_picked":["champ:FlashCut","champ:PerfectForm"],"picked":"champ:Backstep","floor":11.0},{"not_picked":["champ:Haymaker","champ:StanceDance","champ:Lariat"],"picked":"SKIP","floor":14.0},{"not_picked":["champ:BladeFlurry","champ:FanOfKnives"],"picked":"champ:Control","floor":15.0},{"not_picked":["champ:PerfectForm","champ:MurderStrike"],"picked":"champ:IgnorePain","floor":16.0},{"not_picked":["champ:RageSigil"],"picked":"SKIP","floor":20.0},{"not_picked":["champ:DefensiveShout"],"picked":"SKIP","floor":22.0},{"not_picked":["champ:Circumvent"],"picked":"SKIP","floor":23.0},{"not_picked":[],"picked":"champ:RecklessLeap","floor":26.0},{"not_picked":[],"picked":"champ:Improvising","floor":27.0},{"not_picked":["champ:RisingSlash"],"picked":"SKIP","floor":29.0},{"not_picked":["champ:TornadoPunch"],"picked":"SKIP","floor":31.0},{"not_picked":["champ:FanOfKnives+1"],"picked":"SKIP","floor":32.0},{"not_picked":["champ:FanOfKnives+1"],"picked":"SKIP","floor":32.0},{"not_picked":["champ:DefensiveShout+1"],"picked":"SKIP","floor":36.0},{"not_picked":["champ:PreciseThrust"],"picked":"SKIP","floor":37.0},{"not_picked":[],"picked":"champ:BerserkerStyle","floor":39.0},{"not_picked":["champ:FlashCut"],"picked":"SKIP","floor":43.0},{"not_picked":[],"picked":"champ:Backstep+1","floor":44},{"not_picked":["champ:DefensiveStyle"],"picked":"SKIP","floor":45},{"not_picked":["champ:FanOfKnives+1"],"picked":"SKIP","floor":47},{"not_picked":["champ:IronFortress"],"picked":"SKIP","floor":49}],"player_experience":1082055,"relics_obtained":[{"floor":7.0,"key":"Potion Belt"},{"floor":11.0,"key":"Ginger"},{"floor":21.0,"key":"Necronomicon"},{"floor":24.0,"key":"Eternal Feather"},{"floor":27.0,"key":"Ancient Tea Set"},{"floor":29.0,"key":"FossilizedHelix"},{"floor":41.0,"key":"champ:DefensiveTrainingManual"}],"event_choices":[{"damage_healed":0.0,"max_hp_gain":0.0,"max_hp_loss":0.0,"gold_gain":0.0,"event_name":"Mysterious Sphere","player_choice":"Ignored","floor":42.0,"gold_loss":0.0,"damage_taken":0.0},{"damage_healed":0,"gold_gain":0,"player_choice":"Copied","damage_taken":0,"max_hp_gain":0,"max_hp_loss":0,"event_name":"Duplicator","floor":48,"gold_loss":0,"cards_obtained":["champ:Devastate"]}],"is_beta":false,"boss_relics":[{"not_picked":["Cursed Key","Runic Pyramid"],"picked":"Busted Crown"},{"not_picked":["Black Star","champ:ChampionCrownUpgraded"],"picked":"sneckomod:SneckoTalon"}],"items_purged_floors":[4,26,40],"is_endless":false,"potions_floor_spawned":[5,8,11,16,22,27,29,33,39,45,49],"ascension_level":18}}