{"host":"tch6k55kfxnw5l94","time":1609247893,"event":{"mods":["BaseMod","Downfall","Luminous","Minty Spire (QoL Compilation)","Replay The Spire","StSLib","The Caster","The Marked","Yuyuko"],"gold_per_floor":[99,99,99,99,99,9581,9626,9638,8525,8550,8475,8502,8352,8377,8395,8495,8495,8495,8507,8520,8520,8531,8531,8531,7773,7021,7041,7071,7171,7171,7171,7187,7288,7288,7288,7305,7324,7398,7408,7408,7455,7127,7161,7161,7196,7196,7196,6402,6415,6415,6415,6447,5563,5563,5563],"floor_reached":56,"playtime":3603,"items_purged":["Luminous:Mana_Overload_Luminous","Luminous:Darks_Surge_Luminous"],"score":1437,"play_id":"5bc60f5a-4fae-490c-a2fc-77ed69fcb29a","local_time":"20201229081813","is_ascension_mode":false,"campfire_choices":[{"data":"Luminous:Switch_Luminous","floor":1,"key":"SMITH"},{"floor":11,"key":"RECALL"},{"data":"Chrysalis","floor":13,"key":"SMITH"},{"data":"Luminous:Arcane_Rage_Luminous","floor":18,"key":"SMITH"},{"data":"Luminous:Phantom_Treasure_Luminous","floor":23,"key":"SMITH"},{"data":"Luminous:Phantom_Treasure_Luminous","floor":30,"key":"SMITH"},{"data":"Luminous:Lania_Blessing_Luminous","floor":35,"key":"SMITH"},{"data":"Luminous:Freud_Wisdom1_Luminous","floor":44,"key":"SMITH"},{"data":"Mayhem","floor":46,"key":"SMITH"},{"data":"Luminous:Ethereal_Form_Luminous","floor":54,"key":"SMITH"}],"circlet_count":0,"master_deck":["Luminous:Light_Flash_Shower","Luminous:Light_Flash_Shower","Luminous:Dark_Abyssal_Drop","Luminous:Dark_Abyssal_Drop","Luminous:Defend_Luminous","Luminous:Defend_Luminous","Luminous:Defend_Luminous","Luminous:Defend_Luminous","Luminous:Switch_Luminous+1","Luminous:Dark_Raid","Luminous:Balance_Ender+1","Luminous:Balance_Death_Scythe+1","Luminous:Phantom_Treasure_Luminous+1","Luminous:Light_Ray_of_Redemption","Luminous:Light_Disperse","Luminous:Flash_Blink_Luminous","Luminous:Flash_Blink_Luminous","Chrysalis+1","Luminous:Phantom_Treasure_Luminous+1","Luminous:Magic_Accelerate_Luminous","Luminous:Arcane_Rage_Luminous+1","Luminous:Dark_Pressure_Void","Luminous:Light_Sylvan_Lance","Luminous:Dark_Arcane_Pitch+1","Luminous:Freud_Wisdom1_Luminous+1","Luminous:Dark_Extract+1","Mayhem+1","Luminous:Light_Reflection+1","Luminous:Ethereal_Form_Luminous","Luminous:Lania_Blessing_Luminous+1","Luminous:Light_Glare+1","Luminous:Light_Ray_of_Redemption+1","J.A.X.+1","Luminous:Light_Reflection+1","Luminous:Balance_Aether_Conduit+1","Luminous:Balance_Death_Scythe+1","Luminous:Balance_Aether_Conduit+1","Luminous:Light_Sylvan_Lance+1","Luminous:Magic_Guard_Luminous","Luminous:Magic_Boost_Luminous","Luminous:Arcane_Rage_Luminous+1","Pot Of Greed","Pot Of Greed","Pot Of Greed","Pot Of Greed","Luminous:Ethereal_Form_Luminous+1","Luminous:Concentrate_Luminous+1","Luminous:Equalize_Luminous+1","Luminous:Photic_Meditation_Luminous+1","Flash of Steel+1","Pot Of Greed+1"],"relics":["Luminous:MirrorRelic","downfall:HeartsMalice","ReplayTheSpireMod:Lightbulb","ReplayTheSpireMod:TigerMarble","Guide Book","Gambling Chip","Bottled Lightning","Eternal Feather","downfall:HeartBlessingBlue","Art of War","downfall:HeartBlessingRed","downfall:HeartBlessingGreen","expansioncontent:StudyCardRelic","Juzu Bracelet","BargainBundle","Happy Flower","Molten Egg 2","OrangePellets","Pantograph","Pocketwatch","Simple Rune","MutagenicStrength","ChewingGum","ReplayTheSpireMod:Ring of Challenge","War Paint","DollysMirror","Grinning Jar","Replay:Ringing Soul","Dream Catcher","Blue Doll","Strange Spoon","PreservedInsect","Replay:WaspNest","Vajra","Toolbox","ReplayTheSpireMod:Shallot","Golden Egg"],"acts_visited":["Exordium","TheCity","TheBeyond","TheEnding"],"potions_floor_usage":[9,9,10,12,15,15,16,26,26,26,26,27,29,39,45,55,55,55],"damage_taken":[{"damage":0,"enemies":"2 Louse","floor":2,"turns":1},{"damage":0,"enemies":"Jaw Worm","floor":5,"turns":1},{"damage":0,"enemies":"downfall:FleeingMerchant","floor":6,"turns":1},{"damage":0,"enemies":"Cultist","floor":8,"turns":2},{"damage":0,"enemies":"downfall:FleeingMerchant","floor":9,"turns":4},{"damage":4,"enemies":"Gremlin Nob","floor":10,"turns":3},{"damage":7,"enemies":"Replay:BlueRogue","floor":12,"turns":5},{"damage":15,"enemies":"Lagavulin","floor":14,"turns":6},{"damage":15,"enemies":"3 Louse","floor":15,"turns":3},{"damage":22,"enemies":"downfall:Silent","floor":16,"turns":9},{"damage":10,"enemies":"3 Byrds","floor":19,"turns":4},{"damage":0,"enemies":"Shell Parasite","floor":20,"turns":2},{"damage":6,"enemies":"Snecko","floor":22,"turns":4},{"damage":0,"enemies":"downfall:FleeingMerchant","floor":25,"turns":4},{"damage":0,"enemies":"downfall:FleeingMerchant","floor":26,"turns":4},{"damage":21,"enemies":"Snake Plant","floor":27,"turns":3},{"damage":0,"enemies":"Slavers","floor":28,"turns":1},{"damage":21,"enemies":"downfall:Augmenter","floor":29,"turns":4},{"damage":0,"enemies":"3 Cultists","floor":32,"turns":1},{"damage":21,"enemies":"downfall:Ironclad","floor":33,"turns":6},{"damage":32,"enemies":"3 Darklings","floor":36,"turns":3},{"damage":0,"enemies":"Orb Walker","floor":37,"turns":1},{"damage":12,"enemies":"Sphere and 2 Shapes","floor":39,"turns":4},{"damage":0,"enemies":"downfall:FleeingMerchant","floor":42,"turns":1},{"damage":0,"enemies":"Nemesis","floor":43,"turns":3},{"damage":5,"enemies":"Giant Head","floor":45,"turns":3},{"damage":22,"enemies":"3 Darklings","floor":49,"turns":2},{"damage":9,"enemies":"downfall:Watcher","floor":50,"turns":5},{"damage":13,"enemies":"downfall:CharBossMerchant","floor":52,"turns":4},{"damage":5,"enemies":"downfall:NeowBoss","floor":55,"turns":21}],"seed_played":"8927711151669472339","potions_obtained":[{"floor":4,"key":"Guardian:BlockOnCardUsePotion"},{"floor":4,"key":"hexamod:EctoCoolerPotion"},{"floor":4,"key":"SmokeBomb"},{"floor":8,"key":"Adrenaline Potion"},{"floor":10,"key":"AttackPotion"},{"floor":12,"key":"PowerPotion"},{"floor":15,"key":"Dexterity Potion"},{"floor":16,"key":"BlessingOfTheForge"},{"floor":19,"key":"Strength Potion"},{"floor":21,"key":"EssenceOfSteel"},{"floor":21,"key":"EssenceOfSteel"},{"floor":28,"key":"Toxic Potion"},{"floor":32,"key":"Toxic Potion"},{"floor":33,"key":"Guardian:BlockOnCardUsePotion"},{"floor":38,"key":"DistilledChaos"},{"floor":39,"key":"ColorlessPotion"},{"floor":45,"key":"sneckomod:MuddlingPotion"}],"is_trial":false,"path_per_floor":["R","M","?","?","M","$","T","M","$","E","R","E","R","E","M","B",null,"R","M","M","?","M","R","T","$","$","M","E","?","R","?","M","B",null,"R","M","M","?","M","?","T","$","E","R","E","R","?","$","M","B",null,"E","$","R","B",null],"character_chosen":"LuminousClass","items_purchased":["Luminous:Phantom_Treasure_Luminous","ReplayTheSpireMod:Lightbulb","ReplayTheSpireMod:TigerMarble","Luminous:Light_Ray_of_Redemption","Guide Book","Gambling Chip","Bottled Lightning","Luminous:Flash_Blink_Luminous","Fruit Juice","PowerPotion","Chrysalis","BargainBundle","Happy Flower","Molten Egg 2","Luminous:Freud_Wisdom1_Luminous","Luminous:Dark_Extract+1","Mayhem","EntropicBrew","OrangePellets","Pantograph","Pocketwatch","AttackPotion","DollysMirror","Grinning Jar","Replay:Ringing Soul","Energy Potion","Strange Spoon","PreservedInsect","Replay:WaspNest","Luminous:Equalize_Luminous+1","Adrenaline Potion","Toolbox","ReplayTheSpireMod:Shallot","Golden Egg","Adrenaline Potion","Luminous:Photic_Meditation_Luminous","Flash of Steel+1"],"campfire_rested":0,"item_purchase_floors":[6,6,6,6,9,9,9,9,9,9,9,25,25,25,25,25,25,25,26,26,26,26,42,42,42,42,48,48,48,48,48,53,53,53,53,53,53],"current_hp_per_floor":[75,75,80,80,80,80,80,80,85,84,95,92,95,80,70,59,95,95,85,85,85,79,94,94,95,95,74,74,53,74,74,74,92,95,95,72,72,49,47,47,47,47,55,82,80,101,101,104,82,98,104,104,107,107,107],"gold":5563,"neow_bonus":"THREE_ENEMY_KILL","is_daily":false,"chose_seed":false,"campfire_upgraded":9,"win_rate":0.0,"timestamp":1609247893,"path_taken":["R","M","?","?","M","$","T","M","$","E","R","E","R","E","M","BOSS","R","M","?","?","M","R","T","?","$","M","E","?","R","?","M","BOSS","R","M","M","?","M","?","T","$","E","R","E","R","?","$","M","BOSS","E","$","R","BOSS"],"items_purchased_type":["Card","Relic","Relic","Card","Relic","Relic","Relic","Card","Potion","Potion","Card","Relic","Relic","Relic","Card","Card","Card","Potion","Relic","Relic","Relic","Potion","Relic","Relic","Relic","Potion","Relic","Relic","Relic","Card","Potion","Relic","Relic","Relic","Potion","Card","Card"],"build_version":"2020-12-22","purchased_purges":2,"victory":true,"max_hp_per_floor":[75,75,80,80,80,80,80,80,85,85,95,95,95,95,95,95,95,95,95,95,95,95,95,95,95,95,95,95,95,95,95,95,95,95,95,95,95,95,95,95,95,95,98,98,101,101,101,104,104,104,104,104,107,107,107],"card_choices":[{"not_picked":["Luminous:Accumulation_Luminous","Luminous:Light_Gather"],"picked":"Luminous:Dark_Raid","floor":2},{"not_picked":["Luminous:Light_Disperse","Luminous:Balance_Aether_Conduit"],"picked":"Luminous:Balance_Ender","floor":5},{"not_picked":["Luminous:Accumulation_Luminous","Luminous:Dark_Raid"],"picked":"Luminous:Balance_Death_Scythe","floor":6},{"not_picked":["Luminous:Light_Wash_Luminous","Luminous:Dark_Pressure_Void"],"picked":"Luminous:Light_Disperse","floor":8},{"not_picked":["Luminous:Concentrate_Luminous","Luminous:Date_of_Light_Luminous"],"picked":"Luminous:Flash_Blink_Luminous","floor":9},{"not_picked":["Luminous:Accumulation_Luminous","Luminous:Light_Gather"],"picked":"Luminous:Phantom_Treasure_Luminous","floor":10},{"not_picked":["Luminous:Dark_Dim_Erosion","Luminous:Flash_Blink_Luminous"],"picked":"Luminous:Magic_Accelerate_Luminous","floor":12},{"not_picked":["Luminous:Dark_Dim_Erosion","Luminous:Light_Ray_of_Redemption"],"picked":"Luminous:Light_Track","floor":14},{"not_picked":["Luminous:Accumulation_Luminous","Luminous:Light_Disperse","Luminous:Light_Wash_Luminous"],"picked":"SKIP","floor":15},{"not_picked":["Luminous:Mirror_Force_Luminous","Luminous:Equalize_Luminous"],"picked":"Luminous:Arcane_Rage_Luminous","floor":16},{"not_picked":["Luminous:Dark_Dim_Erosion","Luminous:Blinding_Pillar_Luminous"],"picked":"Luminous:Dark_Pressure_Void","floor":19},{"not_picked":["Luminous:Light_Disperse+1","Luminous:Accumulation_Luminous+1"],"picked":"Luminous:Light_Sylvan_Lance","floor":20},{"not_picked":["Luminous:Reverse_Spell_Luminous","Luminous:Light_Glare"],"picked":"Luminous:Dark_Arcane_Pitch+1","floor":22},{"not_picked":["Luminous:Chase_Spell_Luminous","Luminous:Dark_Pressure_Void"],"picked":"Luminous:Darks_Surge_Luminous","floor":25},{"not_picked":["Luminous:Dark_Pressure_Void+1","Luminous:Magic_Accelerate_Luminous"],"picked":"Luminous:Light_Reflection+1","floor":26},{"not_picked":["Luminous:Phantom_Treasure_Luminous","Luminous:Light_Disperse+1"],"picked":"Luminous:Ethereal_Form_Luminous","floor":27},{"not_picked":["Luminous:Light_Reflection+1","Luminous:Light_Disperse+1"],"picked":"Luminous:Lania_Blessing_Luminous","floor":28},{"not_picked":[],"picked":"J.A.X.","floor":29},{"not_picked":["Luminous:Light_Ray_of_Redemption+1","Luminous:Light_Glare+1"],"picked":"Luminous:Light_Reflection+1","floor":32},{"not_picked":["Luminous:Mirror_Force_Luminous","Luminous:Armageddon_Luminous"],"picked":"Luminous:Balance_Aether_Conduit+1","floor":33},{"not_picked":["Luminous:Dark_Dim_Erosion+1","Luminous:Light_Wash_Luminous"],"picked":"Luminous:Balance_Death_Scythe+1","floor":36},{"not_picked":["Luminous:Blinding_Pillar_Luminous","Luminous:Fast_Spell_Luminous"],"picked":"Luminous:Balance_Aether_Conduit+1","floor":37},{"not_picked":["Luminous:Light_Gather+1","Luminous:Balance_Death_Scythe+1"],"picked":"Luminous:Light_Sylvan_Lance+1","floor":38},{"not_picked":["Luminous:Light_Glare+1","Luminous:Blinding_Pillar_Luminous+1"],"picked":"Luminous:Magic_Guard_Luminous","floor":39},{"not_picked":["Luminous:Darks_Surge_Luminous+1","Luminous:Light_Track+1"],"picked":"Luminous:Magic_Boost_Luminous","floor":42},{"not_picked":["Luminous:Light_Wash_Luminous+1","Luminous:Light_Disperse+1","Luminous:Ethereal_Form_Luminous"],"picked":"SKIP","floor":43},{"not_picked":["Luminous:Light_Wash_Luminous+1","Luminous:Light_Disperse+1"],"picked":"Luminous:Ethereal_Form_Luminous","floor":43},{"not_picked":["Luminous:Balance_Death_Scythe+1","Luminous:Light_Glare+1"],"picked":"Luminous:Concentrate_Luminous+1","floor":45},{"not_picked":["Luminous:Magic_Boost_Luminous","Luminous:Darks_Surge_Luminous","Luminous:Dark_Pressure_Void+1"],"picked":"SKIP","floor":49},{"not_picked":["Luminous:Blinding_Pillar_Luminous","Luminous:Light_Glare+1","Luminous:Dark_Apocalypse+1"],"picked":"SKIP","floor":52}],"player_experience":260138,"relics_obtained":[{"floor":10,"key":"Eternal Feather"},{"floor":12,"key":"Art of War"},{"floor":14,"key":"Replay:Mystery Machine"},{"floor":24,"key":"Juzu Bracelet"},{"floor":28,"key":"Simple Rune"},{"floor":29,"key":"MutagenicStrength"},{"floor":40,"key":"ReplayTheSpireMod:Ring of Challenge"},{"floor":41,"key":"War Paint"},{"floor":43,"key":"Dream Catcher"},{"floor":45,"key":"Blue Doll"},{"floor":52,"key":"Vajra"}],"event_choices":[{"damage_healed":0,"gold_gain":0,"player_choice":"Donut","damage_taken":0,"max_hp_gain":5,"max_hp_loss":0,"event_name":"Big Fish","floor":3,"gold_loss":0},{"damage_healed":0,"gold_gain":0,"player_choice":"Got Potions","damage_taken":0,"max_hp_gain":0,"max_hp_loss":0,"event_name":"Lab","floor":4,"gold_loss":0},{"damage_healed":0,"gold_gain":0,"cards_transformed":["Luminous:Light_Track"],"player_choice":"Transformed","damage_taken":0,"max_hp_gain":0,"max_hp_loss":0,"event_name":"Transmorgrifier","floor":31,"gold_loss":0,"cards_obtained":["Luminous:Mana_Overload_Luminous"]},{"damage_healed":0,"gold_gain":0,"player_choice":"Ignored","damage_taken":0,"max_hp_gain":0,"max_hp_loss":0,"event_name":"NoteForYourself","floor":47,"gold_loss":0}],"is_beta":false,"boss_relics":[{"not_picked":["Replay:Ancient Bell","Sozu"],"picked":"expansioncontent:StudyCardRelic"},{"not_picked":["Empty Cage","Calling Bell"],"picked":"ChewingGum"}],"items_purged_floors":[42,48],"is_endless":false,"potions_floor_spawned":[8,10,12,15,16,19,27,28,32,33,39,45,49,52],"ascension_level":0}}