{"host":"ab3ipg3fqe03b2ex","time":1609215916,"event":{"mods":["AchievementEnabler","BaseMod","Colored Powertips","Minty Spire (QoL Compilation)","MostiFishMod","Quick Restart","Shop Mod","StSLib","TestMod","Uncapped","【功能Mod】Neow奖励","【功能Mod】精心准备"],"gold_per_floor":[119,131,131,131,150,181,181,212,286,303,314,314,314,329,329,428,428,441,452,465,484,499,499,518,549,573,573,603,603,634,647,647,750,750,762,776,794,806,824,853,873,348,348,381,400,435,435,449,449,450],"floor_reached":51,"playtime":1236,"items_purged":["Defend_R+1"],"score":1292,"play_id":"f21d29ca-85f1-46ab-bfbb-148b75bb8c41","local_time":"20201229122516","is_ascension_mode":false,"campfire_choices":[{"data":"Heavy Blade","floor":7,"key":"SMITH"},{"data":"MostiFishMod:404NotFound","floor":15,"key":"SMITH"},{"data":"MostiFishMod:RacingGame","floor":23,"key":"SMITH"},{"data":"Heavy Blade","floor":27,"key":"SMITH"},{"data":"Pummel","floor":29,"key":"SMITH"},{"data":"MostiFishMod:RacingGame","floor":32,"key":"SMITH"},{"data":"Uppercut","floor":47,"key":"SMITH"},{"data":"Bash","floor":49,"key":"SMITH"}],"circlet_count":0,"master_deck":["Strike_R","Strike_R","Strike_R+1","Strike_R","Strike_R","Bash+1","Flex","MostiFishMod:404NotFound+1","Heavy Blade+1","Whirlwind","Uppercut+1","MostiFishMod:RacingGame+1","Heavy Blade+1","Pummel+1","MostiFishMod:RacingGame+1","Pommel Strike+1"],"relics":["testmod-TestBox","ChiXiaoBlade","testmod-Temperance","ShadowXiaoBlade","testmod-Nine","SynthV:TestCard","Letter Opener","testmod-AssaultLearning","testmod-DragonStarHat","Pear","Black Star","testmod-BouquetWithThorns","testmod-IndustrialRevolution","Bronze Scales","Happy Flower","testmod-Acrobat","Lantern","Orichalcum","RhineSuit","testmod-IntensifyImprint","SynthV:C4","BrkXgEgg","Juzu Bracelet","Oddly Smooth Stone","InkBottle","Ornamental Fan","Bag of Preparation","Pocketwatch","Pantograph"],"acts_visited":["Exordium","TheCity","TheBeyond"],"potions_floor_usage":[50,50],"damage_taken":[{"damage":0,"enemies":"Cultist","floor":1,"turns":1},{"damage":0,"enemies":"2 Louse","floor":2,"turns":1},{"damage":0,"enemies":"Jaw Worm","floor":5,"turns":1},{"damage":0,"enemies":"3 Sentries","floor":6,"turns":1},{"damage":0,"enemies":"Gremlin Nob","floor":8,"turns":1},{"damage":0,"enemies":"Large Slime","floor":10,"turns":1},{"damage":0,"enemies":"2 Fungi Beasts","floor":11,"turns":1},{"damage":0,"enemies":"Exordium Wildlife","floor":14,"turns":1},{"damage":0,"enemies":"The Guardian","floor":16,"turns":2},{"damage":0,"enemies":"3 Byrds","floor":18,"turns":1},{"damage":0,"enemies":"Shell Parasite","floor":19,"turns":1},{"damage":0,"enemies":"Centurion and Healer","floor":20,"turns":1},{"damage":0,"enemies":"Snecko","floor":21,"turns":1},{"damage":0,"enemies":"Snake Plant","floor":22,"turns":1},{"damage":0,"enemies":"Shelled Parasite and Fungi","floor":24,"turns":1},{"damage":0,"enemies":"Gremlin Leader","floor":25,"turns":1},{"damage":13,"enemies":"Slavers","floor":28,"turns":2},{"damage":0,"enemies":"Book of Stabbing","floor":30,"turns":1},{"damage":0,"enemies":"3 Cultists","floor":31,"turns":2},{"damage":0,"enemies":"Champ","floor":33,"turns":1},{"damage":0,"enemies":"Orb Walker","floor":35,"turns":1},{"damage":0,"enemies":"3 Darklings","floor":36,"turns":1},{"damage":0,"enemies":"Jaw Worm Horde","floor":37,"turns":1},{"damage":3,"enemies":"4 Shapes","floor":38,"turns":1},{"damage":6,"enemies":"Sphere and 2 Shapes","floor":39,"turns":1},{"damage":0,"enemies":"Giant Head","floor":40,"turns":1},{"damage":0,"enemies":"3 Darklings","floor":41,"turns":1},{"damage":0,"enemies":"Nemesis","floor":44,"turns":1},{"damage":0,"enemies":"Jaw Worm Horde","floor":45,"turns":1},{"damage":0,"enemies":"Giant Head","floor":46,"turns":1},{"damage":12,"enemies":"Sphere and 2 Shapes","floor":48,"turns":1},{"damage":0,"enemies":"Awakened One","floor":50,"turns":2}],"seed_played":"6923836098651047363","potions_obtained":[{"floor":5,"key":"HeartOfIron"},{"floor":8,"key":"FairyPotion"},{"floor":10,"key":"Dexterity Potion"},{"floor":11,"key":"FearPotion"},{"floor":28,"key":"PowerPotion"},{"floor":39,"key":"PowerPotion"}],"is_trial":false,"path_per_floor":["M","M","$","T","M","E","R","E","T","M","M","?","?","M","R","B",null,"M","M","M","M","M","R","M","E","T","R","E","R","E","M","R","B",null,"M","M","M","M","M","E","M","$","T","E","M","E","R","M","R","B",null],"character_chosen":"IRONCLAD","items_purchased":["BrkXgEgg","Juzu Bracelet","Oddly Smooth Stone"],"campfire_rested":0,"item_purchase_floors":[42,42,42],"current_hp_per_floor":[80,80,80,80,80,80,80,80,90,90,90,95,57,57,57,57,95,95,95,95,95,95,95,95,95,95,95,82,82,82,82,82,82,95,95,95,95,92,86,86,86,86,86,86,86,86,86,74,74,95],"gold":450,"neow_bonus":"BOSS_RELIC","is_daily":false,"chose_seed":false,"campfire_upgraded":8,"win_rate":0.0,"timestamp":1609215916,"path_taken":["M","M","$","?","?","E","R","E","T","M","M","?","?","M","R","BOSS","M","M","M","M","M","R","M","E","T","R","E","R","E","M","R","BOSS","M","M","M","M","M","E","M","$","T","E","M","E","R","M","R","BOSS"],"items_purchased_type":["Relic","Relic","Relic"],"build_version":"2020-12-22","purchased_purges":1,"victory":true,"max_hp_per_floor":[80,80,80,80,80,80,80,80,90,90,90,95,95,95,95,95,95,95,95,95,95,95,95,95,95,95,95,95,95,95,95,95,95,95,95,95,95,95,95,95,95,95,95,95,95,95,95,95,95,95],"card_choices":[{"not_picked":["Perfected Strike","Headbutt"],"picked":"Flex","floor":1},{"not_picked":["Rupture","Body Slam","Reckless Charge","Pommel Strike"],"picked":"MostiFishMod:404NotFound","floor":2},{"not_picked":["Iron Wave","Power Through","Headbutt","Perfected Strike"],"picked":"Heavy Blade","floor":5},{"not_picked":["Fiend Fire","Iron Wave","Evolve","Perfected Strike","Anger"],"picked":"SKIP","floor":6},{"not_picked":["Thunderclap","Second Wind","Cleave","True Grit","Corruption"],"picked":"SKIP","floor":8},{"not_picked":["Sword Boomerang","Pommel Strike","Second Wind","Carnage"],"picked":"Whirlwind","floor":10},{"not_picked":["Armaments","Sever Soul","Flex","MostiFishMod:BrandingRite"],"picked":"Uppercut","floor":11},{"not_picked":["Hemokinesis","Perfected Strike","Clash","Dual Wield","Disarm"],"picked":"SKIP","floor":14},{"not_picked":["Demon Form","Barricade","MostiFishMod:ChineseTea","Offering"],"picked":"MostiFishMod:RacingGame","floor":16},{"not_picked":["Thunderclap","Perfected Strike","Clash","Shockwave","Flex"],"picked":"SKIP","floor":18},{"not_picked":["Combust+1","Body Slam","Dual Wield+1","Wild Strike+1","Barricade"],"picked":"SKIP","floor":19},{"not_picked":["Shrug It Off","Sword Boomerang","Bloodletting","True Grit"],"picked":"Heavy Blade","floor":20},{"not_picked":["Warcry","Pommel Strike","Clash+1","Fire Breathing","Wild Strike"],"picked":"SKIP","floor":21},{"not_picked":["Anger","Dual Wield+1","Offering","Iron Wave","Headbutt"],"picked":"SKIP","floor":22},{"not_picked":["Armaments","True Grit","Headbutt","Inflame","Warcry"],"picked":"SKIP","floor":24},{"not_picked":["Reckless Charge","Headbutt+1","Blood for Blood","MostiFishMod:ChineseTea"],"picked":"Pummel","floor":25},{"not_picked":["Entrench","Evolve","Perfected Strike","Thunderclap","Inflame"],"picked":"SKIP","floor":28},{"not_picked":["Burning Pact","Clothesline","Body Slam+1","Perfected Strike","Iron Wave"],"picked":"SKIP","floor":30},{"not_picked":["Cleave","Warcry","Flex","Heavy Blade"],"picked":"MostiFishMod:RacingGame","floor":31},{"not_picked":["Sword Boomerang","Second Wind","Rage+1","Thunderclap"],"picked":"Pommel Strike+1","floor":35},{"not_picked":["Clothesline","Twin Strike","Shockwave","Feel No Pain+1","Armaments+1"],"picked":"SKIP","floor":36},{"not_picked":["Bloodletting+1","Perfected Strike","Cleave","Disarm","Intimidate"],"picked":"SKIP","floor":37},{"not_picked":["Heavy Blade","Sword Boomerang+1","Twin Strike+1","Rupture+1","Headbutt+1"],"picked":"SKIP","floor":38},{"not_picked":["Metallicize","Infernal Blade+1","Perfected Strike","MostiFishMod:UltimateDefense","Warcry"],"picked":"SKIP","floor":39},{"not_picked":["Wild Strike+1","Thunderclap+1","Flex+1","Body Slam+1","Impervious"],"picked":"SKIP","floor":40},{"not_picked":["MostiFishMod:BrandingRite","Fire Breathing","Cleave","Feel No Pain+1","Rampage"],"picked":"SKIP","floor":41},{"not_picked":["Iron Wave+1","Clothesline","Warcry","Shrug It Off","Thunderclap"],"picked":"SKIP","floor":44},{"not_picked":["Wild Strike+1","Inflame","Evolve","MostiFishMod:BrandingRite","Flex+1"],"picked":"SKIP","floor":45},{"not_picked":["Rampage","Pommel Strike","Sever Soul","Combust+1","Uppercut+1"],"picked":"SKIP","floor":46},{"not_picked":["Twin Strike","Rampage","MostiFishMod:FireWorks+1","Pummel+1","Armaments+1"],"picked":"SKIP","floor":48}],"player_experience":7908,"relics_obtained":[{"floor":1,"key":"SynthV:TestCard"},{"floor":4,"key":"Letter Opener"},{"floor":6,"key":"testmod-AssaultLearning"},{"floor":8,"key":"testmod-DragonStarHat"},{"floor":9,"key":"Pear"},{"floor":25,"key":"testmod-BouquetWithThorns"},{"floor":25,"key":"testmod-IndustrialRevolution"},{"floor":26,"key":"Bronze Scales"},{"floor":28,"key":"Happy Flower"},{"floor":28,"key":"testmod-Acrobat"},{"floor":30,"key":"Lantern"},{"floor":30,"key":"Orichalcum"},{"floor":40,"key":"testmod-IntensifyImprint"},{"floor":40,"key":"SynthV:C4"},{"floor":43,"key":"InkBottle"},{"floor":44,"key":"Ornamental Fan"},{"floor":44,"key":"Bag of Preparation"},{"floor":46,"key":"Pocketwatch"},{"floor":46,"key":"Pantograph"}],"event_choices":[{"damage_healed":0,"gold_gain":0,"player_choice":"Donut","damage_taken":0,"max_hp_gain":5,"max_hp_loss":0,"event_name":"Big Fish","floor":12,"gold_loss":0},{"damage_healed":0,"gold_gain":0,"player_choice":"Entered Light","damage_taken":19,"max_hp_gain":0,"max_hp_loss":0,"event_name":"Shining Light","floor":13,"gold_loss":0,"cards_upgraded":["Strike_R","Defend_R"]}],"is_beta":false,"boss_relics":[{"not_picked":["testmod-EnergyCheck","testmod-NegativeEmotionEnhancer"],"picked":"Black Star"},{"not_picked":["xbg","GreenFoldingFan"],"picked":"RhineSuit"}],"items_purged_floors":[42],"is_endless":false,"potions_floor_spawned":[5,8,10,11,16,19,22,25,28,31,35,37,39,41,44],"ascension_level":0}}