{"host":"baiuyraednrljtmn","time":1609228237,"event":{"mods":["BaseMod","Colored Map","Colored Powertips","Current Relic Mod","DeckTracker","Hermit","Keyboard Shortcuts","Minty Spire (QoL Compilation)","Relic Stats","StSLib","SuperFastMode","everything is the same but u backflip on backflip"],"gold_per_floor":[116,132,69,80,80,80,115,115,168,168,188,199,226,0,0,74,124,143,143],"floor_reached":18,"playtime":843,"items_purged":[],"score":344,"play_id":"0576068e-3d80-4653-ade4-183bbf08f6f9","local_time":"20201229165037","is_ascension_mode":true,"campfire_choices":[{"data":"Masterful Stab","floor":6.0,"key":"SMITH"},{"data":"Finisher","floor":8.0,"key":"SMITH"},{"data":"Prepared","floor":10.0,"key":"SMITH"},{"floor":15,"key":"REST"}],"circlet_count":0,"master_deck":["AscendersBane","Strike_G+1","Strike_G","Strike_G","Strike_G","Defend_G","Defend_G","Defend_G","Defend_G","Defend_G","Survivor","Neutralize","Masterful Stab+1","Finisher+1","Prepared+1","Expertise","Slice","Cloak And Dagger","Acrobatics","Malaise","Dagger Spray"],"relics":["Ring of the Snake","NeowsBlessing","Strawberry","Akabeko","Potion Belt","Bronze Scales","TheAbacus","Tiny House"],"acts_visited":["Exordium","TheCity"],"potions_floor_usage":[13,16],"damage_taken":[{"damage":0.0,"enemies":"Cultist","floor":1.0,"turns":1.0},{"damage":0.0,"enemies":"Small Slimes","floor":2.0,"turns":1.0},{"damage":0.0,"enemies":"Jaw Worm","floor":4.0,"turns":1.0},{"damage":26.0,"enemies":"Gremlin Nob","floor":7.0,"turns":4.0},{"damage":3.0,"enemies":"Exordium Wildlife","floor":11.0,"turns":4.0},{"damage":0.0,"enemies":"Looter","floor":12.0,"turns":2.0},{"damage":28,"enemies":"Lagavulin","floor":13,"turns":6},{"damage":10,"enemies":"The Guardian","floor":16,"turns":12},{"damage":20,"enemies":"Spheric Guardian","floor":18,"turns":5}],"seed_played":"-5744986050557779401","potions_obtained":[{"floor":4.0,"key":"AttackPotion"},{"floor":7.0,"key":"Swift Potion"},{"floor":13,"key":"PowerPotion"},{"floor":17,"key":"DuplicationPotion"},{"floor":18,"key":"Energy Potion"}],"is_trial":false,"path_per_floor":["M","M","?","M","?","R","E","R","T","R","M","M","E","$","R","B",null,"M"],"character_chosen":"THE_SILENT","items_purchased":["TheAbacus","Acrobatics"],"campfire_rested":1,"item_purchase_floors":[14,14],"current_hp_per_floor":[59,59,66,66,66,66,40,40,40,40,37,37,9,9,30,20,65,45,45],"gold":143,"neow_bonus":"THREE_ENEMY_KILL","is_daily":false,"chose_seed":false,"campfire_upgraded":3,"win_rate":0.0,"timestamp":1609228237,"path_taken":["M","?","?","?","?","R","E","R","T","R","M","M","E","$","R","BOSS","M"],"items_purchased_type":["Relic","Card"],"build_version":"2020-12-22","purchased_purges":0,"victory":false,"max_hp_per_floor":[66,66,73,73,73,73,73,73,73,73,73,73,73,73,73,73,78,78,78],"relic_stats":{"TheAbacus":[30],"counters":[9,36],"Bronze Scales":[42],"obtain_stats":[{"Potion Belt":9,"TheAbacus":14,"Tiny House":17,"NeowsBlessing":0,"Strawberry":3,"Bronze Scales":13,"Akabeko":7,"Ring of the Snake":0},{"Potion Belt":4,"TheAbacus":7,"Tiny House":8,"NeowsBlessing":0,"Strawberry":2,"Bronze Scales":7,"Akabeko":4,"Ring of the Snake":0},{"Potion Belt":7,"TheAbacus":19,"Tiny House":31,"NeowsBlessing":0,"Strawberry":2,"Bronze Scales":19,"Akabeko":7,"Ring of the Snake":0}],"Ring of the Snake":[18]},"card_choices":[{"not_picked":["Cloak And Dagger","Flying Knee"],"picked":"Masterful Stab","floor":1.0},{"not_picked":["Flying Knee","Blur"],"picked":"Finisher","floor":2.0},{"not_picked":["Flying Knee","Accuracy"],"picked":"Prepared","floor":4.0},{"not_picked":["Heel Hook","Distraction","Prepared"],"picked":"SKIP","floor":7.0},{"not_picked":["Unload","All Out Attack"],"picked":"Slice","floor":11.0},{"not_picked":["Bane","Prepared","Dodge and Roll"],"picked":"SKIP","floor":12.0},{"not_picked":["Caltrops","Sucker Punch"],"picked":"Cloak And Dagger","floor":13},{"not_picked":["Bullet Time","Glass Knife"],"picked":"Malaise","floor":16},{"not_picked":["Prepared","Deflect"],"picked":"Dagger Spray","floor":17}],"player_experience":1432876,"relics_obtained":[{"floor":7.0,"key":"Akabeko"},{"floor":9.0,"key":"Potion Belt"},{"floor":13,"key":"Bronze Scales"}],"event_choices":[{"damage_healed":0.0,"max_hp_gain":0.0,"max_hp_loss":0.0,"gold_gain":0.0,"event_name":"WeMeetAgain","player_choice":"Paid Gold","floor":3.0,"gold_loss":63.0,"damage_taken":0.0,"relics_obtained":["Strawberry"]},{"damage_healed":0.0,"max_hp_gain":0.0,"max_hp_loss":0.0,"gold_gain":0.0,"cards_transformed":["Strike_G"],"event_name":"Living Wall","player_choice":"Change","floor":5.0,"gold_loss":0.0,"damage_taken":0.0,"cards_obtained":["Expertise"]}],"is_beta":false,"boss_relics":[{"not_picked":["HoveringKite","Snecko Eye"],"picked":"Tiny House"}],"items_purged_floors":[],"is_endless":false,"potions_floor_spawned":[4,7,13,18],"killed_by":"Spheric Guardian","ascension_level":20}}