{"host":"nox","time":1609245391,"event":{"mods":["Act Like it!","Aspiration","BaseMod","Better Altar","Better Match","Better Note","Better Sensory Stone","Better Skull","Better Third Choice","BetterRewards","Colored Powertips","Conspire","Energized Spire","GifTheSpireLib","Hubris","Infinite Spire","Minty Spire (QoL Compilation)","Pale of the Ancients","Quick Restart","Rare Cards Sparkle","Replay The Spire","Shop Mod","Spikes Relics","StSLib","Stuff the Spire","SuperFastMode","The Alterego","vexMod"],"gold_per_floor":[116,116,116,129,147,182,107,107,185,185,185,185,77,90,90,90,90],"floor_reached":16,"playtime":287,"items_purged":["Strike_G"],"score":132,"play_id":"41bb1961-07ee-445d-b409-ed60a069961d","local_time":"20201229193631","is_ascension_mode":true,"campfire_choices":[{"data":"All Out Attack","floor":8.0,"key":"SMITH"},{"data":"Defend_G","floor":12.0,"key":"SMITH"},{"data":"Defend_G","floor":15.0,"key":"SMITH"}],"circlet_count":0,"master_deck":["Strike_G","Strike_G","Strike_G","Strike_G","Defend_G","Defend_G+1","Defend_G+1","Defend_G","Defend_G","Survivor","Neutralize","All Out Attack+1","All Out Attack+1"],"relics":["Ring of the Snake","StuffTheSpire:Mouthbags","hubris:MobiusCoin","Gremlin Food","hubris:Icosahedron","vexMod:PlasmaPancake"],"acts_visited":["Exordium"],"potions_floor_usage":[],"damage_taken":[{"damage":1.0,"enemies":"Cultist","floor":1.0,"turns":4.0},{"damage":4.0,"enemies":"Jaw Worm","floor":4.0,"turns":3.0},{"damage":0.0,"enemies":"conspire:RoseBush","floor":5.0,"turns":3.0},{"damage":21.0,"enemies":"3 Sentries","floor":6.0,"turns":4.0},{"damage":0.0,"enemies":"Looter","floor":14.0,"turns":3.0},{"damage":51,"enemies":"The Guardian","floor":16,"turns":10}],"seed_played":"-538664950740213850","potions_obtained":[],"is_trial":false,"path_per_floor":["M","$","?","M","M","E","$","R","T","T","?","R","?","M","R","B"],"character_chosen":"THE_SILENT","items_purchased":["All Out Attack"],"campfire_rested":0,"item_purchase_floors":[0],"current_hp_per_floor":[62,62,62,58,58,37,37,37,37,37,37,37,43,43,43,0,0],"gold":90,"neow_bonus":"","is_daily":false,"chose_seed":false,"campfire_upgraded":3,"win_rate":0.0,"timestamp":1609245391,"path_taken":["M","$","?","M","?","E","$","R","T","?","?","R","?","?","R","BOSS"],"items_purchased_type":["Card"],"build_version":"2020-11-17","purchased_purges":1,"victory":false,"max_hp_per_floor":[70,70,70,70,70,70,70,70,70,70,70,70,76,76,76,76,76],"card_choices":[{"not_picked":["hubris:SlightOfHand","Blur","Quick Slash"],"picked":"SKIP","floor":1.0},{"not_picked":["StuffTheSpire:Injection","Prepared"],"picked":"All Out Attack","floor":4.0},{"not_picked":["Choke","PiercingWail","Outmaneuver"],"picked":"SKIP","floor":5.0},{"not_picked":["Hidden Blade","Bane","StuffTheSpire:Sprint"],"picked":"SKIP","floor":6.0},{"not_picked":["Sucker Punch","Prepared","Outmaneuver"],"picked":"SKIP","floor":14.0}],"player_experience":276748,"relics_obtained":[{"floor":6.0,"key":"StuffTheSpire:Mouthbags"},{"floor":9.0,"key":"hubris:MobiusCoin"},{"floor":10.0,"key":"Gremlin Food"}],"event_choices":[{"damage_healed":0.0,"max_hp_gain":0.0,"max_hp_loss":0.0,"gold_gain":0.0,"event_name":"Upgrade Shrine","player_choice":"Upgraded","floor":3.0,"gold_loss":0.0,"damage_taken":0.0,"cards_upgraded":["All Out Attack"]},{"damage_healed":0.0,"max_hp_gain":0.0,"max_hp_loss":0.0,"gold_gain":0.0,"event_name":"WeMeetAgain","player_choice":"Paid Gold","floor":13.0,"gold_loss":108.0,"damage_taken":0.0,"relics_obtained":["vexMod:PlasmaPancake"]}],"is_beta":true,"boss_relics":[],"items_purged_floors":[7],"is_endless":false,"potions_floor_spawned":[],"killed_by":"The Guardian","ascension_level":7}}