{"host":"g7trc0x2teqyd8ye","time":1609247720,"event":{"mods":["BaseMod","Key Reminder","Minty Spire (QoL Compilation)","Relic Stats"],"gold_per_floor":[113,113,5,20,31,31,31,31,31],"floor_reached":8,"playtime":265,"items_purged":[],"score":87,"play_id":"2c3d24c0-a3a8-4418-a197-8bf5bdf1de77","local_time":"20201229141520","is_ascension_mode":true,"campfire_choices":[{"data":"Dual Wield","floor":6,"key":"SMITH"}],"circlet_count":0,"master_deck":["AscendersBane","Strike_R","Strike_R","Strike_R","Defend_R","Defend_R","Defend_R","Bash","Inflame","Clothesline","Flex","Dropkick","Havoc","Dual Wield+1","Sentinel"],"relics":["Burning Blood","Vajra"],"acts_visited":["Exordium"],"potions_floor_usage":[8],"damage_taken":[{"damage":7,"enemies":"Jaw Worm","floor":1,"turns":3},{"damage":1,"enemies":"Cultist","floor":4,"turns":3},{"damage":2,"enemies":"2 Louse","floor":5,"turns":4},{"damage":72,"enemies":"3 Sentries","floor":8,"turns":10}],"seed_played":"3908858992422339716","potions_obtained":[{"floor":4,"key":"BloodPotion"}],"is_trial":false,"path_per_floor":["M","?","$","M","M","R","?","E"],"character_chosen":"IRONCLAD","items_purchased":["Dropkick","Havoc"],"campfire_rested":0,"item_purchase_floors":[3,3],"current_hp_per_floor":[49,49,49,54,58,58,53,0,0],"gold":31,"neow_bonus":"TRANSFORM_TWO_CARDS","is_daily":false,"chose_seed":false,"campfire_upgraded":1,"win_rate":0.0,"timestamp":1609247720,"path_taken":["M","?","?","M","M","R","?","E"],"items_purchased_type":["Card","Card"],"build_version":"2020-12-22","purchased_purges":0,"victory":false,"max_hp_per_floor":[75,75,75,75,75,75,75,75,75],"relic_stats":{"counters":[4,20],"obtain_stats":[{"Vajra":7,"Burning Blood":0},{"Vajra":3,"Burning Blood":0},{"Vajra":10,"Burning Blood":0}],"Burning Blood":18},"card_choices":[{"not_picked":["Dark Embrace","Metallicize"],"picked":"Flex","floor":1},{"not_picked":["Pommel Strike","Dark Embrace"],"picked":"Dual Wield","floor":4},{"not_picked":["Anger","Twin Strike"],"picked":"Sentinel","floor":5}],"player_experience":807953,"relics_obtained":[],"event_choices":[{"cards_removed":["Strike_R"],"damage_healed":0,"gold_gain":0,"player_choice":"Offered Basic","damage_taken":0,"max_hp_gain":0,"max_hp_loss":0,"event_name":"Bonfire Elementals","floor":2,"gold_loss":0},{"damage_healed":0,"gold_gain":0,"player_choice":"Success","damage_taken":5,"relics_obtained":["Vajra"],"max_hp_gain":0,"max_hp_loss":0,"event_name":"Scrap Ooze","floor":7,"gold_loss":0}],"is_beta":false,"boss_relics":[],"items_purged_floors":[],"is_endless":false,"potions_floor_spawned":[4],"killed_by":"3 Sentries","ascension_level":18}}