{"host":"le69utka9ynaq64d","time":1609259148,"event":{"mods":["AchievementEnabler","Aspiration","BaseMod","Block Reminder","ChefMod","Conspire","Energized Spire","Evolution","GifTheSpireLib","Halation","Hubris","Minty Spire (QoL Compilation)","Permanent Neow","Quick Restart","Replay The Spire","RiskOfSpire","StSLib","Stuff the Spire","Trackpad","vexMod"],"gold_per_floor":[117,127,27,202,219,249,260,260,287,144,70,87,87,225,225,321,321,339,35,35,35],"floor_reached":20,"playtime":1835,"items_purged":["Doubt"],"score":307,"play_id":"51205772-e899-4258-81a0-50af0d40f07b","local_time":"20201229112548","is_ascension_mode":false,"campfire_choices":[{"data":"Collect","floor":8,"key":"SMITH"},{"floor":15,"key":"REST"}],"circlet_count":0,"master_deck":["Strike_P","Strike_P","Strike_P","Strike_P","Defend_P","Defend_P","Defend_P","Defend_P","Eruption","Vigilance","Collect+1","Replay:Anticipation","Ghostly","BowlingBash","EmptyFist","SandsOfTime+1","BowlingBash","FearNoEvil","Replay:LoomingThreat","InnerPeace","Adaptation"],"relics":["PureWater","EVO:Axolotl","hubris:Potato","riskOfSpire:ShapedGlass","trackpad:AdjectivePendant","The Courier","riskOfSpire:TitanicKnurl","Anchor","Strange Spoon"],"acts_visited":["Exordium","TheCity"],"potions_floor_usage":[7,20],"damage_taken":[{"damage":0.0,"enemies":"Jaw Worm","floor":1.0,"turns":5.0},{"damage":14.0,"enemies":"Cultist","floor":2.0,"turns":5.0},{"damage":3.0,"enemies":"conspire:RoseBush","floor":5.0,"turns":6.0},{"damage":0,"enemies":"Lagavulin","floor":6,"turns":7},{"damage":2,"enemies":"Looter","floor":7,"turns":5},{"damage":0,"enemies":"Large Slime","floor":12,"turns":3},{"damage":1,"enemies":"Replay:BlueRogue","floor":14,"turns":2},{"damage":11,"enemies":"The Guardian","floor":16,"turns":7},{"damage":18,"enemies":"Shell Parasite","floor":18,"turns":4},{"damage":33,"enemies":"conspire:MimicChest","floor":20,"turns":3}],"seed_played":"6350132475258062802","potions_obtained":[{"floor":2.0,"key":"Dexterity Potion"},{"floor":5.0,"key":"Swift Potion"},{"floor":14,"key":"Doom Potion"},{"floor":18,"key":"Swift Potion"}],"is_trial":true,"path_per_floor":["M","M","?","?","M","E","M","R","T","$","?","M","?","E","R","B",null,"M","$","?"],"character_chosen":"WATCHER","items_purchased":["SandsOfTime","Anchor","Adaptation","Strange Spoon"],"campfire_rested":1,"item_purchase_floors":[10,19,19,19],"current_hp_per_floor":[72,58,58,58,55,55,53,53,36,36,36,36,36,17,27,16,46,29,29,0,0],"gold":35,"neow_bonus":"","is_daily":false,"chose_seed":false,"campfire_upgraded":1,"win_rate":0.0,"timestamp":1609259148,"path_taken":["M","?","?","?","M","E","M","R","T","$","?","M","?","E","R","BOSS","M","$","?"],"items_purchased_type":["Card","Relic","Card","Relic"],"build_version":"2020-12-22","purchased_purges":1,"victory":false,"max_hp_per_floor":[72,72,72,72,72,72,72,72,36,36,36,36,36,36,36,36,46,46,46,46,46],"card_choices":[{"not_picked":["EmptyBody","SignatureMove"],"picked":"Collect","floor":1.0},{"not_picked":["Consecrate","Evaluate"],"picked":"Replay:Anticipation","floor":2.0},{"not_picked":["Study","Prostrate","Meditate"],"picked":"SKIP","floor":5.0},{"not_picked":["Wireheading","FlyingSleeves"],"picked":"BowlingBash","floor":6},{"not_picked":["SignatureMove","FlyingSleeves"],"picked":"EmptyFist","floor":7},{"not_picked":["FlyingSleeves","ThirdEye"],"picked":"BowlingBash","floor":12},{"not_picked":["ReachHeaven","LessonLearned"],"picked":"FearNoEvil","floor":14},{"not_picked":["Vault","Establishment"],"picked":"Replay:LoomingThreat","floor":16},{"not_picked":["SandsOfTime+1","FlyingSleeves+1"],"picked":"InnerPeace","floor":18}],"player_experience":335982,"relics_obtained":[{"floor":6,"key":"hubris:Potato"},{"floor":9,"key":"riskOfSpire:ShapedGlass"},{"floor":14,"key":"The Courier"}],"event_choices":[{"damage_healed":0.0,"max_hp_gain":0.0,"max_hp_loss":0.0,"gold_gain":0.0,"event_name":"conspire:LoneGhost","player_choice":"Argue","floor":3.0,"gold_loss":0.0,"damage_taken":0.0},{"damage_healed":0.0,"max_hp_gain":0.0,"max_hp_loss":0.0,"gold_gain":175.0,"event_name":"Liars Game","player_choice":"AGREE","floor":4.0,"gold_loss":0.0,"damage_taken":0.0,"cards_obtained":["Doubt"]},{"damage_healed":0,"gold_gain":0,"player_choice":"Paid Gold","damage_taken":0,"relics_obtained":["trackpad:AdjectivePendant"],"max_hp_gain":0,"max_hp_loss":0,"event_name":"WeMeetAgain","floor":11,"gold_loss":74},{"damage_healed":0,"gold_gain":0,"player_choice":"Forge","damage_taken":0,"max_hp_gain":0,"max_hp_loss":0,"event_name":"Accursed Blacksmith","floor":13,"gold_loss":0,"cards_upgraded":["SandsOfTime"]}],"is_beta":false,"boss_relics":[{"not_picked":["conspire:SeveredTorchhead","StuffTheSpire:Kangaroo"],"picked":"riskOfSpire:TitanicKnurl"}],"items_purged_floors":[10],"is_endless":true,"potions_floor_spawned":[2,5,14,18],"killed_by":"conspire:MimicChest","ascension_level":0}}