{"host":"y89x8uui45kcjy42","time":1609216820,"event":{"mods":["2.2 Compatiblity","BaseMod","CapriCore","Colored Map","Colored Powertips","Custom Start","Friendly Minions","Highlight Path","Keyboard Shortcuts","Minty Spire (QoL Compilation)","Relic Stats","Slay the Relics Exporter","StSLib","SuperFastMode","Waifu the Spire"],"gold_per_floor":[111,111,111,111,131,166,166,200,225,225,225],"floor_reached":10,"playtime":135,"items_purged":[],"score":198,"play_id":"7305feb3-7a5b-4151-880e-e1c1c4f0f37f","local_time":"20201229134020","is_ascension_mode":true,"campfire_choices":[{"data":"Bash","floor":7,"key":"SMITH"}],"circlet_count":0,"master_deck":["AscendersBane","Strike_R","Strike_R","Strike_R","Defend_R","Defend_R","Defend_R","Bash+1","Shrug It Off","Sword Boomerang"],"relics":["Burning Blood","NeowsBlessing","Gremlin Horn","FossilizedHelix","Art of War","Potion Belt"],"acts_visited":["Exordium"],"potions_floor_usage":[],"damage_taken":[{"damage":0,"enemies":"Small Slimes","floor":1,"turns":1},{"damage":0,"enemies":"Cultist","floor":5,"turns":1},{"damage":0,"enemies":"3 Sentries","floor":6,"turns":1},{"damage":48,"enemies":"Gremlin Nob","floor":8,"turns":5},{"damage":37,"enemies":"3 Sentries","floor":10,"turns":5}],"seed_played":"-7800788230460061570","potions_obtained":[],"is_trial":false,"path_per_floor":["M","?","$","T","M","E","R","E","T","E"],"character_chosen":"IRONCLAD","items_purchased":[],"campfire_rested":0,"item_purchase_floors":[],"current_hp_per_floor":[74,75,75,75,75,75,75,33,33,0,0],"gold":225,"neow_bonus":"THREE_ENEMY_KILL","is_daily":false,"chose_seed":false,"campfire_upgraded":1,"win_rate":0.0,"timestamp":1609216820,"path_taken":["M","?","?","?","M","E","R","E","T","E"],"items_purchased_type":[],"build_version":"2020-12-22","purchased_purges":0,"victory":false,"max_hp_per_floor":[75,75,75,75,75,75,75,75,75,75,75],"relic_stats":{"Gremlin Horn":[3,3],"counters":[5,13],"Art of War":[0],"obtain_stats":[{"Potion Belt":9,"NeowsBlessing":0,"Gremlin Horn":4,"Art of War":8,"Burning Blood":0,"FossilizedHelix":6},{"Potion Belt":4,"NeowsBlessing":0,"Gremlin Horn":1,"Art of War":4,"Burning Blood":0,"FossilizedHelix":3},{"Potion Belt":8,"NeowsBlessing":0,"Gremlin Horn":1,"Art of War":8,"Burning Blood":0,"FossilizedHelix":3}],"Burning Blood":12},"card_choices":[{"not_picked":["Sword Boomerang","Perfected Strike"],"picked":"Seeing Red","floor":1},{"not_picked":["Anger","Body Slam","Cleave"],"picked":"SKIP","floor":5},{"not_picked":["Warcry","Sword Boomerang"],"picked":"Shrug It Off","floor":6},{"not_picked":["Body Slam","Havoc"],"picked":"Sword Boomerang","floor":8}],"player_experience":523462,"relics_obtained":[{"floor":4,"key":"Gremlin Horn"},{"floor":6,"key":"FossilizedHelix"},{"floor":8,"key":"Art of War"},{"floor":9,"key":"Potion Belt"}],"event_choices":[{"cards_removed":["Seeing Red"],"damage_healed":1,"gold_gain":0,"player_choice":"Offered Uncommon","damage_taken":0,"max_hp_gain":0,"max_hp_loss":0,"event_name":"Bonfire Elementals","floor":2,"gold_loss":0}],"is_beta":false,"boss_relics":[],"items_purged_floors":[],"is_endless":false,"potions_floor_spawned":[],"killed_by":"3 Sentries","ascension_level":20}}