{"host":"at95bz2setwymaj7","time":1609278073,"event":{"mods":["BaseMod","Bestiary","Better Note","Better Third Choice","BetterRewards","Colored Map","Downfall","Energized Spire","Googly Eyes","Hermit","Jorbs\u0027s Wanderer Trilogy","Marisa????????","Minty Spire (QoL Compilation)","Rare Cards Sparkle","Relic Stats","Replay The Spire","Robot Space Explorer","StSLib","The Animator","The Cursed","The Dragon Tamer","The Hierophant","The Marked","The Problem Sleuth","The Runesmith","The Servant 0.9.4","Waifu the Spire"],"gold_per_floor":[119,119,132,132,150,150,181,24,50,62,62,84,108,158,158,263,263,282,302,302,302,312,312,312],"floor_reached":22,"playtime":1778,"items_purged":["Pain"],"score":236,"play_id":"3539c238-9e73-4a72-b9f9-702def424d73","local_time":"20201229164113","is_ascension_mode":false,"metric_token":1747,"campfire_choices":[{"data":"DTMod:WarmUp","floor":6.0,"key":"SMITH"},{"floor":11.0,"key":"REST"},{"floor":15.0,"key":"REST"}],"dtmod_dragon_data":[1,50,1,-1,8,0],"circlet_count":0,"master_deck":["DTMod:Strike","DTMod:Strike","DTMod:Strike","DTMod:Strike","DTMod:DoubleHit","DTMod:TargetDefense+1","DTMod:TargetDefense","DTMod:TargetDefense","DTMod:TargetDefense+1","DTMod:SwitchingTactic","DTMod:Adaptation","DTMod:WarmUp+1","DTMod:PurifyingFlame","DTMod:TriAttack","DTMod:CrossStep","DTMod:ComboAttack","DTMod:ShieldDrain","ReplayTheSpireMod:IOU","hermit:ImpendingDoom","DTMod:ResonanceForm+1","DTMod:ComboAttack+1","Slimebound:Icky","DTMod:BalancedStrike+1"],"relics":["DTMod:PactStone","NeowsBlessing","WarpedTongs","Orichalcum","War Paint","Replay:Bandana","Ring of Greed","ReplayTheSpireMod:Ring of Collecting","Golden Egg","Tiny Chest","Black Star"],"acts_visited":["Exordium","TheCity"],"potions_floor_usage":[],"damage_taken":[{"damage":0.0,"enemies":"Jaw Worm","floor":1.0,"turns":1.0},{"damage":0.0,"enemies":"Cultist","floor":3.0,"turns":1.0},{"damage":0.0,"enemies":"Small Slimes","floor":5.0,"turns":2.0},{"damage":21.0,"enemies":"3 Sentries","floor":7.0,"turns":10.0},{"damage":0.0,"enemies":"2 Fungi Beasts","floor":10.0,"turns":3.0},{"damage":0.0,"enemies":"Looter","floor":12.0,"turns":3.0},{"damage":0.0,"enemies":"Large Slime","floor":13.0,"turns":5.0},{"damage":0.0,"enemies":"Hexaghost","floor":16.0,"turns":10.0},{"damage":24,"enemies":"Chosen","floor":18,"turns":5},{"damage":16,"enemies":"3 Byrds","floor":19,"turns":6},{"damage":2,"enemies":"3 Cultists","floor":22,"turns":5}],"seed_played":"-8081745665397816247","potions_obtained":[{"floor":10.0,"key":"Strength Potion"},{"floor":12.0,"key":"Milkshake"},{"floor":13.0,"key":"Strength Potion"}],"is_trial":false,"path_per_floor":["M","?","M","?","M","R","E","$","T","M","R","M","M","?","R","B",null,"M","M","?","?","M"],"character_chosen":"THE_DT","items_purchased":["DTMod:CrossStep"],"campfire_rested":2,"item_purchase_floors":[8],"current_hp_per_floor":[45,45,45,27,27,27,6,6,6,6,19,19,19,19,32,32,45,21,5,5,1,0,0,0],"gold":312,"neow_bonus":"THREE_ENEMY_KILL","is_daily":false,"chose_seed":false,"campfire_upgraded":1,"win_rate":0.0,"timestamp":1609278073,"path_taken":["M","?","?","?","M","R","E","$","T","M","R","M","M","?","R","BOSS","M","M","?","?","M"],"items_purchased_type":["Card"],"build_version":"2020-12-22","purchased_purges":1,"victory":false,"max_hp_per_floor":[45,45,45,45,45,45,45,45,45,45,45,45,45,45,45,45,45,45,45,45,45,45,45,45],"relic_stats":{"counters":[11,51],"Tiny Chest":0,"Black Star":0,"Orichalcum":[180],"War Paint":["DTMod:TargetDefense","DTMod:TargetDefense"],"obtain_stats":[{"Golden Egg":14,"Replay:Bandana":9,"DTMod:PactStone":0,"NeowsBlessing":0,"ReplayTheSpireMod:Ring of Collecting":14,"Tiny Chest":14,"Black Star":17,"Ring of Greed":14,"Orichalcum":4,"War Paint":7,"WarpedTongs":2},{"Golden Egg":7,"Replay:Bandana":4,"DTMod:PactStone":0,"NeowsBlessing":0,"ReplayTheSpireMod:Ring of Collecting":7,"Tiny Chest":7,"Black Star":8,"Ring of Greed":7,"Orichalcum":2,"War Paint":4,"WarpedTongs":1},{"Golden Egg":25,"Replay:Bandana":14,"DTMod:PactStone":0,"NeowsBlessing":0,"ReplayTheSpireMod:Ring of Collecting":25,"Tiny Chest":25,"Black Star":35,"Ring of Greed":25,"Orichalcum":2,"War Paint":14,"WarpedTongs":1}],"WarpedTongs":[49]},"card_choices":[{"not_picked":["DTMod:MasterPlan","DTMod:Threaten"],"picked":"DTMod:Adaptation","floor":1.0},{"not_picked":["DTMod:BlueScale","DTMod:Threaten"],"picked":"DTMod:WarmUp","floor":3.0},{"not_picked":["DTMod:MasterPlan","DTMod:Astonish"],"picked":"DTMod:PurifyingFlame","floor":5.0},{"not_picked":["DTMod:Hide","DTMod:MagicField"],"picked":"DTMod:TriAttack","floor":7.0},{"not_picked":["DTMod:Cover","DTMod:BuildUp","DTMod:RunningTactic"],"picked":"SKIP","floor":10.0},{"not_picked":["DTMod:BurningEnergy","DTMod:RecklessFlurry"],"picked":"DTMod:ComboAttack","floor":12.0},{"not_picked":["DTMod:Hide","DTMod:BlazingStrike"],"picked":"DTMod:ShieldDrain","floor":13.0},{"not_picked":["DTMod:Outburst","DTMod:LightShield"],"picked":"DTMod:ResonanceForm","floor":16.0},{"not_picked":["DTMod:Hide","DTMod:CleansingStrike"],"picked":"DTMod:ComboAttack+1","floor":18},{"not_picked":["DTMod:Punisher+1","DTMod:Threaten"],"picked":"DTMod:BalancedStrike+1","floor":19}],"player_experience":340397,"relics_obtained":[{"floor":7.0,"key":"War Paint"},{"floor":9.0,"key":"Replay:Bandana"},{"floor":14.0,"key":"Ring of Greed"},{"floor":14.0,"key":"ReplayTheSpireMod:Ring of Collecting"},{"floor":14.0,"key":"Golden Egg"},{"floor":14.0,"key":"Tiny Chest"}],"event_choices":[{"damage_healed":0.0,"max_hp_gain":0.0,"max_hp_loss":0.0,"gold_gain":0.0,"event_name":"Accursed Blacksmith","player_choice":"Rummage","floor":2.0,"gold_loss":0.0,"damage_taken":0.0,"relics_obtained":["WarpedTongs"],"cards_obtained":["Pain"]},{"damage_healed":0.0,"max_hp_gain":0.0,"max_hp_loss":0.0,"gold_gain":0.0,"event_name":"betterThird:BetterScrap","player_choice":"Relic ","floor":4.0,"gold_loss":0.0,"damage_taken":18.0,"cards_obtained":["Sever Soul"]},{"cards_removed":["Amnesia"],"damage_healed":0,"gold_gain":0,"player_choice":"Purged","damage_taken":0,"max_hp_gain":0,"max_hp_loss":0,"event_name":"Purifier","floor":20,"gold_loss":0},{"damage_healed":0,"gold_gain":0,"player_choice":"Damaged","damage_taken":4,"max_hp_gain":0,"max_hp_loss":0,"event_name":"Wheel of Change","floor":21,"gold_loss":0}],"is_beta":false,"boss_relics":[{"not_picked":["Busted Crown","energizedSpire:CursedPentagram"],"picked":"Black Star"}],"items_purged_floors":[8],"is_endless":false,"potions_floor_spawned":[10,12,13],"killed_by":"3 Cultists","ascension_level":0}}