{"host":"jyuuog6ydc2s7nd8","time":1609269934,"event":{"mods":["BaseMod","Better Vampires","Minty Spire (QoL Compilation)","Shop Mod","StSLib","The Hierophant","The Servant 0.9.4","TheBandit","[IsaacMod]ÒÔÈö¼âËþ"],"gold_per_floor":[115,115,125,142,67,67,99,99,99,115,142,206,206,206,206,280,280,292,217,228,246,246,278,178,178,205,80,130,148,182,200,200,277,277,292,304,316,329,379,467,467,500,570,570,598,598,598],"floor_reached":46,"playtime":1076,"items_purged":["Defend_G","Strike_G","Strike_G","Defend_G","Defend_G"],"score":1612,"play_id":"543edd27-8c18-48ca-a6ad-baf38ca3bd45","local_time":"20201230032534","is_ascension_mode":true,"campfire_choices":[{"data":"Neutralize","floor":6.0,"key":"SMITH"},{"data":"Acrobatics","floor":8.0,"key":"SMITH"},{"data":"Eviscerate","floor":13.0,"key":"SMITH"},{"data":"Backflip","floor":15.0,"key":"SMITH"},{"data":"Tactician","floor":32.0,"key":"SMITH"},{"data":"Expertise","floor":41.0,"key":"SMITH"},{"data":"Finisher","floor":44.0,"key":"SMITH"}],"circlet_count":0,"master_deck":["AscendersBane","Defend_G","Survivor","Neutralize+1","Acrobatics+1","Backflip+1","Eviscerate+1","Finisher+1","Prepared+1","Tactician+1","Expertise+1","Underhanded Strike+1"],"relics":["Ring of the Serpent","HushsDoor","DeadEye","BookOfRevelations","Shuriken","Akabeko","WristBlade","GuppysPaw","GuppysHead","DeathBook","Pen Nib","Ornamental Fan","BelialBook","GuppysTail","FossilizedHelix","BloodDonationBag","MaYiHuaBei","Paper Crane","Orichalcum"],"acts_visited":["Exordium","TheCity","TheBeyond"],"potions_floor_usage":[],"damage_taken":[{"damage":0.0,"enemies":"Jaw Worm","floor":1.0,"turns":5.0},{"damage":6.0,"enemies":"Cultist","floor":3.0,"turns":5.0},{"damage":0.0,"enemies":"2 Louse","floor":4.0,"turns":3.0},{"damage":0.0,"enemies":"3 Sentries","floor":7.0,"turns":1.0},{"damage":7.0,"enemies":"Exordium Thugs","floor":10.0,"turns":3.0},{"damage":8.0,"enemies":"Gremlin Nob","floor":11.0,"turns":3.0},{"damage":2.0,"enemies":"3 Sentries","floor":12.0,"turns":2.0},{"damage":0.0,"enemies":"Slime Boss","floor":16.0,"turns":1.0},{"damage":0.0,"enemies":"Chosen","floor":18.0,"turns":3.0},{"damage":13.0,"enemies":"Shell Parasite","floor":20.0,"turns":2.0},{"damage":1.0,"enemies":"Centurion and Healer","floor":21.0,"turns":2.0},{"damage":0.0,"enemies":"Slavers","floor":23.0,"turns":2.0},{"damage":0.0,"enemies":"Shelled Parasite and Fungi","floor":29.0,"turns":1.0},{"damage":0.0,"enemies":"Gremlin Leader","floor":30.0,"turns":1.0},{"damage":0.0,"enemies":"3 Cultists","floor":31.0,"turns":2.0},{"damage":0.0,"enemies":"Collector","floor":33.0,"turns":1.0},{"damage":0.0,"enemies":"3 Darklings","floor":35.0,"turns":1.0},{"damage":0.0,"enemies":"Orb Walker","floor":36.0,"turns":1.0},{"damage":0.0,"enemies":"4 Shapes","floor":37.0,"turns":1.0},{"damage":0.0,"enemies":"Sphere and 2 Shapes","floor":38.0,"turns":1.0},{"damage":0.0,"enemies":"2 Orb Walkers","floor":39.0,"turns":1.0},{"damage":0.0,"enemies":"Reptomancer","floor":40.0,"turns":1.0},{"damage":0.0,"enemies":"Giant Head","floor":42.0,"turns":1.0},{"damage":0.0,"enemies":"Nemesis","floor":45.0,"turns":1.0}],"seed_played":"6497698637580448650","potions_obtained":[{"floor":1.0,"key":"BlessingOfTheForge"},{"floor":3.0,"key":"SkillPotion"},{"floor":10.0,"key":"BlessingOfTheForge"},{"floor":12.0,"key":"FearPotion"},{"floor":21.0,"key":"DistilledChaos"},{"floor":23.0,"key":"AttackPotion"},{"floor":30.0,"key":"Block Potion"},{"floor":37.0,"key":"SteroidPotion"}],"is_trial":false,"path_per_floor":["M","?","M","M","$","R","E","R","T","M","E","?","R","?","R","B",null,"M","?","M","M","?","E","$","?","T","$","?","M","E","M","R","B",null,"M","M","M","M","?","E","R","E","T","R","E","?"],"character_chosen":"THE_SILENT","items_purchased":["GuppysPaw","GuppysHead","Finisher","BelialBook","GuppysTail"],"campfire_rested":0,"item_purchase_floors":[17,17,17,34,34],"current_hp_per_floor":[44,29,23,23,23,23,23,23,23,16,8,6,6,11,11,11,35,35,35,22,21,21,21,21,21,21,21,21,21,21,21,21,21,16,16,16,16,16,16,1,1,1,1,1,1,0,0],"gold":598,"neow_bonus":"REMOVE_TWO","is_daily":false,"chose_seed":false,"campfire_upgraded":7,"win_rate":0.0,"timestamp":1609269934,"path_taken":["M","?","M","M","$","R","E","R","T","M","E","?","R","?","R","BOSS","M","?","M","M","?","E","$","?","T","$","?","?","E","M","R","BOSS","M","M","M","M","?","E","R","E","T","R","E","?"],"items_purchased_type":["Relic","Relic","Card","Relic","Relic"],"build_version":"2020-12-22","purchased_purges":5,"victory":false,"max_hp_per_floor":[66,66,66,66,66,66,66,66,66,66,66,66,66,71,71,71,43,43,43,43,43,43,43,43,43,43,43,43,43,43,43,43,43,16,16,16,16,16,16,16,16,16,16,16,16,16,16],"card_choices":[{"not_picked":[],"picked":"Bomb","floor":0.0},{"not_picked":["Sucker Punch","Acrobatics"],"picked":"Bomb","floor":1.0},{"not_picked":["Slice","Storm of Steel"],"picked":"Acrobatics","floor":3.0},{"not_picked":["Crippling Poison","Concentrate"],"picked":"Backflip","floor":4.0},{"not_picked":["Choke","Blade Dance"],"picked":"Bomb","floor":7.0},{"not_picked":["Escape Plan","Sucker Punch"],"picked":"Bomb","floor":10.0},{"not_picked":["Cloak And Dagger","Quick Slash"],"picked":"Eviscerate","floor":11.0},{"not_picked":["Heel Hook","Dagger Spray","Quick Slash"],"picked":"SKIP","floor":18.0},{"not_picked":["Masterful Stab","PiercingWail"],"picked":"Prepared+1","floor":20.0},{"not_picked":["PiercingWail","Backflip","Sucker Punch"],"picked":"SKIP","floor":21.0},{"not_picked":["Distraction","Flying Knee"],"picked":"Tactician","floor":23.0},{"not_picked":["PiercingWail","Cloak And Dagger"],"picked":"Expertise","floor":29.0},{"not_picked":["Backflip","Endless Agony","Bouncing Flask"],"picked":"SKIP","floor":30.0},{"not_picked":["Accuracy+1","Expertise","Backflip"],"picked":"SKIP","floor":31.0},{"not_picked":["Caltrops","Heel Hook","Prepared"],"picked":"SKIP","floor":35.0},{"not_picked":["Endless Agony","Dagger Spray+1","Slice"],"picked":"SKIP","floor":36.0},{"not_picked":["Prepared","Dagger Throw+1","Envenom"],"picked":"SKIP","floor":37.0},{"not_picked":["Noxious Fumes","Prepared","Dagger Throw+1"],"picked":"SKIP","floor":38.0},{"not_picked":["Dagger Spray+1","Doppelganger"],"picked":"Underhanded Strike+1","floor":39.0},{"not_picked":["Quick Slash+1","Underhanded Strike+1","Deadly Poison"],"picked":"SKIP","floor":40.0},{"not_picked":["Bouncing Flask+1","Well Laid Plans+1","Prepared"],"picked":"SKIP","floor":42.0},{"not_picked":["Dodge and Roll","Crippling Poison+1","Backflip"],"picked":"SKIP","floor":45.0}],"player_experience":1783149,"relics_obtained":[{"floor":7.0,"key":"Shuriken"},{"floor":11.0,"key":"Akabeko"},{"floor":23.0,"key":"DeathBook"},{"floor":26.0,"key":"Pen Nib"},{"floor":30.0,"key":"Ornamental Fan"},{"floor":39.0,"key":"FossilizedHelix"},{"floor":40.0,"key":"BloodDonationMachine"},{"floor":42.0,"key":"MaYiHuaBei"},{"floor":43.0,"key":"Paper Crane"},{"floor":45.0,"key":"Orichalcum"}],"event_choices":[{"damage_healed":0.0,"max_hp_gain":0.0,"max_hp_loss":0.0,"gold_gain":0.0,"event_name":"Dead Adventurer","player_choice":"Searched \u00271\u0027 times","floor":12.0,"gold_loss":0.0,"damage_taken":0.0},{"damage_healed":0.0,"max_hp_gain":5.0,"max_hp_loss":0.0,"gold_gain":0.0,"event_name":"Big Fish","player_choice":"Donut","floor":14.0,"gold_loss":0.0,"damage_taken":0.0},{"cards_removed":["Strike_G"],"damage_healed":0.0,"max_hp_gain":0.0,"max_hp_loss":0.0,"gold_gain":0.0,"event_name":"Beggar","player_choice":"Gave Gold","floor":19.0,"gold_loss":75.0,"damage_taken":0.0},{"cards_removed":["Strike_G"],"damage_healed":0.0,"max_hp_gain":0.0,"max_hp_loss":0.0,"gold_gain":0.0,"event_name":"Back to Basics","player_choice":"Elegance","floor":22.0,"gold_loss":0.0,"damage_taken":0.0},{"damage_healed":0.0,"max_hp_gain":0.0,"max_hp_loss":0.0,"gold_gain":0.0,"event_name":"Vampires","player_choice":"Ignored","floor":25.0,"gold_loss":0.0,"damage_taken":0.0},{"damage_healed":0.0,"max_hp_gain":0.0,"max_hp_loss":0.0,"gold_gain":50.0,"event_name":"Nest","player_choice":"Stole From Cult","floor":28.0,"gold_loss":0.0,"damage_taken":0.0},{"damage_healed":0.0,"max_hp_gain":0.0,"max_hp_loss":0.0,"gold_gain":0.0,"event_name":"Mysterious Sphere","player_choice":"Fight","floor":39.0,"gold_loss":0.0,"damage_taken":0.0}],"is_beta":false,"boss_relics":[{"not_picked":["HoveringKite","Calling Bell"],"picked":"WristBlade"},{"not_picked":[]},{"not_picked":["SlaversCollar","SacredBark"],"picked":"Ring of the Serpent"},{"not_picked":[]}],"items_purged_floors":[5,17,24,27,34],"is_endless":false,"potions_floor_spawned":[1,3,10,11,12,20,21,23,30,33,37,38,42],"ascension_level":20}}