{"host":"2se5dq1do2gp0x9k","time":1609213823,"event":{"mods":["AchievementEnabler","BaseMod","Block Reminder","Colored Map","Colored Powertips","Minty Spire (QoL Compilation)","Relic Stats","StSLib","SuperFastMode"],"gold_per_floor":[112,33,47,47,64,90,90,101,101,101,121,31,46,46,46,119,119,132,132,132,132],"floor_reached":20,"playtime":638,"items_purged":[],"score":373,"play_id":"4299730b-0239-486f-a518-b59ccad550a4","local_time":"20201228195023","is_ascension_mode":true,"campfire_choices":[{"data":"Rupture","floor":7,"key":"SMITH"},{"data":"Body Slam","floor":10,"key":"SMITH"},{"data":"Disarm","floor":15,"key":"SMITH"}],"circlet_count":0,"master_deck":["AscendersBane","Defend_R","Defend_R","Defend_R","Defend_R","Bash","Impervious","Entrench","Combust","Pommel Strike","Rupture+1","Flex","Body Slam+1","Inflame","Disarm+1","Hemokinesis","Offering","Bite","Bite","Bite","Bite","Bite"],"relics":["Burning Blood","Blue Candle","Gremlin Horn","SacredBark"],"acts_visited":["Exordium","TheCity"],"potions_floor_usage":[6,11,16],"damage_taken":[{"damage":16,"enemies":"Jaw Worm","floor":1,"turns":7},{"damage":2,"enemies":"Small Slimes","floor":3,"turns":4},{"damage":3,"enemies":"2 Louse","floor":5,"turns":3},{"damage":21,"enemies":"3 Sentries","floor":6,"turns":7},{"damage":14,"enemies":"Exordium Wildlife","floor":8,"turns":5},{"damage":15,"enemies":"Red Slaver","floor":11,"turns":4},{"damage":9,"enemies":"Blue Slaver","floor":13,"turns":5},{"damage":16,"enemies":"Hexaghost","floor":16,"turns":8},{"damage":34,"enemies":"Shell Parasite","floor":18,"turns":5},{"damage":39,"enemies":"3 Byrds","floor":20,"turns":2}],"seed_played":"-1796608200210127475","potions_obtained":[{"floor":5,"key":"Block Potion"},{"floor":8,"key":"DistilledChaos"},{"floor":11,"key":"Weak Potion"},{"floor":13,"key":"Strength Potion"}],"is_trial":false,"path_per_floor":["M","$","M","?","M","E","R","M","T","R","M","$","M","$","R","B",null,"M","?","M"],"character_chosen":"IRONCLAD","items_purchased":["Combust","Disarm"],"campfire_rested":0,"item_purchase_floors":[2,12],"current_hp_per_floor":[58,58,62,62,65,50,50,42,42,42,33,33,30,30,30,20,61,33,33,0,0],"gold":132,"neow_bonus":"ONE_RANDOM_RARE_CARD","is_daily":false,"chose_seed":false,"campfire_upgraded":3,"win_rate":0.0,"timestamp":1609213823,"path_taken":["M","$","M","?","M","E","R","M","T","R","M","$","M","$","R","BOSS","M","?","M"],"items_purchased_type":["Card","Card"],"build_version":"2020-12-22","purchased_purges":0,"victory":false,"max_hp_per_floor":[75,75,75,75,75,75,75,75,75,75,75,75,75,75,75,75,75,75,52,52,52],"relic_stats":{"Gremlin Horn":[0,0],"counters":[10,50],"Blue Candle":[0],"obtain_stats":[{"Gremlin Horn":9,"Blue Candle":6,"SacredBark":17,"Burning Blood":0},{"Gremlin Horn":5,"Blue Candle":4,"SacredBark":8,"Burning Blood":0},{"Gremlin Horn":26,"Blue Candle":21,"SacredBark":43,"Burning Blood":0}],"Burning Blood":54},"card_choices":[{"not_picked":["Perfected Strike","Dark Embrace"],"picked":"Entrench","floor":1},{"not_picked":["Clash","Sentinel"],"picked":"Pommel Strike","floor":3},{"not_picked":["Uppercut","Infernal Blade","Clash"],"picked":"SKIP","floor":5},{"not_picked":["Seeing Red","Power Through"],"picked":"Flex","floor":6},{"not_picked":["True Grit","Warcry"],"picked":"Body Slam","floor":8},{"not_picked":["Sever Soul","Perfected Strike"],"picked":"Inflame","floor":11},{"not_picked":["Shrug It Off","Inflame"],"picked":"Hemokinesis","floor":13},{"not_picked":["Immolate","Double Tap"],"picked":"Offering","floor":16},{"not_picked":["Armaments","Anger","Iron Wave"],"picked":"SKIP","floor":18}],"player_experience":3646259,"relics_obtained":[{"floor":6,"key":"Blue Candle"},{"floor":9,"key":"Gremlin Horn"}],"event_choices":[{"damage_healed":0,"gold_gain":0,"cards_transformed":["Strike_R"],"player_choice":"Change","damage_taken":0,"max_hp_gain":0,"max_hp_loss":0,"event_name":"Living Wall","floor":4,"gold_loss":0,"cards_obtained":["Rupture"]},{"damage_healed":0,"gold_gain":0,"player_choice":"Became a vampire","damage_taken":0,"max_hp_gain":0,"max_hp_loss":23,"event_name":"Vampires","floor":19,"gold_loss":0,"cards_obtained":["Bite","Bite","Bite","Bite","Bite"]}],"is_beta":false,"boss_relics":[{"not_picked":["Runic Dome","Runic Cube"],"picked":"SacredBark"}],"items_purged_floors":[],"is_endless":false,"potions_floor_spawned":[5,8,11,13],"killed_by":"3 Byrds","ascension_level":20}}