{"host":"ojewyrjrsle6lxg2","time":1609248877,"event":{"mods":["Act Like it!","BaseMod","Googly Eyes","Hallownest","Minty Spire (QoL Compilation)","StSLib","The Bug Knight","The IronCluck"],"gold_per_floor":[115,133,133,133,149,149,171,181,206,219,234,309,309,309,309,413,413,402,402,416,486,486,486,503,503,503,516,516,213,163,175,175,273,273,291,291,291],"floor_reached":36,"playtime":4337,"items_purged":["Strike_B"],"score":354,"play_id":"97713ef9-5f45-4349-b5a4-1587d87e6b1b","local_time":"20201229143437","is_ascension_mode":false,"campfire_choices":[{"data":"Static Discharge","floor":6,"key":"SMITH"},{"floor":13,"key":"REST"},{"floor":15,"key":"REST"},{"floor":23,"key":"REST"},{"floor":25,"key":"REST"},{"floor":28,"key":"REST"},{"floor":32,"key":"REST"}],"circlet_count":0,"master_deck":["Strike_B+1","Defend_B","Defend_B","Defend_B","Defend_B","Zap+1","Dualcast","Static Discharge+1","Gash","Auto Shields","White Noise","Beam Cell","Stack","Creative AI","Buffer","Reboot","Leap","Storm","Ball Lightning","Thunder Strike"],"relics":["Cracked Core","Odd Mushroom","Omamori","Velvet Choker","White Beast Statue","Ornamental Fan","Orichalcum","Black Star"],"acts_visited":["Exordium","TheCity","TheBeyond"],"potions_floor_usage":[24,24,31,31,36],"damage_taken":[{"damage":6,"enemies":"Jaw Worm","floor":1,"turns":3},{"damage":0,"enemies":"Small Slimes","floor":2,"turns":3},{"damage":0,"enemies":"2 Louse","floor":5,"turns":2},{"damage":17,"enemies":"The Mushroom Lair","floor":7,"turns":3},{"damage":7,"enemies":"Exordium Thugs","floor":8,"turns":4},{"damage":15,"enemies":"Large Slime","floor":10,"turns":5},{"damage":7,"enemies":"Gremlin Gang","floor":11,"turns":4},{"damage":37,"enemies":"Hexaghost","floor":16,"turns":9},{"damage":27,"enemies":"2 Thieves","floor":18,"turns":4},{"damage":10,"enemies":"Chosen","floor":20,"turns":4},{"damage":35,"enemies":"Centurion and Healer","floor":24,"turns":5},{"damage":35,"enemies":"Cultist and Chosen","floor":27,"turns":5},{"damage":4,"enemies":"Snake Plant","floor":31,"turns":2},{"damage":51,"enemies":"Champ","floor":33,"turns":11},{"damage":40,"enemies":"3 Darklings","floor":35,"turns":4},{"damage":52,"enemies":"3 Shapes","floor":36,"turns":4}],"seed_played":"-8835112081791352061","potions_obtained":[{"floor":8,"key":"PowerPotion"},{"floor":11,"key":"Explosive Potion"},{"floor":16,"key":"Fire Potion"},{"floor":24,"key":"BlessingOfTheForge"},{"floor":27,"key":"Fire Potion"},{"floor":31,"key":"GamblersBrew"},{"floor":33,"key":"SkillPotion"},{"floor":35,"key":"Strength Potion"}],"is_trial":false,"path_per_floor":["M","M","?","?","M","R","?","M","T","M","M","?","R","?","R","B",null,"M","?","M","T","?","R","M","R","T","M","R","$","?","M","R","B",null,"M","M"],"character_chosen":"DEFECT","items_purchased":["Orichalcum","Storm"],"campfire_rested":6,"item_purchase_floors":[29,29],"current_hp_per_floor":[76,76,60,60,60,60,43,36,36,21,14,3,27,54,78,41,82,55,55,45,45,29,55,20,46,46,11,37,37,37,33,59,8,87,47,0,0],"gold":291,"neow_bonus":"TEN_PERCENT_HP_BONUS","is_daily":false,"chose_seed":false,"campfire_upgraded":1,"win_rate":0.0,"timestamp":1609248877,"path_taken":["M","M","?","?","M","R","?","M","T","M","?","?","R","?","R","BOSS","M","?","M","?","?","R","M","R","T","M","R","$","?","?","R","BOSS","M","M"],"items_purchased_type":["Relic","Card"],"build_version":"2020-12-22","purchased_purges":1,"victory":false,"max_hp_per_floor":[82,82,82,82,82,82,82,82,82,82,82,82,82,82,82,82,82,82,82,82,82,87,87,87,87,87,87,87,87,87,87,87,87,87,87,87,87],"card_choices":[{"not_picked":["Conserve Battery","Sweeping Beam"],"picked":"Static Discharge","floor":1},{"not_picked":["Turbo","Rip and Tear"],"picked":"Gash","floor":2},{"not_picked":["Reprogram","Buffer"],"picked":"Auto Shields","floor":5},{"not_picked":["Barrage","Streamline"],"picked":"White Noise","floor":7},{"not_picked":["Rip and Tear","Conserve Battery"],"picked":"Beam Cell","floor":8},{"not_picked":["Hologram","BootSequence","Coolheaded"],"picked":"SKIP","floor":10},{"not_picked":["Reprogram","Conserve Battery"],"picked":"Stack","floor":11},{"not_picked":["Seek","All For One"],"picked":"Creative AI","floor":16},{"not_picked":["Rip and Tear","Compile Driver+1","Redo"],"picked":"SKIP","floor":18},{"not_picked":["Leap","Chill","Rebound"],"picked":"SKIP","floor":20},{"not_picked":["Gash","Go for the Eyes+1"],"picked":"Leap","floor":24},{"not_picked":["Cold Snap","Capacitor","Rebound+1"],"picked":"SKIP","floor":27},{"not_picked":["Steam","Compile Driver+1"],"picked":"Ball Lightning","floor":31},{"not_picked":["Machine Learning","Creative AI"],"picked":"Thunder Strike","floor":33},{"not_picked":["Aggregate","Cold Snap+1","Recycle+1"],"picked":"SKIP","floor":35}],"player_experience":143477,"relics_obtained":[{"floor":7,"key":"Odd Mushroom"},{"floor":9,"key":"Omamori"},{"floor":21,"key":"White Beast Statue"},{"floor":26,"key":"Ornamental Fan"}],"event_choices":[{"damage_healed":0,"gold_gain":0,"player_choice":"Entered Light","damage_taken":16,"max_hp_gain":0,"max_hp_loss":0,"event_name":"Shining Light","floor":3,"gold_loss":0,"cards_upgraded":["Strike_B","Zap"]},{"damage_healed":0,"gold_gain":0,"player_choice":"Ignored","damage_taken":0,"max_hp_gain":0,"max_hp_loss":0,"event_name":"Liars Game","floor":4,"gold_loss":0},{"damage_healed":0,"gold_gain":0,"player_choice":"Fought Mushrooms","damage_taken":0,"max_hp_gain":0,"max_hp_loss":0,"event_name":"Mushrooms","floor":7,"gold_loss":0},{"damage_healed":0,"gold_gain":75,"player_choice":"Gather Gold","damage_taken":11,"max_hp_gain":0,"max_hp_loss":0,"event_name":"World of Goop","floor":12,"gold_loss":0},{"damage_healed":27,"gold_gain":0,"player_choice":"Banana","damage_taken":0,"max_hp_gain":0,"max_hp_loss":0,"event_name":"Big Fish","floor":14,"gold_loss":0},{"damage_healed":0,"gold_gain":0,"cards_transformed":["Strike_B","Strike_B"],"player_choice":"Became Test Subject","damage_taken":0,"max_hp_gain":0,"max_hp_loss":0,"event_name":"Drug Dealer","floor":19,"gold_loss":0,"cards_obtained":["Buffer","Reboot"]},{"damage_healed":0,"gold_gain":0,"player_choice":"Shed Blood","damage_taken":21,"max_hp_gain":5,"max_hp_loss":0,"event_name":"Forgotten Altar","floor":22,"gold_loss":0},{"damage_healed":0,"gold_gain":0,"player_choice":"Bet on Murderer","damage_taken":0,"max_hp_gain":0,"max_hp_loss":0,"event_name":"The Joust","floor":30,"gold_loss":50}],"is_beta":false,"boss_relics":[{"not_picked":["FrozenCore","Empty Cage"],"picked":"Velvet Choker"},{"not_picked":["Snecko Eye","Runic Pyramid"],"picked":"Black Star"}],"items_purged_floors":[29],"is_endless":false,"potions_floor_spawned":[8,11,16,18,20,24,27,31,33,35],"killed_by":"3 Shapes","ascension_level":0}}