{"host":"pq168dofzzbbmuuf","time":1609245563,"event":{"mods":["BaseMod","Downfall","Friendly Minions","Minty Spire (QoL Compilation)","StSLib"],"gold_per_floor":[112,122,138,313,163,163,163,163,179,194,208,308,338,350,350,446,446,446,446,446,446,446,446,446,446,446,446,446,446,446],"floor_reached":28,"playtime":1555,"items_purged":[],"score":228,"play_id":"aa91b6c2-24d3-4bd9-b59c-381cb5d0a9ea","local_time":"20201229073923","is_ascension_mode":false,"campfire_choices":[{"data":"Guardian:DonusPower","floor":6,"key":"SMITH"},{"data":"Guardian:TwinSlam","floor":8,"key":"SMITH"},{"floor":15,"key":"REST"},{"floor":23,"key":"REST"}],"circlet_count":0,"master_deck":["Guardian:Strike_Guardian","Guardian:Strike_Guardian","Guardian:Strike_Guardian","Guardian:Strike_Guardian","Guardian:Defend_Guardian","Guardian:Defend_Guardian","Guardian:Defend_Guardian","Guardian:Defend_Guardian","Guardian:CurlUp","Guardian:TwinSlam+1","Guardian:RollAttack","Guardian:PrismaticBeam","Guardian:DonusPower+1","Doubt","Guardian:HyperBeam_Guardian","Guardian:Preprogram","Guardian:ShieldCharger","Guardian:Aged","expansioncontent:LastStand","Guardian:ChargeCore","Guardian:RevengeProtocol","Guardian:SentryBeam","Guardian:SpikerProtocol","Guardian:CrystalBeam","Guardian:TimeBomb+1","Guardian:Gem_Purple"],"relics":["Guardian:ModeShifter","TungstenRod","Gremlin Horn","downfall:GremlinSack","Nunchaku","downfall:Hecktoplasm","HornCleat"],"acts_visited":["Exordium","TheCity"],"potions_floor_usage":[12,12,20,20,26,27],"damage_taken":[{"damage":1,"enemies":"Cultist","floor":1,"turns":5},{"damage":0,"enemies":"Small Slimes","floor":2,"turns":3},{"damage":7,"enemies":"2 Louse","floor":3,"turns":3},{"damage":0,"enemies":"Lots of Slimes","floor":9,"turns":1},{"damage":0,"enemies":"Exordium Wildlife","floor":10,"turns":3},{"damage":1,"enemies":"Red Slaver","floor":11,"turns":3},{"damage":29,"enemies":"Red Slaver","floor":12,"turns":5},{"damage":12,"enemies":"3 Sentries","floor":13,"turns":7},{"damage":15,"enemies":"Large Slime","floor":14,"turns":4},{"damage":25,"enemies":"downfall:Ironclad","floor":16,"turns":7},{"damage":7,"enemies":"Shell Parasite","floor":18,"turns":6},{"damage":2,"enemies":"Snake Plant","floor":19,"turns":5},{"damage":11,"enemies":"3 Cultists","floor":20,"turns":5},{"damage":26,"enemies":"Cultist and Chosen","floor":21,"turns":6},{"damage":22,"enemies":"Centurion and Healer","floor":25,"turns":6},{"damage":31,"enemies":"Shelled Parasite and Fungi","floor":26,"turns":5},{"damage":0,"enemies":"Sentry and Sphere","floor":27,"turns":3},{"damage":14,"enemies":"Snecko","floor":28,"turns":3}],"seed_played":"-7405669272364670787","potions_obtained":[{"floor":1,"key":"LiquidBronze"},{"floor":3,"key":"Energy Potion"},{"floor":11,"key":"Explosive Potion"},{"floor":14,"key":"SpeedPotion"},{"floor":16,"key":"PowerPotion"},{"floor":20,"key":"SteroidPotion"},{"floor":25,"key":"PowerPotion"}],"is_trial":false,"path_per_floor":["M","M","M","?","?","R","T","R","M","M","M","?","E","M","R","B",null,"M","M","M","M","?","R","T","M","M","M","M"],"character_chosen":"GUARDIAN","items_purchased":[],"campfire_rested":2,"item_purchase_floors":[],"current_hp_per_floor":[71,71,64,64,82,82,82,82,82,82,81,52,40,25,49,24,82,75,73,62,36,36,60,60,38,7,7,0,0,0],"gold":446,"neow_bonus":"ONE_RARE_RELIC","is_daily":false,"chose_seed":false,"campfire_upgraded":2,"win_rate":0.0,"timestamp":1609245563,"path_taken":["M","M","M","?","?","R","T","R","M","?","M","?","E","M","R","BOSS","M","?","M","?","?","R","T","M","M","M","M"],"items_purchased_type":[],"build_version":"2020-12-22","purchased_purges":0,"victory":false,"max_hp_per_floor":[72,72,72,72,82,82,82,82,82,82,82,82,82,82,82,82,82,82,82,82,82,82,82,82,82,82,82,82,82,82],"card_choices":[{"not_picked":["Guardian:BronzeOrb","Guardian:Gem_Green"],"picked":"Guardian:RollAttack","floor":1},{"not_picked":["Guardian:Gem_Yellow","Guardian:TemporalStrike"],"picked":"Guardian:PrismaticBeam","floor":2},{"not_picked":["Guardian:ArmoredProtocol","Guardian:ShieldCharger"],"picked":"Guardian:DonusPower","floor":3},{"not_picked":["Guardian:Incinerate","Guardian:GuardianWhirl"],"picked":"Guardian:Gem_Red","floor":9},{"not_picked":["Guardian:Emergency","Guardian:WalkerClaw","Guardian:RefractedBeam"],"picked":"SKIP","floor":10},{"not_picked":["Guardian:ChargeCore","Guardian:BronzeArmor"],"picked":"Guardian:Gem_Green","floor":11},{"not_picked":["Guardian:RevengeProtocol","Guardian:RollAttack"],"picked":"Guardian:Gem_Fragmented","floor":12},{"not_picked":["Guardian:VentSteam","Guardian:PrismaticBeam"],"picked":"Guardian:Gem_Red","floor":13},{"not_picked":["Guardian:Planning","Guardian:ChargeUp"],"picked":"Guardian:ChargeCore","floor":14},{"not_picked":["Guardian:StasisStrike","Guardian:HyperBeam_Guardian"],"picked":"Guardian:RevengeProtocol","floor":16},{"not_picked":["Guardian:WalkerClaw","Guardian:Emergency"],"picked":"Guardian:SentryBeam","floor":18},{"not_picked":["Guardian:PiercingHide","Guardian:Gem_Green"],"picked":"Guardian:Gem_Lightblue","floor":19},{"not_picked":["Guardian:Gem_Yellow","Guardian:TemporalStrike+1"],"picked":"Guardian:SpikerProtocol","floor":20},{"not_picked":["Guardian:Recover+1","Guardian:Gem_Yellow"],"picked":"Guardian:CrystalBeam","floor":21},{"not_picked":["Guardian:Planning","Guardian:RollAttack"],"picked":"Guardian:TimeBomb+1","floor":25},{"not_picked":["Guardian:Gem_Red","Guardian:Suspension","Guardian:Preprogram+1"],"picked":"SKIP","floor":26},{"not_picked":["Guardian:ExploitGems","Guardian:PrimingBeam"],"picked":"Guardian:Gem_Purple","floor":27}],"player_experience":575549,"relics_obtained":[{"floor":7,"key":"Gremlin Horn"},{"floor":12,"key":"downfall:GremlinSack"},{"floor":13,"key":"Nunchaku"},{"floor":24,"key":"HornCleat"}],"event_choices":[],"is_beta":false,"boss_relics":[{"not_picked":["Runic Dome","Calling Bell"],"picked":"downfall:Hecktoplasm"}],"items_purged_floors":[],"is_endless":false,"potions_floor_spawned":[1,3,11,14,16,20,25],"killed_by":"Snecko","ascension_level":0}}