{"host":"qxeepl7ydvsgmfdb","time":1609229949,"event":{"mods":["AchievementEnabler","BaseMod","Colored Powertips","Minty Spire (QoL Compilation)","Quick Restart","slay the spire mod where everything is the same but ironclad has a cowboy hat"],"gold_per_floor":[110,121,70,145,95,123,134,134,185,185,201,201,213,223,223,328,328,340,340,340,265,279,279,289,308,308,308,334,35,53,70,70,166,166,180,230,230,244,262,262,262,262,288,288,298,332,52,52,52],"floor_reached":48,"playtime":1239,"items_purged":[],"score":557,"play_id":"9dab0cd9-3c6f-4d65-9d7d-63c163bfa049","local_time":"20201229031909","is_ascension_mode":false,"campfire_choices":[{"data":"Redo","floor":8.0,"key":"SMITH"},{"data":"Zap","floor":10.0,"key":"SMITH"},{"data":"Redo","floor":15.0,"key":"SMITH"},{"data":"Defragment","floor":23.0,"key":"SMITH"},{"floor":27.0,"key":"REST"},{"floor":32.0,"key":"REST"},{"floor":40.0,"key":"REST"},{"data":"Sweeping Beam","floor":42.0,"key":"SMITH"}],"circlet_count":0,"master_deck":["Strike_B","Strike_B","Defend_B+1","Defend_B","Defend_B","Zap+1","Dualcast+1","Redo+1","Redo+1","Cold Snap","Defragment+1","Ball Lightning","Sweeping Beam+1","Ball Lightning","Cold Snap","Ball Lightning","Redo+1","Defragment","Ball Lightning+1","Melter"],"relics":["Cracked Core","NeowsBlessing","Anchor","War Paint","Ginger","Inserter","Centennial Puzzle","Strawberry","DataDisk","Pen Nib","Philosopher\u0027s Stone","Incense Burner","Omamori","Bag of Marbles","PreservedInsect"],"acts_visited":["Exordium","TheCity","TheBeyond"],"potions_floor_usage":[48,48],"damage_taken":[{"damage":0.0,"enemies":"Cultist","floor":1.0,"turns":1.0},{"damage":0.0,"enemies":"2 Louse","floor":2.0,"turns":1.0},{"damage":0.0,"enemies":"Lagavulin","floor":6.0,"turns":1.0},{"damage":1.0,"enemies":"Jaw Worm","floor":7.0,"turns":3.0},{"damage":0.0,"enemies":"Blue Slaver","floor":11.0,"turns":2.0},{"damage":5.0,"enemies":"Exordium Thugs","floor":13.0,"turns":3.0},{"damage":2.0,"enemies":"3 Louse","floor":14.0,"turns":2.0},{"damage":13.0,"enemies":"Hexaghost","floor":16.0,"turns":9.0},{"damage":0.0,"enemies":"Chosen","floor":18.0,"turns":3.0},{"damage":12.0,"enemies":"Shell Parasite","floor":22.0,"turns":4.0},{"damage":14.0,"enemies":"Shelled Parasite and Fungi","floor":24.0,"turns":5.0},{"damage":14.0,"enemies":"3 Cultists","floor":25.0,"turns":4.0},{"damage":12.0,"enemies":"Book of Stabbing","floor":28.0,"turns":4.0},{"damage":9.0,"enemies":"Centurion and Healer","floor":30.0,"turns":4.0},{"damage":24.0,"enemies":"Snake Plant","floor":31.0,"turns":3.0},{"damage":31.0,"enemies":"Collector","floor":33.0,"turns":7.0},{"damage":18.0,"enemies":"3 Shapes","floor":35.0,"turns":3.0},{"damage":10.0,"enemies":"Mind Bloom Boss Battle","floor":36.0,"turns":6.0},{"damage":30.0,"enemies":"3 Darklings","floor":38.0,"turns":4.0},{"damage":12.0,"enemies":"Sphere and 2 Shapes","floor":39.0,"turns":4.0},{"damage":45.0,"enemies":"Writhing Mass","floor":45.0,"turns":4.0},{"damage":23.0,"enemies":"Giant Head","floor":46.0,"turns":7.0},{"damage":12,"enemies":"4 Shapes","floor":48,"turns":2}],"seed_played":"-6879394605233215595","potions_obtained":[{"floor":2.0,"key":"SteroidPotion"},{"floor":13.0,"key":"Dexterity Potion"},{"floor":14.0,"key":"Block Potion"},{"floor":28.0,"key":"Explosive Potion"},{"floor":33.0,"key":"Ancient Potion"},{"floor":45.0,"key":"EssenceOfDarkness"}],"is_trial":false,"path_per_floor":["M","M","$","?","?","E","M","R","T","R","M","T","M","M","R","B",null,"M","?","?","?","M","R","M","M","T","R","E","$","M","M","R","B",null,"M","?","?","M","M","R","?","R","T","?","M","E","$","M"],"character_chosen":"DEFECT","items_purchased":["Cold Snap","DataDisk","Pen Nib","DistilledChaos","BlessingOfTheForge","PreservedInsect"],"campfire_rested":3,"item_purchase_floors":[3,29,29,47,47,47],"current_hp_per_floor":[75,75,75,64,64,64,63,63,63,63,63,63,58,56,56,43,75,75,75,75,75,63,63,49,35,35,57,52,52,43,19,43,12,82,64,54,54,24,12,36,72,72,72,72,27,4,4,0,0],"gold":52,"neow_bonus":"THREE_ENEMY_KILL","is_daily":false,"chose_seed":false,"campfire_upgraded":5,"win_rate":0.0,"timestamp":1609229949,"path_taken":["M","?","$","?","?","E","M","R","T","R","M","?","?","M","R","BOSS","M","?","?","?","M","R","M","M","T","R","E","?","?","M","R","BOSS","M","?","?","M","?","R","?","R","T","?","?","E","$","M"],"items_purchased_type":["Card","Relic","Relic","Potion","Potion","Relic"],"build_version":"2020-12-22","purchased_purges":0,"victory":false,"max_hp_per_floor":[75,75,75,75,75,75,75,75,75,75,75,75,75,75,75,75,75,75,75,75,75,75,75,75,75,75,75,82,82,82,82,82,82,82,82,82,82,82,82,82,72,72,72,72,72,72,72,72,72],"card_choices":[{"not_picked":["Cold Snap","Rip and Tear"],"picked":"Redo","floor":1.0},{"not_picked":["Reinforced Body","Fusion"],"picked":"Redo","floor":2.0},{"not_picked":["Sweeping Beam","Redo"],"picked":"Defragment","floor":6.0},{"not_picked":["Blizzard","Skim"],"picked":"Ball Lightning","floor":7.0},{"not_picked":["Force Field","Beam Cell"],"picked":"Sweeping Beam","floor":11.0},{"not_picked":["Go for the Eyes","All For One","Compile Driver"],"picked":"SKIP","floor":13.0},{"not_picked":["Stack","Force Field"],"picked":"Ball Lightning","floor":14.0},{"not_picked":["Skim","Rebound+1","Conserve Battery+1"],"picked":"SKIP","floor":18.0},{"not_picked":["Glacier","Hologram+1","Coolheaded"],"picked":"SKIP","floor":22.0},{"not_picked":["Barrage","Steam","Amplify"],"picked":"SKIP","floor":24.0},{"not_picked":["Force Field","Cold Snap"],"picked":"Ball Lightning","floor":25.0},{"not_picked":["Go for the Eyes","Skim","Cold Snap"],"picked":"SKIP","floor":28.0},{"not_picked":["Go for the Eyes","Stack","Hologram"],"picked":"SKIP","floor":30.0},{"not_picked":["Capacitor","Stack","Go for the Eyes"],"picked":"SKIP","floor":31.0},{"not_picked":["Go for the Eyes","Force Field+1"],"picked":"Redo+1","floor":35.0},{"not_picked":["Streamline+1","Leap"],"picked":"Defragment","floor":36.0},{"not_picked":["Steam+1","Aggregate","Double Energy"],"picked":"SKIP","floor":38.0},{"not_picked":["Sweeping Beam","Compile Driver"],"picked":"Ball Lightning+1","floor":39.0},{"not_picked":["Rebound","Aggregate+1"],"picked":"Melter","floor":45.0},{"not_picked":["Echo Form","Sunder","Coolheaded+1"],"picked":"SKIP","floor":46.0}],"player_experience":289730,"relics_obtained":[{"floor":6.0,"key":"Anchor"},{"floor":9.0,"key":"War Paint"},{"floor":12.0,"key":"Ginger"},{"floor":26.0,"key":"Centennial Puzzle"},{"floor":28.0,"key":"Strawberry"},{"floor":36.0,"key":"Incense Burner"},{"floor":43.0,"key":"Omamori"},{"floor":46.0,"key":"Bag of Marbles"}],"event_choices":[{"damage_healed":0.0,"max_hp_gain":0.0,"max_hp_loss":0.0,"gold_gain":75.0,"event_name":"World of Goop","player_choice":"Gather Gold","floor":4.0,"gold_loss":0.0,"damage_taken":11.0},{"cards_removed":["Strike_B"],"damage_healed":0.0,"max_hp_gain":0.0,"max_hp_loss":0.0,"gold_gain":0.0,"event_name":"The Cleric","player_choice":"Card Removal","floor":5.0,"gold_loss":50.0,"damage_taken":0.0},{"damage_healed":0.0,"max_hp_gain":0.0,"max_hp_loss":0.0,"gold_gain":0.0,"event_name":"Vampires","player_choice":"Ignored","floor":19.0,"gold_loss":0.0,"damage_taken":0.0},{"damage_healed":0.0,"max_hp_gain":0.0,"max_hp_loss":0.0,"gold_gain":0.0,"event_name":"The Library","player_choice":"Read","floor":20.0,"gold_loss":0.0,"damage_taken":0.0,"cards_obtained":["Cold Snap"]},{"cards_removed":["Strike_B"],"damage_healed":0.0,"max_hp_gain":0.0,"max_hp_loss":0.0,"gold_gain":0.0,"event_name":"Beggar","player_choice":"Gave Gold","floor":21.0,"gold_loss":75.0,"damage_taken":0.0},{"damage_healed":0.0,"max_hp_gain":0.0,"max_hp_loss":0.0,"gold_gain":0.0,"event_name":"MindBloom","player_choice":"Fight","floor":36.0,"gold_loss":0.0,"damage_taken":0.0},{"damage_healed":0.0,"max_hp_gain":0.0,"max_hp_loss":0.0,"gold_gain":0.0,"event_name":"NoteForYourself","player_choice":"Ignored","floor":37.0,"gold_loss":0.0,"damage_taken":0.0},{"damage_healed":72.0,"max_hp_gain":0.0,"max_hp_loss":10.0,"gold_gain":0.0,"event_name":"The Moai Head","player_choice":"Heal","floor":41.0,"gold_loss":0.0,"damage_taken":0.0},{"cards_removed":["Defend_B"],"damage_healed":0.0,"max_hp_gain":0.0,"max_hp_loss":0.0,"gold_gain":0.0,"event_name":"Purifier","player_choice":"Purged","floor":44.0,"gold_loss":0.0,"damage_taken":0.0}],"is_beta":false,"boss_relics":[{"not_picked":["Cursed Key","Coffee Dripper"],"picked":"Inserter"},{"not_picked":["Fusion Hammer","Runic Pyramid"],"picked":"Philosopher\u0027s Stone"}],"items_purged_floors":[],"is_endless":false,"potions_floor_spawned":[2,13,14,28,31,33,45],"killed_by":"4 Shapes","ascension_level":0}}