{"host":"j45ucdvl5ntpx4kf","time":1609266338,"event":{"mods":["AchievementEnabler","BaseMod","Bestiary","Colored Map","Colored Powertips","Downfall","Minty Spire (QoL Compilation)","StSLib"],"gold_per_floor":[99,110,20,34,47,32,57,95,120,152,89,86,98,210,241,357,369,381,413,525,75,88,55,137,87,87,99,24,56,56,76,86,190,190,115,131,131,131,149,149,149,175,186,186,240,253,394,406,418,418,418,443,139,139,139],"floor_reached":56,"playtime":4756,"items_purged":["Decay"],"score":1274,"play_id":"eb950848-6385-4a1c-869b-cc20f0f1f916","local_time":"20201229132538","is_ascension_mode":false,"campfire_choices":[{"data":"champ:Taunt","floor":1,"key":"SMITH"},{"data":"champ:DancingMaster","floor":11,"key":"SMITH"},{"floor":13,"key":"REST"},{"data":"champ:DefensiveStyle","floor":18,"key":"SMITH"},{"floor":28,"key":"RECALL"},{"data":"expansioncontent:DashGenerateEvil","floor":35,"key":"SMITH"},{"data":"champ:GutPunch","floor":44,"key":"SMITH"}],"circlet_count":0,"master_deck":["champ:Strike+1","champ:Strike+1","champ:Strike+1","champ:Defend+1","champ:Defend+1","champ:Defend+1","champ:Defend+1","champ:Execute+1","champ:Taunt+1","champ:DancingMaster+1","champ:FlashCut+1","champ:Control+1","champ:ViciousMockery+1","champ:DefensiveStyle+1","champ:BringItOn+1","champ:AdrenalArmor+1","champ:TornadoPunch+1","champ:StanceDance+1","champ:ShieldThrow+1","champ:DefensiveShout+1","champ:AdrenalArmor+1","champ:CrookedStrike+1","expansioncontent:DashGenerateEvil+1","champ:Balance+1","champ:AdrenalArmor+1","Slimebound:CheckThePlaybook+1","champ:CheapShot+1","champ:FaceSlap+1","champ:DancingMaster+1","champ:Control+1","champ:Aggression+1","champ:GutPunch+1","champ:StrikeOfGenius+1","champ:StanceDance+1","champ:AdrenalArmor+1","expansioncontent:AwakenDeath+1"],"relics":["champ:ChampionCrown","MawBank","Whetstone","Coffee Dripper","champ:BlackKnightHelmet","Pear","Membership Card","Gremlin Horn","Bag of Preparation","champ:DefensiveTrainingManual","Bottled Lightning","Empty Cage","Frozen Egg 2","Nunchaku","TungstenRod","Sling","Happy Flower","Blood Vial","Sundial","Pen Nib","FossilizedHelix"],"acts_visited":["Exordium","TheCity","TheBeyond","TheEnding"],"potions_floor_usage":[8,16,16,20,33,50,55],"damage_taken":[{"damage":18,"enemies":"Cultist","floor":2,"turns":6},{"damage":7,"enemies":"downfall:FleeingMerchant","floor":3,"turns":4},{"damage":0,"enemies":"Jaw Worm","floor":4,"turns":4},{"damage":0,"enemies":"2 Louse","floor":5,"turns":3},{"damage":19,"enemies":"downfall:FleeingMerchant","floor":6,"turns":4},{"damage":20,"enemies":"Gremlin Nob","floor":8,"turns":4},{"damage":5,"enemies":"Blue Slaver","floor":9,"turns":2},{"damage":5,"enemies":"Large Slime","floor":10,"turns":4},{"damage":17,"enemies":"downfall:FleeingMerchant","floor":12,"turns":4},{"damage":7,"enemies":"Blue Slaver","floor":15,"turns":4},{"damage":22,"enemies":"downfall:Ironclad","floor":16,"turns":9},{"damage":33,"enemies":"Shell Parasite","floor":19,"turns":5},{"damage":61,"enemies":"Shell Parasite","floor":20,"turns":10},{"damage":20,"enemies":"downfall:FleeingMerchant","floor":21,"turns":4},{"damage":7,"enemies":"Spheric Guardian","floor":22,"turns":3},{"damage":12,"enemies":"downfall:FleeingMerchant","floor":23,"turns":4},{"damage":7,"enemies":"Snecko","floor":27,"turns":2},{"damage":23,"enemies":"Book of Stabbing","floor":29,"turns":4},{"damage":2,"enemies":"3 Cultists","floor":31,"turns":3},{"damage":33,"enemies":"Centurion and Healer","floor":32,"turns":5},{"damage":45,"enemies":"downfall:Defect","floor":33,"turns":8},{"damage":23,"enemies":"3 Shapes","floor":36,"turns":4},{"damage":0,"enemies":"Orb Walker","floor":39,"turns":2},{"damage":16,"enemies":"Nemesis","floor":42,"turns":4},{"damage":31,"enemies":"Transient","floor":43,"turns":5},{"damage":40,"enemies":"2 Orb Walkers","floor":45,"turns":4},{"damage":3,"enemies":"4 Shapes","floor":46,"turns":3},{"damage":11,"enemies":"downfall:FleeingMerchant","floor":47,"turns":5},{"damage":35,"enemies":"3 Darklings","floor":48,"turns":3},{"damage":30,"enemies":"Transient","floor":49,"turns":5},{"damage":16,"enemies":"downfall:Watcher","floor":50,"turns":5},{"damage":50,"enemies":"downfall:CharBossMerchant","floor":52,"turns":7},{"damage":97,"enemies":"downfall:NeowBoss","floor":55,"turns":26}],"seed_played":"5295651329408322501","potions_obtained":[{"floor":2,"key":"champ:TechniquePotion"},{"floor":4,"key":"AttackPotion"},{"floor":5,"key":"Dexterity Potion"},{"floor":10,"key":"champ:UltimateStancePotion"},{"floor":16,"key":"sneckomod:MuddlingPotion"},{"floor":20,"key":"FearPotion"},{"floor":22,"key":"SteroidPotion"},{"floor":27,"key":"champ:OpenerPotion"},{"floor":31,"key":"BlessingOfTheForge"},{"floor":39,"key":"PowerPotion"}],"is_trial":false,"path_per_floor":["R","M","$","M","M","$","T","E","M","M","R","$","R","?","M","B",null,"R","M","?","$","M","$","T","?","?","M","R","E","?","M","M","B",null,"R","M","?","?","M","?","T","E","M","R","?","M","$","M","M","B",null,"E","$","R","B",null],"character_chosen":"THE_CHAMP","items_purchased":["Membership Card","Gremlin Horn","expansioncontent:DashGenerateEvil","Bag of Preparation","champ:Balance","Sling","Happy Flower","Blood Vial","expansioncontent:AwakenDeath+1","Pen Nib","FossilizedHelix","DuplicationPotion"],"campfire_rested":1,"item_purchase_floors":[21,21,21,21,23,47,47,47,53,53,53,53],"current_hp_per_floor":[90,77,75,75,75,66,66,46,46,43,43,42,69,69,64,53,90,90,72,60,60,60,55,55,90,90,90,100,97,97,97,85,59,110,110,102,102,102,102,102,102,94,78,78,69,72,75,51,56,63,110,96,96,96,99],"gold":139,"neow_bonus":"THREE_RARE_CARDS","is_daily":false,"chose_seed":false,"campfire_upgraded":5,"win_rate":0.0,"timestamp":1609266338,"path_taken":["R","M","$","?","M","?","T","E","M","M","R","$","R","?","M","BOSS","R","M","?","$","M","$","T","?","?","M","R","E","?","M","M","BOSS","R","M","?","?","M","?","T","E","M","R","?","M","$","M","M","BOSS","E","$","R","BOSS"],"items_purchased_type":["Relic","Relic","Card","Relic","Card","Relic","Relic","Relic","Card","Relic","Relic","Potion"],"build_version":"2020-12-22","purchased_purges":1,"victory":true,"max_hp_per_floor":[90,90,90,90,90,90,90,90,90,90,90,90,90,90,90,90,90,90,90,100,100,100,100,100,100,100,100,110,110,110,110,110,110,110,110,110,110,110,110,110,110,110,110,110,110,110,110,110,110,110,110,110,110,110,110],"card_choices":[{"not_picked":["champ:ShieldSlam","champ:MurderStrike"],"picked":"champ:DancingMaster","floor":0},{"not_picked":["champ:ShieldWall","champ:GladiatorsShout"],"picked":"champ:FlashCut","floor":2},{"not_picked":["champ:TornadoPunch","champ:GladiatorsShout","champ:IgnorePain"],"picked":"SKIP","floor":3},{"not_picked":["champ:Backstep","champ:CrookedStrike"],"picked":"champ:Control","floor":4},{"not_picked":["champ:Haymaker","champ:BerserkersShout"],"picked":"champ:ViciousMockery","floor":5},{"not_picked":["champ:CrookedStrike","champ:Riposte"],"picked":"champ:DefensiveStyle","floor":6},{"not_picked":["champ:Shatter","champ:Aggression"],"picked":"champ:BringItOn","floor":8},{"not_picked":["champ:BladeFlurry","champ:FocusedBerserking"],"picked":"champ:AdrenalArmor","floor":9},{"not_picked":["champ:FocusedDefense","champ:Circumvent"],"picked":"champ:TornadoPunch","floor":10},{"not_picked":["champ:DancingMaster","champ:EndlessRage"],"picked":"champ:StanceDance","floor":12},{"not_picked":["champ:Circumvent","champ:Shatter","champ:StanceDance"],"picked":"SKIP","floor":15},{"not_picked":["champ:SteelEdge","champ:ShieldSlam"],"picked":"champ:ShieldThrow","floor":16},{"not_picked":["champ:FlashCut","champ:FightOn"],"picked":"champ:DefensiveShout+1","floor":19},{"not_picked":["champ:DefensiveShout","champ:HeartStrike"],"picked":"champ:AdrenalArmor","floor":20},{"not_picked":["champ:AdrenalArmor","champ:MurderStrike"],"picked":"champ:CrookedStrike","floor":21},{"not_picked":["champ:PerfectedStrike","champ:StanceDance+1","champ:DefensiveShout"],"picked":"SKIP","floor":22},{"not_picked":["champ:TornadoPunch","champ:Haymaker","champ:Backstep"],"picked":"SKIP","floor":23},{"not_picked":["champ:PerfectedStrike","champ:Backstep","champ:AdrenalArmor"],"picked":"SKIP","floor":27},{"not_picked":["champ:FightOn","champ:BringItOn"],"picked":"champ:AdrenalArmor+1","floor":29},{"not_picked":["champ:PreciseThrust","champ:CrookedStrike"],"picked":"champ:CheapShot","floor":31},{"not_picked":["champ:DefensiveShout+1","champ:Circumvent"],"picked":"champ:FaceSlap","floor":32},{"not_picked":["champ:PerfectForm","champ:ShieldThrow"],"picked":"champ:DancingMaster","floor":33},{"not_picked":["champ:Circumvent+1","champ:BringItOn+1"],"picked":"champ:Control+1","floor":36},{"not_picked":["champ:GutPunch","champ:HeartStrike"],"picked":"champ:Aggression+1","floor":39},{"not_picked":["champ:DefensiveStyle+1","champ:FocusedGladiator","champ:Backstep"],"picked":"SKIP","floor":42},{"not_picked":["champ:Aggression","champ:Control+1"],"picked":"champ:GutPunch","floor":43},{"not_picked":["champ:FlashCut+1","champ:Riposte+1"],"picked":"champ:StrikeOfGenius+1","floor":46},{"not_picked":["champ:GladiatorsShout","champ:SteelEdge"],"picked":"champ:StanceDance+1","floor":47},{"not_picked":["champ:GladiatorsShout+1","champ:Haymaker","champ:Riposte"],"picked":"SKIP","floor":48},{"not_picked":["champ:PerfectedStrike+1","champ:Backstep"],"picked":"champ:AdrenalArmor+1","floor":49},{"not_picked":["champ:TornadoPunch","champ:CalledShot+1","champ:Circumvent+1"],"picked":"SKIP","floor":52}],"player_experience":153472,"relics_obtained":[{"floor":7,"key":"MawBank"},{"floor":8,"key":"Whetstone"},{"floor":20,"key":"champ:BlackKnightHelmet"},{"floor":20,"key":"Pear"},{"floor":29,"key":"Bottled Lightning"},{"floor":41,"key":"Frozen Egg 2"},{"floor":42,"key":"Nunchaku"},{"floor":45,"key":"TungstenRod"},{"floor":52,"key":"Sundial"}],"event_choices":[{"damage_healed":0,"gold_gain":0,"player_choice":"Fight","damage_taken":0,"max_hp_gain":0,"max_hp_loss":0,"event_name":"Mysterious Sphere","floor":45,"gold_loss":0}],"is_beta":false,"boss_relics":[{"not_picked":["Calling Bell","Philosopher\u0027s Stone"],"picked":"Coffee Dripper"},{"not_picked":["Sozu","Pandora\u0027s Box"],"picked":"Empty Cage"}],"items_purged_floors":[3],"is_endless":false,"potions_floor_spawned":[2,4,5,10,16,20,22,27,31,39,42,45],"ascension_level":0}}