{"host":"v0n6ky7dmveherv3","time":1609266117,"event":{"mods":["BaseMod","Better Third Choice","Downfall","Minty Spire (QoL Compilation)","StSLib"],"gold_per_floor":[0,15,35,35,49,83,110,110,110,171,321,348,348,368,386,386,386,386],"floor_reached":16,"playtime":499,"items_purged":[],"score":116,"play_id":"dd64b71b-2426-455d-a872-bb63dbcf0a5f","local_time":"20201229112157","is_ascension_mode":true,"campfire_choices":[{"data":"champ:Devastate","floor":1.0,"key":"SMITH"},{"data":"champ:Taunt","floor":9.0,"key":"SMITH"},{"data":"champ:FocusedDefense","floor":13,"key":"SMITH"}],"circlet_count":0,"master_deck":["champ:Strike","champ:Strike","champ:Strike","champ:Strike","champ:Defend","champ:Defend+1","champ:Defend","champ:Defend+1","champ:Execute","champ:Taunt+1","champ:Devastate+1","champ:TornadoPunch","champ:Devastate+1","Regret","champ:FocusedDefense+1","Slimebound:Icky"],"relics":["champ:ChampionCrown","downfall:BrokenWingStatue","PreservedInsect","Art of War","InkBottle","The Courier"],"acts_visited":["Exordium"],"potions_floor_usage":[12,16,16,16,16,16,16],"damage_taken":[{"damage":1.0,"enemies":"Jaw Worm","floor":2.0,"turns":3.0},{"damage":5.0,"enemies":"2 Louse","floor":3.0,"turns":2.0},{"damage":12.0,"enemies":"Small Slimes","floor":5.0,"turns":2.0},{"damage":27.0,"enemies":"3 Sentries","floor":6.0,"turns":8.0},{"damage":20,"enemies":"3 Sentries","floor":10,"turns":5},{"damage":15,"enemies":"Gremlin Nob","floor":12,"turns":4},{"damage":7,"enemies":"Exordium Thugs","floor":14,"turns":4},{"damage":15,"enemies":"Exordium Wildlife","floor":15,"turns":3},{"damage":14,"enemies":"downfall:Silent","floor":16,"turns":1}],"seed_played":"-5224525934190810121","potions_obtained":[{"floor":3.0,"key":"Strength Potion"},{"floor":5.0,"key":"Block Potion"},{"floor":12,"key":"SteroidPotion"},{"floor":15,"key":"EntropicBrew"}],"is_trial":false,"path_per_floor":["R","M","M","?","M","E","T","?","R","?","?","E","R","M","M","B"],"character_chosen":"THE_CHAMP","items_purchased":[],"campfire_rested":0,"item_purchase_floors":[],"current_hp_per_floor":[90,89,84,84,77,55,55,55,55,40,40,30,30,23,13,0,0,0],"gold":386,"neow_bonus":"THREE_RARE_CARDS","is_daily":false,"chose_seed":false,"campfire_upgraded":3,"win_rate":0.0,"timestamp":1609266117,"path_taken":["R","M","M","?","M","E","T","?","R","?","?","E","R","M","M","BOSS"],"items_purchased_type":[],"build_version":"2020-12-22","purchased_purges":0,"victory":false,"max_hp_per_floor":[90,90,90,90,90,90,90,90,90,90,90,90,90,90,90,90,90,90],"card_choices":[{"not_picked":["champ:LastStand","champ:SwordThrow"],"picked":"champ:Devastate","floor":0.0},{"not_picked":["champ:GutPunch","champ:Shatter","champ:EnragedBash"],"picked":"SKIP","floor":2.0},{"not_picked":["champ:FlashCut","champ:Riposte"],"picked":"champ:TornadoPunch","floor":3.0},{"not_picked":["champ:EndlessRage","champ:ArenaPreparation","champ:FlashCut"],"picked":"SKIP","floor":5.0},{"not_picked":["champ:TornadoPunch","champ:Encircle"],"picked":"champ:Devastate","floor":6.0},{"not_picked":["champ:GladiatorsShout","champ:FalseCounter"],"picked":"champ:FocusedDefense","floor":10},{"not_picked":["champ:GutPunch","champ:BringItOn","champ:CrookedStrike"],"picked":"SKIP","floor":12},{"not_picked":["champ:GladiatorStyle","champ:FocusedBerserking","champ:FanOfKnives"],"picked":"SKIP","floor":14},{"not_picked":["champ:Duel","champ:Haymaker","champ:RecklessLeap"],"picked":"SKIP","floor":15}],"player_experience":99447,"relics_obtained":[{"floor":6.0,"key":"PreservedInsect"},{"floor":7.0,"key":"Art of War"},{"floor":10,"key":"InkBottle"},{"floor":12,"key":"The Courier"}],"event_choices":[],"is_beta":false,"boss_relics":[],"items_purged_floors":[],"is_endless":false,"potions_floor_spawned":[3,5,12,15],"killed_by":"downfall:Silent","ascension_level":1}}