{"host":"wbjiqg83duq292na","time":1609209897,"event":{"mods":["BaseMod","Minty Spire (QoL Compilation)"],"gold_per_floor":[119,133,153,167,167,167,178,178,230,273,273,291,291,291,291,422,422,441,441,78,99,99,99,117,140,140,140,153,188,17,17,17,148,448,462,475,488,511,536,536,536,536,561,561,561,600,614,614,614,614,614,614,7,50,50,50],"floor_reached":55,"playtime":4790,"items_purged":["Regret","Injury"],"score":855,"play_id":"3fbf174c-4f0f-4c2c-9a95-c9137e278f34","local_time":"20201229004457","is_ascension_mode":true,"campfire_choices":[{"floor":6,"key":"RECALL"},{"data":"Go for the Eyes","floor":11,"key":"SMITH"},{"floor":13,"key":"REST"},{"data":"Static Discharge","floor":15,"key":"SMITH"},{"floor":23,"key":"REST"},{"floor":32,"key":"REST"},{"floor":40,"key":"REST"},{"floor":42,"key":"REST"},{"data":"White Noise","floor":44,"key":"SMITH"},{"data":"Scrape","floor":49,"key":"SMITH"},{"data":"Zap","floor":52,"key":"SMITH"}],"circlet_count":0,"master_deck":["Zap+1","Dualcast","Go for the Eyes+1","Go for the Eyes","Go for the Eyes","Go for the Eyes","Beam Cell","Static Discharge+1","Reboot","Electrodynamics","Lockon","Gash","Scrape+1","Rebound","All For One","White Noise+1","Rebound+1","Discovery","Impatience","FTL","Scrape+1","Seek","Reboot","CurseOfTheBell","Go for the Eyes+1","Beam Cell+1","Go for the Eyes+1","Steam+1","Turbo+1","Bandage Up","White Noise+1","Self Repair","Apotheosis","Dramatic Entrance","Hello World","Steam+1"],"relics":["Cracked Core","Cables","Golden Idol","Boot","Nunchaku","Pandora\u0027s Box","Membership Card","Gremlin Horn","Orichalcum","Nilry\u0027s Codex","Strawberry","HornCleat","Calling Bell","Akabeko","Kunai","Old Coin","PreservedInsect","Singing Bowl","Ornamental Fan","Runic Capacitor","Gambling Chip","Incense Burner"],"acts_visited":["Exordium","TheCity","TheBeyond","TheEnding"],"potions_floor_usage":[10,10,29,33,33,39,39,50,50,50,55,55,55],"damage_taken":[{"damage":2,"enemies":"Cultist","floor":1,"turns":4},{"damage":0,"enemies":"Jaw Worm","floor":2,"turns":3},{"damage":0,"enemies":"2 Louse","floor":3,"turns":2},{"damage":3,"enemies":"Exordium Thugs","floor":4,"turns":4},{"damage":17,"enemies":"Large Slime","floor":7,"turns":5},{"damage":9,"enemies":"Gremlin Nob","floor":10,"turns":3},{"damage":10,"enemies":"2 Fungi Beasts","floor":12,"turns":3},{"damage":44,"enemies":"The Guardian","floor":16,"turns":9},{"damage":15,"enemies":"3 Byrds","floor":18,"turns":3},{"damage":6,"enemies":"Chosen","floor":21,"turns":3},{"damage":15,"enemies":"Snake Plant","floor":24,"turns":2},{"damage":4,"enemies":"3 Cultists","floor":25,"turns":3},{"damage":11,"enemies":"Centurion and Healer","floor":28,"turns":4},{"damage":0,"enemies":"Book of Stabbing","floor":29,"turns":2},{"damage":19,"enemies":"Colosseum Slavers","floor":31,"turns":3},{"damage":37,"enemies":"Collector","floor":33,"turns":7},{"damage":1,"enemies":"Orb Walker","floor":35,"turns":2},{"damage":16,"enemies":"3 Darklings","floor":36,"turns":3},{"damage":10,"enemies":"4 Shapes","floor":37,"turns":3},{"damage":25,"enemies":"Spire Growth","floor":38,"turns":4},{"damage":0,"enemies":"Sphere and 2 Shapes","floor":39,"turns":2},{"damage":3,"enemies":"Giant Head","floor":46,"turns":4},{"damage":6,"enemies":"Maw","floor":47,"turns":5},{"damage":41,"enemies":"Awakened One","floor":50,"turns":10},{"damage":44,"enemies":"Shield and Spear","floor":54,"turns":4},{"damage":56,"enemies":"The Heart","floor":55,"turns":5}],"seed_played":"-469669786265069741","potions_obtained":[{"floor":1,"key":"ColorlessPotion"},{"floor":4,"key":"Swift Potion"},{"floor":12,"key":"Fire Potion"},{"floor":16,"key":"Block Potion"},{"floor":24,"key":"Weak Potion"},{"floor":28,"key":"CultistPotion"},{"floor":33,"key":"Dexterity Potion"},{"floor":36,"key":"SkillPotion"},{"floor":38,"key":"PowerPotion"},{"floor":46,"key":"Swift Potion"},{"floor":47,"key":"SkillPotion"}],"is_trial":false,"path_per_floor":["M","M","M","M","?","R","M","?","T","E","R","M","R","T","R","B",null,"M","?","$","M","?","R","M","M","T","?","M","E","$","?","R","B",null,"M","M","M","M","M","R","?","R","T","R","?","E","M","?","R","B",null,"R","$","E","B"],"character_chosen":"DEFECT","items_purchased":["Membership Card","Gremlin Horn","Impatience","HornCleat","Apotheosis","Ornamental Fan","Runic Capacitor","SpeedPotion","Ancient Potion","FearPotion","Gambling Chip","Dramatic Entrance","Hello World"],"campfire_rested":5,"item_purchase_floors":[20,20,20,30,53,53,53,53,53,53,53,53,53],"current_hp_per_floor":[73,73,73,70,70,70,53,53,53,44,44,34,56,56,56,12,75,60,60,60,54,54,75,60,56,56,40,29,36,36,17,41,4,82,81,65,55,30,30,54,54,78,78,78,78,81,78,78,78,48,84,84,84,50,0,0],"gold":50,"neow_bonus":"THREE_CARDS","is_daily":false,"chose_seed":false,"campfire_upgraded":5,"win_rate":0.0,"timestamp":1609209897,"path_taken":["M","M","M","?","?","R","M","?","T","E","R","?","R","?","R","BOSS","M","?","?","M","?","R","M","M","T","?","?","E","$","?","R","BOSS","M","M","M","M","M","R","?","R","T","R","?","E","?","?","R","BOSS","R","$","E","BOSS"],"items_purchased_type":["Relic","Relic","Card","Relic","Card","Relic","Relic","Potion","Potion","Potion","Relic","Card","Card"],"build_version":"2020-12-22","purchased_purges":2,"victory":false,"max_hp_per_floor":[75,75,75,75,75,75,75,75,75,75,75,75,75,75,75,75,75,75,75,75,75,75,75,75,75,75,75,75,82,82,82,82,82,82,82,82,82,82,82,82,82,82,82,82,82,84,84,84,84,84,84,84,84,84,84,84],"card_choices":[{"not_picked":["Compile Driver","Rebound"],"picked":"Go for the Eyes","floor":0},{"not_picked":["Undo","Hologram"],"picked":"Go for the Eyes","floor":1},{"not_picked":["Compile Driver","Redo"],"picked":"Go for the Eyes","floor":2},{"not_picked":["Cold Snap","Ball Lightning"],"picked":"Go for the Eyes","floor":3},{"not_picked":["Force Field","Buffer","Ball Lightning"],"picked":"SKIP","floor":4},{"not_picked":["BootSequence","Doom and Gloom","Hologram"],"picked":"SKIP","floor":7},{"not_picked":["Skim","Reinforced Body"],"picked":"Beam Cell","floor":10},{"not_picked":["Fusion","Glacier"],"picked":"Static Discharge","floor":12},{"not_picked":["Meteor Strike","Seek"],"picked":"Reboot","floor":16},{"not_picked":["Auto Shields","Cold Snap"],"picked":"Rebound+1","floor":18},{"not_picked":["Redo","Beam Cell"],"picked":"FTL","floor":21},{"not_picked":["Beam Cell","Ball Lightning"],"picked":"Scrape+1","floor":24},{"not_picked":["Stack","Compile Driver+1","Recycle"],"picked":"SKIP","floor":25},{"not_picked":["Rip and Tear","Melter+1","Blizzard"],"picked":"SKIP","floor":28},{"not_picked":["Chaos","BootSequence"],"picked":"Seek","floor":29},{"not_picked":["Electrodynamics","Core Surge"],"picked":"Reboot","floor":33},{"not_picked":["Chill+1","Stack"],"picked":"Go for the Eyes+1","floor":35},{"not_picked":["Turbo","Coolheaded"],"picked":"Beam Cell+1","floor":36},{"not_picked":["Consume+1","Undo"],"picked":"Go for the Eyes+1","floor":37},{"not_picked":["Turbo","Beam Cell"],"picked":"Steam+1","floor":38},{"not_picked":["Cold Snap+1","Static Discharge"],"picked":"Turbo+1","floor":39},{"not_picked":["Panacea","Impatience"],"picked":"Bandage Up","floor":41},{"not_picked":["White Noise","Ball Lightning+1","Barrage"],"picked":"Singing Bowl","floor":46},{"not_picked":["Streamline","Ball Lightning+1"],"picked":"Self Repair","floor":47},{"not_picked":["Fission","Streamline+1"],"picked":"Steam+1","floor":54}],"player_experience":253382,"relics_obtained":[{"floor":9,"key":"Boot"},{"floor":10,"key":"Nunchaku"},{"floor":26,"key":"Orichalcum"},{"floor":27,"key":"Nilry\u0027s Codex"},{"floor":29,"key":"Strawberry"},{"floor":34,"key":"Akabeko"},{"floor":34,"key":"Kunai"},{"floor":34,"key":"Old Coin"},{"floor":43,"key":"PreservedInsect"},{"floor":46,"key":"Singing Bowl"},{"floor":54,"key":"Incense Burner"}],"event_choices":[{"damage_healed":0,"gold_gain":0,"player_choice":"Box","damage_taken":0,"relics_obtained":["Cables"],"max_hp_gain":0,"max_hp_loss":0,"event_name":"Big Fish","floor":5,"gold_loss":0,"cards_obtained":["Regret"]},{"damage_healed":0,"gold_gain":0,"player_choice":"Take Wound","damage_taken":0,"relics_obtained":["Golden Idol"],"max_hp_gain":0,"max_hp_loss":0,"event_name":"Golden Idol","floor":8,"gold_loss":0,"cards_obtained":["Injury"]},{"damage_healed":0,"gold_gain":0,"player_choice":"1 cards matched","damage_taken":0,"max_hp_gain":0,"max_hp_loss":0,"event_name":"Match and Keep!","floor":19,"gold_loss":0,"cards_obtained":["Discovery"]},{"damage_healed":0,"gold_gain":0,"player_choice":"Ignored","damage_taken":0,"max_hp_gain":0,"max_hp_loss":0,"event_name":"Ghosts","floor":22,"gold_loss":0},{"damage_healed":0,"gold_gain":0,"player_choice":"Obtained Book","damage_taken":16,"max_hp_gain":0,"max_hp_loss":0,"event_name":"Cursed Tome","floor":27,"gold_loss":0},{"damage_healed":0,"gold_gain":0,"player_choice":"Fight","damage_taken":0,"max_hp_gain":0,"max_hp_loss":0,"event_name":"Colosseum","floor":31,"gold_loss":0},{"damage_healed":0,"gold_gain":0,"player_choice":"Fled From Nobs","damage_taken":0,"max_hp_gain":0,"max_hp_loss":0,"event_name":"Colosseum","floor":31,"gold_loss":0},{"damage_healed":0,"gold_gain":0,"player_choice":"Memory 1","damage_taken":0,"max_hp_gain":0,"max_hp_loss":0,"event_name":"SensoryStone","floor":41,"gold_loss":0},{"damage_healed":0,"gold_gain":0,"player_choice":"Copied","damage_taken":0,"max_hp_gain":0,"max_hp_loss":0,"event_name":"Duplicator","floor":45,"gold_loss":0,"cards_obtained":["White Noise"]},{"cards_removed":["Barrage"],"damage_healed":0,"gold_gain":0,"player_choice":"Removed Attack","damage_taken":0,"max_hp_gain":0,"max_hp_loss":0,"event_name":"Falling","floor":48,"gold_loss":0}],"is_beta":false,"boss_relics":[{"not_picked":["Sozu","Cursed Key"],"picked":"Pandora\u0027s Box"},{"not_picked":["Astrolabe","Snecko Eye"],"picked":"Calling Bell"}],"items_purged_floors":[20,30],"is_endless":false,"potions_floor_spawned":[1,4,12,16,24,28,31,33,36,38,46,47],"killed_by":"The Heart","ascension_level":1}}