{"host":"0rxdudjy6rylha1k","time":1609285249,"event":{"mods":["Aspiration","BaseMod","Colored Map","Colored Powertips","Downfall","Highlight Path","Hubris","Minty Spire (QoL Compilation)","StSLib"],"gold_per_floor":[99,112,139,154,254,254,278,303,303,228,228,228,228,285,309,422,422,422,439,389,239,255,255,304,5,5,5,5],"floor_reached":26,"playtime":4796,"items_purged":[],"score":260,"play_id":"b6b4617f-6c0b-4b2b-a1fa-bef2302413ce","local_time":"20201229164049","is_ascension_mode":true,"campfire_choices":[{"floor":1,"key":"RECALL"},{"data":"hexamod:GhostOfSpirePresent","floor":10,"key":"SMITH"},{"data":"hexamod:Float","floor":13,"key":"SMITH"},{"data":"Quick Slash","floor":18,"key":"SMITH"},{"data":"hexamod:Sear","floor":23,"key":"SMITH"}],"circlet_count":0,"master_deck":["hexamod:Strike","hexamod:Strike","hexamod:Defend+1","hexamod:Defend","hexamod:Defend","hexamod:Defend+1","hexamod:Sear+1","hexamod:Float+1","hexamod:GhostOfSpirePresent+1","hexamod:StepThrough","Quick Slash+1","Slice","Expertise","hexamod:SecondSeal","hexamod:StepThrough","hexamod:FifthSeal","hexamod:SixthSeal","hexamod:BacktrackSmack","hexamod:FirstSeal"],"relics":["hexamod:SpiritBrand","War Paint","downfall:BrokenWingStatue","Orichalcum","aspiration:SeaSaltIceCream","downfall:HeartsMalice","downfall:HeartBlessingRed","hexamod:InflammatoryLetter","SacredBark","Bag of Preparation","Turnip"],"acts_visited":["Exordium","TheCity"],"potions_floor_usage":[8,26,26],"damage_taken":[{"damage":0,"enemies":"Cultist","floor":2,"turns":3},{"damage":0,"enemies":"Small Slimes","floor":4,"turns":4},{"damage":12,"enemies":"Lagavulin","floor":8,"turns":6},{"damage":0,"enemies":"2 Louse","floor":9,"turns":1},{"damage":0,"enemies":"Blue Slaver","floor":12,"turns":1},{"damage":0,"enemies":"Gremlin Nob","floor":14,"turns":1},{"damage":0,"enemies":"Exordium Wildlife","floor":15,"turns":3},{"damage":25,"enemies":"downfall:Watcher","floor":16,"turns":9},{"damage":12,"enemies":"Shell Parasite","floor":19,"turns":5},{"damage":10,"enemies":"Spheric Guardian","floor":22,"turns":5},{"damage":0,"enemies":"downfall:FleeingMerchant","floor":25,"turns":4},{"damage":77,"enemies":"Gremlin Leader","floor":26,"turns":7}],"seed_played":"526130808823896718","potions_obtained":[{"floor":4,"key":"champ:CounterPotion"},{"floor":8,"key":"sneckomod:MuddlingPotion"},{"floor":15,"key":"BlessingOfTheForge"},{"floor":16,"key":"LiquidMemories"}],"is_trial":false,"path_per_floor":["R","M","T","M","?","?","T","E","M","R","?","M","R","?","M","B",null,"R","M","?","?","M","R","T","$","E"],"character_chosen":"THE_SPIRIT","items_purchased":["Turnip"],"campfire_rested":0,"item_purchase_floors":[25],"current_hp_per_floor":[63,63,63,63,63,63,63,51,51,51,51,51,51,51,51,26,59,59,47,70,80,70,70,70,70,0,0,0],"gold":5,"neow_bonus":"ONE_RANDOM_RARE_CARD","is_daily":false,"chose_seed":false,"campfire_upgraded":4,"win_rate":0.0,"timestamp":1609285249,"path_taken":["R","M","?","M","?","?","T","E","M","R","?","?","R","?","M","BOSS","R","M","?","?","M","R","T","$","E"],"items_purchased_type":["Relic"],"build_version":"2020-12-22","purchased_purges":0,"victory":false,"max_hp_per_floor":[70,70,70,70,70,70,70,70,70,70,70,70,70,70,70,70,70,70,70,70,80,80,80,80,80,80,80,80],"card_choices":[{"not_picked":["hexamod:AdvancingGuard","hexamod:HeatCrush"],"picked":"hexamod:GhostOfSpirePresent","floor":2},{"not_picked":["hexamod:ShieldOfDarkness","hexamod:PowerFromBeyond"],"picked":"hexamod:StepThrough","floor":4},{"not_picked":["hexamod:InspiringFlames","hexamod:GhostLash","hexamod:Haunt"],"picked":"SKIP","floor":8},{"not_picked":["hexamod:Haunt","hexamod:ShieldOfDarkness","hexamod:GhostflameInferno"],"picked":"SKIP","floor":9},{"not_picked":["hexamod:ExtraCrispy","hexamod:DynamicBlow"],"picked":"hexamod:SecondSeal","floor":12},{"not_picked":["hexamod:GhostShield","hexamod:RetreatToShadows"],"picked":"hexamod:StepThrough","floor":14},{"not_picked":["hexamod:GhostShield","hexamod:RainOfEmbers","hexamod:NightmareGuise"],"picked":"SKIP","floor":15},{"not_picked":["hexamod:TurnItUp","hexamod:ApocalypseNow"],"picked":"hexamod:FifthSeal","floor":16},{"not_picked":["hexamod:SuperheatedStrike","hexamod:HeatShield+1","hexamod:RainOfEmbers"],"picked":"SKIP","floor":19},{"not_picked":["hexamod:SecondSeal","hexamod:ThirdSeal"],"picked":"hexamod:SixthSeal","floor":22},{"not_picked":["hexamod:AdvancingGuard","hexamod:NightmareGuise+1"],"picked":"hexamod:BacktrackSmack","floor":22},{"not_picked":["hexamod:SecondSeal","hexamod:ThirdSeal"],"picked":"hexamod:FirstSeal","floor":25},{"not_picked":["hexamod:FastForward","hexamod:SuperheatedStrike+1","hexamod:InspiringFlames"],"picked":"SKIP","floor":25}],"player_experience":2405132,"relics_obtained":[{"floor":3,"key":"War Paint"},{"floor":7,"key":"Orichalcum"},{"floor":8,"key":"aspiration:SeaSaltIceCream"},{"floor":14,"key":"hexamod:InflammatoryLetter"},{"floor":24,"key":"Bag of Preparation"}],"event_choices":[],"is_beta":false,"boss_relics":[{"not_picked":["Busted Crown","aspiration:FutureDiary"],"picked":"SacredBark"}],"items_purged_floors":[],"is_endless":false,"potions_floor_spawned":[4,8,15,16],"killed_by":"Gremlin Leader","ascension_level":6}}