{"host":"640uue19m79c7wbt","time":1609227515,"event":{"mods":["BaseMod","Colored Map","Googly Eyes","Highlight Path","Minty Spire (QoL Compilation)","Quick Restart","StSLib"],"gold_per_floor":[115,35,35,35,35,69,69,109,109,152,168,168,168,186,186,317,317,340,53,53,53,73,107,107,32,56,70,102,116,128,128,128,232,232,242,261,274,274,274,274,21,21,44,44,0,20,20,20,20,20,20,20,20,45,45],"floor_reached":56,"playtime":1841,"items_purged":["Strike_G"],"score":1321,"play_id":"99884cb7-228a-44c6-b0f8-54a5d44b755d","local_time":"20201229023835","is_ascension_mode":true,"campfire_choices":[{"data":"Noxious Fumes","floor":7.0,"key":"SMITH"},{"data":"Blade Dance","floor":13.0,"key":"SMITH"},{"data":"Poisoned Stab","floor":15.0,"key":"SMITH"},{"data":"Accuracy","floor":24.0,"key":"SMITH"},{"data":"Envenom","floor":32.0,"key":"SMITH"},{"data":"Wraith Form v2","floor":40.0,"key":"SMITH"},{"floor":42.0,"key":"RECALL"},{"data":"Cloak And Dagger","floor":44.0,"key":"SMITH"},{"data":"Cloak And Dagger","floor":49.0,"key":"SMITH"},{"data":"Phantasmal Killer","floor":52,"key":"SMITH"}],"circlet_count":0,"master_deck":["Defend_G+1","Defend_G","Defend_G+1","Defend_G","Defend_G+1","Survivor+1","Neutralize","Noxious Fumes+1","Backstab","Caltrops","PiercingWail","Dagger Spray","Blade Dance+1","Poisoned Stab+1","Phantasmal Killer+1","CurseOfTheBell","Accuracy+1","Cloak And Dagger+1","Poisoned Stab+1","Accuracy+1","Envenom+1","Terror+1","Wraith Form v2+1","Blur+1","Noxious Fumes","Finisher+1","Madness","Madness","Parasite","Cloak And Dagger+1","Dodge and Roll","Slice+1"],"relics":["Ring of the Snake","NeowsBlessing","Bloody Idol","War Paint","Toy Ornithopter","Matryoshka","CaptainsWheel","Calling Bell","Nunchaku","HornCleat","Incense Burner","Snake Skull","Bronze Scales","Strawberry","Oddly Smooth Stone","Dream Catcher","Empty Cage","Centennial Puzzle","Lantern","Juzu Bracelet","Red Mask","Turnip"],"acts_visited":["Exordium","TheCity","TheBeyond","TheEnding"],"potions_floor_usage":[50],"damage_taken":[{"damage":0.0,"enemies":"Small Slimes","floor":1.0,"turns":1.0},{"damage":0.0,"enemies":"Gremlin Nob","floor":6.0,"turns":1.0},{"damage":0.0,"enemies":"3 Sentries","floor":8.0,"turns":1.0},{"damage":7.0,"enemies":"Lagavulin","floor":10.0,"turns":8.0},{"damage":3.0,"enemies":"Jaw Worm","floor":11.0,"turns":3.0},{"damage":4.0,"enemies":"Cultist","floor":14.0,"turns":3.0},{"damage":32.0,"enemies":"The Guardian","floor":16.0,"turns":9.0},{"damage":0.0,"enemies":"Chosen","floor":18.0,"turns":4.0},{"damage":0.0,"enemies":"Spheric Guardian","floor":22.0,"turns":4.0},{"damage":0.0,"enemies":"Book of Stabbing","floor":23.0,"turns":5.0},{"damage":0.0,"enemies":"3 Cultists","floor":27.0,"turns":3.0},{"damage":14.0,"enemies":"Slavers","floor":28.0,"turns":4.0},{"damage":0.0,"enemies":"Chosen and Byrds","floor":29.0,"turns":2.0},{"damage":10.0,"enemies":"Cultist and Chosen","floor":30.0,"turns":3.0},{"damage":21.0,"enemies":"Automaton","floor":33.0,"turns":7.0},{"damage":7.0,"enemies":"Orb Walker","floor":35.0,"turns":3.0},{"damage":7.0,"enemies":"3 Darklings","floor":36.0,"turns":4.0},{"damage":8.0,"enemies":"Jaw Worm Horde","floor":37.0,"turns":5.0},{"damage":1.0,"enemies":"Writhing Mass","floor":46.0,"turns":5.0},{"damage":74,"enemies":"Time Eater","floor":50,"turns":11},{"damage":17,"enemies":"Shield and Spear","floor":54,"turns":6},{"damage":99,"enemies":"The Heart","floor":55,"turns":8}],"seed_played":"4223191918861432709","potions_obtained":[{"floor":1.0,"key":"DistilledChaos"},{"floor":10.0,"key":"GamblersBrew"},{"floor":14.0,"key":"Ancient Potion"},{"floor":16.0,"key":"BlessingOfTheForge"},{"floor":18.0,"key":"FairyPotion"},{"floor":22.0,"key":"LiquidMemories"},{"floor":23.0,"key":"LiquidMemories"},{"floor":30.0,"key":"Fruit Juice"},{"floor":36.0,"key":"CultistPotion"}],"is_trial":false,"path_per_floor":["M","$","?","?","$","E","R","E","T","E","M","?","R","M","R","B",null,"M","$","?","?","M","E","R","$","T","M","E","M","M","?","R","B",null,"M","M","M","$","?","R","$","R","T","R","?","M","$","?","R","B",null,"R","$","E","B",null],"character_chosen":"THE_SILENT","items_purchased":["Backstab","Accuracy","Snake Skull","Cloak And Dagger","Centennial Puzzle","Fruit Juice"],"campfire_rested":0,"item_purchase_floors":[2,19,19,19,41,41],"current_hp_per_floor":[70,70,56,56,56,56,56,56,56,54,51,44,44,40,40,13,70,70,70,70,70,70,70,70,70,77,77,68,73,78,78,78,62,82,80,78,75,75,65,65,75,75,80,80,80,84,84,84,84,13,87,87,87,75,4],"gold":45,"neow_bonus":"THREE_ENEMY_KILL","is_daily":false,"chose_seed":false,"campfire_upgraded":9,"win_rate":0.0,"timestamp":1609227515,"path_taken":["M","$","?","?","?","E","R","E","T","E","M","?","R","?","R","BOSS","M","$","?","?","M","E","R","$","T","?","E","M","M","?","R","BOSS","M","M","M","$","?","R","$","R","T","R","?","M","?","?","R","BOSS","R","$","E","BOSS"],"items_purchased_type":["Card","Card","Relic","Card","Relic","Potion"],"build_version":"2020-12-22","purchased_purges":1,"victory":true,"max_hp_per_floor":[70,70,70,70,70,70,70,70,70,70,70,70,70,70,70,70,70,70,70,70,70,70,70,70,70,77,77,77,77,82,82,82,82,82,82,82,82,82,82,82,87,87,87,87,87,87,87,87,87,87,87,87,87,87,87],"card_choices":[{"not_picked":["Escape Plan","Prepared"],"picked":"Noxious Fumes","floor":1.0},{"not_picked":["Prepared","Dodge and Roll"],"picked":"Caltrops","floor":6.0},{"not_picked":["Quick Slash","Flying Knee"],"picked":"PiercingWail","floor":8.0},{"not_picked":["Deadly Poison","Choke"],"picked":"Dagger Spray","floor":10.0},{"not_picked":["Setup","Underhanded Strike"],"picked":"Blade Dance","floor":11.0},{"not_picked":["Slice","Setup"],"picked":"Poisoned Stab","floor":14.0},{"not_picked":["Malaise","Storm of Steel"],"picked":"Phantasmal Killer","floor":16.0},{"not_picked":["All Out Attack","Flechettes","Expertise+1"],"picked":"SKIP","floor":18.0},{"not_picked":["Skewer","Reflex+1","Sucker Punch+1"],"picked":"SKIP","floor":22.0},{"not_picked":["Blur","Cloak And Dagger"],"picked":"Poisoned Stab+1","floor":23.0},{"not_picked":["Blur","Acrobatics"],"picked":"Accuracy+1","floor":27.0},{"not_picked":["Dagger Throw","Poisoned Stab"],"picked":"Envenom","floor":28.0},{"not_picked":["Setup","Sucker Punch"],"picked":"Terror+1","floor":29.0},{"not_picked":["All Out Attack","Dagger Throw","Eviscerate+1"],"picked":"SKIP","floor":30.0},{"not_picked":["Die Die Die","A Thousand Cuts"],"picked":"Wraith Form v2","floor":33.0},{"not_picked":["Terror","Underhanded Strike"],"picked":"Blur+1","floor":35.0},{"not_picked":["Blur","Setup"],"picked":"Noxious Fumes","floor":36.0},{"not_picked":["Underhanded Strike+1","Acrobatics+1"],"picked":"Finisher+1","floor":37.0},{"not_picked":["Bane+1","Flying Knee"],"picked":"Cloak And Dagger","floor":46.0},{"not_picked":["Choke+1","Deadly Poison"],"picked":"Slice+1","floor":54}],"player_experience":524433,"relics_obtained":[{"floor":6.0,"key":"War Paint"},{"floor":8.0,"key":"Toy Ornithopter"},{"floor":9.0,"key":"Matryoshka"},{"floor":10.0,"key":"CaptainsWheel"},{"floor":17.0,"key":"Nunchaku"},{"floor":17.0,"key":"HornCleat"},{"floor":17.0,"key":"Incense Burner"},{"floor":23.0,"key":"Bronze Scales"},{"floor":26.0,"key":"Strawberry"},{"floor":28.0,"key":"Oddly Smooth Stone"},{"floor":43.0,"key":"Lantern"},{"floor":43.0,"key":"Juzu Bracelet"},{"floor":54,"key":"Turnip"}],"event_choices":[{"damage_healed":0.0,"max_hp_gain":0.0,"max_hp_loss":0.0,"gold_gain":0.0,"event_name":"Shining Light","player_choice":"Entered Light","floor":3.0,"gold_loss":0.0,"damage_taken":14.0,"cards_upgraded":["Survivor","Defend_G"]},{"damage_healed":0.0,"max_hp_gain":0.0,"max_hp_loss":0.0,"gold_gain":0.0,"event_name":"Golden Idol","player_choice":"Take Wound","floor":4.0,"gold_loss":0.0,"damage_taken":0.0,"relics_obtained":["Golden Idol"],"cards_obtained":["Injury"]},{"cards_removed":["Strike_G"],"damage_healed":0.0,"max_hp_gain":0.0,"max_hp_loss":0.0,"gold_gain":0.0,"event_name":"Golden Wing","player_choice":"Card Removal","floor":12.0,"gold_loss":0.0,"damage_taken":7.0},{"damage_healed":0.0,"max_hp_gain":0.0,"max_hp_loss":0.0,"gold_gain":0.0,"event_name":"Forgotten Altar","player_choice":"Gave Idol","floor":20.0,"relics_lost":["Golden Idol"],"gold_loss":0.0,"damage_taken":0.0,"relics_obtained":["Bloody Idol"]},{"cards_removed":["Injury"],"damage_healed":0.0,"max_hp_gain":0.0,"max_hp_loss":0.0,"gold_gain":0.0,"event_name":"Wheel of Change","player_choice":"Card Removal","floor":21.0,"gold_loss":0.0,"damage_taken":0.0},{"damage_healed":0.0,"max_hp_gain":0.0,"max_hp_loss":0.0,"gold_gain":0.0,"event_name":"The Mausoleum","player_choice":"Opened","floor":31.0,"gold_loss":0.0,"damage_taken":0.0,"relics_obtained":["Dream Catcher"]},{"damage_healed":0.0,"max_hp_gain":0.0,"max_hp_loss":0.0,"gold_gain":0.0,"event_name":"Winding Halls","player_choice":"Embrace Madness","floor":39.0,"gold_loss":0.0,"damage_taken":10.0,"cards_obtained":["Madness","Madness"]},{"damage_healed":0.0,"max_hp_gain":0.0,"max_hp_loss":0.0,"gold_gain":0.0,"event_name":"Tomb of Lord Red Mask","player_choice":"Paid","floor":45.0,"gold_loss":44.0,"damage_taken":0.0,"relics_obtained":["Red Mask"]},{"damage_healed":0.0,"max_hp_gain":0.0,"max_hp_loss":0.0,"gold_gain":0.0,"cards_transformed":["Strike_G"],"event_name":"Transmorgrifier","player_choice":"Transformed","floor":48.0,"gold_loss":0.0,"damage_taken":0.0,"cards_obtained":["Dodge and Roll"]}],"is_beta":false,"boss_relics":[{"not_picked":["Fusion Hammer","Ectoplasm"],"picked":"Calling Bell"},{"not_picked":["HoveringKite","Velvet Choker"],"picked":"Empty Cage"}],"items_purged_floors":[25],"is_endless":false,"potions_floor_spawned":[1,10,14,16,18,22,23,30,36],"ascension_level":1}}