{"host":"sav7uxregyirlf69","time":1609224175,"event":{"mods":["AchievementEnabler","BaseMod","Colored Map","DeckTracker","Keyboard Shortcuts","Minty Spire (QoL Compilation)","READ ME - Guardian Mod","StSLib","SuperFastMode"],"gold_per_floor":[20,20,20,33,33,33,51,70,70,86,106,31,31,31,31,127,127,127,127],"floor_reached":18,"playtime":464,"items_purged":[],"score":304,"play_id":"a3ee0a6d-464e-4ed6-87a2-fd0d3a562321","local_time":"20201229154255","is_ascension_mode":true,"campfire_choices":[{"floor":6,"key":"REST"},{"data":"Power Through","floor":13,"key":"SMITH"},{"data":"Burning Pact","floor":15,"key":"SMITH"}],"circlet_count":0,"master_deck":["AscendersBane","Strike_R","Strike_R+1","Defend_R","Defend_R","Defend_R","Bash+1","Power Through+1","Evolve+1","Shrug It Off","Burning Pact+1","Offering"],"relics":["Burning Blood","Pocketwatch","Golden Idol","InkBottle","Empty Cage"],"acts_visited":["Exordium","TheCity"],"potions_floor_usage":[16],"damage_taken":[{"damage":6,"enemies":"Cultist","floor":1,"turns":3},{"damage":10,"enemies":"2 Louse","floor":4,"turns":3},{"damage":9,"enemies":"Jaw Worm","floor":7,"turns":4},{"damage":11,"enemies":"Large Slime","floor":8,"turns":9},{"damage":3,"enemies":"Looter","floor":10,"turns":3},{"damage":0,"enemies":"Blue Slaver","floor":11,"turns":5},{"damage":10,"enemies":"Slime Boss","floor":16,"turns":6},{"damage":67,"enemies":"Shell Parasite","floor":18,"turns":23}],"seed_played":"-3973834943543672722","potions_obtained":[{"floor":7,"key":"SpeedPotion"},{"floor":11,"key":"PowerPotion"},{"floor":16,"key":"Ancient Potion"}],"is_trial":false,"path_per_floor":["M","?","?","M","?","R","M","M","T","M","M","?","R","?","R","B",null,"M"],"character_chosen":"IRONCLAD","items_purchased":[],"campfire_rested":1,"item_purchase_floors":[],"current_hp_per_floor":[68,42,19,15,15,37,34,29,29,32,38,38,38,31,31,27,63,0,0],"gold":127,"neow_bonus":"ONE_RARE_RELIC","is_daily":false,"chose_seed":false,"campfire_upgraded":2,"win_rate":0.0,"timestamp":1609224175,"path_taken":["M","?","?","M","?","R","?","M","T","M","M","?","R","?","R","BOSS","M"],"items_purchased_type":[],"build_version":"2020-12-22","purchased_purges":0,"victory":false,"max_hp_per_floor":[75,75,75,75,75,75,75,75,75,75,75,75,75,75,75,75,75,75,75],"card_choices":[{"not_picked":["Headbutt","Havoc"],"picked":"Power Through","floor":1},{"not_picked":["Power Through","True Grit"],"picked":"Evolve","floor":4},{"not_picked":["Armaments","Dual Wield"],"picked":"Shrug It Off","floor":7},{"not_picked":["Clothesline","Flame Barrier"],"picked":"Burning Pact","floor":8},{"not_picked":["Thunderclap","True Grit","Heavy Blade"],"picked":"SKIP","floor":10},{"not_picked":["Havoc","Perfected Strike","Exhume"],"picked":"SKIP","floor":11},{"not_picked":["Exhume","Berserk"],"picked":"Offering","floor":16}],"player_experience":1040788,"relics_obtained":[{"floor":9,"key":"InkBottle"}],"event_choices":[{"damage_healed":0,"gold_gain":0,"player_choice":"Take Damage","damage_taken":26,"relics_obtained":["Golden Idol"],"max_hp_gain":0,"max_hp_loss":0,"event_name":"Golden Idol","floor":2,"gold_loss":0},{"damage_healed":0,"gold_gain":0,"player_choice":"Entered Light","damage_taken":23,"max_hp_gain":0,"max_hp_loss":0,"event_name":"Shining Light","floor":3,"gold_loss":0,"cards_upgraded":["Strike_R","Bash"]},{"damage_healed":0,"gold_gain":0,"player_choice":"Forge","damage_taken":0,"max_hp_gain":0,"max_hp_loss":0,"event_name":"Accursed Blacksmith","floor":5,"gold_loss":0,"cards_upgraded":["Evolve"]},{"cards_removed":["Strike_R"],"damage_healed":0,"gold_gain":0,"player_choice":"Card Removal","damage_taken":0,"max_hp_gain":0,"max_hp_loss":0,"event_name":"The Cleric","floor":12,"gold_loss":75},{"cards_removed":["Strike_R"],"damage_healed":0,"gold_gain":0,"player_choice":"Card Removal","damage_taken":7,"max_hp_gain":0,"max_hp_loss":0,"event_name":"Golden Wing","floor":14,"gold_loss":0}],"is_beta":false,"boss_relics":[{"not_picked":["Runic Cube","Philosopher\u0027s Stone"],"picked":"Empty Cage"}],"items_purged_floors":[],"is_endless":false,"potions_floor_spawned":[7,11,16],"killed_by":"Shell Parasite","ascension_level":20}}