{"host":"ris23a35wgbcqmkd","time":1609249050,"event":{"mods":["AchievementEnabler","BaseMod","BetterRewards","Colored Map","Colored Powertips","Downfall","Hermit","Minty Spire (QoL Compilation)","Rare Cards Sparkle","Shop Mod","StSLib","The Cursed","The Necromancer","The Wild Card"],"gold_per_floor":[361,433,450,461,380,380,555,193,193,193,124,124,137,155,155,250,250,260,260,67,81,96,96,96,96,96,121,141,141,62,80,80,180,180,190,190,190,208,224,252,271,281,281,298,235,245,245,245],"floor_reached":47,"playtime":1630,"items_purged":["Doubt","sneckomod:Bewildered","theWildCard:Polydeuces+1"],"score":569,"play_id":"d0830568-680f-4b44-a626-9fc525d330a8","local_time":"20201229133730","is_ascension_mode":false,"campfire_choices":[{"data":"theWildCard:PaleRider","floor":6,"key":"SMITH"},{"data":"theWildCard:MagicMettle","floor":10,"key":"SMITH"},{"data":"theWildCard:ArchaicAssault","floor":12,"key":"SMITH"},{"floor":15,"key":"REST"},{"data":"theWildCard:UnendingRitual","floor":23,"key":"SMITH"},{"data":"theWildCard:MagicalMight","floor":25,"key":"SMITH"},{"floor":32,"key":"REST"}],"circlet_count":0,"master_deck":["theWildCard:BasicStrike+1","theWildCard:BasicStrike+1","theWildCard:BasicStrike+1","theWildCard:BasicStrike+1","theWildCard:BasicDefend+1","theWildCard:BasicDefend+1","theWildCard:BasicDefend+1","theWildCard:BasicDefend+1","theWildCard:SeveringSlash","theWildCard:PaleRider+1","theWildCard:MagicMettle+1","theWildCard:SeveringSlash","theWildCard:ArchaicAssault+1","theWildCard:UnendingRitual+1","theWildCard:Ruination","theWildCard:MagicalMight+1","theWildCard:Amaterasu","theWildCard:TheArcanaUnleashed+1","theWildCard:UnendingRitual","theWildCard:ArcaneArts","theWildCard:ArcaneArts","theWildCard:SeveringSlash","theWildCard:FinalHour","theWildCard:FinalHour","theWildCard:TheUniverse+1","theWildCard:UnendingRitual+1","theWildCard:MagicalMight","theWildCard:Attunement+1","theWildCard:ArcanaArtistry","theWildCard:ArchaicAssault+1"],"relics":["theWildCard:VelvetContract","Frozen Egg 2","Torii","White Beast Statue","Sozu","Membership Card","Letter Opener","Tiny Chest","Orrery","Astrolabe","Orichalcum","Eternal Feather","Shuriken"],"acts_visited":["Exordium","TheCity","TheBeyond"],"potions_floor_usage":[39,42,42],"damage_taken":[{"damage":6,"enemies":"Cultist","floor":1,"turns":4},{"damage":0,"enemies":"Jaw Worm","floor":3,"turns":3},{"damage":0,"enemies":"Small Slimes","floor":4,"turns":2},{"damage":12,"enemies":"3 Louse","floor":13,"turns":2},{"damage":20,"enemies":"Blue Slaver","floor":14,"turns":4},{"damage":0,"enemies":"Slime Boss","floor":16,"turns":5},{"damage":2,"enemies":"Shell Parasite","floor":18,"turns":3},{"damage":0,"enemies":"Spheric Guardian","floor":21,"turns":1},{"damage":2,"enemies":"Centurion and Healer","floor":22,"turns":3},{"damage":39,"enemies":"Book of Stabbing","floor":27,"turns":4},{"damage":0,"enemies":"Snake Plant","floor":28,"turns":2},{"damage":0,"enemies":"Sentry and Sphere","floor":31,"turns":2},{"damage":25,"enemies":"Champ","floor":33,"turns":3},{"damage":11,"enemies":"Orb Walker","floor":35,"turns":3},{"damage":0,"enemies":"3 Shapes","floor":38,"turns":1},{"damage":27,"enemies":"Transient","floor":39,"turns":5},{"damage":0,"enemies":"Reptomancer","floor":40,"turns":1},{"damage":1,"enemies":"Sphere and 2 Shapes","floor":41,"turns":3},{"damage":1,"enemies":"Jaw Worm Horde","floor":42,"turns":3},{"damage":16,"enemies":"Writhing Mass","floor":44,"turns":3},{"damage":1,"enemies":"Transient","floor":46,"turns":4},{"damage":3,"enemies":"Sphere and 2 Shapes","floor":47,"turns":1}],"seed_played":"2352272086924347910","potions_obtained":[{"floor":4,"key":"DistilledChaos"},{"floor":13,"key":"BlessingOfTheForge"},{"floor":14,"key":"BlessingOfTheForge"},{"floor":16,"key":"EntropicBrew"}],"is_trial":false,"path_per_floor":["M","T","M","M","$","R","?","$","T","R","$","R","M","M","R","B",null,"M","?","$","M","M","R","?","R","T","E","M","?","$","M","R","B",null,"M","?","T","M","M","E","M","M","T","M","$","M","M"],"character_chosen":"THE_WILD_CARD","items_purchased":["theWildCard:MagicMettle","theWildCard:SeveringSlash","Torii","theWildCard:ArchaicAssault","Membership Card","Orrery"],"campfire_rested":2,"item_purchase_floors":[5,5,8,11,20,30],"current_hp_per_floor":[54,54,54,54,54,54,54,54,54,54,54,54,42,22,40,40,60,58,58,58,58,56,56,56,56,56,17,17,17,17,17,35,10,60,49,49,49,49,22,22,21,20,20,4,4,3,0,0],"gold":245,"neow_bonus":"TWO_FIFTY_GOLD","is_daily":false,"chose_seed":false,"campfire_upgraded":5,"win_rate":0.0,"timestamp":1609249050,"path_taken":["M","?","?","M","$","R","?","?","T","R","$","R","M","?","R","BOSS","M","?","$","M","M","R","?","R","T","E","M","?","?","M","R","BOSS","M","?","?","M","M","E","M","M","T","M","$","M","M"],"items_purchased_type":["Card","Card","Relic","Card","Relic","Relic"],"build_version":"2020-12-22","purchased_purges":3,"victory":false,"max_hp_per_floor":[60,60,60,60,60,60,60,60,60,60,60,60,60,60,60,60,60,60,60,60,60,60,60,60,60,60,60,60,60,60,60,60,60,60,60,60,60,60,60,60,60,60,60,60,60,60,60,60],"card_choices":[{"not_picked":["theWildCard:SacrificialStroke","theWildCard:Proficiency"],"picked":"theWildCard:SeveringSlash","floor":1},{"not_picked":["theWildCard:MagicMettle","theWildCard:SeveringSlash"],"picked":"theWildCard:PaleRider","floor":3},{"not_picked":["theWildCard:StingingStrike","theWildCard:Patience"],"picked":"theWildCard:SeveringSlash","floor":4},{"not_picked":["theWildCard:SacrificialStroke","theWildCard:MagicMettle"],"picked":"theWildCard:UnendingRitual","floor":13},{"not_picked":["theWildCard:Patience","theWildCard:MagicMettle","theWildCard:TheGreatSeal"],"picked":"SKIP","floor":14},{"not_picked":["theWildCard:Overwhelm","theWildCard:Deicide"],"picked":"theWildCard:Ruination","floor":16},{"not_picked":["theWildCard:EnergizedStroke","theWildCard:Alice"],"picked":"theWildCard:MagicalMight","floor":18},{"not_picked":["theWildCard:Abstinence+1","theWildCard:Scathach","theWildCard:Patience"],"picked":"SKIP","floor":21},{"not_picked":["theWildCard:Odin","theWildCard:StalwartBlade","theWildCard:StingingStrike"],"picked":"SKIP","floor":22},{"not_picked":["theWildCard:Scathach","theWildCard:LadyLuck"],"picked":"theWildCard:Amaterasu","floor":27},{"not_picked":["theWildCard:Proficiency","theWildCard:Patience","theWildCard:SeveringSlash"],"picked":"SKIP","floor":28},{"not_picked":["theWildCard:Sakuya+1","theWildCard:Proficiency"],"picked":"theWildCard:TheArcanaUnleashed+1","floor":30},{"not_picked":["theWildCard:Caesar","theWildCard:EnergizedStroke"],"picked":"theWildCard:UnendingRitual","floor":30},{"not_picked":["theWildCard:StalwartBlade","theWildCard:Unburden+1"],"picked":"theWildCard:ArcaneArts","floor":30},{"not_picked":["theWildCard:SeveringSlash","theWildCard:StingingStrike"],"picked":"theWildCard:ArcaneArts","floor":30},{"not_picked":["theWildCard:MasterPlan","theWildCard:TheGreatSeal"],"picked":"theWildCard:SeveringSlash","floor":30},{"not_picked":["theWildCard:BladeOfGenerations","theWildCard:MaskChange"],"picked":"theWildCard:FinalHour","floor":31},{"not_picked":["theWildCard:Thanatos","theWildCard:Deicide"],"picked":"theWildCard:FinalHour","floor":33},{"not_picked":["theWildCard:StingingStrike+1","theWildCard:ArcaneArts+1"],"picked":"theWildCard:MagicalMight","floor":35},{"not_picked":["theWildCard:EnergizedStroke","theWildCard:SeveringSlash","theWildCard:SacrificialStroke+1"],"picked":"SKIP","floor":38},{"not_picked":["theWildCard:StingingStrike+1","theWildCard:Unburden+1"],"picked":"theWildCard:Attunement+1","floor":39},{"not_picked":["theWildCard:Patience+1","theWildCard:MaskChange+1"],"picked":"theWildCard:ArcanaArtistry","floor":40},{"not_picked":["theWildCard:SacrificialStroke","theWildCard:ArcanaArtistry"],"picked":"theWildCard:ArchaicAssault+1","floor":41},{"not_picked":["theWildCard:BladeOfGenerations","theWildCard:StingingStrike","theWildCard:Unburden+1"],"picked":"SKIP","floor":42},{"not_picked":["theWildCard:BladeOfGenerations","theWildCard:StingingStrike","theWildCard:Unburden+1"],"picked":"SKIP","floor":42},{"not_picked":["theWildCard:SeveringSlash","theWildCard:Providence","theWildCard:PowerOfTheArcana+1"],"picked":"SKIP","floor":44},{"not_picked":["theWildCard:StingingStrike","theWildCard:PowerOfTheArcana+1","theWildCard:Michael"],"picked":"SKIP","floor":46}],"player_experience":254219,"relics_obtained":[{"floor":2,"key":"Frozen Egg 2"},{"floor":9,"key":"White Beast Statue"},{"floor":26,"key":"Letter Opener"},{"floor":27,"key":"Tiny Chest"},{"floor":37,"key":"Orichalcum"},{"floor":40,"key":"Eternal Feather"},{"floor":43,"key":"Shuriken"}],"event_choices":[{"damage_healed":0,"gold_gain":175,"player_choice":"AGREE","damage_taken":0,"max_hp_gain":0,"max_hp_loss":0,"event_name":"Liars Game","floor":7,"gold_loss":0,"cards_obtained":["Doubt"]},{"damage_healed":0,"gold_gain":0,"player_choice":"Ignored","damage_taken":0,"max_hp_gain":0,"max_hp_loss":0,"event_name":"Vampires","floor":19,"gold_loss":0},{"damage_healed":0,"gold_gain":0,"player_choice":"Ignored","damage_taken":0,"max_hp_gain":0,"max_hp_loss":0,"event_name":"Beggar","floor":24,"gold_loss":0},{"damage_healed":0,"gold_gain":0,"player_choice":"Simplicity","damage_taken":0,"max_hp_gain":0,"max_hp_loss":0,"event_name":"Back to Basics","floor":29,"gold_loss":0,"cards_upgraded":["theWildCard:BasicStrike","theWildCard:BasicStrike","theWildCard:BasicStrike","theWildCard:BasicStrike","theWildCard:BasicDefend","theWildCard:BasicDefend","theWildCard:BasicDefend","theWildCard:BasicDefend"]},{"damage_healed":0,"gold_gain":0,"player_choice":"Ignored","damage_taken":0,"max_hp_gain":0,"max_hp_loss":0,"event_name":"Tomb of Lord Red Mask","floor":36,"gold_loss":0}],"is_beta":false,"boss_relics":[{"not_picked":["Coffee Dripper","theWildCard:FigureOfDeath"],"picked":"Sozu"},{"not_picked":["SacredBark","Black Star"],"picked":"Astrolabe"}],"items_purged_floors":[8,20,45],"is_endless":false,"potions_floor_spawned":[4,13,14,16,18,21,22,27,28,31,33,35,38,39,40,41,42,44,46],"killed_by":"Sphere and 2 Shapes","ascension_level":0}}