{"host":"2461dio7vetlq1z3","time":1609277083,"event":{"mods":["2.2 Compatiblity","AchievementEnabler","Aspiration","BaseMod","Better Third Choice","Friendly Minions","Hermit","Minty Spire (QoL Compilation)","Relic Stats","Spicy Shops","StSLib","Waifu the Spire"],"gold_per_floor":[115,115,115,40,40,68,85,125,148,148,29,29,48,71,71,152,152,176,226,246,275,292,292,292,292],"floor_reached":24,"playtime":765,"items_purged":["Strike_G"],"score":462,"play_id":"2d0442f5-f989-48a3-b754-b6607afe8708","local_time":"20201229222443","is_ascension_mode":true,"campfire_choices":[{"floor":10,"key":"REST"},{"floor":12,"key":"REST"},{"data":"Predator","floor":15,"key":"SMITH"},{"data":"Envenom","floor":23,"key":"SMITH"}],"circlet_count":0,"master_deck":["AscendersBane","Strike_G","Strike_G","Strike_G","Defend_G","Defend_G","Defend_G","Defend_G","Survivor","Neutralize","Bane","Choke","Flying Knee","Wraith Form v2","Predator+1","Deadly Poison","Blade Dance","Envenom+1","PiercingWail","PiercingWail","Deadly Poison"],"relics":["Ring of the Snake","NeowsBlessing","Sundial","CeramicFish","Pen Nib","Coffee Dripper"],"acts_visited":["Exordium","TheCity"],"potions_floor_usage":[8,16,18,20,24],"damage_taken":[{"damage":0,"enemies":"Jaw Worm","floor":1,"turns":1},{"damage":0,"enemies":"3 Sentries","floor":6,"turns":1},{"damage":0,"enemies":"Small Slimes","floor":7,"turns":1},{"damage":46,"enemies":"Lagavulin","floor":8,"turns":8},{"damage":0,"enemies":"2 Louse","floor":13,"turns":2},{"damage":5,"enemies":"Exordium Thugs","floor":14,"turns":5},{"damage":16,"enemies":"The Guardian","floor":16,"turns":10},{"damage":15,"enemies":"Shell Parasite","floor":18,"turns":3},{"damage":0,"enemies":"Chosen","floor":20,"turns":3},{"damage":18,"enemies":"Centurion and Healer","floor":21,"turns":6},{"damage":19,"enemies":"Snake Plant","floor":22,"turns":5},{"damage":24,"enemies":"Book of Stabbing","floor":24,"turns":3}],"seed_played":"1406324090148777509","potions_obtained":[{"floor":5,"key":"Block Potion"},{"floor":5,"key":"SneckoOil"},{"floor":6,"key":"SteroidPotion"},{"floor":8,"key":"FearPotion"},{"floor":14,"key":"PowerPotion"},{"floor":16,"key":"SneckoOil"},{"floor":22,"key":"Poison Potion"}],"is_trial":false,"path_per_floor":["M","?","?","?","?","E","M","E","T","R","$","R","M","M","R","B",null,"M","?","M","M","M","R","E"],"character_chosen":"THE_SILENT","items_purchased":["Predator"],"campfire_rested":2,"item_purchase_floors":[11],"current_hp_per_floor":[59,52,52,52,52,52,52,6,6,25,25,44,44,39,39,23,55,40,40,40,22,3,3,0,0],"gold":292,"neow_bonus":"THREE_ENEMY_KILL","is_daily":false,"chose_seed":false,"campfire_upgraded":2,"win_rate":0.0,"timestamp":1609277083,"path_taken":["M","?","?","?","?","E","M","E","T","R","$","R","M","M","R","BOSS","M","?","M","M","M","R","E"],"items_purchased_type":["Card"],"build_version":"2020-12-22","purchased_purges":1,"victory":false,"max_hp_per_floor":[66,66,66,66,66,66,66,66,66,66,66,66,66,66,66,66,66,66,66,66,66,66,66,66,66],"relic_stats":{"counters":[12,48],"Sundial":[8],"CeramicFish":72,"Pen Nib":[7],"obtain_stats":[{"NeowsBlessing":0,"Sundial":6,"CeramicFish":8,"Pen Nib":9,"Coffee Dripper":17,"Ring of the Snake":0},{"NeowsBlessing":0,"Sundial":2,"CeramicFish":4,"Pen Nib":4,"Coffee Dripper":7,"Ring of the Snake":0},{"NeowsBlessing":0,"Sundial":2,"CeramicFish":11,"Pen Nib":11,"Coffee Dripper":28,"Ring of the Snake":0}],"Ring of the Snake":[24]},"card_choices":[{"not_picked":["Backflip","Flechettes"],"picked":"Bane","floor":1},{"not_picked":["Expertise","Endless Agony"],"picked":"Choke","floor":6},{"not_picked":["Acrobatics","Tactician"],"picked":"Flying Knee","floor":7},{"not_picked":["Deflect","Dash"],"picked":"Wraith Form v2","floor":8},{"not_picked":["Blur","Dagger Spray"],"picked":"Deadly Poison","floor":13},{"not_picked":["Reflex","Endless Agony"],"picked":"Blade Dance","floor":14},{"not_picked":["Doppelganger","Phantasmal Killer"],"picked":"Envenom","floor":16},{"not_picked":["Sucker Punch","Setup"],"picked":"PiercingWail","floor":18},{"not_picked":["Poisoned Stab","Flying Knee"],"picked":"PiercingWail","floor":20},{"not_picked":["Setup","Well Laid Plans"],"picked":"Deadly Poison","floor":21},{"not_picked":["Finisher","Concentrate","Quick Slash"],"picked":"SKIP","floor":22}],"player_experience":989158,"relics_obtained":[{"floor":6,"key":"Sundial"},{"floor":8,"key":"CeramicFish"},{"floor":9,"key":"Pen Nib"}],"event_choices":[{"cards_removed":["Strike_G"],"damage_healed":0,"gold_gain":0,"player_choice":"Card Removal","damage_taken":7,"max_hp_gain":0,"max_hp_loss":0,"event_name":"Golden Wing","floor":2,"gold_loss":0},{"damage_healed":0,"gold_gain":0,"player_choice":"Ignored","damage_taken":115,"max_hp_gain":0,"max_hp_loss":0,"event_name":"betterThird:BetterSerpent","floor":3,"gold_loss":0},{"cards_removed":["Defend_G"],"damage_healed":0,"gold_gain":0,"player_choice":"Card Removal","damage_taken":0,"max_hp_gain":0,"max_hp_loss":0,"event_name":"The Cleric","floor":4,"gold_loss":75},{"damage_healed":0,"gold_gain":0,"player_choice":"Got Potions","damage_taken":0,"max_hp_gain":0,"max_hp_loss":0,"event_name":"Lab","floor":5,"gold_loss":0},{"damage_healed":0,"gold_gain":50,"player_choice":"Steal","damage_taken":0,"max_hp_gain":0,"max_hp_loss":0,"event_name":"betterThird:BetterNest","floor":19,"gold_loss":0}],"is_beta":false,"boss_relics":[{"not_picked":["Calling Bell","Velvet Choker"],"picked":"Coffee Dripper"}],"items_purged_floors":[11],"is_endless":false,"potions_floor_spawned":[6,8,14,16,22],"killed_by":"Book of Stabbing","ascension_level":20}}