{"host":"x6tlfgqpy55vgxdn","time":1609250442,"event":{"mods":["AchievementEnabler","BaseMod","DeckTracker","Minty Spire (QoL Compilation)","Permanent Neow","StSLib","SuperFastMode"],"gold_per_floor":[10,25,44,44,64,64,90,90,116,116,145,159,186,111,111,215,215,230,241,253,153,68,68,93,109,109,159,31,31,66,80,80,185,185,199,219,219,232,86,121,121,151,151,206,206,238,238,263,263,263,263,263,106,138,138],"floor_reached":56,"playtime":2336,"items_purged":["Defend_B","Strike_B"],"score":1960,"play_id":"0b084cb1-890d-4fd9-b582-74eb32b29d58","local_time":"20201229230042","is_ascension_mode":true,"campfire_choices":[{"data":"Defragment","floor":6.0,"key":"SMITH"},{"data":"Dualcast","floor":8.0,"key":"SMITH"},{"data":"Zap","floor":10.0,"key":"SMITH"},{"data":"Genetic Algorithm","floor":15.0,"key":"SMITH"},{"floor":23.0,"key":"REST"},{"data":"Defragment","floor":29.0,"key":"SMITH"},{"data":"Capacitor","floor":32.0,"key":"SMITH"},{"floor":41.0,"key":"RECALL"},{"data":"Panacea","floor":49.0,"key":"SMITH"},{"data":"Purity","floor":52.0,"key":"SMITH"}],"circlet_count":0,"master_deck":["AscendersBane","Zap+1","Dualcast+1","Cold Snap","Cold Snap","Defragment+1","Capacitor+1","Ball Lightning","Genetic Algorithm+1","Biased Cognition","Defragment+1","BootSequence","Coolheaded","Go for the Eyes+1","Defragment+1","Barrage","Buffer+1","Creative AI+1","Machine Learning+1","Barrage","Skim","Cold Snap","Beam Cell","Heatsinks+1","Force Field+1","Self Repair+1","Chill+1","Reboot","Panacea+1","Purity+1"],"relics":["Cracked Core","Torii","Dream Catcher","Bag of Marbles","Happy Flower","Bottled Tornado","Philosopher\u0027s Stone","Frozen Egg 2","PreservedInsect","Akabeko","Blue Candle","Pandora\u0027s Box","Bag of Preparation","MealTicket","Bird Faced Urn","Ice Cream","HornCleat","Vajra","OrangePellets","Bronze Scales"],"acts_visited":["Exordium","TheCity","TheBeyond","TheEnding"],"potions_floor_usage":[55,55],"damage_taken":[{"damage":1.0,"enemies":"Small Slimes","floor":1.0,"turns":3.0},{"damage":1.0,"enemies":"Cultist","floor":2.0,"turns":3.0},{"damage":7.0,"enemies":"Jaw Worm","floor":3.0,"turns":3.0},{"damage":0.0,"enemies":"Lots of Slimes","floor":5.0,"turns":4.0},{"damage":2.0,"enemies":"Lagavulin","floor":7.0,"turns":9.0},{"damage":9.0,"enemies":"Gremlin Nob","floor":11.0,"turns":4.0},{"damage":8.0,"enemies":"3 Louse","floor":12.0,"turns":2.0},{"damage":12.0,"enemies":"Lagavulin","floor":13.0,"turns":6.0},{"damage":25.0,"enemies":"Slime Boss","floor":16.0,"turns":7.0},{"damage":1.0,"enemies":"Spheric Guardian","floor":18.0,"turns":3.0},{"damage":22.0,"enemies":"2 Thieves","floor":19.0,"turns":3.0},{"damage":16.0,"enemies":"Chosen and Byrds","floor":20.0,"turns":5.0},{"damage":24.0,"enemies":"Book of Stabbing","floor":24.0,"turns":5.0},{"damage":0.0,"enemies":"Shelled Parasite and Fungi","floor":25.0,"turns":7.0},{"damage":3.0,"enemies":"Gremlin Leader","floor":30.0,"turns":8.0},{"damage":1.0,"enemies":"3 Cultists","floor":31.0,"turns":5.0},{"damage":7.0,"enemies":"Collector","floor":33.0,"turns":10.0},{"damage":1.0,"enemies":"Orb Walker","floor":35.0,"turns":4.0},{"damage":0.0,"enemies":"3 Shapes","floor":36.0,"turns":5.0},{"damage":0.0,"enemies":"Sphere and 2 Shapes","floor":38.0,"turns":6.0},{"damage":0.0,"enemies":"Giant Head","floor":40.0,"turns":7.0},{"damage":0.0,"enemies":"Nemesis","floor":42.0,"turns":5.0},{"damage":12.0,"enemies":"2 Orb Walkers","floor":44.0,"turns":5.0},{"damage":7.0,"enemies":"Reptomancer","floor":46.0,"turns":6.0},{"damage":0.0,"enemies":"Giant Head","floor":48.0,"turns":8.0},{"damage":15.0,"enemies":"Time Eater","floor":50.0,"turns":10.0},{"damage":1.0,"enemies":"Shield and Spear","floor":54.0,"turns":6.0},{"damage":25,"enemies":"The Heart","floor":55,"turns":11}],"seed_played":"-7458120060143905007","potions_obtained":[{"floor":3.0,"key":"AttackPotion"},{"floor":4.0,"key":"DistilledChaos"},{"floor":4.0,"key":"SteroidPotion"},{"floor":7.0,"key":"EssenceOfSteel"},{"floor":19.0,"key":"SkillPotion"},{"floor":24.0,"key":"Weak Potion"},{"floor":25.0,"key":"Dexterity Potion"},{"floor":35.0,"key":"Swift Potion"},{"floor":42.0,"key":"Weak Potion"},{"floor":46.0,"key":"PowerPotion"}],"is_trial":false,"path_per_floor":["M","M","M","?","M","R","E","R","T","R","E","M","E","$","R","B",null,"M","M","M","$","?","R","E","M","T","?","$","R","E","M","R","B",null,"M","M","?","M","$","E","R","E","T","?","?","E","?","E","R","B",null,"R","$","E","B",null],"character_chosen":"DEFECT","items_purchased":["Defragment+1","AttackPotion","Bag of Preparation","OrangePellets"],"campfire_rested":1,"item_purchase_floors":[28,28,39,53],"current_hp_per_floor":[67,66,59,59,59,59,57,57,57,57,48,40,28,28,28,3,57,56,34,18,18,18,40,16,16,16,16,16,16,13,12,12,5,58,57,57,57,57,57,67,67,71,71,71,71,71,61,71,71,71,71,71,71,71,71],"gold":138,"neow_bonus":"ONE_RARE_RELIC","is_daily":false,"chose_seed":false,"campfire_upgraded":8,"win_rate":0.0,"timestamp":1609250442,"path_taken":["M","M","M","?","?","R","E","R","T","R","E","M","E","$","R","BOSS","M","M","?","?","?","R","E","M","T","?","$","R","E","M","R","BOSS","M","?","?","M","$","E","R","E","T","?","?","E","?","E","R","BOSS","R","$","E","BOSS"],"items_purchased_type":["Card","Potion","Relic","Relic"],"build_version":"2020-12-22","purchased_purges":2,"victory":true,"max_hp_per_floor":[75,75,75,75,75,75,75,75,75,75,75,75,75,75,75,75,75,75,75,75,75,75,75,75,75,75,75,75,75,75,75,75,75,75,75,75,71,71,71,71,71,71,71,71,71,71,71,71,71,71,71,71,71,71,71],"card_choices":[{"not_picked":["Coolheaded","Auto Shields"],"picked":"Cold Snap","floor":1.0},{"not_picked":["Steam","Heatsinks"],"picked":"Cold Snap","floor":2.0},{"not_picked":["Turbo","Redo","Go for the Eyes"],"picked":"SKIP","floor":3.0},{"not_picked":["Rebound","Coolheaded"],"picked":"Defragment","floor":5.0},{"not_picked":["Static Discharge","Leap","Compile Driver"],"picked":"SKIP","floor":7.0},{"not_picked":["All For One","Compile Driver"],"picked":"Capacitor","floor":11.0},{"not_picked":["Genetic Algorithm","White Noise"],"picked":"Ball Lightning","floor":12.0},{"not_picked":["Aggregate","White Noise"],"picked":"Genetic Algorithm","floor":13.0},{"not_picked":["Rainbow","Buffer"],"picked":"Biased Cognition","floor":16.0},{"not_picked":["Auto Shields","Conserve Battery","Turbo"],"picked":"SKIP","floor":18.0},{"not_picked":["Redo+1","Turbo+1"],"picked":"Defragment","floor":19.0},{"not_picked":["Gash","White Noise","Turbo+1"],"picked":"SKIP","floor":20.0},{"not_picked":["Compile Driver","Thunder Strike"],"picked":"BootSequence","floor":23.0},{"not_picked":["Redo","Beam Cell"],"picked":"Coolheaded","floor":24.0},{"not_picked":["Compile Driver","Leap"],"picked":"Go for the Eyes+1","floor":25.0},{"not_picked":["Beam Cell","Chaos"],"picked":"Barrage","floor":30.0},{"not_picked":["Streamline+1","Coolheaded","Leap+1"],"picked":"SKIP","floor":31.0},{"not_picked":["Meteor Strike","Machine Learning+1"],"picked":"Buffer+1","floor":33.0},{"not_picked":["Double Energy","Hologram+1"],"picked":"Heatsinks+1","floor":35.0},{"not_picked":["Coolheaded+1","Go for the Eyes"],"picked":"Force Field+1","floor":36.0},{"not_picked":["Lockon+1","Recycle"],"picked":"Self Repair+1","floor":38.0},{"not_picked":["Ball Lightning","Hologram"],"picked":"Chill+1","floor":40.0},{"not_picked":["Rebound+1","Doom and Gloom+1","Redo"],"picked":"SKIP","floor":42.0},{"not_picked":["Hologram","Stack+1"],"picked":"Reboot","floor":44.0},{"not_picked":["Streamline","Hyperbeam","Sweeping Beam+1"],"picked":"SKIP","floor":46.0},{"not_picked":["Magnetism+1","Secret Technique"],"picked":"Panacea","floor":47.0},{"not_picked":["Finesse","Forethought"],"picked":"Purity","floor":47.0},{"not_picked":["Beam Cell+1","Rebound+1","Redo"],"picked":"SKIP","floor":48.0},{"not_picked":["Doom and Gloom","Tempest","Stack"],"picked":"SKIP","floor":54.0}],"player_experience":217796,"relics_obtained":[{"floor":7.0,"key":"Dream Catcher"},{"floor":9.0,"key":"Bag of Marbles"},{"floor":11.0,"key":"Happy Flower"},{"floor":13.0,"key":"Bottled Tornado"},{"floor":24.0,"key":"PreservedInsect"},{"floor":26.0,"key":"Akabeko"},{"floor":30.0,"key":"Blue Candle"},{"floor":40.0,"key":"MealTicket"},{"floor":42.0,"key":"Bird Faced Urn"},{"floor":44.0,"key":"Ice Cream"},{"floor":46.0,"key":"HornCleat"},{"floor":48.0,"key":"Vajra"},{"floor":54.0,"key":"Bronze Scales"}],"event_choices":[{"damage_healed":0.0,"max_hp_gain":0.0,"max_hp_loss":0.0,"gold_gain":0.0,"event_name":"Lab","player_choice":"Got Potions","floor":4.0,"gold_loss":0.0,"damage_taken":0.0},{"damage_healed":0.0,"max_hp_gain":0.0,"max_hp_loss":0.0,"gold_gain":0.0,"event_name":"Addict","player_choice":"Obtained Relic","floor":22.0,"gold_loss":85.0,"damage_taken":0.0,"relics_obtained":["Frozen Egg 2"]},{"damage_healed":0.0,"max_hp_gain":0.0,"max_hp_loss":0.0,"gold_gain":100.0,"event_name":"The Joust","player_choice":"Bet on Murderer","floor":27.0,"gold_loss":50.0,"damage_taken":0.0},{"damage_healed":0.0,"max_hp_gain":0.0,"max_hp_loss":4.0,"gold_gain":0.0,"event_name":"Winding Halls","player_choice":"Max HP","floor":37.0,"gold_loss":0.0,"damage_taken":0.0},{"damage_healed":0.0,"max_hp_gain":0.0,"max_hp_loss":0.0,"gold_gain":0.0,"event_name":"Mysterious Sphere","player_choice":"Fight","floor":44.0,"gold_loss":0.0,"damage_taken":0.0},{"damage_healed":0.0,"max_hp_gain":0.0,"max_hp_loss":0.0,"gold_gain":0.0,"event_name":"Tomb of Lord Red Mask","player_choice":"Ignored","floor":45.0,"gold_loss":0.0,"damage_taken":0.0},{"damage_healed":0.0,"max_hp_gain":0.0,"max_hp_loss":0.0,"gold_gain":0.0,"event_name":"SensoryStone","player_choice":"Memory 3","floor":47.0,"gold_loss":0.0,"damage_taken":10.0}],"is_beta":false,"boss_relics":[{"not_picked":["Snecko Eye","Nuclear Battery"],"picked":"Philosopher\u0027s Stone"},{"not_picked":["Calling Bell","Tiny House"],"picked":"Pandora\u0027s Box"}],"items_purged_floors":[14,21],"is_endless":false,"potions_floor_spawned":[3,7,12,19,24,25,35,42,44,46,48],"ascension_level":11}}