{"host":"gsp4qlltb0c3ynci","time":1609230087,"event":{"mods":["2.2 Compatiblity","Abigail Mod","Ascension Reborn","BaseMod","Friendly Minions","Minty Spire (QoL Compilation)","Prisma Mod","Replay The Spire","Say the Spire","StSLib"],"gold_per_floor":[144,144,144,189,237,333,411,459,459,54,138,240,295,394,394,679,679,724,724,724,805,228,324,360,235,313,60,60,93,144,243,504,807,957,1005,275,311,5,86,179,269,29,29,107,185,266,46,145,145,145],"floor_reached":51,"playtime":1167,"items_purged":["Strike_G+1","Strike_G+1","Strike_G+1","Strike_G+1","Defend_G+1"],"score":1770,"play_id":"e8190abb-f136-4f2d-928d-b2b4d5eca6ad","local_time":"20201229172127","daily_mods":["Vintage","Heirloom","Time Dilation","Flight","DeadlyEvents","Elite Swarm","Midas"],"is_ascension_mode":true,"campfire_choices":[{"floor":15,"key":"REST"},{"floor":49,"key":"DIG"}],"circlet_count":0,"master_deck":["Strike_G+2","Defend_G+1","Defend_G+1","Defend_G+1","Defend_G+2","Survivor+1","Neutralize+1","Storm of Steel+1","ReplayTheSpireMod:From All Sides+1","Adrenaline+1","Envenom+1","Malaise","Choke","Burst","Slice+1","ReplayTheSpireMod:Scrap Shanks","Infinite Blades","Deep Breath","Acrobatics","After Image+1","Accuracy+1","Tools of the Trade+1","Footwork+1","A Thousand Cuts+1"],"relics":["Ring of the Serpent","Tingsha","ReplayTheSpireMod:TigerMarble","ReplayFunnel","Paper Crane","Darkstone Periapt","Replay:Mystery Machine","Matryoshka","Snack Pack","Replay:WaspNest","Replay:Wax Seal","Vajra","Guide Book","War Paint","Replay:Rubber Ducky","PreservedInsect","Art of War","Letter Opener","Potion Belt","Mirror","Lantern","ReplayTheSpireMod:Lightbulb","Bird Faced Urn","Bag of Preparation","Mummified Hand","Blue Doll","ReplayTheSpireMod:Ninjato","Replay:Bottled Eggs","Garlic","Tiny House","Simple Rune","Chemical X","Frozen Egg 2","Replay:Baseball","Nunchaku","Mercury Hourglass","Singing Bowl","MawBank","Snake Skull","Replay:Ringing Soul","Omamori","Pocketwatch","Replay:Bottled Flurry","Akabeko","Turnip","InkBottle"],"acts_visited":["Exordium","TheCity","TheBeyond"],"potions_floor_usage":[6,16,33,33,50,50],"damage_taken":[{"damage":0,"enemies":"2 Louse","floor":1,"turns":1},{"damage":0,"enemies":"Jaw Worm","floor":4,"turns":2},{"damage":0,"enemies":"Cultist","floor":5,"turns":2},{"damage":0,"enemies":"Replay:BlueRogue","floor":6,"turns":4},{"damage":2,"enemies":"Lagavulin","floor":7,"turns":4},{"damage":0,"enemies":"Blue Slaver","floor":8,"turns":1},{"damage":0,"enemies":"Gremlin Nob","floor":11,"turns":2},{"damage":0,"enemies":"Lagavulin","floor":12,"turns":1},{"damage":0,"enemies":"3 Sentries","floor":14,"turns":5},{"damage":0,"enemies":"The Guardian","floor":16,"turns":6},{"damage":0,"enemies":"Shell Parasite","floor":18,"turns":2},{"damage":0,"enemies":"Replay:Snechameleon","floor":21,"turns":2},{"damage":0,"enemies":"Gremlin Leader","floor":23,"turns":1},{"damage":0,"enemies":"Spheric Guardian","floor":24,"turns":1},{"damage":0,"enemies":"Shelled Parasite and Fungi","floor":29,"turns":1},{"damage":0,"enemies":"Sentry and Sphere","floor":30,"turns":1},{"damage":0,"enemies":"Book of Stabbing","floor":31,"turns":2},{"damage":0,"enemies":"Champ","floor":33,"turns":2},{"damage":0,"enemies":"3 Shapes","floor":35,"turns":3},{"damage":0,"enemies":"3 Darklings","floor":37,"turns":1},{"damage":0,"enemies":"Nemesis","floor":39,"turns":1},{"damage":0,"enemies":"R_Hoarder","floor":40,"turns":2},{"damage":0,"enemies":"Giant Head","floor":41,"turns":1},{"damage":0,"enemies":"R_Hoarder","floor":44,"turns":2},{"damage":0,"enemies":"Reptomancer","floor":45,"turns":1},{"damage":0,"enemies":"Nemesis","floor":46,"turns":1},{"damage":0,"enemies":"R_Hoarder","floor":48,"turns":1},{"damage":0,"enemies":"Donu and Deca","floor":50,"turns":3}],"seed_played":"-7715325561525387141","potions_obtained":[{"floor":1,"key":"Toxic Potion"},{"floor":6,"key":"SpeedPotion"},{"floor":7,"key":"LiquidMemories"},{"floor":8,"key":"SteroidPotion"},{"floor":18,"key":"SpeedPotion"},{"floor":23,"key":"Energy Potion"},{"floor":30,"key":"Dexterity Potion"},{"floor":34,"key":"Dexterity Potion"},{"floor":40,"key":"Block Potion"}],"is_trial":true,"path_per_floor":["M","?","?","M","M","E","E","M","T","$","E","E","T","E","R","B",null,"M","?","?","E","$","E","M","$","T","$","?","M","M","E","R","B",null,"M","$","M","$","E","E","E","$","T","E","E","E","$","E","R","B",null],"character_chosen":"THE_SILENT","items_purchased":["Replay:Wax Seal","Vajra","Guide Book","Lantern","ReplayTheSpireMod:Lightbulb","PowerPotion","Choke","Blue Doll","Slice","PowerPotion","Chemical X","Frozen Egg 2","Replay:Baseball","Deep Breath","Mercury Hourglass","Acrobatics","Accuracy+1","Footwork+1","Akabeko"],"campfire_rested":1,"item_purchase_floors":[10,10,10,22,22,22,22,27,27,27,36,36,36,36,38,38,42,47,47],"current_hp_per_floor":[70,70,70,70,70,70,68,68,68,68,70,70,70,70,70,70,70,70,70,70,70,70,70,70,70,70,70,70,70,70,70,70,70,75,75,75,75,75,77,77,79,79,79,81,84,86,89,92,92,92],"gold":145,"neow_bonus":"","is_daily":false,"chose_seed":false,"campfire_upgraded":0,"win_rate":0.0,"timestamp":1609230087,"path_taken":["M","?","?","M","M","E","?","?","T","$","?","E","?","?","R","BOSS","M","?","?","?","?","E","?","$","T","$","?","?","M","?","R","BOSS","M","$","?","$","?","E","E","$","T","?","E","E","?","?","R","BOSS"],"items_purchased_type":["Relic","Relic","Relic","Relic","Relic","Potion","Card","Relic","Card","Potion","Relic","Relic","Relic","Card","Relic","Card","Card","Card","Relic"],"build_version":"2020-12-22","purchased_purges":5,"victory":true,"max_hp_per_floor":[70,70,70,70,70,70,70,70,70,70,70,70,70,70,70,70,70,70,70,70,70,70,70,70,70,70,70,70,70,70,70,70,70,75,75,75,75,75,77,77,79,79,79,81,84,86,89,92,92,92],"card_choices":[{"not_picked":["Grand Finale","ReplayTheSpireMod:Necrosis"],"picked":"Storm of Steel","floor":6},{"not_picked":["Doppelganger","Poison Darts"],"picked":"ReplayTheSpireMod:From All Sides","floor":7},{"not_picked":["Burst","A Thousand Cuts"],"picked":"Adrenaline","floor":11},{"not_picked":["Venomology","Storm of Steel"],"picked":"Envenom","floor":12},{"not_picked":["Doppelganger","Grand Finale","Poison Darts"],"picked":"SKIP","floor":14},{"not_picked":["Wraith Form v2","Phantasmal Killer"],"picked":"Malaise","floor":21},{"not_picked":["Bullet Time","Tools of the Trade"],"picked":"Burst","floor":23},{"not_picked":["Wraith Form v2","Poison Darts","ReplayTheSpireMod:From All Sides"],"picked":"SKIP","floor":31},{"not_picked":["Crippling Poison+1","Blade Dance"],"picked":"Infinite Blades","floor":34},{"not_picked":["Corpse Explosion","ReplayTheSpireMod:From All Sides","Glass Knife"],"picked":"Singing Bowl","floor":39},{"not_picked":["Storm of Steel","Grand Finale"],"picked":"After Image+1","floor":40},{"not_picked":["Grand Finale","Adrenaline","Replay:Bag of Tricks"],"picked":"Singing Bowl","floor":41},{"not_picked":["Envenom+1","Night Terror","Replay:Bag of Tricks"],"picked":"Singing Bowl","floor":44},{"not_picked":["ReplayTheSpireMod:Necrosis","Venomology"],"picked":"Tools of the Trade+1","floor":45},{"not_picked":["Glass Knife","Adrenaline","Unload"],"picked":"Singing Bowl","floor":46},{"not_picked":["Poison Darts","Grand Finale"],"picked":"A Thousand Cuts+1","floor":48}],"player_experience":493200,"relics_obtained":[{"floor":1,"key":"ReplayTheSpireMod:TigerMarble"},{"floor":4,"key":"ReplayFunnel"},{"floor":5,"key":"Paper Crane"},{"floor":6,"key":"Darkstone Periapt"},{"floor":7,"key":"Replay:Mystery Machine"},{"floor":8,"key":"Matryoshka"},{"floor":9,"key":"Snack Pack"},{"floor":9,"key":"Replay:WaspNest"},{"floor":11,"key":"War Paint"},{"floor":12,"key":"Replay:Rubber Ducky"},{"floor":13,"key":"PreservedInsect"},{"floor":13,"key":"Art of War"},{"floor":14,"key":"Letter Opener"},{"floor":18,"key":"Potion Belt"},{"floor":21,"key":"Mirror"},{"floor":23,"key":"Bird Faced Urn"},{"floor":24,"key":"Bag of Preparation"},{"floor":26,"key":"Mummified Hand"},{"floor":29,"key":"ReplayTheSpireMod:Ninjato"},{"floor":30,"key":"Replay:Bottled Eggs"},{"floor":31,"key":"Garlic"},{"floor":35,"key":"Simple Rune"},{"floor":37,"key":"Nunchaku"},{"floor":39,"key":"Singing Bowl"},{"floor":40,"key":"MawBank"},{"floor":41,"key":"Snake Skull"},{"floor":43,"key":"Replay:Ringing Soul"},{"floor":44,"key":"Omamori"},{"floor":45,"key":"Pocketwatch"},{"floor":46,"key":"Replay:Bottled Flurry"},{"floor":48,"key":"Turnip"},{"floor":49,"key":"InkBottle"}],"event_choices":[{"damage_healed":0,"gold_gain":0,"player_choice":"Ignored","damage_taken":0,"max_hp_gain":0,"max_hp_loss":0,"event_name":"Shining Light","floor":2,"gold_loss":0},{"damage_healed":0,"gold_gain":0,"player_choice":"Ignored","damage_taken":0,"max_hp_gain":0,"max_hp_loss":0,"event_name":"NoteForYourself","floor":3,"gold_loss":0},{"damage_healed":0,"gold_gain":0,"player_choice":"Ignored","damage_taken":0,"max_hp_gain":0,"max_hp_loss":0,"event_name":"Vampires","floor":19,"gold_loss":0},{"damage_healed":0,"gold_gain":0,"player_choice":"Upgraded","damage_taken":0,"max_hp_gain":0,"max_hp_loss":0,"event_name":"Upgrade Shrine","floor":20,"gold_loss":0,"cards_upgraded":["Envenom"]},{"damage_healed":0,"gold_gain":0,"player_choice":"Read","damage_taken":0,"max_hp_gain":0,"max_hp_loss":0,"event_name":"The Library","floor":28,"gold_loss":0,"cards_obtained":["ReplayTheSpireMod:Scrap Shanks"]}],"is_beta":false,"boss_relics":[{"not_picked":["Kintsugi","ReplayTheSpireMod:DimensionalGlitch"],"picked":"Ring of the Serpent"},{"not_picked":["HoveringKite","Honey Jar"],"picked":"Tiny House"}],"items_purged_floors":[10,22,25,36,42],"is_endless":false,"potions_floor_spawned":[1,6,7,8,11,18,23,24,30,40,44,45,46],"ascension_level":0}}