{"host":"qfskrnw3pl1q86j0","time":1609260866,"event":{"mods":["BaseMod","Block Reminder","Hermit","Marisa????????","Minty Spire (QoL Compilation)","Quick Restart","Random Character Button","Relic Stats","StSLib","The Poker Player","slay the spire mod where everything is the same but ironclad has a cowboy hat"],"gold_per_floor":[115,127,147,72,86,86,9,9,9,9,9,9,9,28,28,130,130,142,42,53,72,90,90,103,119,119,137,152,67,67,81,81,176,176,188,63,73,0,25,25,54,73,73,73,99,148,148,168,168,168],"floor_reached":51,"playtime":1904,"items_purged":["hermit:Strike_Hermit","hermit:Maintenance","hermit:Covet"],"score":723,"play_id":"ce8ba17f-3ee8-4f80-8f9d-25a36095939d","local_time":"20201229175426","is_ascension_mode":false,"campfire_choices":[{"data":"hermit:Snapshot","floor":6,"key":"SMITH"},{"data":"hermit:Manifest","floor":8,"key":"SMITH"},{"data":"hermit:Glare","floor":12,"key":"SMITH"},{"data":"hermit:Horror","floor":15,"key":"SMITH"},{"data":"hermit:FlashPowder","floor":23,"key":"SMITH"},{"data":"hermit:Manifest","floor":30,"key":"SMITH"},{"data":"hermit:Gestalt","floor":32,"key":"SMITH"},{"data":"hermit:Brawl","floor":40,"key":"SMITH"},{"floor":44,"key":"REST"},{"data":"hermit:FromBeyond","floor":47,"key":"SMITH"},{"floor":49,"key":"REST"}],"circlet_count":0,"master_deck":["hermit:Snapshot+1","hermit:Gestalt+1","hermit:Glare+1","hermit:Horror+1","hermit:Manifest+1","hermit:Horror+1","hermit:RoundhouseKick","hermit:FromBeyond+1","hermit:Malice","hermit:LowProfile","hermit:Horror","hermit:FromBeyond","hermit:CursedWeapon","hermit:Headshot+1","hermit:WideOpen+1","hermit:FlashPowder+1","hermit:Manifest+1","hermit:RoundhouseKick","hermit:Manifest+1","hermit:Brawl+1","hermit:Determination+1"],"relics":["Philosopher\u0027s Stone","hermit:Horseshoe","TungstenRod","Pandora\u0027s Box","Ornamental Fan","Tiny Chest","Sozu","Red Mask","CeramicFish","Mummified Hand","HornCleat","CatCart"],"acts_visited":["Exordium","TheCity","TheBeyond"],"potions_floor_usage":[16,18,25,33,33,41,41],"damage_taken":[{"damage":0,"enemies":"Small Slimes","floor":1,"turns":3},{"damage":1,"enemies":"Jaw Worm","floor":2,"turns":3},{"damage":1,"enemies":"Cultist","floor":3,"turns":3},{"damage":6,"enemies":"Lots of Slimes","floor":5,"turns":3},{"damage":0,"enemies":"Exordium Thugs","floor":14,"turns":4},{"damage":11,"enemies":"Hexaghost","floor":16,"turns":11},{"damage":19,"enemies":"3 Byrds","floor":18,"turns":3},{"damage":1,"enemies":"Chosen","floor":20,"turns":2},{"damage":1,"enemies":"Snake Plant","floor":21,"turns":2},{"damage":1,"enemies":"3 Cultists","floor":22,"turns":3},{"damage":1,"enemies":"Snecko","floor":24,"turns":3},{"damage":0,"enemies":"Snake Plant","floor":25,"turns":2},{"damage":1,"enemies":"3 Cultists","floor":27,"turns":4},{"damage":1,"enemies":"Centurion and Healer","floor":28,"turns":3},{"damage":0,"enemies":"Snecko","floor":31,"turns":2},{"damage":1,"enemies":"Automaton","floor":33,"turns":6},{"damage":1,"enemies":"Orb Walker","floor":35,"turns":3},{"damage":4,"enemies":"3 Shapes","floor":37,"turns":2},{"damage":22,"enemies":"Reptomancer","floor":41,"turns":5},{"damage":21,"enemies":"Spire Growth","floor":42,"turns":3},{"damage":1,"enemies":"Writhing Mass","floor":45,"turns":4},{"damage":11,"enemies":"Orin","floor":46,"turns":7},{"damage":3,"enemies":"Sphere and 2 Shapes","floor":48,"turns":3},{"damage":63,"enemies":"Time Eater","floor":50,"turns":11}],"seed_played":"-7225735545640663588","potions_obtained":[{"floor":3,"key":"LiquidBronze"},{"floor":14,"key":"Weak Potion"},{"floor":16,"key":"PowerPotion"},{"floor":18,"key":"GamblersBrew"},{"floor":22,"key":"ColorlessPotion"},{"floor":27,"key":"ColorlessPotion"},{"floor":31,"key":"Explosive Potion"},{"floor":33,"key":"SkillPotion"}],"is_trial":false,"path_per_floor":["M","M","M","$","M","R","$","R","T","?","?","R","$","M","R","B",null,"M","$","M","M","M","R","M","M","T","M","M","?","R","M","R","B",null,"M","$","M","?","T","R","E","M","T","R","M","?","R","M","R","B",null],"character_chosen":"HERMIT","items_purchased":["hermit:Horror"],"campfire_rested":2,"item_purchase_floors":[7],"current_hp_per_floor":[75,74,73,73,67,67,67,67,67,52,19,19,19,19,19,8,75,56,56,55,54,53,53,52,52,52,51,50,50,50,50,50,49,75,74,74,70,70,70,70,48,27,27,49,48,37,37,34,56,16],"gold":168,"neow_bonus":"BOSS_RELIC","is_daily":false,"chose_seed":false,"campfire_upgraded":9,"win_rate":0.0,"timestamp":1609260866,"path_taken":["M","M","M","$","M","R","$","R","T","?","?","R","?","?","R","BOSS","M","$","M","M","M","R","M","?","T","M","M","?","R","M","R","BOSS","M","$","M","?","?","R","E","M","T","R","M","?","R","M","R","BOSS"],"items_purchased_type":["Card"],"build_version":"2020-12-22","purchased_purges":3,"victory":true,"max_hp_per_floor":[75,75,75,75,75,75,75,75,75,75,75,75,75,75,75,75,75,75,75,75,75,75,75,75,75,75,75,75,75,75,75,75,75,75,75,75,75,75,75,75,75,75,75,75,75,75,75,75,75,75],"relic_stats":{"Sozu":4,"counters":[24,95],"Ornamental Fan":[24],"Mummified Hand":[10],"CeramicFish":9,"Pandora\u0027s Box":["hermit:Maintenance","hermit:FromBeyond","hermit:Malice","hermit:LowProfile","hermit:Horror","hermit:FromBeyond","hermit:CursedWeapon"],"Tiny Chest":0,"obtain_stats":[{"CeramicFish":39,"Sozu":34,"HornCleat":43,"Ornamental Fan":26,"Mummified Hand":41,"Philosopher\u0027s Stone":0,"Pandora\u0027s Box":17,"Tiny Chest":29,"Red Mask":38,"CatCart":46,"hermit:Horseshoe":9,"hermit:Momento":0,"TungstenRod":11},{"CeramicFish":18,"Sozu":16,"HornCleat":20,"Ornamental Fan":12,"Mummified Hand":19,"Philosopher\u0027s Stone":0,"Pandora\u0027s Box":6,"Tiny Chest":14,"Red Mask":18,"CatCart":22,"hermit:Horseshoe":4,"hermit:Momento":0,"TungstenRod":4},{"CeramicFish":62,"Sozu":57,"HornCleat":70,"Ornamental Fan":42,"Mummified Hand":67,"Philosopher\u0027s Stone":0,"Pandora\u0027s Box":27,"Tiny Chest":49,"Red Mask":62,"CatCart":81,"hermit:Horseshoe":12,"hermit:Momento":0,"TungstenRod":12}],"TungstenRod":69},"card_choices":[{"not_picked":["hermit:Vantage","hermit:HighCaliber"],"picked":"hermit:Gestalt","floor":1},{"not_picked":["hermit:HoleUp","hermit:Snipe"],"picked":"hermit:Glare","floor":2},{"not_picked":["hermit:Feint","hermit:FatalDesire"],"picked":"hermit:Horror","floor":3},{"not_picked":["hermit:HighCaliber","hermit:TakeCover"],"picked":"hermit:Manifest","floor":5},{"not_picked":["hermit:LowProfile","hermit:TrackingShot","hermit:Roulette"],"picked":"SKIP","floor":14},{"not_picked":["hermit:FinalCanter","hermit:Gambit"],"picked":"hermit:RoundhouseKick","floor":16},{"not_picked":["hermit:FullyLoaded","hermit:TrackingShot"],"picked":"hermit:Headshot+1","floor":18},{"not_picked":["hermit:Snipe","hermit:Quickdraw"],"picked":"hermit:WideOpen+1","floor":20},{"not_picked":["hermit:WideOpen","hermit:Coalescence","hermit:ItchyTrigger"],"picked":"SKIP","floor":21},{"not_picked":["hermit:HighCaliber","hermit:Glare"],"picked":"hermit:FlashPowder","floor":22},{"not_picked":["hermit:DeadMansHand","hermit:Desperado","hermit:TakeAim"],"picked":"SKIP","floor":24},{"not_picked":["hermit:Vantage","hermit:Roulette","hermit:Desperado"],"picked":"SKIP","floor":25},{"not_picked":["hermit:Cheat","hermit:SprayPray+1","hermit:Desperado"],"picked":"SKIP","floor":27},{"not_picked":["hermit:LowProfile","hermit:Glare+1"],"picked":"hermit:Manifest","floor":28},{"not_picked":["hermit:Cheat","hermit:Maintenance","hermit:HoleUp"],"picked":"SKIP","floor":31},{"not_picked":["hermit:Reprieve","hermit:FatalDesire"],"picked":"hermit:RoundhouseKick","floor":33},{"not_picked":["hermit:Feint+1","hermit:WideOpen+1"],"picked":"hermit:Manifest+1","floor":35},{"not_picked":["hermit:BigShot","hermit:Determination"],"picked":"hermit:Brawl","floor":37},{"not_picked":["hermit:Ricochet","hermit:Misfire","hermit:Vantage+1"],"picked":"SKIP","floor":41},{"not_picked":["hermit:Misfire","hermit:GoldenBullet","hermit:Manifest"],"picked":"SKIP","floor":42},{"not_picked":["hermit:Midnight","hermit:Desperado+1"],"picked":"hermit:Determination+1","floor":45},{"not_picked":["hermit:PistolWhip","hermit:SprayPray","hermit:Coalescence+1"],"picked":"SKIP","floor":48},{"not_picked":["hermit:PistolWhip","hermit:SprayPray","hermit:Coalescence+1"],"picked":"SKIP","floor":48}],"player_experience":876946,"relics_obtained":[{"floor":9,"key":"hermit:Horseshoe"},{"floor":26,"key":"Ornamental Fan"},{"floor":39,"key":"CeramicFish"},{"floor":41,"key":"Mummified Hand"},{"floor":43,"key":"HornCleat"},{"floor":46,"key":"CatCart"}],"event_choices":[{"damage_healed":0,"gold_gain":0,"player_choice":"Entered Light","damage_taken":15,"max_hp_gain":0,"max_hp_loss":0,"event_name":"Shining Light","floor":10,"gold_loss":0,"cards_upgraded":["hermit:Horror","hermit:Defend_Hermit"]},{"damage_healed":0,"gold_gain":0,"player_choice":"Success","damage_taken":33,"relics_obtained":["TungstenRod"],"max_hp_gain":0,"max_hp_loss":0,"event_name":"Scrap Ooze","floor":11,"gold_loss":0},{"damage_healed":0,"gold_gain":0,"player_choice":"Obtained Relic","damage_taken":0,"relics_obtained":["Tiny Chest"],"max_hp_gain":0,"max_hp_loss":0,"event_name":"Addict","floor":29,"gold_loss":85},{"damage_healed":0,"gold_gain":0,"player_choice":"Paid","damage_taken":0,"relics_obtained":["Red Mask"],"max_hp_gain":0,"max_hp_loss":0,"event_name":"Tomb of Lord Red Mask","floor":38,"gold_loss":73},{"damage_healed":0,"gold_gain":0,"player_choice":"Fight","damage_taken":0,"max_hp_gain":0,"max_hp_loss":0,"event_name":"OrinTheCat","floor":46,"gold_loss":0}],"is_beta":false,"boss_relics":[{"not_picked":["Calling Bell","Empty Cage"],"picked":"Pandora\u0027s Box"},{"not_picked":["SlaversCollar","Fusion Hammer"],"picked":"Sozu"}],"items_purged_floors":[4,19,36],"is_endless":false,"potions_floor_spawned":[3,14,16,18,22,27,31,33,35,42,45,46],"ascension_level":0}}