{"host":"d73an99q9oevilk5","time":1609206264,"event":{"mods":["2.2 Compatiblity","AchievementEnabler","Act Like it!","Aspiration","BaseMod","Beaked The Cultist","Better Third Choice","BetterRewards","Colored Map","Colored Powertips","Conspire","GifTheSpireLib","Halation","Hubris","Infinite Spire","Mimic Mod","Minty Spire (QoL Compilation)","Quick Restart","Relic Sorter","Replay The Spire","Shop Mod","Spikes Relics","StSLib","Stuff the Spire","The Cursed","The Necromancer","The Saiyan","The Senshi","Waifu the Spire","egg","slay the spire mod where everything is the same but ironclad has a cowboy hat","vexMod"],"gold_per_floor":[112,125,71,71,34,66,85,97,130,305,322,348,381,399,487,587,587,605,574,587,587,174,174,199,199,237,237,237,237],"floor_reached":28,"playtime":1402,"items_purged":[],"score":398,"play_id":"58231289-1fcc-4b8d-893f-ff48d96d7d07","local_time":"20201228184424","is_ascension_mode":false,"campfire_choices":[{"data":"beaked:Brace","floor":23.0,"key":"SMITH"}],"circlet_count":0,"master_deck":["beaked:Strike_Y","beaked:Strike_Y","beaked:Strike_Y","beaked:Strike_Y","beaked:Strike_Y","beaked:Defend_Y","beaked:Defend_Y","beaked:Defend_Y","beaked:Ceremony","beaked:Ceremony+1","beaked:Ceremony+1","beaked:Sacrifice","beaked:Foresight","ReplayTheSpireMod:Prepare the Ceremony+1","beaked:MaddeningMurmurs","beaked:Foresight","beaked:MimicWarrior","Doubt","beaked:Foresight","beaked:Brace+1","beaked:WindBringer","beaked:MachineEssence","beaked:FeelMyPain"],"relics":["beaked:MendingPlumage","vexMod:PaidLearning","aspiration:HatOfInfinitePower","Replay:PocketPolymizer","aspiration:TomeofQuesting","Pantograph","Odd Mushroom","hubris:CuriousFeather","Black Star","Lee\u0027s Waffle","Gremlin Horn","Replay:Ringing Soul","StuffTheSpire:Experiment12","StuffTheSpire:MayFlowers"],"acts_visited":["Exordium","TheCity"],"potions_floor_usage":[28,28],"damage_taken":[{"damage":1.0,"enemies":"Jaw Worm","floor":1.0,"turns":5.0},{"damage":11.0,"enemies":"Small Slimes","floor":2.0,"turns":3.0},{"damage":34.0,"enemies":"3 Sentries","floor":6.0,"turns":7.0},{"damage":0.0,"enemies":"2 Louse","floor":7.0,"turns":3.0},{"damage":40.0,"enemies":"Exordium Wildlife","floor":8.0,"turns":7.0},{"damage":11.0,"enemies":"Lots of Slimes","floor":9.0,"turns":7.0},{"damage":0.0,"enemies":"Lots of Slimes","floor":11.0,"turns":1.0},{"damage":13.0,"enemies":"The Mushroom Lair","floor":12.0,"turns":4.0},{"damage":58.0,"enemies":"Gremlin Nob","floor":13.0,"turns":6.0},{"damage":18.0,"enemies":"Large Slime","floor":14.0,"turns":6.0},{"damage":36.0,"enemies":"Slime Boss","floor":16.0,"turns":8.0},{"damage":31.0,"enemies":"Chosen","floor":18.0,"turns":6.0},{"damage":31.0,"enemies":"2 Thieves","floor":19.0,"turns":5.0},{"damage":62.0,"enemies":"Shelled Parasite and Fungi","floor":20.0,"turns":6.0},{"damage":87.0,"enemies":"Gremlin Leader","floor":24.0,"turns":7.0},{"damage":66.0,"enemies":"Centurion and Healer","floor":26.0,"turns":10.0},{"damage":109,"enemies":"Book of Stabbing","floor":28,"turns":6}],"seed_played":"-2630569054753909500","potions_obtained":[{"floor":1.0,"key":"Block Potion"},{"floor":11.0,"key":"Explosive Potion"},{"floor":12.0,"key":"Flashbang"},{"floor":14.0,"key":"SpeedPotion"},{"floor":16.0,"key":"Ancient Potion"},{"floor":18.0,"key":"LiquidMemories"}],"is_trial":false,"path_per_floor":["M","M","$","?","$","E","M","M","MIM","?","M","?","E","M","R_BF","B",null,"M","M","M","$","$","R","E","?","MIM","?","E"],"character_chosen":"BEAKED_THE_CULTIST","items_purchased":["vexMod:PaidLearning","Explosive Potion","beaked:Foresight","beaked:MaddeningMurmurs","Lee\u0027s Waffle","Gremlin Horn"],"campfire_rested":0,"item_purchase_floors":[0,0,3,5,22,22],"current_hp_per_floor":[41,41,41,41,41,39,49,42,65,65,65,66,23,31,31,62,74,71,70,43,43,81,81,34,34,34,61,0,0],"gold":237,"neow_bonus":"","is_daily":false,"chose_seed":false,"campfire_upgraded":1,"win_rate":0.0,"timestamp":1609206264,"path_taken":["M","M","$","?","$","E","M","M","MIM","?","M","?","E","?","R_BF","BOSS","M","M","M","?","$","R","E","?","MIM","?","E"],"items_purchased_type":["Relic","Potion","Card","Card","Relic","Relic"],"build_version":"2020-12-22","purchased_purges":0,"victory":false,"max_hp_per_floor":[53,56,56,56,56,59,62,65,65,65,65,68,68,71,71,74,74,74,74,74,74,81,81,81,81,81,81,81,81],"card_choices":[{"not_picked":["beaked:TuckingFeathers","beaked:Tradeoff","beaked:SurvivalInstinct"],"picked":"SKIP","floor":1.0},{"not_picked":["beaked:SacrificialAttack","beaked:Poke","beaked:RuinSticks"],"picked":"SKIP","floor":2.0},{"not_picked":["beaked:RuinSticks","beaked:Flinch","beaked:BraceForImpact"],"picked":"SKIP","floor":6.0},{"not_picked":["beaked:Poke","beaked:Daydream"],"picked":"beaked:Foresight","floor":7.0},{"not_picked":["beaked:Insight","beaked:Poke","beaked:DarkTribute"],"picked":"SKIP","floor":8.0},{"not_picked":["beaked:Struggle","beaked:VigorBurst"],"picked":"beaked:MimicWarrior","floor":9.0},{"not_picked":["beaked:VigorBurst","beaked:Cower"],"picked":"beaked:Foresight","floor":11.0},{"not_picked":["beaked:Daydream","beaked:BounceBack"],"picked":"beaked:Brace","floor":13.0},{"not_picked":["beaked:TuckingFeathers","ReplayTheSpireMod:Wings of Steel"],"picked":"beaked:WindBringer","floor":14.0},{"not_picked":["beaked:CheekyTricks","beaked:WildInstinct"],"picked":"beaked:MachineEssence","floor":16.0},{"not_picked":["beaked:Tweet","beaked:DesperateSwing","beaked:Daydream"],"picked":"SKIP","floor":18.0},{"not_picked":["beaked:Tradeoff","beaked:DigDeep","beaked:Poke"],"picked":"SKIP","floor":19.0},{"not_picked":["beaked:Redirect+1","beaked:Windmill"],"picked":"beaked:FeelMyPain","floor":20.0},{"not_picked":["beaked:Devastation","beaked:TuckingFeathers","beaked:Overpower"],"picked":"SKIP","floor":24.0}],"player_experience":1758421,"relics_obtained":[{"floor":6.0,"key":"aspiration:TomeofQuesting"},{"floor":9.0,"key":"Pantograph"},{"floor":12.0,"key":"Odd Mushroom"},{"floor":13.0,"key":"hubris:CuriousFeather"},{"floor":24.0,"key":"Replay:Ringing Soul"},{"floor":24.0,"key":"StuffTheSpire:Experiment12"},{"floor":26.0,"key":"StuffTheSpire:MayFlowers"}],"event_choices":[{"damage_healed":0.0,"max_hp_gain":0.0,"max_hp_loss":0.0,"gold_gain":175.0,"event_name":"betterThird:BetterSerpent","player_choice":"AGREE","floor":10.0,"gold_loss":0.0,"damage_taken":130.0},{"damage_healed":0.0,"max_hp_gain":0.0,"max_hp_loss":0.0,"gold_gain":0.0,"event_name":"Mushrooms","player_choice":"Fought Mushrooms","floor":12.0,"gold_loss":0.0,"damage_taken":0.0},{"damage_healed":0.0,"max_hp_gain":0.0,"max_hp_loss":0.0,"gold_gain":0.0,"event_name":"conspire:Investor","player_choice":"Leave","floor":25.0,"gold_loss":0.0,"damage_taken":0.0},{"damage_healed":27.0,"max_hp_gain":0.0,"max_hp_loss":0.0,"gold_gain":0.0,"event_name":"The Library","player_choice":"Heal","floor":27.0,"gold_loss":0.0,"damage_taken":0.0}],"is_beta":false,"boss_relics":[{"not_picked":["halation:PlatinumPhoenix","infinitespire:Cupcake"],"picked":"Black Star"}],"items_purged_floors":[],"is_endless":false,"potions_floor_spawned":[1,11,12,14,16,18],"killed_by":"Book of Stabbing","ascension_level":0}}