{"host":"czyrp3agadxx2eka","time":1609254248,"event":{"mods":["BaseMod","Colored Map","Downfall","Hubris","Infinite Spire","Minty Spire (QoL Compilation)","Replay The Spire","StSLib"],"gold_per_floor":[99,99,99,99,126,126,126,31,31,48,83,83,96,193,193,193,208,208,208,279,366,436,499,511,581,652,683,748,865,927,939,1001,1063,1085,1097,1109,1171,1259,1271,527,561,561,561,574,591,591],"floor_reached":53,"playtime":3981,"items_purged":["Guardian:VentSteam"],"score":660,"play_id":"cb32d9f9-cf85-47cc-8858-cc340c8f3d00","local_time":"20201229130408","is_ascension_mode":false,"campfire_choices":[{"floor":1,"key":"DIG"},{"data":"Guardian:PrismaticBeam","floor":11,"key":"SMITH"},{"floor":18,"key":"DIG"},{"data":"Guardian:BaubleBeam","floor":28,"key":"SMITH"},{"data":"Guardian:PiercingHide","floor":35,"key":"SMITH"},{"data":"expansioncontent:DashGenerateEvil","floor":47,"key":"SMITH"},{"data":"Guardian:TwinSlam","floor":49,"key":"SMITH"}],"circlet_count":0,"master_deck":["Guardian:Strike_Guardian","Guardian:Strike_Guardian","Guardian:Strike_Guardian","Guardian:Strike_Guardian","Guardian:Defend_Guardian+1","Guardian:Defend_Guardian","Guardian:Defend_Guardian+1","Guardian:Defend_Guardian","Guardian:CurlUp","Guardian:TwinSlam+1","Guardian:SentryBeam","Guardian:Planning","Guardian:PrismaticBeam+1","Guardian:PiercingHide","Guardian:BaubleBeam+1","Guardian:FastForward+1","Guardian:PiercingHide+1","Guardian:Incinerate+1","Guardian:Incinerate+1","Guardian:ChargeUp+1","Guardian:ExploitGems","expansioncontent:DashGenerateEvil+1","Guardian:Gem_Green","Guardian:Gem_Green"],"relics":["Guardian:ModeShifter","downfall:HeartsMalice","hubris:Teleporter","Replay:Mystery Machine","hubris:Icosahedron","Mercury Hourglass","Replay:Bronze Core","War Paint","downfall:KnowingSkull","MawBank","Replay:WaspNest","Tiny House","Pen Nib","infinitespire:CheckeredPen","infinitespire:Lucky Rock","Toy Ornithopter","ClockworkSouvenir","Replay:Accelerometer"],"acts_visited":["Exordium","TheCity","TheBeyond"],"potions_floor_usage":[16,23,30,33,33,33,46,46,52,52],"damage_taken":[{"damage":0,"enemies":"Small Slimes","floor":3,"turns":1},{"damage":0,"enemies":"Cultist","floor":6,"turns":1},{"damage":0,"enemies":"2 Louse","floor":8,"turns":1},{"damage":0,"enemies":"downfall:FleeingMerchant","floor":10,"turns":4},{"damage":11,"enemies":"Exordium Thugs","floor":12,"turns":4},{"damage":14,"enemies":"Lagavulin","floor":13,"turns":11},{"damage":0,"enemies":"Lots of Slimes","floor":15,"turns":2},{"damage":42,"enemies":"downfall:Defect","floor":16,"turns":10},{"damage":0,"enemies":"Shell Parasite","floor":19,"turns":4},{"damage":3,"enemies":"Centurion and Healer","floor":23,"turns":7},{"damage":16,"enemies":"Snake Plant","floor":25,"turns":4},{"damage":6,"enemies":"Shelled Parasite and Fungi","floor":26,"turns":4},{"damage":6,"enemies":"Centurion and Healer","floor":29,"turns":4},{"damage":15,"enemies":"Cultist and Chosen","floor":30,"turns":6},{"damage":1,"enemies":"Chosen and Byrds","floor":31,"turns":3},{"damage":11,"enemies":"Snecko","floor":32,"turns":5},{"damage":11,"enemies":"downfall:Watcher","floor":33,"turns":11},{"damage":5,"enemies":"3 Darklings","floor":36,"turns":5},{"damage":14,"enemies":"3 Shapes","floor":37,"turns":4},{"damage":1,"enemies":"Spire Growth","floor":39,"turns":4},{"damage":3,"enemies":"downfall:FleeingMerchant","floor":45,"turns":5},{"damage":3,"enemies":"Reptomancer","floor":46,"turns":4},{"damage":1,"enemies":"Jaw Worm Horde","floor":50,"turns":3},{"damage":11,"enemies":"4 Shapes","floor":51,"turns":3},{"damage":26,"enemies":"downfall:Ironclad","floor":52,"turns":10}],"seed_played":"-3961380712888038540","potions_obtained":[{"floor":12,"key":"Reflective Coating"},{"floor":16,"key":"BlessingOfTheForge"},{"floor":19,"key":"EssenceOfSteel"},{"floor":25,"key":"Guardian:AcceleratePotion"},{"floor":32,"key":"Regen Potion"},{"floor":33,"key":"ColorlessPotion"},{"floor":34,"key":"Cursed Concoction"},{"floor":37,"key":"Adrenaline Potion"},{"floor":46,"key":"AttackPotion"},{"floor":50,"key":"FearPotion"},{"floor":51,"key":"GamblersBrew"}],"is_trial":false,"path_per_floor":["R_BF","M","?","M","T","M","?","$","R","M","E","?","M","B",null,"R_BF","M","?","AVR","M","T","M","M","R","M","M","M","M","B",null,"R","M","M","M","PTL","PTL","?","T","?","$","E","R","R","M","M","B",null],"character_chosen":"GUARDIAN","items_purchased":["Guardian:PrismaticBeam","Guardian:Gem_Purple","expansioncontent:DashGenerateEvil","infinitespire:Lucky Rock","Toy Ornithopter","ClockworkSouvenir"],"campfire_rested":0,"item_purchase_floors":[10,45,45,45,45,45],"current_hp_per_floor":[80,80,80,80,80,80,80,80,80,69,55,55,55,13,80,80,80,72,72,69,69,53,47,47,41,26,25,14,18,85,85,80,66,65,65,65,31,31,31,28,35,35,35,34,23,7],"gold":591,"neow_bonus":"THREE_ENEMY_KILL","is_daily":false,"chose_seed":false,"campfire_upgraded":5,"win_rate":0.0,"timestamp":1609254248,"path_taken":["R_BF","M","?","M","T","?","?","$","R","M","E","?","M","BOSS","R_BF","M","?","AVR","M","T","?","M","R","M","?","M","M","BOSS","R","M","M","M","PTL","PTL","?","T","?","$","E","R","R","M","M","BOSS"],"items_purchased_type":["Card","Card","Card","Relic","Relic","Relic"],"build_version":"2020-12-22","purchased_purges":1,"victory":true,"max_hp_per_floor":[80,80,80,80,80,80,80,80,80,80,80,80,80,80,80,80,80,80,80,80,80,80,80,80,80,80,80,80,80,85,85,85,85,85,85,85,85,85,85,85,85,85,85,85,85,85],"card_choices":[{"not_picked":["Guardian:GuardianWhirl","Guardian:Incinerate"],"picked":"Guardian:SentryBeam","floor":3},{"not_picked":["Guardian:CrystalBeam","Guardian:BronzeOrb"],"picked":"Guardian:Planning","floor":6},{"not_picked":["Guardian:PiercingHide","Guardian:Reroute","Guardian:ShieldSpikes"],"picked":"SKIP","floor":8},{"not_picked":["Guardian:Emergency","Guardian:Gem_Blue"],"picked":"Guardian:Gem_Fragmented","floor":10},{"not_picked":["Guardian:MultiBeam","Guardian:CrystalBeam"],"picked":"Guardian:Gem_Purple","floor":12},{"not_picked":["Guardian:Suspension","Guardian:ChargeCore"],"picked":"Guardian:PiercingHide","floor":13},{"not_picked":["Guardian:ShieldCharger","Guardian:EvasiveProtocol","Guardian:Planning"],"picked":"SKIP","floor":15},{"not_picked":["Guardian:HyperBeam_Guardian","Guardian:AncientConstruct"],"picked":"Guardian:BaubleBeam","floor":16},{"not_picked":["Guardian:EvasiveProtocol+1","Guardian:DecasProtection+1"],"picked":"Guardian:Gem_Fragmented","floor":19},{"not_picked":["Guardian:PrismaticBeam","Guardian:EvasiveProtocol","Guardian:Reroute"],"picked":"SKIP","floor":23},{"not_picked":["Guardian:Gem_Cyan","Guardian:RefractedBeam"],"picked":"Guardian:Gem_Green","floor":25},{"not_picked":["Guardian:ArmoredProtocol","Guardian:Recover+1","Guardian:TimeCapacitor"],"picked":"SKIP","floor":26},{"not_picked":["Guardian:Recover","Guardian:TemporalShield","Guardian:Clone+1"],"picked":"SKIP","floor":29},{"not_picked":["Guardian:Repulse","Guardian:Recover+1","Guardian:VentSteam"],"picked":"SKIP","floor":30},{"not_picked":["Guardian:AncientConstruct","Guardian:PiercingHide+1"],"picked":"Guardian:VentSteam","floor":31},{"not_picked":["Guardian:SentryBeam+1","Guardian:WalkerClaw"],"picked":"Guardian:Gem_Lightblue","floor":32},{"not_picked":["Guardian:StasisStrike","Guardian:HyperBeam_Guardian"],"picked":"Guardian:FastForward","floor":33},{"not_picked":["Guardian:WalkerClaw","Guardian:TemporalShield"],"picked":"Guardian:PiercingHide","floor":34},{"not_picked":["Guardian:EvasiveProtocol+1","Guardian:Reroute+1"],"picked":"Guardian:Incinerate+1","floor":36},{"not_picked":["Guardian:TemporalShield+1","Guardian:VentSteam+1"],"picked":"Guardian:Incinerate+1","floor":37},{"not_picked":["Guardian:CrystalBeam","Guardian:VentSteam","Guardian:Recover+1"],"picked":"SKIP","floor":39},{"not_picked":["Guardian:Recover+1","Guardian:ShieldCharger"],"picked":"Guardian:ChargeUp+1","floor":42},{"not_picked":["Guardian:TemporalShield+1","Guardian:PrimingBeam+1"],"picked":"Guardian:ExploitGems","floor":42},{"not_picked":["Guardian:Suspension+1","Guardian:Reroute"],"picked":"Guardian:Gem_Lightblue","floor":45},{"not_picked":["Guardian:Incinerate+1","Guardian:PiercingHide+1"],"picked":"Guardian:Gem_White","floor":46},{"not_picked":["Guardian:BronzeOrb","Guardian:RollAttack"],"picked":"Guardian:Gem_Green","floor":50},{"not_picked":["Guardian:Incinerate","Guardian:PrismaticBeam+1"],"picked":"Guardian:Gem_Green","floor":51}],"player_experience":968,"relics_obtained":[{"floor":1,"key":"hubris:Teleporter"},{"floor":7,"key":"Replay:Mystery Machine"},{"floor":13,"key":"Mercury Hourglass"},{"floor":18,"key":"War Paint"},{"floor":24,"key":"Replay:WaspNest"},{"floor":42,"key":"Pen Nib"},{"floor":43,"key":"infinitespire:CheckeredPen"},{"floor":46,"key":"Replay:Accelerometer"}],"event_choices":[],"is_beta":false,"boss_relics":[{"not_picked":["Astrolabe","hubris:BlackHole"],"picked":"Replay:Bronze Core"},{"not_picked":["hubris:VirtuousBlindfold","Snecko Eye"],"picked":"Tiny House"}],"items_purged_floors":[45],"is_endless":false,"potions_floor_spawned":[12,16,19,25,32,33,37,46,50,51],"ascension_level":0}}