{"host":"f0dbpmn0khgeoqc0","time":1609229948,"event":{"mods":["2.2 Compatiblity","AchievementEnabler","Act Like it!","Ascension Unlocker","Aspiration","BaseMod","Better Altar","Better Match","Better Sensory Stone","Better Skull","Better Third Choice","BetterRewards","Block Reminder","Colored Map","Colored Powertips","Conspire","DNKmod","Disable Question Mark Monsters","Displayed Cursed Tome","Downfall","Friendly Minions","Hermit","Highlight Path","Humility","Infinite Spire","Jorbs\u0027s Wanderer Trilogy","Koishi","Marisa????????","Minty Spire (QoL Compilation)","MostiFishMod","Permanent Neow","Random Character Button","Relic Filter","Relic Stats","Spicy Shops","StSLib","Td1madao Mod","The Gatherer","Treasure Hunter","Wandering Minibosses","??????REMEMod"],"gold_per_floor":[338,353,363,381,80,80,106,121,185,185,232,256,256,303,303,418,418,447,469,469,21,44,53,62,105,30,53,78,135,162,190,115,234,234,264,276,307,307,336,336,345,388,417,437,493,514,439,491,491,503],"floor_reached":51,"playtime":2908,"items_purged":[],"score":1115,"play_id":"73300401-0469-410a-9683-de089b8ab267","local_time":"20201229031908","is_ascension_mode":true,"campfire_choices":[{"data":"Slimebound:Overexert","floor":6,"key":"SMITH"},{"data":"Slimebound:Split","floor":10,"key":"SMITH"},{"floor":13,"key":"REST"},{"data":"Slimebound:SlimeBarrage","floor":15,"key":"SMITH"},{"floor":26,"key":"RECALL"},{"data":"Slimebound:LeadByExample","floor":32,"key":"SMITH"},{"data":"Slimebound:MinionMaster","floor":40,"key":"SMITH"},{"data":"Slimebound:LevelUp","floor":47,"key":"SMITH"},{"data":"Slimebound:ForwardTackle","floor":49,"key":"SMITH"}],"circlet_count":0,"master_deck":["Slimebound:Strike_Slimebound","Slimebound:Strike_Slimebound","Slimebound:Strike_Slimebound","Slimebound:Defend_Slimebound","Slimebound:Defend_Slimebound","Slimebound:Defend_Slimebound","Slimebound:Defend_Slimebound","Slimebound:Split+1","Slimebound:CorrosiveSpit","Gatherer:WitheringStrike","Slimebound:GoopSpray","Slimebound:SlimeBarrage+1","Slimebound:SplitSpecialist","Slimebound:SplitMire","Slimebound:SplitAcid","Slimebound:LeechingTouch","Slimebound:Overexert+1","TH:CursedSword","Slimebound:MinionMaster+1","Slimebound:SplitBruiser","TH:CopperCoins","Slimebound:HauntingLick","Slimebound:Equalize","TH:CursedSword","Slimebound:SlimeTap","TH:CopperCoins","Slimebound:OneTwoCombo","Slimebound:SplitMire","Slimebound:SlimeBarrage","Slimebound:ForwardTackle+1","Slimebound:GoopSpray","Slimebound:GrowthPunch","TH:CopperCoins+1","TH:CopperCoins+1","Slimebound:OneTwoCombo+1","Slimebound:SplitBruiser","Slimebound:LeadByExample+1","TH:DeckOfManyThings+1","Slimebound:RejuvenatingLick","Slimebound:SplitMire","Slimebound:LevelUp+1","TH:BikiniMail+1","Slimebound:SelfFormingGoo+1","Slimebound:SplitMire+1","Slimebound:LeechEnergy+1","Slimebound:SplitAcid+1","TH:CursedSword+1","TH:DeckOfManyThings+1","Slimebound:Schlurp+1","Slimebound:SplitBruiser+1","TH:CursedSword+1","Slimebound:LeechEnergy","Slimebound:Gluttony+1","Slimebound:LeechLife+1","TH:CopperCoins+1"],"relics":["Slimebound:AbsorbEndCombat","DaveBox","REME_ComplimentaryCards","Ginger","Old Coin","SynthV:TestCard","Vajra","Potion Belt","Smiling Mask","CeramicFish","Boot","NightmareShop","BionicSphere","BrkXgEgg","infinitespire:PuzzleCube","downfall:HeartBlessingBlue","Pocketwatch","downfall:HeartBlessingRed","conspire:SpecialSausage","Incense Burner","REME_LimitBreaker","REME_PuzzleBoxRelic","downfall:HeartBlessingGreen","conspire:GiftBox"],"acts_visited":["Exordium","TheCity","TheBeyond"],"potions_floor_usage":[5,9,9,19,19,21,28,29,44],"damage_taken":[{"damage":4,"enemies":"Cultist","floor":1,"turns":3},{"damage":11,"enemies":"Jaw Worm","floor":2,"turns":3},{"damage":5,"enemies":"2 Louse","floor":3,"turns":2},{"damage":18,"enemies":"Lots of Slimes","floor":4,"turns":3},{"damage":27,"enemies":"downfall:FleeingMerchant","floor":5,"turns":6},{"damage":20,"enemies":"Blue Slaver","floor":8,"turns":3},{"damage":34,"enemies":"3 Sentries","floor":9,"turns":3},{"damage":64,"enemies":"3 Sentries","floor":11,"turns":4},{"damage":34,"enemies":"Large Slime","floor":12,"turns":5},{"damage":64,"enemies":"Gremlin Nob","floor":14,"turns":4},{"damage":65,"enemies":"downfall:Silent","floor":16,"turns":6},{"damage":23,"enemies":"Spheric Guardian","floor":18,"turns":2},{"damage":27,"enemies":"3 Byrds","floor":19,"turns":4},{"damage":22,"enemies":"downfall:FleeingMerchant","floor":21,"turns":4},{"damage":4,"enemies":"Snecko","floor":22,"turns":2},{"damage":9,"enemies":"Slavers","floor":25,"turns":3},{"damage":4,"enemies":"Centurion and Healer","floor":27,"turns":3},{"damage":86,"enemies":"Cultist and Chosen","floor":28,"turns":7},{"damage":11,"enemies":"Book of Stabbing","floor":29,"turns":4},{"damage":8,"enemies":"Snake Plant","floor":30,"turns":2},{"damage":8,"enemies":"Shelled Parasite and Fungi","floor":31,"turns":3},{"damage":8,"enemies":"downfall:Defect","floor":33,"turns":6},{"damage":0,"enemies":"Orb Walker","floor":35,"turns":2},{"damage":0,"enemies":"3 Shapes","floor":36,"turns":2},{"damage":26,"enemies":"3 Darklings","floor":37,"turns":4},{"damage":17,"enemies":"Writhing Mass","floor":39,"turns":3},{"damage":31,"enemies":"Reptomancer","floor":42,"turns":4},{"damage":4,"enemies":"Jaw Worm Horde","floor":43,"turns":3},{"damage":37,"enemies":"3 Darklings","floor":44,"turns":4},{"damage":13,"enemies":"Giant Head","floor":45,"turns":5},{"damage":0,"enemies":"Writhing Mass","floor":46,"turns":2},{"damage":24,"enemies":"Reptomancer","floor":48,"turns":3},{"damage":5,"enemies":"downfall:Ironclad","floor":50,"turns":5}],"seed_played":"-2885044505042720540","potions_obtained":[{"floor":1,"key":"Dexterity Potion"},{"floor":3,"key":"champ:CounterPotion"},{"floor":8,"key":"DistilledChaos"},{"floor":9,"key":"SmokeBomb"},{"floor":16,"key":"hexamod:EctoCoolerPotion"},{"floor":18,"key":"hexamod:EctoCoolerPotion"},{"floor":19,"key":"Weak Potion"},{"floor":22,"key":"conspire:TimeTravelPotion"},{"floor":28,"key":"PowerPotion"},{"floor":31,"key":"hexamod:EctoCoolerPotion"},{"floor":33,"key":"Weak Potion"},{"floor":35,"key":"EssenceOfSteel"},{"floor":37,"key":"ColorlessPotion"},{"floor":46,"key":"AttackPotion"}],"is_trial":false,"path_per_floor":["M","M","M","M","$","R","T","M","?","R","E","M","R","E","R","B",null,"M","M","?","$","M","?","T","E","R","M","M","E","M","M","R","B",null,"M","M","M","?","M","R","T","E","M","M","E","M","R","E","R","B",null],"character_chosen":"SLIMEBOUND","items_purchased":["Vajra","Slimebound:LeechingTouch","Slimebound:Overexert","BionicSphere","BrkXgEgg"],"campfire_rested":1,"item_purchase_floors":[5,5,5,21,21],"current_hp_per_floor":[60,57,58,54,56,56,56,48,30,30,30,24,42,34,34,39,60,56,41,41,41,45,45,45,46,56,70,60,63,68,70,70,70,70,70,70,64,64,61,61,61,53,65,43,60,68,68,54,54,70],"gold":503,"neow_bonus":"ONE_RARE_RELIC","is_daily":false,"chose_seed":false,"campfire_upgraded":7,"win_rate":0.0,"timestamp":1609229948,"path_taken":["M","M","M","M","$","R","T","?","?","R","E","M","R","E","R","BOSS","M","M","?","$","M","?","T","E","R","M","M","E","M","M","R","BOSS","M","M","?","?","M","R","T","E","M","M","E","M","R","E","R","BOSS"],"items_purchased_type":["Relic","Card","Card","Relic","Relic"],"build_version":"2020-12-22","purchased_purges":0,"victory":true,"max_hp_per_floor":[60,60,60,60,60,60,60,60,60,60,60,60,60,60,60,60,60,60,60,60,60,60,60,60,60,70,70,70,70,70,70,70,70,70,70,70,70,70,70,70,70,70,70,70,70,70,70,70,70,70],"relic_stats":{"counters":[33,116],"CeramicFish":315,"Ginger":[14],"Smiling Mask":0,"Boot":[21],"obtain_stats":[{"Potion Belt":7,"DaveBox":0,"downfall:HeartBlessingRed":32,"CeramicFish":11,"Vajra":5,"conspire:SpecialSausage":34,"downfall:HeartBlessingGreen":47,"BrkXgEgg":21,"Incense Burner":41,"Ginger":0,"REME_LimitBreaker":42,"Smiling Mask":9,"Boot":14,"Old Coin":0,"conspire:GiftBox":48,"SynthV:TestCard":1,"NightmareShop":17,"downfall:HeartBlessingBlue":26,"BionicSphere":21,"Slimebound:AbsorbEndCombat":0,"REME_PuzzleBoxRelic":45,"infinitespire:PuzzleCube":25,"REME_ComplimentaryCards":0,"Pocketwatch":29},{"Potion Belt":5,"DaveBox":0,"downfall:HeartBlessingRed":21,"CeramicFish":8,"Vajra":5,"conspire:SpecialSausage":22,"downfall:HeartBlessingGreen":31,"BrkXgEgg":14,"Incense Burner":26,"Ginger":0,"REME_LimitBreaker":27,"Smiling Mask":6,"Boot":10,"Old Coin":0,"conspire:GiftBox":32,"SynthV:TestCard":1,"NightmareShop":11,"downfall:HeartBlessingBlue":16,"BionicSphere":14,"Slimebound:AbsorbEndCombat":0,"REME_PuzzleBoxRelic":30,"infinitespire:PuzzleCube":16,"REME_ComplimentaryCards":0,"Pocketwatch":19},{"Potion Belt":17,"DaveBox":0,"downfall:HeartBlessingRed":75,"CeramicFish":27,"Vajra":17,"conspire:SpecialSausage":80,"downfall:HeartBlessingGreen":108,"BrkXgEgg":52,"Incense Burner":90,"Ginger":0,"REME_LimitBreaker":94,"Smiling Mask":20,"Boot":36,"Old Coin":0,"conspire:GiftBox":111,"SynthV:TestCard":3,"NightmareShop":42,"downfall:HeartBlessingBlue":56,"BionicSphere":52,"Slimebound:AbsorbEndCombat":0,"REME_PuzzleBoxRelic":106,"infinitespire:PuzzleCube":56,"REME_ComplimentaryCards":0,"Pocketwatch":70}],"Pocketwatch":[0]},"card_choices":[{"not_picked":["Slimebound:SplitMire","Slimebound:ComboTackle"],"picked":"Slimebound:GoopSpray","floor":1},{"not_picked":["Slimebound:SamplingLick","Slimebound:PressTheAttack","Slimebound:ProtectTheBoss","Slimebound:FirmFortitude"],"picked":"Slimebound:SlimeBarrage","floor":2},{"not_picked":["Slimebound:SpikyOuterGoop","Slimebound:FinishingTackle","Slimebound:GoopSpray","Slimebound:Gluttony"],"picked":"Slimebound:SplitSpecialist","floor":3},{"not_picked":["Slimebound:Schlurp","Slimebound:ProtectTheBoss","Slimebound:SplitLeeching","Slimebound:SamplingLick"],"picked":"Slimebound:SplitMire","floor":4},{"not_picked":["Slimebound:ViciousTackle","Slimebound:LivingWall","Slimebound:FormOfPuddle","Slimebound:ProtectTheBoss"],"picked":"Slimebound:SplitAcid","floor":5},{"not_picked":["TH:Mimic","TH:TreasureMap","TH:ArmorSpikes"],"picked":"TH:CursedSword","floor":7},{"not_picked":["Slimebound:GoopSpray","Slimebound:SplitLeeching","Slimebound:PressTheAttack","Slimebound:SplitBruiser"],"picked":"Slimebound:MinionMaster","floor":8},{"not_picked":["Slimebound:PressTheAttack","Slimebound:LeechEnergy","Slimebound:TongueLash","Slimebound:ComboTackle"],"picked":"Slimebound:SplitBruiser","floor":9},{"not_picked":["TH:Mimic","TH:DeckOfManyThings","TH:BikiniMail"],"picked":"TH:CopperCoins","floor":11},{"not_picked":["Slimebound:LeechEnergy","Slimebound:Recollect","Slimebound:ItLooksTasty","Slimebound:FirmFortitude"],"picked":"Slimebound:HauntingLick","floor":11},{"not_picked":["Slimebound:SlimeTap","Slimebound:GoopSpray","Slimebound:HauntingLick","Slimebound:Recollect"],"picked":"Slimebound:Equalize","floor":12},{"not_picked":["TH:ArmorSpikes","TH:ElvenBoots","TH:Mimic"],"picked":"TH:CursedSword","floor":14},{"not_picked":["Slimebound:Replication","Slimebound:DivideAndConquer","Slimebound:Prepare","Slimebound:MegaLick"],"picked":"Slimebound:SlimeTap","floor":14},{"not_picked":["TH:ArmorSpikes","TH:BikiniMail","TH:Mimic"],"picked":"TH:CopperCoins","floor":16},{"not_picked":["Slimebound:DuplicatedForm","Slimebound:LeechLife","Slimebound:WasteNot","Slimebound:MinionMaster"],"picked":"Slimebound:OneTwoCombo","floor":16},{"not_picked":["Slimebound:SpikyOuterGoop","Slimebound:RollThrough+1","Slimebound:Recollect","Slimebound:ProtectTheBoss"],"picked":"Slimebound:SplitMire","floor":18},{"not_picked":["Slimebound:ComboTackle","Slimebound:Nibble+1","Slimebound:Repurpose","Slimebound:SpikyOuterGoop+1"],"picked":"Slimebound:SlimeBarrage","floor":19},{"not_picked":["Slimebound:LeechingTouch","Slimebound:Grow","Slimebound:SlimeSpikes","Slimebound:HauntingLick"],"picked":"Slimebound:ForwardTackle","floor":21},{"not_picked":["Slimebound:ComboTackle","Slimebound:ForwardTackle+1","Slimebound:LivingWall+1","Slimebound:HauntingLick"],"picked":"Slimebound:GoopSpray","floor":22},{"not_picked":["TH:ArmorSpikes","TH:TreasureMap","TH:EnergyPotion"],"picked":"TH:CopperCoins","floor":24},{"not_picked":["TH:ArmorSpikes","TH:DeckOfManyThings","TH:ElvenBoots"],"picked":"TH:CopperCoins","floor":25},{"not_picked":["Slimebound:DivideAndConquer","Slimebound:SplitAcid","Slimebound:FlameTackle","Slimebound:SplitMire"],"picked":"Slimebound:OneTwoCombo+1","floor":25},{"not_picked":["Slimebound:SlimeSpikes+1","Slimebound:BestDefense+1","Slimebound:LeechingTouch","Slimebound:FinishingTackle"],"picked":"Slimebound:SplitBruiser","floor":27},{"not_picked":["Slimebound:SplitLeeching","Slimebound:SlimeSpikes","Slimebound:DisruptingSlam","Slimebound:ItLooksTasty"],"picked":"Slimebound:LeadByExample","floor":28},{"not_picked":["TH:EnergyPotion","TH:ElvenBoots","TH:TreasureMap"],"picked":"TH:DeckOfManyThings","floor":29},{"not_picked":["Slimebound:GrowthPunch","Slimebound:SplitAcid","Slimebound:Equalize","Slimebound:AcidTongue"],"picked":"Slimebound:RejuvenatingLick","floor":29},{"not_picked":["Slimebound:SplitAcid","Slimebound:ProtectTheBoss+1","Slimebound:ViciousTackle+1","Slimebound:ForwardTackle+1"],"picked":"Slimebound:SplitMire","floor":30},{"not_picked":["Slimebound:FlameTackle+1","Slimebound:Chomp+1","Slimebound:SlimeTap","Slimebound:Gluttony"],"picked":"Slimebound:LevelUp","floor":31},{"not_picked":["TH:ArmorSpikes","TH:PixieDust","TH:Mimic"],"picked":"TH:BikiniMail","floor":33},{"not_picked":["Slimebound:OozeBath+1","Slimebound:PrepareCrush+1","Slimebound:WasteNot+1","Slimebound:CheckThePlaybook+1"],"picked":"Slimebound:SelfFormingGoo+1","floor":33},{"not_picked":["Slimebound:FirmFortitude+1","Slimebound:SlimeBarrage+1","Slimebound:BestDefense","Slimebound:DisruptingSlam+1"],"picked":"Slimebound:SplitMire+1","floor":35},{"not_picked":["Slimebound:PressTheAttack+1","Slimebound:SlimeSpikes+1","Slimebound:ItLooksTasty+1","Slimebound:GoopSpray","Slimebound:Equalize+1"],"picked":"SKIP","floor":36},{"not_picked":["Slimebound:LeechingTouch","Slimebound:Dissolve","Slimebound:SamplingLick","Slimebound:ComboTackle"],"picked":"Slimebound:LeechEnergy+1","floor":37},{"not_picked":["Slimebound:MassRepurpose+1","Slimebound:SlimeBarrage","Slimebound:DivideAndConquer+1","Slimebound:ComboTackle"],"picked":"Slimebound:SplitAcid+1","floor":39},{"not_picked":["TH:BikiniMail","TH:PixieDust","TH:EnergyPotion"],"picked":"TH:CursedSword","floor":41},{"not_picked":["TH:EnergyPotion","TH:TreasureMap","TH:PixieDust"],"picked":"TH:DeckOfManyThings","floor":42},{"not_picked":["Slimebound:FinishingTackle","Slimebound:LeadByExample","Slimebound:LeechingTouch","Slimebound:GoopSpray+1"],"picked":"Slimebound:Schlurp+1","floor":42},{"not_picked":["Slimebound:ComboTackle","Slimebound:DisruptingSlam+1","Slimebound:SlimeSpikes+1","Slimebound:PressTheAttack","Slimebound:MegaLick+1"],"picked":"SKIP","floor":43},{"not_picked":["Slimebound:Schlurp+1","Slimebound:FormOfPuddle","Slimebound:Nibble","Slimebound:Grow"],"picked":"Slimebound:SplitBruiser+1","floor":44},{"not_picked":["TH:DeckOfManyThings","TH:PixieDust","TH:CopperCoins"],"picked":"TH:CursedSword","floor":45},{"not_picked":["Slimebound:LeadByExample","Slimebound:SamplingLick+1","Slimebound:DivideAndConquer","Slimebound:BestDefense"],"picked":"Slimebound:LeechEnergy","floor":45},{"not_picked":["Slimebound:DuplicatedForm+1","Slimebound:ComboTackle+1","Slimebound:Repurpose","Slimebound:DivideAndConquer"],"picked":"Slimebound:Gluttony+1","floor":46},{"not_picked":["Slimebound:PrepareCrush","Slimebound:DuplicatedForm"],"picked":"Slimebound:LeechLife","floor":48},{"not_picked":["TH:TreasureMap","TH:PixieDust","TH:EnergyPotion"],"picked":"TH:CopperCoins","floor":48},{"not_picked":["Slimebound:LeechEnergy","Slimebound:Dissolve+1","Slimebound:Chomp+1","Slimebound:ForwardTackle","Slimebound:ServeAndProtect"],"picked":"SKIP","floor":48}],"player_experience":530179,"relics_obtained":[{"floor":1,"key":"SynthV:TestCard"},{"floor":7,"key":"Potion Belt"},{"floor":11,"key":"CeramicFish"},{"floor":14,"key":"Boot"},{"floor":25,"key":"infinitespire:PuzzleCube"},{"floor":29,"key":"Pocketwatch"},{"floor":41,"key":"Incense Burner"},{"floor":42,"key":"REME_LimitBreaker"},{"floor":45,"key":"REME_PuzzleBoxRelic"},{"floor":48,"key":"conspire:GiftBox"}],"event_choices":[{"damage_healed":0,"gold_gain":0,"cards_transformed":["Slimebound:Tackle"],"player_choice":"Transformed","damage_taken":0,"max_hp_gain":0,"max_hp_loss":0,"event_name":"Transmorgrifier","floor":23,"gold_loss":0,"cards_obtained":["Slimebound:GrowthPunch"]},{"damage_healed":0,"gold_gain":0,"player_choice":"Leave","damage_taken":0,"max_hp_gain":0,"max_hp_loss":0,"event_name":"conspire:Investor","floor":38,"gold_loss":0}],"is_beta":false,"boss_relics":[{"not_picked":["aspiration:RunicSpoon","REME_ChargedStone"],"picked":"NightmareShop"},{"not_picked":["Coffee Dripper","SacredBark"],"picked":"conspire:SpecialSausage"}],"items_purged_floors":[],"is_endless":false,"potions_floor_spawned":[1,3,8,9,16,18,19,22,28,31,33,35,37,46],"ascension_level":1}}