{"host":"0iey8v53xvwqxh5z","time":1609278474,"event":{"mods":["BaseMod","BetterRewards","Hermit","Hubris","Minty Spire (QoL Compilation)","Relic Stats","Replay The Spire","Shop Mod","StSLib","The Cursed"],"gold_per_floor":[110,110,110,110,133,133,176,15,41,69,19,35,35,76,76,170,170,191,241,264,278,301,335,335,378,402,4,47,61,80,20,20,113,113,127,127,195,195,216,260,260,222,268,268,315,349,387,412,412,418,418,418,3826,3894,3918],"floor_reached":56,"playtime":4989,"items_purged":["TheCursedMod:Defend_TheCursed","TheCursedMod:Defend_TheCursed","TheCursedMod:Strike_TheCursed","TheCursedMod:Defend_TheCursed"],"score":3903,"play_id":"d0e6e0f5-31a6-4219-8d8a-a0733853661a","local_time":"20201229164754","is_ascension_mode":true,"campfire_choices":[{"data":"1","floor":6,"key":"LIFT"},{"data":"2","floor":13,"key":"LIFT"},{"data":"3","floor":15,"key":"LIFT"},{"data":"TheCursedMod:LuckyCharm","floor":24,"key":"SMITH"},{"data":"TheCursedMod:VoidForm","floor":24,"key":"SMITH"},{"floor":32,"key":"DIG"},{"floor":44,"key":"RECALL"},{"data":"TheCursedMod:HellsGateOpen","floor":49,"key":"SMITH"},{"data":"TheCursedMod:HellsGateOpen","floor":49,"key":"SMITH"},{"data":"TheCursedMod:CursedSpellbook","floor":52,"key":"SMITH"},{"data":"TheCursedMod:CursedRelics","floor":52,"key":"SMITH"}],"circlet_count":0,"master_deck":["AscendersBane","TheCursedMod:Strike_TheCursed","TheCursedMod:Strike_TheCursed","TheCursedMod:Strike_TheCursed","TheCursedMod:Defend_TheCursed+1","TheCursedMod:CursedWand","TheCursedMod:CleanUpWorkshop","TheCursedMod:Dregs","TheCursedMod:HellsGateOpen","TheCursedMod:LuckyCharm+1","TheCursedMod:SpitefulPlan","Writhe","Injury","TheCursedMod:CursedShiv","TheCursedMod:RapidMovement+1","TheCursedMod:Neurasthenia","TheCursedMod:VoidForm+1","TheCursedMod:AshesToAshes","TheCursedMod:RapidMovement","TheCursedMod:ManaBullet+1","TheCursedMod:CursedBlade","TheCursedMod:HellsGateOpen+1","TheCursedMod:HellsGateOpen+1","TheCursedMod:AntiAging","TheCursedMod:AntiAging","TheCursedMod:CursedSpellbook","TheCursedMod:DemonicPact+1","Pot Of Greed","Pot Of Greed","Pot Of Greed","TheCursedMod:CursedRelics+1","ReplayTheSpireMod:Faulty Equipment","Decay","TheCursedMod:CursedSpellbook+1","hubris:Insight","Secret Technique","Pot Of Greed","TheCursedMod:SurpriseAttack+1","TheCursedMod:LuckyCharm+1","ReplayTheSpireMod:IOU","ReplayTheSpireMod:IOU","ReplayTheSpireMod:IOU","ReplayTheSpireMod:IOU","ReplayTheSpireMod:IOU","ReplayTheSpireMod:IOU","ReplayTheSpireMod:IOU","ReplayTheSpireMod:IOU","ReplayTheSpireMod:IOU","ReplayTheSpireMod:IOU","ReplayTheSpireMod:IOU","ReplayTheSpireMod:IOU","Pot Of Greed","ReplayTheSpireMod:IOU","ReplayTheSpireMod:IOU","TheCursedMod:LuckyCharm+1","ReplayTheSpireMod:IOU","ReplayTheSpireMod:IOU","ReplayTheSpireMod:IOU","ReplayTheSpireMod:IOU","ReplayTheSpireMod:IOU","ReplayTheSpireMod:IOU","ReplayTheSpireMod:IOU","ReplayTheSpireMod:IOU","ReplayTheSpireMod:IOU","Pot Of Greed","ReplayTheSpireMod:IOU","ReplayTheSpireMod:IOU","ReplayTheSpireMod:IOU","ReplayTheSpireMod:IOU","ReplayTheSpireMod:IOU","ReplayTheSpireMod:IOU","ReplayTheSpireMod:IOU","ReplayTheSpireMod:IOU","TheCursedMod:SpitefulPray"],"relics":["TheCursedMod:BlackMagicAdvanced","Lee\u0027s Waffle","TheCursedMod:Tack","Ice Cream","Strange Spoon","Incense Burner","Girya","Mango","Replay:Towering Pillar of Hats","CaptainsWheel","Membership Card","ReplayTheSpireMod:TigerMarble","Quantum Egg","ReplayTheSpireMod:Ring of Collecting","Ring of Fury","Golden Idol","hubris:OldNail","Replay:Arrowhead","Ring of Misfortune","Oddly Smooth Stone","Odd Mushroom","War Paint","Pet Ghost","FossilizedHelix","ReplayTheSpireMod:Ring of Addiction","Replay:Wax Seal","Potion Belt","Toy Ornithopter","hubris:FunFungus","Torii","Blue Doll","Grinning Jar","Replay:Ancient Bell","ReplayFunnel","White Beast Statue","hubris:Zylophone","hubris:Towel","Gambling Chip","hubris:SlimyHat","Replay:Bandana","hubris:EvacipatedBox","Bottled Lightning","Ring of Peace","Calipers","Bag of Preparation","DollysMirror","hubris:NiceRug","Chameleon Ring","Replay:Multitool","Bird Faced Urn"],"acts_visited":["Exordium","TheCity","TheBeyond","TheEnding"],"potions_floor_usage":[7,23,28,29,29,29,33,37,42,42,45,50,50,50,50,55],"damage_taken":[{"damage":4,"enemies":"Small Slimes","floor":1,"turns":3},{"damage":1,"enemies":"Jaw Worm","floor":5,"turns":3},{"damage":3,"enemies":"Replay:BlueRogue","floor":7,"turns":8},{"damage":3,"enemies":"The Mushroom Lair","floor":10,"turns":9},{"damage":0,"enemies":"Cultist","floor":12,"turns":3},{"damage":0,"enemies":"3 Sentries","floor":14,"turns":8},{"damage":0,"enemies":"Hexaghost","floor":16,"turns":7},{"damage":0,"enemies":"Chosen","floor":18,"turns":4},{"damage":0,"enemies":"3 Byrds","floor":20,"turns":3},{"damage":0,"enemies":"3 Cultists","floor":21,"turns":4},{"damage":0,"enemies":"Chosen and Byrds","floor":22,"turns":3},{"damage":17,"enemies":"Slavers","floor":23,"turns":4},{"damage":0,"enemies":"Gremlin Leader","floor":25,"turns":4},{"damage":0,"enemies":"Replay:Snechameleon","floor":28,"turns":5},{"damage":0,"enemies":"Snake Plant","floor":29,"turns":2},{"damage":0,"enemies":"Cultist and Chosen","floor":30,"turns":3},{"damage":0,"enemies":"Automaton","floor":33,"turns":6},{"damage":0,"enemies":"3 Darklings","floor":35,"turns":4},{"damage":0,"enemies":"2 Orb Walkers","floor":37,"turns":5},{"damage":0,"enemies":"3 Shapes","floor":39,"turns":3},{"damage":0,"enemies":"R_Hoarder","floor":40,"turns":7},{"damage":0,"enemies":"Reptomancer","floor":42,"turns":6},{"damage":0,"enemies":"R_Hoarder","floor":45,"turns":6},{"damage":0,"enemies":"Jaw Worm Horde","floor":46,"turns":4},{"damage":0,"enemies":"Giant Head","floor":47,"turns":6},{"damage":0,"enemies":"3 Darklings","floor":48,"turns":4},{"damage":0,"enemies":"hubris:GrandSnecko","floor":50,"turns":6},{"damage":0,"enemies":"hubris:Merchant","floor":53,"turns":6},{"damage":0,"enemies":"Shield and Spear","floor":54,"turns":6},{"damage":0,"enemies":"The Heart","floor":55,"turns":8}],"seed_played":"-5271938645898285262","potions_obtained":[{"floor":5,"key":"EssenceOfSteel"},{"floor":12,"key":"Fruit Juice"},{"floor":22,"key":"BlessingOfTheForge"},{"floor":25,"key":"Energy Potion"},{"floor":26,"key":"LiquidBronze"},{"floor":26,"key":"Weak Potion"},{"floor":28,"key":"Reflective Coating"},{"floor":29,"key":"Death Potion"},{"floor":33,"key":"Dexterity Potion"},{"floor":35,"key":"LiquidBronze"},{"floor":37,"key":"ColorlessPotion"},{"floor":39,"key":"Elixir"},{"floor":40,"key":"DistilledChaos"},{"floor":42,"key":"DistilledChaos"},{"floor":53,"key":"Explosive Potion"},{"floor":53,"key":"LiquidBronze"},{"floor":54,"key":"SkillPotion"}],"is_trial":false,"path_per_floor":["M","?","?","?","M","R","E","$","T","?","$","M","R","E","R","B",null,"M","?","M","M","M","E","R","E","T","$","E","M","M","$","R","B",null,"M","?","?","?","M","E","$","E","T","R","E","M","E","M","R","B",null,"R","$","E","B",null],"character_chosen":"THE_CURSED","items_purchased":["Lee\u0027s Waffle","TheCursedMod:Tack","Strange Spoon","Incense Burner","Mango","Replay:Towering Pillar of Hats","TheCursedMod:HellsGateOpen","Membership Card","ReplayTheSpireMod:TigerMarble","TheCursedMod:LuckyCharm","Quantum Egg","Replay:Arrowhead","TheCursedMod:AntiAging","hubris:FunFungus","Torii","TheCursedMod:DemonicPact+1","Replay:Bandana","hubris:EvacipatedBox","DollysMirror"],"campfire_rested":0,"item_purchase_floors":[0,0,0,0,0,0,0,0,0,0,0,8,27,27,27,31,41,41,53],"current_hp_per_floor":[88,88,93,93,92,92,97,97,97,94,94,94,94,94,94,94,96,97,97,97,97,97,80,80,80,80,80,97,110,114,114,114,119,119,125,125,129,119,122,132,91,133,133,133,143,149,153,157,155,159,159,159,161,163,169],"gold":3918,"neow_bonus":"","is_daily":false,"chose_seed":false,"campfire_upgraded":6,"win_rate":0.0,"timestamp":1609278474,"path_taken":["M","?","?","?","M","R","E","?","T","?","$","?","R","E","R","BOSS","M","?","?","M","M","E","R","E","T","?","E","M","M","$","R","BOSS","M","?","?","?","M","E","?","E","T","R","E","?","E","M","R","BOSS","R","$","E","BOSS"],"items_purchased_type":["Relic","Relic","Relic","Relic","Relic","Relic","Card","Relic","Relic","Card","Relic","Relic","Card","Relic","Relic","Card","Relic","Relic","Relic"],"build_version":"2020-12-22","purchased_purges":4,"victory":true,"max_hp_per_floor":[92,92,97,97,97,97,97,97,97,97,97,97,97,97,97,97,97,97,97,97,97,97,97,97,97,97,97,106,110,114,114,114,119,119,125,125,129,129,131,135,133,139,139,139,143,149,153,157,155,159,159,159,161,163,169],"relic_stats":{"Strange Spoon":[67],"Lee\u0027s Waffle":112,"Torii":0,"counters":[474,2362],"Golden Idol":300,"Gambling Chip":[36],"Bird Faced Urn":[0],"Bag of Preparation":[10],"War Paint":["TheCursedMod:RapidMovement","TheCursedMod:Defend_TheCursed"],"obtain_stats":[{"Replay:Accelerometer":42,"hubris:MysteriousPyramids":42,"Sling":53,"Ring of Searing":46,"Blood Vial":25,"Replay:Wanted Poster":38,"hubris:HerbalPaste":53,"hubris:AstralHammer":44,"Fusion Hammer":17,"HandDrill":57,"Replay:Bottled Steam":36,"TheCursedMod:BlackMagic101":0,"MerchantsRug":19,"Eternal Feather":23,"Pen Nib":31,"Bird Faced Urn":14,"ReplayTheSpireMod:Ring of Collecting":2,"Unceasing Top":0,"hubris:Reverence":54,"Regal Pillow":6,"Torii":0,"GremlinMask":29,"hubris:EmptyBottle":0,"Ancient Tea Set":44,"Pet Ghost":10,"hubris:Backtick":17,"Toolbox":3,"hubris:CuriousFeather":0,"Chemical X":0,"Replay:Bottled Eggs":28,"InkBottle":40,"Potion Belt":45,"Lee\u0027s Waffle":0,"Golden Idol":3,"hubris:64BitClover":28,"PreservedInsect":26,"Ring of Greed":5,"hubris:Towel":37,"Replay:Arrowhead":0,"hubris:Spice":0,"Ornamental Fan":0,"Ring of Misfortune":20,"Garlic":26,"Durian":9,"hubris:BottledRain":9,"Ice Cream":39,"Calipers":0,"Gremlin Horn":20,"Nilry\u0027s Codex":19,"hubris:VirtuousBlindfold":34,"hubris:TerracottaHorce":19,"Centennial Puzzle":8,"Honey Jar":0,"Philosopher\u0027s Stone":17,"Iron Hammer":0,"Girya":26,"hubris:Teleporter":13,"hubris:DuctTape":57,"ReplayTheSpireMod:CursedCoin":0,"WarpedTongs":2,"hubris:Zylophone":0,"OrangePellets":0,"hubris:PeanutButter":9,"Onion Ring":54,"Mirror":38,"Pocketwatch":0,"Juzu Bracelet":42,"Empty Cage":34,"Dream Catcher":6,"Nunchaku":53,"hubris:Icosahedron":9,"Chameleon Ring":11,"Red Mask":21,"Replay:Bottled Snecko":28,"hubris:MedicalManual":42,"Replay:WaspNest":53,"Odd Mushroom":10,"Medical Kit":0,"Mercury Hourglass":0,"Strange Spoon":0,"Cauldron":53,"Pondfish Scales":14,"hubris:BundleOfHerbs":0,"Bag of Marbles":31,"Membership Card":0,"FossilizedHelix":6,"hubris:OldNail":0,"ReplayTheSpireMod:ShopPack":45,"Golden Egg":20,"Whetstone":44,"Ginger":0,"Boot":40,"Old Coin":5,"Replay:Ringing Soul":53,"TheCursedMod:CrystalBall":7,"hubris:DeckOfHolding":40,"MealTicket":28,"Kunai":29,"Replay:Wax Seal":0,"hubris:TinFlute":28,"Pear":58,"Counterbalance":0,"ReplayTheSpireMod:Ring of Addiction":26,"hubris:SphereOfDissonance":40,"Replay:Ancient Bell":17,"SlaversCollar":34,"Runic Dome":34,"hubris:TenFootPole":0,"Kintsugi":17,"Abe\u0027s Treasure":17,"TheCursedMod:SoulVessel":46,"TheCursedMod:FourLeafCloverCharm":17,"Lantern":53,"Blue Doll":27,"StoneCalendar":53,"Bag of Preparation":46,"Replay:Multitool":40,"Cursed Key":17,"hubris:EvacipatedBox":41,"Replay:Rubber Ducky":0,"Matryoshka":6,"Ring of Peace":11,"WingedGreaves":0,"hubris:FunFungus":43,"Ring of Panic":5,"hubris:GlazedTorus":0,"TheCursedMod:BlackMagicAdvanced":34,"Thread and Needle":0,"Frozen Egg 2":0,"MawBank":13,"Bloody Idol":27,"Orrery":0,"Bottled Lightning":54,"ReplayTheSpireMod:Ring of Challenge":20,"ReplayTheSpireMod:Lightbulb":54,"Toy Ornithopter":9,"Mark of the Bloom":49,"hubris:CrystalStatue":34,"TheCursedMod:Tack":54,"Vajra":0,"Lizard Tail":25,"HornCleat":0,"DollysMirror":28,"Strawberry":46,"Toxic Egg 2":0,"Happy Flower":53,"Ring of Hypnosis":5,"Oddly Smooth Stone":0,"Replay:Kaleidoscope":47,"Letter Opener":53,"War Paint":0,"Replay:Baseball":21,"Bottled Flame":9,"ReplayTheSpireMod:Shallot":9,"Shuriken":9,"Bronze Scales":27,"Simple Rune":23,"Molten Egg 2":21,"Black Star":34,"ReplayTheSpireMod:TigerMarble":39,"hubris:ToyBattleship":26,"Grinning Jar":11,"Meat on the Bone":15,"ReplayFunnel":21,"Darkstone Periapt":30,"TheCursedMod:BloodyHarpoon":54,"ReplayTheSpireMod:Ring of Exchange":5,"Replay:PocketPolymizer":0,"Snecko Heart":24,"Mango":0,"Incense Burner":0,"hubris:SlimyHat":28,"ClockworkSouvenir":22,"Frozen Eye":38,"Replay:Bandana":7,"Mummified Hand":53,"Pantograph":22,"Gambling Chip":0,"Gremlin Food":28,"hubris:DisguiseKit":14,"BargainBundle":0,"Replay:Towering Pillar of Hats":0,"Quantum Egg":0,"TheCursedMod:MagicCandle":0,"Orichalcum":0,"White Beast Statue":0,"Peace Pipe":12,"CaptainsWheel":19,"Anchor":10,"TheCursedMod:OminousMark":34,"ChewingGum":53,"Ring of Fury":2,"Snack Pack":54,"Coffee Dripper":17,"hubris:GrandSneckoEye":17,"TungstenRod":44,"hubris:NiceRug":53},{"Replay:Accelerometer":327,"hubris:MysteriousPyramids":107,"Sling":221,"Ring of Searing":385,"Blood Vial":12,"Replay:Wanted Poster":75,"hubris:HerbalPaste":144,"hubris:AstralHammer":50,"Fusion Hammer":397,"HandDrill":84,"Replay:Bottled Steam":324,"TheCursedMod:BlackMagic101":0,"MerchantsRug":398,"Eternal Feather":11,"Pen Nib":13,"Bird Faced Urn":342,"ReplayTheSpireMod:Ring of Collecting":445,"Unceasing Top":146,"hubris:Reverence":197,"Regal Pillow":309,"Torii":198,"GremlinMask":292,"hubris:EmptyBottle":25,"Ancient Tea Set":79,"Pet Ghost":61,"hubris:Backtick":370,"Toolbox":1,"hubris:CuriousFeather":171,"Chemical X":25,"Replay:Bottled Eggs":348,"InkBottle":326,"Potion Belt":20,"Lee\u0027s Waffle":115,"Golden Idol":59,"hubris:64BitClover":129,"PreservedInsect":41,"Ring of Greed":279,"hubris:Towel":47,"Replay:Arrowhead":25,"hubris:Spice":25,"Ornamental Fan":171,"Ring of Misfortune":424,"Garlic":12,"Durian":175,"hubris:BottledRain":200,"Ice Cream":105,"Calipers":57,"Gremlin Horn":37,"Nilry\u0027s Codex":180,"hubris:VirtuousBlindfold":351,"hubris:TerracottaHorce":65,"Centennial Puzzle":30,"Honey Jar":0,"Philosopher\u0027s Stone":7,"Iron Hammer":57,"Girya":69,"hubris:Teleporter":33,"hubris:DuctTape":83,"ReplayTheSpireMod:CursedCoin":246,"WarpedTongs":87,"hubris:Zylophone":25,"OrangePellets":25,"hubris:PeanutButter":4,"Onion Ring":114,"Mirror":47,"Pocketwatch":416,"Juzu Bracelet":270,"Empty Cage":213,"Dream Catcher":3,"Nunchaku":169,"hubris:Icosahedron":60,"Chameleon Ring":366,"Red Mask":97,"Replay:Bottled Snecko":129,"hubris:MedicalManual":138,"Replay:WaspNest":415,"Odd Mushroom":448,"Medical Kit":277,"Mercury Hourglass":25,"Strange Spoon":86,"Cauldron":196,"Pondfish Scales":63,"hubris:BundleOfHerbs":86,"Bag of Marbles":45,"Membership Card":25,"FossilizedHelix":29,"hubris:OldNail":57,"ReplayTheSpireMod:ShopPack":243,"Golden Egg":207,"Whetstone":20,"Ginger":86,"Boot":269,"Old Coin":279,"Replay:Ringing Soul":144,"TheCursedMod:CrystalBall":90,"hubris:DeckOfHolding":106,"MealTicket":233,"Kunai":70,"Replay:Wax Seal":25,"hubris:TinFlute":183,"Pear":85,"Counterbalance":25,"ReplayTheSpireMod:Ring of Addiction":457,"hubris:SphereOfDissonance":19,"Replay:Ancient Bell":343,"SlaversCollar":14,"Runic Dome":236,"hubris:TenFootPole":334,"Kintsugi":229,"Abe\u0027s Treasure":154,"TheCursedMod:SoulVessel":52,"TheCursedMod:FourLeafCloverCharm":122,"Lantern":196,"Blue Doll":127,"StoneCalendar":169,"Bag of Preparation":21,"Replay:Multitool":48,"Cursed Key":35,"hubris:EvacipatedBox":465,"Replay:Rubber Ducky":25,"Matryoshka":419,"Ring of Peace":152,"WingedGreaves":115,"hubris:FunFungus":242,"Ring of Panic":279,"hubris:GlazedTorus":86,"TheCursedMod:BlackMagicAdvanced":431,"Thread and Needle":198,"Frozen Egg 2":198,"MawBank":94,"Bloody Idol":182,"Orrery":25,"Bottled Lightning":389,"ReplayTheSpireMod:Ring of Challenge":424,"ReplayTheSpireMod:Lightbulb":222,"Toy Ornithopter":251,"Mark of the Bloom":80,"hubris:CrystalStatue":73,"TheCursedMod:Tack":170,"Vajra":361,"Lizard Tail":126,"HornCleat":115,"DollysMirror":12,"Strawberry":166,"Toxic Egg 2":86,"Happy Flower":196,"Ring of Hypnosis":392,"Oddly Smooth Stone":25,"Replay:Kaleidoscope":141,"Letter Opener":275,"War Paint":25,"Replay:Baseball":9,"Bottled Flame":151,"ReplayTheSpireMod:Shallot":119,"Shuriken":30,"Bronze Scales":291,"Simple Rune":98,"Molten Egg 2":124,"Black Star":46,"ReplayTheSpireMod:TigerMarble":105,"hubris:ToyBattleship":232,"Grinning Jar":5,"Meat on the Bone":63,"ReplayFunnel":258,"Darkstone Periapt":264,"TheCursedMod:BloodyHarpoon":276,"ReplayTheSpireMod:Ring of Exchange":392,"Replay:PocketPolymizer":223,"Snecko Heart":401,"Mango":25,"Incense Burner":25,"hubris:SlimyHat":69,"ClockworkSouvenir":180,"Frozen Eye":134,"Replay:Bandana":119,"Mummified Hand":220,"Pantograph":97,"Gambling Chip":146,"Gremlin Food":43,"hubris:DisguiseKit":94,"BargainBundle":361,"Replay:Towering Pillar of Hats":115,"Quantum Egg":223,"TheCursedMod:MagicCandle":25,"Orichalcum":334,"White Beast Statue":25,"Peace Pipe":62,"CaptainsWheel":123,"Anchor":176,"TheCursedMod:OminousMark":161,"ChewingGum":415,"Ring of Fury":445,"Snack Pack":24,"Coffee Dripper":95,"hubris:GrandSneckoEye":315,"TungstenRod":243,"hubris:NiceRug":55},{"Replay:Accelerometer":1603,"hubris:MysteriousPyramids":566,"Sling":1169,"Ring of Searing":1948,"Blood Vial":62,"Replay:Wanted Poster":406,"hubris:HerbalPaste":727,"hubris:AstralHammer":280,"Fusion Hammer":2023,"HandDrill":443,"Replay:Bottled Steam":1591,"TheCursedMod:BlackMagic101":0,"MerchantsRug":2026,"Eternal Feather":58,"Pen Nib":66,"Bird Faced Urn":1675,"ReplayTheSpireMod:Ring of Collecting":2215,"Unceasing Top":738,"hubris:Reverence":1023,"Regal Pillow":1511,"Torii":1030,"GremlinMask":1440,"hubris:EmptyBottle":130,"Ancient Tea Set":424,"Pet Ghost":338,"hubris:Backtick":1866,"Toolbox":3,"hubris:CuriousFeather":879,"Chemical X":130,"Replay:Bottled Eggs":1710,"InkBottle":1600,"Potion Belt":102,"Lee\u0027s Waffle":616,"Golden Idol":330,"hubris:64BitClover":664,"PreservedInsect":213,"Ring of Greed":1396,"hubris:Towel":252,"Replay:Arrowhead":130,"hubris:Spice":130,"Ornamental Fan":879,"Ring of Misfortune":2139,"Garlic":62,"Durian":896,"hubris:BottledRain":1037,"Ice Cream":557,"Calipers":327,"Gremlin Horn":188,"Nilry\u0027s Codex":930,"hubris:VirtuousBlindfold":1732,"hubris:TerracottaHorce":357,"Centennial Puzzle":151,"Honey Jar":0,"Philosopher\u0027s Stone":32,"Iron Hammer":327,"Girya":378,"hubris:Teleporter":163,"hubris:DuctTape":439,"ReplayTheSpireMod:CursedCoin":1253,"WarpedTongs":459,"hubris:Zylophone":130,"OrangePellets":130,"hubris:PeanutButter":14,"Onion Ring":607,"Mirror":252,"Pocketwatch":2099,"Juzu Bracelet":1356,"Empty Cage":1127,"Dream Catcher":13,"Nunchaku":853,"hubris:Icosahedron":331,"Chameleon Ring":1834,"Red Mask":507,"Replay:Bottled Snecko":664,"hubris:MedicalManual":700,"Replay:WaspNest":2096,"Odd Mushroom":2235,"Medical Kit":1392,"Mercury Hourglass":130,"Strange Spoon":455,"Cauldron":1017,"Pondfish Scales":347,"hubris:BundleOfHerbs":455,"Bag of Marbles":237,"Membership Card":130,"FossilizedHelix":143,"hubris:OldNail":327,"ReplayTheSpireMod:ShopPack":1239,"Golden Egg":1076,"Whetstone":102,"Ginger":455,"Boot":1351,"Old Coin":1396,"Replay:Ringing Soul":727,"TheCursedMod:CrystalBall":470,"hubris:DeckOfHolding":562,"MealTicket":1209,"Kunai":384,"Replay:Wax Seal":130,"hubris:TinFlute":946,"Pear":448,"Counterbalance":130,"ReplayTheSpireMod:Ring of Addiction":2275,"hubris:SphereOfDissonance":95,"Replay:Ancient Bell":1685,"SlaversCollar":79,"Runic Dome":1218,"hubris:TenFootPole":1640,"Kintsugi":1197,"Abe\u0027s Treasure":773,"TheCursedMod:SoulVessel":289,"TheCursedMod:FourLeafCloverCharm":637,"Lantern":1017,"Blue Doll":659,"StoneCalendar":853,"Bag of Preparation":107,"Replay:Multitool":266,"Cursed Key":180,"hubris:EvacipatedBox":2310,"Replay:Rubber Ducky":130,"Matryoshka":2113,"Ring of Peace":758,"WingedGreaves":616,"hubris:FunFungus":1235,"Ring of Panic":1396,"hubris:GlazedTorus":455,"TheCursedMod:BlackMagicAdvanced":2162,"Thread and Needle":1030,"Frozen Egg 2":1030,"MawBank":487,"Bloody Idol":943,"Orrery":130,"Bottled Lightning":1968,"ReplayTheSpireMod:Ring of Challenge":2139,"ReplayTheSpireMod:Lightbulb":1173,"Toy Ornithopter":1275,"Mark of the Bloom":427,"hubris:CrystalStatue":397,"TheCursedMod:Tack":863,"Vajra":1798,"Lizard Tail":654,"HornCleat":616,"DollysMirror":62,"Strawberry":832,"Toxic Egg 2":455,"Happy Flower":1017,"Ring of Hypnosis":1982,"Oddly Smooth Stone":130,"Replay:Kaleidoscope":712,"Letter Opener":1379,"War Paint":130,"Replay:Baseball":45,"Bottled Flame":753,"ReplayTheSpireMod:Shallot":625,"Shuriken":151,"Bronze Scales":1437,"Simple Rune":510,"Molten Egg 2":644,"Black Star":245,"ReplayTheSpireMod:TigerMarble":557,"hubris:ToyBattleship":1206,"Grinning Jar":21,"Meat on the Bone":347,"ReplayFunnel":1308,"Darkstone Periapt":1332,"TheCursedMod:BloodyHarpoon":1384,"ReplayTheSpireMod:Ring of Exchange":1982,"Replay:PocketPolymizer":1179,"Snecko Heart":2037,"Mango":130,"Incense Burner":130,"hubris:SlimyHat":378,"ClockworkSouvenir":930,"Frozen Eye":679,"Replay:Bandana":625,"Mummified Hand":1161,"Pantograph":507,"Gambling Chip":738,"Gremlin Food":227,"hubris:DisguiseKit":487,"BargainBundle":1798,"Replay:Towering Pillar of Hats":616,"Quantum Egg":1179,"TheCursedMod:MagicCandle":130,"Orichalcum":1640,"White Beast Statue":130,"Peace Pipe":342,"CaptainsWheel":643,"Anchor":902,"TheCursedMod:OminousMark":811,"ChewingGum":2096,"Ring of Fury":2215,"Snack Pack":121,"Coffee Dripper":498,"hubris:GrandSneckoEye":1546,"TungstenRod":1239,"hubris:NiceRug":311}],"Toy Ornithopter":44},"card_choices":[{"not_picked":["TheCursedMod:CircleOfBlood","TheCursedMod:Wield"],"picked":"TheCursedMod:SpitefulPlan","floor":1},{"not_picked":["TheCursedMod:CircleOfBlood","TheCursedMod:CircleOfCorruption","TheCursedMod:SpreadPlague"],"picked":"SKIP","floor":5},{"not_picked":["TheCursedMod:Mangle","TheCursedMod:BloodBarrier"],"picked":"TheCursedMod:CursedShiv","floor":7},{"not_picked":["TheCursedMod:TroublousMinions","TheCursedMod:CircleOfBlood"],"picked":"TheCursedMod:RapidMovement","floor":12},{"not_picked":["TheCursedMod:TacticalStrike","TheCursedMod:CursedAmulet"],"picked":"TheCursedMod:Neurasthenia","floor":14},{"not_picked":["TheCursedMod:CircleOfAbyss","TheCursedMod:ForbiddenAlchemy"],"picked":"TheCursedMod:VoidForm","floor":16},{"not_picked":["TheCursedMod:Stigma+1","TheCursedMod:FleshFromBone"],"picked":"TheCursedMod:AshesToAshes","floor":18},{"not_picked":["TheCursedMod:ManaBullet","TheCursedMod:CircleOfFlame"],"picked":"TheCursedMod:RapidMovement","floor":20},{"not_picked":["TheCursedMod:RapidMovement","TheCursedMod:CursedStaff"],"picked":"TheCursedMod:ManaBullet+1","floor":21},{"not_picked":["TheCursedMod:AbyssShockwave","TheCursedMod:TroublousMinions"],"picked":"TheCursedMod:CursedBlade","floor":22},{"not_picked":["TheCursedMod:ManaBullet+1","TheCursedMod:Torture"],"picked":"TheCursedMod:HellsGateOpen","floor":23},{"not_picked":["TheCursedMod:CircleOfFocus","TheCursedMod:Stretching"],"picked":"TheCursedMod:HellsGateOpen","floor":25},{"not_picked":["TheCursedMod:ManaBullet","TheCursedMod:StunningStrike","TheCursedMod:AbyssShockwave+1"],"picked":"SKIP","floor":28},{"not_picked":["TheCursedMod:Hemoplague","TheCursedMod:WearCloak+1","TheCursedMod:CursedArmor"],"picked":"SKIP","floor":29},{"not_picked":["TheCursedMod:Mangle","TheCursedMod:WearCloak"],"picked":"TheCursedMod:CursedSpellbook","floor":30},{"not_picked":["TheCursedMod:StunningStrike","TheCursedMod:Neurasthenia"],"picked":"TheCursedMod:CursedRelics","floor":33},{"not_picked":["Doubt","Amnesia"],"picked":"ReplayTheSpireMod:Faulty Equipment","floor":34},{"not_picked":["hubris:Sloth","ReplayTheSpireMod:Splinters"],"picked":"ReplayTheSpireMod:IOU","floor":34},{"not_picked":["hubris:Gluttony","Amnesia"],"picked":"Decay","floor":34},{"not_picked":["TheCursedMod:WearCloak","TheCursedMod:SmokeScreen","TheCursedMod:SoulCrush"],"picked":"SKIP","floor":35},{"not_picked":["TheCursedMod:Obscuration","TheCursedMod:RapidMovement"],"picked":"TheCursedMod:CursedSpellbook","floor":37},{"not_picked":["HandOfGreed","Discovery"],"picked":"hubris:Insight","floor":38},{"not_picked":["ReplayTheSpireMod:Uncanny Aura","Impatience"],"picked":"Secret Technique","floor":38},{"not_picked":["TheCursedMod:TroublousMinions","TheCursedMod:CursedStaff"],"picked":"TheCursedMod:SurpriseAttack+1","floor":39},{"not_picked":["TheCursedMod:SpreadPlague+1","TheCursedMod:CursedShiv","TheCursedMod:StingEye"],"picked":"SKIP","floor":40},{"not_picked":["TheCursedMod:CircleOfWindfury","TheCursedMod:CircleOfCorruption","TheCursedMod:CursedArmor+1"],"picked":"SKIP","floor":42},{"not_picked":["TheCursedMod:SoulReap","TheCursedMod:CursedStaff","TheCursedMod:HellfireBreathing+1"],"picked":"SKIP","floor":45},{"not_picked":["TheCursedMod:WearCloak","TheCursedMod:TacticalStrike+1","TheCursedMod:StingEye"],"picked":"SKIP","floor":46},{"not_picked":["TheCursedMod:Mangle","TheCursedMod:ReleasedKnowledge","TheCursedMod:CursedMace+1"],"picked":"SKIP","floor":47},{"not_picked":["TheCursedMod:EmpowerCircles","TheCursedMod:CursedBlade"],"picked":"TheCursedMod:LuckyCharm+1","floor":48},{"not_picked":["TheCursedMod:CursedMace+1"],"picked":"SKIP","floor":53},{"not_picked":["TheCursedMod:CursedBlade"],"picked":"SKIP","floor":53},{"not_picked":["TheCursedMod:CircleOfAmplification"],"picked":"SKIP","floor":53},{"not_picked":["TheCursedMod:CircleOfFlame"],"picked":"SKIP","floor":53},{"not_picked":["TheCursedMod:HellfireBreathing"],"picked":"SKIP","floor":53},{"not_picked":["Bandage Up"],"picked":"SKIP","floor":53},{"not_picked":["ReplayTheSpireMod:Necrogeddon"],"picked":"SKIP","floor":53},{"not_picked":["TheCursedMod:Wield","TheCursedMod:WearCloak"],"picked":"TheCursedMod:SpitefulPray","floor":54}],"player_experience":231761,"relics_obtained":[{"floor":2,"key":"ReplayTheSpireMod:Ring of Collecting"},{"floor":2,"key":"Ring of Fury"},{"floor":7,"key":"hubris:OldNail"},{"floor":9,"key":"Ring of Misfortune"},{"floor":9,"key":"Oddly Smooth Stone"},{"floor":10,"key":"Odd Mushroom"},{"floor":14,"key":"War Paint"},{"floor":23,"key":"Pet Ghost"},{"floor":25,"key":"FossilizedHelix"},{"floor":26,"key":"ReplayTheSpireMod:Ring of Addiction"},{"floor":26,"key":"Replay:Wax Seal"},{"floor":26,"key":"Potion Belt"},{"floor":26,"key":"Toy Ornithopter"},{"floor":28,"key":"Blue Doll"},{"floor":32,"key":"Grinning Jar"},{"floor":37,"key":"Gambling Chip"},{"floor":40,"key":"hubris:SlimyHat"},{"floor":42,"key":"Bottled Lightning"},{"floor":43,"key":"Ring of Peace"},{"floor":45,"key":"Calipers"},{"floor":47,"key":"Bag of Preparation"},{"floor":53,"key":"Chameleon Ring"},{"floor":53,"key":"Replay:Multitool"},{"floor":54,"key":"Bird Faced Urn"}],"event_choices":[{"damage_healed":0,"gold_gain":0,"player_choice":"Donut","damage_taken":0,"max_hp_gain":5,"max_hp_loss":0,"event_name":"Big Fish","floor":3,"gold_loss":0},{"damage_healed":0,"gold_gain":0,"player_choice":"Take Wound","damage_taken":0,"relics_obtained":["Golden Idol"],"max_hp_gain":0,"max_hp_loss":0,"event_name":"Golden Idol","floor":4,"gold_loss":0,"cards_obtained":["Injury"]},{"damage_healed":0,"gold_gain":0,"player_choice":"Fought Mushrooms","damage_taken":0,"max_hp_gain":0,"max_hp_loss":0,"event_name":"Mushrooms","floor":10,"gold_loss":0},{"damage_healed":0,"gold_gain":50,"player_choice":"Pray","damage_taken":0,"max_hp_gain":0,"max_hp_loss":0,"event_name":"Golden Shrine","floor":19,"gold_loss":0},{"damage_healed":0,"gold_gain":0,"player_choice":"Fight","damage_taken":0,"max_hp_gain":0,"max_hp_loss":0,"event_name":"Mysterious Sphere","floor":37,"gold_loss":0},{"damage_healed":0,"gold_gain":0,"player_choice":"Memory 3","damage_taken":10,"max_hp_gain":0,"max_hp_loss":0,"event_name":"SensoryStone","floor":38,"gold_loss":0}],"is_beta":false,"boss_relics":[{"not_picked":["hubris:GrandSneckoEye","Sozu"],"picked":"TheCursedMod:BlackMagicAdvanced"},{"not_picked":["Replay:Wanted Poster","hubris:HollowSoul"],"picked":"Replay:Ancient Bell"},{"not_picked":["Lantern","Boot"],"picked":"ReplayFunnel"},{"not_picked":["Garlic","Replay:Bottled Flurry"],"picked":"White Beast Statue"},{"not_picked":["hubris:64BitClover","Peace Pipe"],"picked":"hubris:Zylophone"}],"items_purged_floors":[0,11,41,41],"is_endless":false,"potions_floor_spawned":[5,12,22,25,28,29,33,35,37,39,40,42,45,46,47,48,54],"ascension_level":19}}