{"host":"64h6jdpsiwrne03s","time":1609258834,"event":{"mods":["Act Like it!","BaseMod","Bestiary","Colored Powertips","Gensokyo","Marisa£®ÏF”Í°°ƒß¿Ì…≥£©","Minty Spire (QoL Compilation)","Reimu£®≤©¿ˆ¡È√Œ£©","Remilia£®¿Ÿ√◊¿Ú—«£©","StSLib","The Servant 0.9.4","Youmu£®ªÍ∆«—˝√Œ£©"],"gold_per_floor":[116,116,116,41,56,85,85,110,110,110,139,4,37,65,65,169,169,185,435,314,326,326,326],"floor_reached":22,"playtime":1767,"items_purged":["Defend_RM"],"score":291,"play_id":"0e6bd23d-dfb9-40aa-b004-e34d178f256f","local_time":"20201230002034","is_ascension_mode":true,"campfire_choices":[{"data":"RedMoon","floor":7,"key":"SMITH"},{"floor":10,"key":"RECALL"},{"data":"BloodyHallows","floor":15,"key":"SMITH"}],"circlet_count":0,"master_deck":["Strike_RM","Strike_RM+1","Strike_RM","Strike_RM","Defend_RM","Defend_RM","Defend_RM","RedMoon+1","ScarletShoot","BloodyHallows+1","BloodyHallows","Stigmanizer+1","Gensokyo:Shovel","Gensokyo:TarnishedGold"],"relics":["ScarletHat","NeowsBlessing","Strawberry","Gensokyo:PortableGap","Pear","Vajra","FossilizedHelix","MealTicket","Happy Flower","Bag of Marbles","ScarletEmblem","FairyMaid","Nunchaku"],"acts_visited":["Gensokyo:Gensokyo","Gensokyo:Gensokyoer"],"potions_floor_usage":[11,16,16],"damage_taken":[{"damage":0,"enemies":"Gensokyo:3_Fairies","floor":1,"turns":2},{"damage":0,"enemies":"Gensokyo:Gryphon","floor":5,"turns":1},{"damage":0,"enemies":"Gensokyo:Cirno","floor":6,"turns":2},{"damage":2,"enemies":"Gensokyo:Mamizou","floor":8,"turns":10},{"damage":22,"enemies":"Gensokyo:Aya","floor":11,"turns":9},{"damage":7,"enemies":"Gensokyo:Cirno","floor":13,"turns":8},{"damage":29,"enemies":"Gensokyo:Aya","floor":14,"turns":9},{"damage":45,"enemies":"Gensokyo:Yukari","floor":16,"turns":12},{"damage":43,"enemies":"Gensokyo:Chomper","floor":18,"turns":4},{"damage":0,"enemies":"Gensokyo:AngelMirror","floor":21,"turns":2},{"damage":51,"enemies":"Gensokyo:Chomper_and_Gloop","floor":22,"turns":3}],"seed_played":"-5027811030792233980","potions_obtained":[{"floor":5,"key":"Block Potion"},{"floor":6,"key":"Regen Potion"},{"floor":11,"key":"ColorlessPotion"},{"floor":13,"key":"Swift Potion"},{"floor":16,"key":"Ancient Potion"}],"is_trial":false,"path_per_floor":["M","?","?","$","M","E","R","E","T","R","E","COS","E","E","R","B",null,"M","?","COS","M","M"],"character_chosen":"REMILIA","items_purchased":[],"campfire_rested":0,"item_purchase_floors":[],"current_hp_per_floor":[75,72,72,72,72,82,82,84,84,84,63,63,56,31,31,40,66,40,40,40,40,0,0],"gold":326,"neow_bonus":"THREE_ENEMY_KILL","is_daily":false,"chose_seed":false,"campfire_upgraded":2,"win_rate":0.0,"timestamp":1609258834,"path_taken":["M","?","?","$","M","E","R","E","T","R","E","COS","E","E","R","BOSS","M","?","COS","M","M"],"items_purchased_type":[],"build_version":"2020-12-22","purchased_purges":1,"victory":false,"max_hp_per_floor":[75,82,74,74,74,84,84,84,84,84,81,78,75,75,75,75,75,75,71,71,71,71,71],"card_choices":[{"not_picked":["FavorOfDestiny","CharismaGuard","VampirishNight"],"picked":"SKIP","floor":1},{"not_picked":["MastersStateliness","RedMagic","StarOfDavid"],"picked":"SKIP","floor":5},{"not_picked":["EndlessAdversity","VampireKiss","VampireSweep"],"picked":"SKIP","floor":6},{"not_picked":["VampireSweep","MillenniumVampire","LeisurelyOfLord"],"picked":"SKIP","floor":8},{"not_picked":["BloodHunter","UnstableMagic","BadLadyScramble"],"picked":"SKIP","floor":11},{"not_picked":["VampireClaw","RedMagic","TwelveNightmare"],"picked":"SKIP","floor":13},{"not_picked":["ScarletDevil","UnderTheZenith"],"picked":"BloodyHallows","floor":14},{"not_picked":["ScarletCoffin","CurseOfVladTepes"],"picked":"BloodyHallows","floor":16},{"not_picked":["LeisurelyOfLord","ScarletNetherworld+1"],"picked":"Stigmanizer+1","floor":18},{"not_picked":["BlasphemousPunishment+1","RedRainbow+1","NightDance"],"picked":"SKIP","floor":21}],"player_experience":309195,"relics_obtained":[{"floor":6,"key":"Pear"},{"floor":8,"key":"Vajra"},{"floor":11,"key":"FossilizedHelix"},{"floor":13,"key":"MealTicket"},{"floor":14,"key":"Happy Flower"}],"event_choices":[],"is_beta":false,"boss_relics":[{"not_picked":["RedLine:ReiMu","Empty Cage"],"picked":"ScarletEmblem"}],"items_purged_floors":[4],"is_endless":false,"potions_floor_spawned":[5,6,11,13,16],"killed_by":"Gensokyo:Chomper_and_Gloop","ascension_level":5}}