{"host":"3t6uby4o5waaq95r","time":1609216340,"event":{"mods":["AchievementEnabler","BaseMod","Bestiary","Colored Map","Highlight Path","Minty Spire (QoL Compilation)","Permanent Neow","Quick Restart","Random Character Button","SuperFastMode"],"gold_per_floor":[119,119,21,41,57,88,106,106,132,150,168,68,82,112,112,207,207,224,236,236,236,246,246,257,257,257,273,273,283,382,401,401,502,502,502],"floor_reached":34,"playtime":1135,"items_purged":["Strike_B","Defend_B"],"score":358,"play_id":"a7c8072d-c3eb-41e3-9eaf-fe4752ac6202","local_time":"20201228223220","is_ascension_mode":false,"campfire_choices":[{"data":"Zap","floor":8,"key":"SMITH"},{"data":"FTL","floor":15,"key":"SMITH"},{"floor":23,"key":"REST"},{"floor":25,"key":"REST"},{"data":"Scrape","floor":28,"key":"SMITH"},{"floor":32,"key":"REST"}],"circlet_count":0,"master_deck":["Strike_B","Strike_B","Defend_B+1","Defend_B+1","Defend_B","Zap+1","Dualcast","Melter","Gash","Leap","Go for the Eyes","Sweeping Beam","Go for the Eyes","FTL+1","Static Discharge","Echo Form","CurseOfTheBell","Hologram","Rip and Tear+1","Scrape+1","Rebound+1","White Noise","Hologram+1","All For One"],"relics":["Cracked Core","NeowsBlessing","Toy Ornithopter","War Paint","Odd Mushroom","Calling Bell","Art of War","Blue Candle","Lizard Tail","Question Card"],"acts_visited":["Exordium","TheCity"],"potions_floor_usage":[6,31],"damage_taken":[{"damage":0,"enemies":"Jaw Worm","floor":1,"turns":1},{"damage":0,"enemies":"Cultist","floor":4,"turns":1},{"damage":0,"enemies":"Small Slimes","floor":5,"turns":1},{"damage":16,"enemies":"Gremlin Nob","floor":6,"turns":3},{"damage":0,"enemies":"Exordium Wildlife","floor":7,"turns":3},{"damage":0,"enemies":"Blue Slaver","floor":10,"turns":3},{"damage":5,"enemies":"Gremlin Gang","floor":11,"turns":3},{"damage":0,"enemies":"Large Slime","floor":13,"turns":4},{"damage":9,"enemies":"The Mushroom Lair","floor":14,"turns":3},{"damage":22,"enemies":"The Guardian","floor":16,"turns":11},{"damage":11,"enemies":"Shell Parasite","floor":18,"turns":5},{"damage":5,"enemies":"3 Byrds","floor":19,"turns":3},{"damage":19,"enemies":"Cultist and Chosen","floor":22,"turns":6},{"damage":20,"enemies":"Snake Plant","floor":24,"turns":4},{"damage":14,"enemies":"Centurion and Healer","floor":27,"turns":6},{"damage":16,"enemies":"Cultist and Chosen","floor":29,"turns":5},{"damage":18,"enemies":"3 Cultists","floor":31,"turns":4},{"damage":101,"enemies":"Automaton","floor":33,"turns":9}],"seed_played":"-2569533727279496629","potions_obtained":[{"floor":5,"key":"Fire Potion"},{"floor":6,"key":"AttackPotion"},{"floor":11,"key":"Swift Potion"},{"floor":14,"key":"Swift Potion"},{"floor":19,"key":"FairyPotion"},{"floor":31,"key":"DistilledChaos"},{"floor":33,"key":"Energy Potion"}],"is_trial":false,"path_per_floor":["M","?","$","M","M","E","M","R","T","M","M","$","M","?","R","B",null,"M","M","?","?","M","R","M","R","T","M","R","M","?","M","R","B",null],"character_chosen":"DEFECT","items_purchased":["Gash"],"campfire_rested":3,"item_purchase_floors":[3],"current_hp_per_floor":[75,75,75,75,75,59,59,59,59,59,54,54,54,45,45,23,75,64,59,59,52,33,55,35,57,57,43,43,27,27,14,36,4,4,4],"gold":502,"neow_bonus":"THREE_ENEMY_KILL","is_daily":false,"chose_seed":false,"campfire_upgraded":3,"win_rate":0.0,"timestamp":1609216340,"path_taken":["M","?","$","M","M","E","?","R","T","M","M","$","M","?","R","BOSS","M","M","?","?","M","R","M","R","T","?","R","M","?","M","R","BOSS"],"items_purchased_type":["Card"],"build_version":"2020-12-22","purchased_purges":2,"victory":false,"max_hp_per_floor":[75,75,75,75,75,75,75,75,75,75,75,75,75,75,75,75,75,75,75,75,75,75,75,75,75,75,75,75,75,75,75,75,75,75,75],"card_choices":[{"not_picked":["Cold Snap","Skim"],"picked":"Melter","floor":1},{"not_picked":["Reinforced Body","Barrage"],"picked":"Leap","floor":4},{"not_picked":["Streamline","Stack","Coolheaded"],"picked":"SKIP","floor":5},{"not_picked":["Redo","Chaos"],"picked":"Go for the Eyes","floor":6},{"not_picked":["Steam","Go for the Eyes"],"picked":"Sweeping Beam","floor":7},{"not_picked":["Chaos","Conserve Battery"],"picked":"Go for the Eyes","floor":10},{"not_picked":["Cold Snap","Steam Power"],"picked":"FTL","floor":11},{"not_picked":["Consume","Steam Power","Stack"],"picked":"SKIP","floor":13},{"not_picked":["Rainbow","Beam Cell"],"picked":"Static Discharge","floor":14},{"not_picked":["Machine Learning","Biased Cognition"],"picked":"Echo Form","floor":16},{"not_picked":["Reinforced Body","Glacier"],"picked":"Hologram","floor":18},{"not_picked":["Turbo","Sweeping Beam"],"picked":"Rip and Tear+1","floor":19},{"not_picked":["Steam","Coolheaded"],"picked":"Scrape","floor":22},{"not_picked":["Sweeping Beam","Hologram+1"],"picked":"Rebound+1","floor":24},{"not_picked":["Turbo","Darkness","Compile Driver"],"picked":"White Noise","floor":27},{"not_picked":["Force Field","Rebound","Hologram","Redo"],"picked":"SKIP","floor":29},{"not_picked":["Reprogram","Double Energy","Doom and Gloom"],"picked":"Hologram+1","floor":31},{"not_picked":["Seek","Thunder Strike","Amplify"],"picked":"All For One","floor":33}],"player_experience":805248,"relics_obtained":[{"floor":6,"key":"Toy Ornithopter"},{"floor":9,"key":"War Paint"},{"floor":14,"key":"Odd Mushroom"},{"floor":17,"key":"Art of War"},{"floor":17,"key":"Blue Candle"},{"floor":17,"key":"Lizard Tail"},{"floor":26,"key":"Question Card"}],"event_choices":[{"cards_removed":["Strike_B"],"damage_healed":0,"gold_gain":0,"player_choice":"Purged","damage_taken":0,"max_hp_gain":0,"max_hp_loss":0,"event_name":"Purifier","floor":2,"gold_loss":0},{"damage_healed":0,"gold_gain":0,"player_choice":"Fought Mushrooms","damage_taken":0,"max_hp_gain":0,"max_hp_loss":0,"event_name":"Mushrooms","floor":14,"gold_loss":0},{"damage_healed":0,"gold_gain":0,"player_choice":"Ignored","damage_taken":0,"max_hp_gain":0,"max_hp_loss":0,"event_name":"Vampires","floor":20,"gold_loss":0},{"damage_healed":0,"gold_gain":0,"player_choice":"Damaged","damage_taken":7,"max_hp_gain":0,"max_hp_loss":0,"event_name":"Wheel of Change","floor":21,"gold_loss":0},{"damage_healed":0,"gold_gain":99,"player_choice":"Stole From Cult","damage_taken":0,"max_hp_gain":0,"max_hp_loss":0,"event_name":"Nest","floor":30,"gold_loss":0}],"is_beta":false,"boss_relics":[{"not_picked":["Tiny House","Astrolabe"],"picked":"Calling Bell"}],"items_purged_floors":[3,12],"is_endless":false,"potions_floor_spawned":[5,6,11,14,16,19,31,33],"ascension_level":0}}