{"host":"b0hh64pqctf46s8m","time":1609282854,"event":{"mods":["Act Like it!","BaseMod","Bestiary","CCEM","CapriCore","ChefMod","Conspire","Curses Come First","Displayed Cursed Tome","Dota2Spire","Downfall","Ekko","Elementarium","Fireblade Mod","Hallownest","Hermit","Hubris","Infinite Spire","Jess\u0027s Bottle","JesterMod","Jorbs\u0027s Wanderer Trilogy","Lobotomy","Luminous","Menagerie","Minty Spire (QoL Compilation)","Pale of the Ancients","Permanent Neow","Relic Stats","Replay The Spire","Robot Space Explorer","Shade Mod","StSLib","The Blue Laboratory","The Dragon Tamer","The Immortal","The Marked","TheLocksmith","TheSwordswoman","TheVacant","TheWitcher","UnlockEverythingMod","Wandering Minibosses","??????REMEMod","????"],"gold_per_floor":[119,194,206,186,205,232,248,248,248,248,248],"floor_reached":10,"playtime":333,"items_purged":[],"score":68,"play_id":"defaf182-2766-4000-ae9b-e5bef599edf5","local_time":"20201229150054","is_ascension_mode":false,"campfire_choices":[{"data":"theMarked:HeritageOfTheMarked","floor":8,"key":"SMITH"}],"circlet_count":0,"master_deck":["theMarked:Strike","theMarked:Strike","theMarked:Strike","theMarked:Strike","theMarked:Strike","theMarked:Defend","theMarked:Defend","theMarked:Defend","theMarked:Defend","theMarked:SoldierOfQuellstein","theMarked:UnarmedFury","theMarked:CreepingChasm","theMarked:HeritageOfTheMarked+1","theMarked:Static","theMarked:MysticalArsenal"],"relics":["theMarked:ArtifactOfAir","REME_ComplimentaryCards","hubris:DisguiseKit","theMarked:Gun"],"acts_visited":["Exordium"],"potions_floor_usage":[6],"damage_taken":[{"damage":0,"enemies":"Small Slimes","floor":1,"turns":2},{"damage":1,"enemies":"Jaw Worm","floor":3,"turns":3},{"damage":5,"enemies":"Cultist","floor":5,"turns":5},{"damage":17,"enemies":"3 Sentries","floor":6,"turns":5},{"damage":5,"enemies":"Looter","floor":7,"turns":3},{"damage":31,"enemies":"Lagavulin","floor":10,"turns":4}],"seed_played":"-5356023749848768047","potions_obtained":[{"floor":4,"key":"hexamod:EctoCoolerPotion"},{"floor":5,"key":"blueLaboratory:CorrosionFlask"},{"floor":6,"key":"AttackPotion"}],"is_trial":false,"path_per_floor":["M","?","M","?","M","E","M","R","T","E"],"character_chosen":"THE_DEFAULT","items_purchased":[],"campfire_rested":0,"item_purchase_floors":[],"current_hp_per_floor":[70,59,58,58,53,36,31,31,31,0,0],"gold":248,"neow_bonus":"ONE_RANDOM_RARE_CARD","is_daily":false,"chose_seed":false,"campfire_upgraded":1,"win_rate":0.0,"timestamp":1609282854,"path_taken":["M","?","M","?","M","E","?","R","T","E"],"items_purchased_type":[],"build_version":"2020-12-22","purchased_purges":0,"victory":false,"max_hp_per_floor":[70,70,70,70,70,70,70,70,70,70,70],"relic_stats":{"counters":[6,22],"obtain_stats":[{"theMarked:ArtifactOfAir":0,"hubris:DisguiseKit":6,"theMarked:Gun":9,"REME_ComplimentaryCards":0},{"theMarked:ArtifactOfAir":0,"hubris:DisguiseKit":4,"theMarked:Gun":5,"REME_ComplimentaryCards":0},{"theMarked:ArtifactOfAir":0,"hubris:DisguiseKit":15,"theMarked:Gun":18,"REME_ComplimentaryCards":0}]},"card_choices":[{"not_picked":["theMarked:Improvise","theMarked:EnhanceMovement"],"picked":"theMarked:CreepingChasm","floor":1},{"not_picked":["theMarked:Aftermath","theMarked:TwofoldDefense"],"picked":"theMarked:HeritageOfTheMarked","floor":3},{"not_picked":["theMarked:Generate","theMarked:Aftermath"],"picked":"theMarked:Static","floor":5},{"not_picked":["theMarked:MagicAdept","theMarked:EmpowerWeapon"],"picked":"theMarked:MysticalArsenal","floor":6},{"not_picked":["theMarked:Improvise","theMarked:SwordAndMagic","theMarked:ReduceFriction","ekkoTheBoyWhoShatteredTime:FeelIt"],"picked":"SKIP","floor":7}],"player_experience":1417362,"relics_obtained":[{"floor":6,"key":"hubris:DisguiseKit"},{"floor":9,"key":"theMarked:Gun"}],"event_choices":[{"damage_healed":0,"gold_gain":75,"player_choice":"Gather Gold","damage_taken":11,"max_hp_gain":0,"max_hp_loss":0,"event_name":"World of Goop","floor":2,"gold_loss":0},{"damage_healed":0,"gold_gain":0,"player_choice":"Bought 1 Potion","damage_taken":0,"max_hp_gain":0,"max_hp_loss":0,"event_name":"The Woman in Blue","floor":4,"gold_loss":0}],"is_beta":false,"boss_relics":[],"items_purged_floors":[],"is_endless":false,"potions_floor_spawned":[5,6],"killed_by":"Lagavulin","ascension_level":0}}