{"host":"dhyczjm99amxd3qx","time":1609277904,"event":{"mods":["BaseMod","Colored Map","Googly Eyes","Highlight Path","Minty Spire (QoL Compilation)","Quick Restart","StSLib"],"gold_per_floor":[110,185,285,295,65,65,98,98,98,114,148,148,166,200,200,295,295,307,307,307,307,319,354,354,382,382,395,144,157,188,207,207,311,311,324,324,344,358,373,373,400,400,423,423,454,470,134,160,160,160],"floor_reached":51,"playtime":4100,"items_purged":["Defend_R","Strike_R","Warcry"],"score":935,"play_id":"d58b2108-b509-4af5-8e8d-062c0d7cbe4a","local_time":"20201229163824","is_ascension_mode":true,"campfire_choices":[{"data":"Bash","floor":6.0,"key":"SMITH"},{"data":"Disarm","floor":8.0,"key":"SMITH"},{"data":"Iron Wave","floor":15.0,"key":"SMITH"},{"data":"Iron Wave","floor":24.0,"key":"SMITH"},{"data":"Battle Trance","floor":32.0,"key":"SMITH"},{"data":"Hemokinesis","floor":40.0,"key":"SMITH"},{"data":"Iron Wave","floor":42.0,"key":"SMITH"},{"data":"Double Tap","floor":49,"key":"SMITH"}],"circlet_count":0,"master_deck":["Strike_R","Strike_R","Strike_R","Defend_R","Defend_R+1","Bash+1","Thunderclap","Disarm+1","Flex+1","Iron Wave+1","Iron Wave+1","Impervious+1","Battle Trance+1","Battle Trance+1","Iron Wave+1","Hemokinesis+1","Double Tap+1","CurseOfTheBell","Flex+1","Shockwave+1","Clash+1","Blood for Blood"],"relics":["Burning Blood","Nunchaku","Magic Flower","Vajra","Paper Frog","Pantograph","Coffee Dripper","Oddly Smooth Stone","White Beast Statue","Lantern","Thread and Needle","War Paint","StoneCalendar","Calling Bell","Blood Vial","InkBottle","Turnip","Smiling Mask","Anchor","Self Forming Clay","Kunai","Ice Cream"],"acts_visited":["Exordium","TheCity","TheBeyond"],"potions_floor_usage":[45,50,50],"damage_taken":[{"damage":3.0,"enemies":"Small Slimes","floor":1.0,"turns":4.0},{"damage":7.0,"enemies":"Jaw Worm","floor":4.0,"turns":4.0},{"damage":24.0,"enemies":"Gremlin Nob","floor":7.0,"turns":5.0},{"damage":3.0,"enemies":"Cultist","floor":10.0,"turns":4.0},{"damage":28.0,"enemies":"Lagavulin","floor":11.0,"turns":6.0},{"damage":8.0,"enemies":"Blue Slaver","floor":13.0,"turns":4.0},{"damage":27.0,"enemies":"3 Sentries","floor":14.0,"turns":6.0},{"damage":20.0,"enemies":"The Guardian","floor":16.0,"turns":9.0},{"damage":0.0,"enemies":"Chosen","floor":18.0,"turns":5.0},{"damage":1.0,"enemies":"Spheric Guardian","floor":22.0,"turns":5.0},{"damage":16.0,"enemies":"Gremlin Leader","floor":23.0,"turns":5.0},{"damage":18.0,"enemies":"Book of Stabbing","floor":25.0,"turns":7.0},{"damage":0.0,"enemies":"3 Cultists","floor":27.0,"turns":4.0},{"damage":0.0,"enemies":"Cultist and Chosen","floor":29.0,"turns":3.0},{"damage":63.0,"enemies":"Gremlin Leader","floor":30.0,"turns":7.0},{"damage":2.0,"enemies":"Snake Plant","floor":31.0,"turns":3.0},{"damage":14.0,"enemies":"Collector","floor":33.0,"turns":4.0},{"damage":15.0,"enemies":"3 Darklings","floor":35.0,"turns":7.0},{"damage":2.0,"enemies":"Orb Walker","floor":37.0,"turns":3.0},{"damage":2.0,"enemies":"Transient","floor":38.0,"turns":5.0},{"damage":12.0,"enemies":"3 Darklings","floor":39.0,"turns":4.0},{"damage":29.0,"enemies":"Nemesis","floor":41.0,"turns":7.0},{"damage":2,"enemies":"Reptomancer","floor":45,"turns":4},{"damage":6,"enemies":"Maw","floor":46,"turns":6},{"damage":6,"enemies":"Nemesis","floor":48,"turns":5},{"damage":34,"enemies":"Time Eater","floor":50,"turns":9}],"seed_played":"-8333649422147900693","potions_obtained":[{"floor":4.0,"key":"Weak Potion"},{"floor":11.0,"key":"PowerPotion"},{"floor":13.0,"key":"Energy Potion"},{"floor":16.0,"key":"ColorlessPotion"},{"floor":22.0,"key":"Ancient Potion"},{"floor":25.0,"key":"AttackPotion"},{"floor":27.0,"key":"Energy Potion"},{"floor":29.0,"key":"Regen Potion"},{"floor":30.0,"key":"AttackPotion"},{"floor":31.0,"key":"Strength Potion"},{"floor":33.0,"key":"Block Potion"},{"floor":35.0,"key":"ElixirPotion"},{"floor":37.0,"key":"BlessingOfTheForge"},{"floor":38.0,"key":"Strength Potion"},{"floor":39.0,"key":"HeartOfIron"},{"floor":41.0,"key":"Strength Potion"},{"floor":45,"key":"Explosive Potion"},{"floor":46,"key":"SpeedPotion"},{"floor":48,"key":"LiquidMemories"}],"is_trial":false,"path_per_floor":["M","?","?","M","$","R","E","R","T","M","E","?","M","E","R","B",null,"M","?","?","?","M","E","R","E","T","M","$","M","E","M","R","B",null,"M","?","M","M","M","R","E","R","T","?","E","M","$","E","R","B",null],"character_chosen":"IRONCLAD","items_purchased":["Nunchaku","War Paint","Kunai","Blood for Blood"],"campfire_rested":0,"item_purchase_floors":[5,28,47,47],"current_hp_per_floor":[88,77,77,76,76,76,58,58,58,64,45,45,46,28,28,55,88,88,88,88,88,88,81,81,72,72,81,81,88,48,55,55,83,88,82,82,88,88,85,85,68,68,68,68,78,84,84,88,88,63],"gold":160,"neow_bonus":"TEN_PERCENT_HP_BONUS","is_daily":false,"chose_seed":false,"campfire_upgraded":8,"win_rate":0.0,"timestamp":1609277904,"path_taken":["M","?","?","M","$","R","E","R","T","?","E","?","?","E","R","BOSS","M","?","?","?","M","E","R","E","T","?","$","M","E","M","R","BOSS","M","?","M","M","?","R","E","R","T","?","E","M","$","E","R","BOSS"],"items_purchased_type":["Relic","Relic","Relic","Card"],"build_version":"2020-12-22","purchased_purges":3,"victory":true,"max_hp_per_floor":[88,88,88,88,88,88,88,88,88,88,88,88,88,88,88,88,88,88,88,88,88,88,88,88,88,88,88,88,88,88,88,88,88,88,88,88,88,88,88,88,88,88,88,88,88,88,88,88,88,88],"card_choices":[{"not_picked":["Headbutt","Cleave"],"picked":"Thunderclap","floor":1.0},{"not_picked":["Ghostly Armor","Rupture","Wild Strike"],"picked":"SKIP","floor":4.0},{"not_picked":["Wild Strike","Metallicize"],"picked":"Disarm","floor":7.0},{"not_picked":["Body Slam","Burning Pact"],"picked":"Flex","floor":10.0},{"not_picked":["Thunderclap","Dark Embrace","Perfected Strike"],"picked":"SKIP","floor":11.0},{"not_picked":["True Grit","Heavy Blade"],"picked":"Iron Wave","floor":13.0},{"not_picked":["Flex","Sword Boomerang"],"picked":"Iron Wave","floor":14.0},{"not_picked":["Double Tap","Exhume"],"picked":"Impervious","floor":16.0},{"not_picked":["Flame Barrier","Twin Strike","Evolve"],"picked":"SKIP","floor":18.0},{"not_picked":["Dark Embrace+1","Thunderclap"],"picked":"Battle Trance+1","floor":22.0},{"not_picked":["Headbutt","Whirlwind","Hemokinesis"],"picked":"SKIP","floor":23.0},{"not_picked":["Shrug It Off+1","Wild Strike","Flame Barrier"],"picked":"SKIP","floor":25.0},{"not_picked":["Body Slam","Clothesline"],"picked":"Battle Trance","floor":27.0},{"not_picked":["Heavy Blade","Blood for Blood"],"picked":"Iron Wave","floor":29.0},{"not_picked":["Pommel Strike","Spot Weakness"],"picked":"Hemokinesis","floor":30.0},{"not_picked":["Metallicize","Sword Boomerang","Rampage+1"],"picked":"SKIP","floor":31.0},{"not_picked":["Barricade","Fiend Fire"],"picked":"Double Tap","floor":33.0},{"not_picked":["Intimidate+1","Thunderclap","Hemokinesis"],"picked":"SKIP","floor":35.0},{"not_picked":["Headbutt+1","Cleave+1"],"picked":"Warcry","floor":37.0},{"not_picked":["Headbutt","Hemokinesis","Entrench"],"picked":"SKIP","floor":38.0},{"not_picked":["Power Through+1","Anger+1","Armaments+1"],"picked":"SKIP","floor":39.0},{"not_picked":["Armaments+1","Dropkick+1"],"picked":"Flex+1","floor":41.0},{"not_picked":["Ghostly Armor+1","Entrench"],"picked":"Shockwave+1","floor":45},{"not_picked":["Body Slam","Twin Strike+1"],"picked":"Clash+1","floor":46},{"not_picked":["Perfected Strike+1","Sever Soul","Clash"],"picked":"SKIP","floor":48}],"player_experience":181628,"relics_obtained":[{"floor":7.0,"key":"Magic Flower"},{"floor":9.0,"key":"Vajra"},{"floor":11.0,"key":"Paper Frog"},{"floor":14.0,"key":"Pantograph"},{"floor":23.0,"key":"White Beast Statue"},{"floor":25.0,"key":"Lantern"},{"floor":26.0,"key":"Thread and Needle"},{"floor":30.0,"key":"StoneCalendar"},{"floor":34.0,"key":"Blood Vial"},{"floor":34.0,"key":"InkBottle"},{"floor":34.0,"key":"Turnip"},{"floor":41.0,"key":"Smiling Mask"},{"floor":43.0,"key":"Anchor"},{"floor":45,"key":"Self Forming Clay"},{"floor":48,"key":"Ice Cream"}],"event_choices":[{"damage_healed":0.0,"max_hp_gain":0.0,"max_hp_loss":0.0,"gold_gain":75.0,"event_name":"World of Goop","player_choice":"Gather Gold","floor":2.0,"gold_loss":0.0,"damage_taken":11.0},{"damage_healed":0.0,"max_hp_gain":0.0,"max_hp_loss":0.0,"gold_gain":100.0,"event_name":"Golden Shrine","player_choice":"Pray","floor":3.0,"gold_loss":0.0,"damage_taken":0.0},{"cards_removed":["Strike_R"],"damage_healed":0.0,"max_hp_gain":0.0,"max_hp_loss":0.0,"gold_gain":0.0,"event_name":"Bonfire Elementals","player_choice":"Offered Basic","floor":12.0,"gold_loss":0.0,"damage_taken":0.0},{"damage_healed":0.0,"max_hp_gain":0.0,"max_hp_loss":0.0,"gold_gain":0.0,"event_name":"Ghosts","player_choice":"Ignored","floor":19.0,"gold_loss":0.0,"damage_taken":0.0},{"damage_healed":0.0,"max_hp_gain":0.0,"max_hp_loss":0.0,"gold_gain":0.0,"event_name":"The Mausoleum","player_choice":"Opened","floor":20.0,"gold_loss":0.0,"damage_taken":0.0,"relics_obtained":["Oddly Smooth Stone"],"cards_obtained":["Writhe"]},{"cards_removed":["Writhe"],"damage_healed":0.0,"max_hp_gain":0.0,"max_hp_loss":0.0,"gold_gain":0.0,"event_name":"Fountain of Cleansing","player_choice":"Removed Curses","floor":21.0,"gold_loss":0.0,"damage_taken":0.0},{"damage_healed":0.0,"max_hp_gain":0.0,"max_hp_loss":0.0,"gold_gain":0.0,"event_name":"Upgrade Shrine","player_choice":"Upgraded","floor":36.0,"gold_loss":0.0,"damage_taken":0.0,"cards_upgraded":["Impervious"]},{"cards_removed":["Defend_R"],"damage_healed":0.0,"max_hp_gain":0.0,"max_hp_loss":0.0,"gold_gain":0.0,"event_name":"Purifier","player_choice":"Purged","floor":44.0,"gold_loss":0.0,"damage_taken":0.0}],"is_beta":false,"boss_relics":[{"not_picked":["Tiny House","Black Star"],"picked":"Coffee Dripper"},{"not_picked":["Pandora\u0027s Box","Runic Dome"],"picked":"Calling Bell"}],"items_purged_floors":[5,28,47],"is_endless":false,"potions_floor_spawned":[4,11,13,16,22,25,27,29,30,31,33,35,37,38,39,41,45,46,48],"ascension_level":3}}