{"host":"hi7fki77kkmhrce8","time":1609212059,"event":{"mods":["AchievementEnabler","Act Like it!","BaseMod","Beaked The Cultist","Colored Map","Colored Powertips","Downfall","Halation","Jedi Mod","Mad Scientist","Minty Spire (QoL Compilation)","Relic Stats","Replay The Spire","StSLib","SuperFastMode","The Construct","The Hierophant","The Servant 0.9.4"],"gold_per_floor":[118,118,135,147,162,190,190,224,224,242,222,222,76,88,88,191,191,211,225,245,255,255,282,282,282],"floor_reached":24,"playtime":927,"items_purged":[],"score":230,"play_id":"cc5973b7-27c7-4f3c-a14b-5652dbd1e855","local_time":"20201228222059","is_ascension_mode":false,"campfire_choices":[{"data":"Thunderclap","floor":7,"key":"SMITH"},{"floor":12,"key":"REST"},{"data":"Life Link","floor":15,"key":"SMITH"}],"circlet_count":0,"master_deck":["Strike_R","Strike_R","Strike_R","Strike_R","Strike_R","Defend_R","Defend_R","Defend_R","Defend_R","Bash","Twin Strike","Twin Strike","Thunderclap+1","Heavy Blade","Inflame","Life Link+1","Clothesline+1","Inflame","Limit Break","AbeCurse","Heavy Blade","Intimidate","Flex","Anger+1"],"relics":["Burning Blood","jedi:shrinkray","Nunchaku","jedi:arcanewood","jedi:leech","Onion Ring","halation:PeacePiece","Abe\u0027s Treasure","PreservedInsect","halation:LettersToHer"],"acts_visited":["Exordium","TheCity"],"potions_floor_usage":[6,16,16,18,19],"damage_taken":[{"damage":2,"enemies":"Small Slimes","floor":1,"turns":3},{"damage":6,"enemies":"Cultist","floor":3,"turns":3},{"damage":6,"enemies":"Jaw Worm","floor":4,"turns":2},{"damage":6,"enemies":"Lots of Slimes","floor":5,"turns":5},{"damage":35,"enemies":"Lagavulin","floor":6,"turns":6},{"damage":39,"enemies":"3 Sentries","floor":8,"turns":7},{"damage":0,"enemies":"Looter","floor":10,"turns":2},{"damage":7,"enemies":"Large Slime","floor":14,"turns":5},{"damage":42,"enemies":"Hexaghost","floor":16,"turns":13},{"damage":18,"enemies":"Shell Parasite","floor":18,"turns":4},{"damage":9,"enemies":"3 Byrds","floor":19,"turns":5},{"damage":16,"enemies":"Snake Plant","floor":20,"turns":4},{"damage":27,"enemies":"Cultist and Chosen","floor":21,"turns":7},{"damage":24,"enemies":"Book of Stabbing","floor":23,"turns":5},{"damage":27,"enemies":"Snecko","floor":24,"turns":5}],"seed_played":"704873898408253243","potions_obtained":[{"floor":5,"key":"Energy Potion"},{"floor":6,"key":"DuplicationPotion"},{"floor":10,"key":"Slimebound:ThreeZeroPotion"},{"floor":11,"key":"jedi:StrikingPotion"},{"floor":16,"key":"Adrenaline Potion"},{"floor":18,"key":"ColorlessPotion"}],"is_trial":false,"path_per_floor":["M","?","M","M","M","E","R","E","T","M","?","R","$","M","R","B",null,"M","M","M","M","?","E","M"],"character_chosen":"IRONCLAD","items_purchased":["Clothesline+1","halation:PeacePiece"],"campfire_rested":1,"item_purchase_floors":[13,13],"current_hp_per_floor":[80,80,80,80,80,51,51,18,18,24,24,48,48,47,47,11,80,68,65,55,34,34,16,0,0],"gold":282,"neow_bonus":"RANDOM_COMMON_RELIC","is_daily":false,"chose_seed":false,"campfire_upgraded":2,"win_rate":0.0,"timestamp":1609212059,"path_taken":["M","?","?","M","M","E","R","E","T","M","?","R","$","M","R","BOSS","M","?","M","M","?","E","M"],"items_purchased_type":["Card","Relic"],"build_version":"2020-12-22","purchased_purges":0,"victory":false,"max_hp_per_floor":[80,80,80,80,80,80,80,80,80,80,80,80,80,80,80,80,80,80,80,80,80,80,80,80,80],"relic_stats":{"Nunchaku":[14],"counters":[15,76],"PreservedInsect":40,"obtain_stats":[{"jedi:leech":8,"Nunchaku":2,"Onion Ring":9,"PreservedInsect":22,"jedi:arcanewood":6,"halation:LettersToHer":23,"Burning Blood":0,"halation:PeacePiece":13,"Abe\u0027s Treasure":17,"jedi:shrinkray":0},{"jedi:leech":6,"Nunchaku":1,"Onion Ring":6,"PreservedInsect":13,"jedi:arcanewood":5,"halation:LettersToHer":14,"Burning Blood":0,"halation:PeacePiece":7,"Abe\u0027s Treasure":9,"jedi:shrinkray":0},{"jedi:leech":26,"Nunchaku":3,"Onion Ring":26,"PreservedInsect":66,"jedi:arcanewood":19,"halation:LettersToHer":71,"Burning Blood":0,"halation:PeacePiece":28,"Abe\u0027s Treasure":46,"jedi:shrinkray":0}],"Burning Blood":80},"card_choices":[{"not_picked":["Cleave","Twin Strike"],"picked":"Run Through","floor":1},{"not_picked":["Second Wind","Cleave"],"picked":"Twin Strike","floor":3},{"not_picked":["Anger","Intimidate"],"picked":"Twin Strike","floor":4},{"not_picked":["Reckless Charge","ReplayTheSpireMod:Stacked"],"picked":"Thunderclap","floor":5},{"not_picked":["Dual Wield","Power Through"],"picked":"Heavy Blade","floor":6},{"not_picked":["Pommel Strike","Sentinel"],"picked":"Inflame","floor":8},{"not_picked":["Iron Wave","Clash"],"picked":"Life Link","floor":10},{"not_picked":["Dark Embrace","Shockwave"],"picked":"Inflame","floor":14},{"not_picked":["Exhume","Hemogenesis"],"picked":"Limit Break","floor":16},{"not_picked":["Headbutt+1","Perfected Strike+1"],"picked":"Heavy Blade","floor":18},{"not_picked":["Havoc+1","Bloodletting+1"],"picked":"Intimidate","floor":19},{"not_picked":["jedi:fear+1","Warcry"],"picked":"Flex","floor":20},{"not_picked":["Feel No Pain","Metallicize+1"],"picked":"Anger+1","floor":21},{"not_picked":["Clothesline+1","Anger","Blood for Blood"],"picked":"SKIP","floor":23}],"player_experience":143776,"relics_obtained":[{"floor":6,"key":"jedi:arcanewood"},{"floor":8,"key":"jedi:leech"},{"floor":9,"key":"Onion Ring"},{"floor":22,"key":"PreservedInsect"},{"floor":23,"key":"halation:LettersToHer"}],"event_choices":[{"cards_removed":["Run Through"],"damage_healed":0,"gold_gain":0,"player_choice":"Gave Card","damage_taken":0,"relics_obtained":["Nunchaku"],"max_hp_gain":0,"max_hp_loss":0,"event_name":"WeMeetAgain","floor":2,"gold_loss":0},{"damage_healed":0,"gold_gain":0,"player_choice":"Bought 1 Potion","damage_taken":0,"max_hp_gain":0,"max_hp_loss":0,"event_name":"The Woman in Blue","floor":11,"gold_loss":0}],"is_beta":false,"boss_relics":[{"not_picked":["Empty Cage","Black Blood"],"picked":"Abe\u0027s Treasure"}],"items_purged_floors":[],"is_endless":false,"potions_floor_spawned":[5,6,10,16,18],"killed_by":"Snecko","ascension_level":0}}