{"host":"0cnf9zf1gia27zti","time":1609209984,"event":{"mods":["BaseMod","BetterRewards","Card Forge","Colored Map","Colored Powertips","Conspire","Downfall","Googly Eyes","Minty Spire (QoL Compilation)","Practice Mode","Quick Restart","Replay The Spire","Robot Space Explorer","Shade Mod","Spicy Shops","StSLib"],"gold_per_floor":[118,166,20,31,41,41,41,66,66,100,100,118,132,167,167,239,289,306,286,315,329,271,271,271],"floor_reached":23,"playtime":1347,"items_purged":[],"score":483,"play_id":"97169bf8-5e30-4c0a-80da-f1630e385e58","local_time":"20201229024624","daily_mods":["SealedDeck","Colorless Cards","Heirloom","DeadlyEvents","Elite Swarm"],"is_ascension_mode":true,"campfire_choices":[{"data":"FTL","floor":6,"key":"SMITH"},{"data":"Panache","floor":15,"key":"SMITH"}],"circlet_count":0,"master_deck":["AscendersBane","Bandage Up","FTL+1","Gash","Gash","Gash","Steam+1","Leap","Leap","Leap","Swift Strike","Replay:SS_forest_6","Gash","Madness+1","Panache+1","Secret Technique+1","Panache+1","Panache+1","expansioncontent:DecasProtection","Conserve Battery","Gash+1"],"relics":["Cracked Core","Hammer of Thor","Seething Fire","Anvil of the Gods","Ring of Chaos","Peace Pipe","Eternal Feather","Darkstone Periapt","Molten Egg 2","Orichalcum","Bag of Marbles","Tiny House","Replay:Bottled Snecko"],"acts_visited":["Exordium","TheCity"],"potions_floor_usage":[10,20],"damage_taken":[{"damage":0,"enemies":"Small Slimes","floor":1,"turns":3},{"damage":0,"enemies":"2 Louse","floor":4,"turns":2},{"damage":6,"enemies":"Cultist","floor":5,"turns":3},{"damage":2,"enemies":"3 Sentries","floor":8,"turns":6},{"damage":15,"enemies":"Lagavulin","floor":10,"turns":4},{"damage":0,"enemies":"Exordium Thugs","floor":12,"turns":4},{"damage":0,"enemies":"Blue Slaver","floor":13,"turns":3},{"damage":20,"enemies":"Gremlin Nob","floor":14,"turns":4},{"damage":18,"enemies":"Hexaghost","floor":16,"turns":7},{"damage":17,"enemies":"Chosen","floor":18,"turns":5},{"damage":36,"enemies":"Book of Stabbing","floor":20,"turns":4},{"damage":19,"enemies":"Shell Parasite","floor":21,"turns":4},{"damage":16,"enemies":"Gremlin Leader","floor":23,"turns":2}],"seed_played":"-5196324640527823514","potions_obtained":[{"floor":1,"key":"champ:CounterPotion"},{"floor":2,"key":"Energy Potion"},{"floor":2,"key":"SteroidPotion"},{"floor":16,"key":"Cursed Concoction"},{"floor":17,"key":"Energy Potion"},{"floor":19,"key":"Reflective Coating"},{"floor":21,"key":"Ancient Potion"}],"is_trial":true,"path_per_floor":["M","?","$","M","M","R","?","E","T","E","?","M","M","E","R","B",null,"M","?","E","M","$","E"],"character_chosen":"DEFECT","items_purchased":["Gash","Madness","Gash+1"],"campfire_rested":0,"item_purchase_floors":[3,3,22],"current_hp_per_floor":[68,68,68,71,65,65,58,60,60,49,49,61,65,49,58,44,69,56,56,24,9,9,0,0],"gold":271,"neow_bonus":"","is_daily":false,"chose_seed":false,"campfire_upgraded":2,"win_rate":0.0,"timestamp":1609209984,"path_taken":["M","?","$","M","M","R","?","E","T","E","?","?","M","E","R","BOSS","M","?","?","?","$","E"],"items_purchased_type":["Card","Card","Card"],"build_version":"2020-12-22","purchased_purges":0,"victory":false,"max_hp_per_floor":[71,71,71,71,71,71,71,71,71,71,71,71,71,71,71,71,76,76,76,76,76,76,76,76],"card_choices":[{"not_picked":["Stack","expansioncontent:GoopSpray"],"picked":"Swift Strike","floor":1},{"not_picked":["Specialist","Skim"],"picked":"Replay:SS_forest_6","floor":2},{"not_picked":["expansioncontent:Hexaburn","Compile Driver","Turbo"],"picked":"SKIP","floor":4},{"not_picked":["BasicCrystalCard","Glacier","Replay:Bootleg Shield Generator"],"picked":"SKIP","floor":5},{"not_picked":["Multi-Cast","Violence"],"picked":"Panache","floor":8},{"not_picked":["expansioncontent:StudyTheSpire","Rainbow"],"picked":"Secret Technique","floor":10},{"not_picked":["Leap","expansioncontent:PrepareCrush","Panic Button"],"picked":"SKIP","floor":12},{"not_picked":["Replay:Sssssssssstrike+1","Stack","Coolheaded"],"picked":"SKIP","floor":13},{"not_picked":["ReplayRNGCard","Machine Learning"],"picked":"Panache","floor":14},{"not_picked":["Amplify","Thunder Strike+1"],"picked":"Panache","floor":16},{"not_picked":["Replay:BasicMightCard","expansioncontent:DefensiveMode"],"picked":"expansioncontent:DecasProtection","floor":17},{"not_picked":["Cold Snap+1","Go for the Eyes+1","Coolheaded"],"picked":"SKIP","floor":18},{"not_picked":["Electrodynamics","Biased Cognition","ReplayTheSpireMod:Necrogeddon+1"],"picked":"SKIP","floor":20},{"not_picked":["Beam Cell+1","Panic Button"],"picked":"Conserve Battery","floor":21}],"player_experience":2700210,"relics_obtained":[{"floor":8,"key":"Eternal Feather"},{"floor":9,"key":"Darkstone Periapt"},{"floor":10,"key":"Molten Egg 2"},{"floor":14,"key":"Bag of Marbles"},{"floor":20,"key":"Replay:Bottled Snecko"}],"event_choices":[{"cards_removed":["Go for the Eyes"],"damage_healed":0,"gold_gain":0,"player_choice":"Card Removal","damage_taken":7,"max_hp_gain":0,"max_hp_loss":0,"event_name":"Golden Wing","floor":7,"gold_loss":0},{"damage_healed":0,"gold_gain":0,"player_choice":"Searched \u00271\u0027 times","damage_taken":0,"relics_obtained":["Orichalcum"],"max_hp_gain":0,"max_hp_loss":0,"event_name":"Dead Adventurer","floor":11,"gold_loss":0},{"damage_healed":0,"gold_gain":0,"player_choice":"Bought 1 Potion","damage_taken":0,"max_hp_gain":0,"max_hp_loss":0,"event_name":"The Woman in Blue","floor":19,"gold_loss":0}],"is_beta":false,"boss_relics":[{"not_picked":["ChewingGum","Snecko Eye"],"picked":"Tiny House"}],"items_purged_floors":[],"is_endless":false,"potions_floor_spawned":[1,4,8,16,21],"killed_by":"Gremlin Leader","ascension_level":20}}