{"host":"jpyc2kczef5p02oc","time":1609233687,"event":{"mods":["ATMod(阿瑾Mod)","BaseMod","Friendly Minions","Hubris","Marisa（F雨　魔理沙）","Minty Spire (QoL Compilation)","StSLib","Td1madao Mod","The Servant 0.9.4","【功能Mod】聪明的最终Boss"],"gold_per_floor":[16,27,27,27,48,91,241,284,284,305,305,65,99,113,113,206,206,222,222,242,265,130,130,170,170,170,203,203,222,235,266,266,266,266],"floor_reached":33,"playtime":1033,"items_purged":[],"score":750,"play_id":"48c97d9a-b774-4047-b4c9-f1db3dd3cbf3","local_time":"20201229172127","is_ascension_mode":true,"campfire_choices":[{"data":"AT_EmpoweredMortalDraw","floor":11.0,"key":"SMITH"},{"floor":15.0,"key":"RECALL"},{"data":"Demon Form","floor":23.0,"key":"SMITH"},{"data":"Armaments","floor":25.0,"key":"SMITH"},{"data":"AT_ShrugMaster","floor":32,"key":"SMITH"}],"circlet_count":0,"master_deck":["AscendersBane","Strike_R","Strike_R","Strike_R","Strike_R","Strike_R","Defend_R","Defend_R","Defend_R","Defend_R","Bash","AT_EmpoweredMortalDraw+1","Cleave","Battle Trance","Immolate","AT_IchimonjiDouble","Uppercut","Armaments+1","AT_ManFootWork+1","Demon Form+1","Heavy Blade+1","Twin Strike+1","Offering","AT_ShrugMaster+1"],"relics":["Burning Blood","AT_ATBox","FossilizedHelix","hubris:Towel","Golden Idol","hubris:GlazedTorus","Anchor","TungstenRod","Ancient Tea Set","The Courier","Philosopher\u0027s Stone","AT_Manta","Molten Egg 2","Bag of Preparation"],"acts_visited":["Exordium","TheCity"],"potions_floor_usage":[33],"damage_taken":[{"damage":0.0,"enemies":"Cultist","floor":1.0,"turns":3.0},{"damage":0.0,"enemies":"2 Louse","floor":2.0,"turns":1.0},{"damage":0.0,"enemies":"Jaw Worm","floor":5.0,"turns":2.0},{"damage":0.0,"enemies":"3 Sentries","floor":6.0,"turns":2.0},{"damage":20.0,"enemies":"Lagavulin","floor":8.0,"turns":5.0},{"damage":0.0,"enemies":"Large Slime","floor":10.0,"turns":4.0},{"damage":0.0,"enemies":"Gremlin Nob","floor":13.0,"turns":4.0},{"damage":0.0,"enemies":"3 Louse","floor":14.0,"turns":3.0},{"damage":47.0,"enemies":"The Guardian","floor":16.0,"turns":10.0},{"damage":0.0,"enemies":"3 Byrds","floor":18.0,"turns":2.0},{"damage":0.0,"enemies":"2 Thieves","floor":20.0,"turns":2.0},{"damage":22.0,"enemies":"Shelled Parasite and Fungi","floor":21.0,"turns":3.0},{"damage":21.0,"enemies":"Slavers","floor":24.0,"turns":4.0},{"damage":6.0,"enemies":"Gremlin Leader","floor":27.0,"turns":3.0},{"damage":0,"enemies":"3 Cultists","floor":29,"turns":2},{"damage":16,"enemies":"Snake Plant","floor":30,"turns":3},{"damage":14,"enemies":"Slavers","floor":31,"turns":4},{"damage":98,"enemies":"Automaton","floor":33,"turns":6}],"seed_played":"2224632289900265059","potions_obtained":[{"floor":1.0,"key":"Fire Potion"},{"floor":2.0,"key":"Ancient Potion"},{"floor":8.0,"key":"Block Potion"},{"floor":13.0,"key":"Regen Potion"}],"is_trial":false,"path_per_floor":["M","M","?","?","M","E","?","E","T","M","R","$","E","M","R","B",null,"M","?","M","M","$","R","E","R","T","E","?","M","M","E","R","B"],"character_chosen":"IRONCLAD","items_purchased":["Ancient Tea Set","Uppercut","Demon Form"],"campfire_rested":0,"item_purchase_floors":[12,12,22],"current_hp_per_floor":[74,75,75,49,55,61,61,47,47,53,53,53,59,65,65,24,62,68,68,74,58,58,58,43,43,43,43,58,64,54,46,46,0,0],"gold":266,"neow_bonus":"ONE_RARE_RELIC","is_daily":false,"chose_seed":false,"campfire_upgraded":4,"win_rate":0.0,"timestamp":1609233687,"path_taken":["M","?","?","?","M","E","?","E","T","M","R","$","E","M","R","BOSS","M","?","?","M","$","R","E","R","T","E","?","M","M","E","R","BOSS"],"items_purchased_type":["Relic","Card","Card"],"build_version":"2020-12-22","purchased_purges":0,"victory":false,"max_hp_per_floor":[75,75,75,75,75,75,75,75,75,75,75,75,75,75,75,75,75,75,75,75,75,75,75,75,75,75,75,75,75,75,75,75,75,75],"card_choices":[{"not_picked":["Inflame","Clash"],"picked":"Cleave","floor":1.0},{"not_picked":["hubris:ReadiedAction","AT_GerminateFire"],"picked":"Battle Trance","floor":2.0},{"not_picked":["AT_DrawKnifeCut","Shrug It Off"],"picked":"Immolate","floor":5.0},{"not_picked":["AT_Dispersion","Intimidate","Headbutt"],"picked":"SKIP","floor":6.0},{"not_picked":["Reckless Charge","Rage","Seeing Red"],"picked":"SKIP","floor":8.0},{"not_picked":["Perfected Strike","Corruption"],"picked":"AT_IchimonjiDouble","floor":10.0},{"not_picked":["Infernal Blade","Spot Weakness","Disarm"],"picked":"SKIP","floor":13.0},{"not_picked":["Burning Pact","Body Slam"],"picked":"Armaments","floor":14.0},{"not_picked":["Headbutt","Bloodletting","hubris:ReadiedAction"],"picked":"SKIP","floor":18.0},{"not_picked":["Reckless Charge","Feel No Pain","Dark Embrace"],"picked":"SKIP","floor":20.0},{"not_picked":["Iron Wave","Havoc"],"picked":"AT_ManFootWork+1","floor":21.0},{"not_picked":["Rampage","Feel No Pain","Wild Strike"],"picked":"SKIP","floor":24.0},{"not_picked":["Dual Wield+1","AT_ManFootWork"],"picked":"Heavy Blade+1","floor":27.0},{"not_picked":["Shrug It Off","Feel No Pain"],"picked":"Twin Strike+1","floor":29},{"not_picked":["Disarm","Clash+1"],"picked":"Offering","floor":30},{"not_picked":["AT_CaressingTears","Uppercut+1"],"picked":"AT_ShrugMaster","floor":31}],"player_experience":290840,"relics_obtained":[{"floor":6.0,"key":"hubris:GlazedTorus"},{"floor":8.0,"key":"Anchor"},{"floor":9.0,"key":"TungstenRod"},{"floor":13.0,"key":"The Courier"},{"floor":24.0,"key":"AT_Manta"},{"floor":27.0,"key":"Molten Egg 2"},{"floor":31,"key":"Bag of Preparation"}],"event_choices":[{"damage_healed":0.0,"max_hp_gain":0.0,"max_hp_loss":0.0,"gold_gain":0.0,"event_name":"Golden Idol","player_choice":"Take Damage","floor":4.0,"gold_loss":0.0,"damage_taken":26.0,"relics_obtained":["Golden Idol"]},{"damage_healed":0.0,"max_hp_gain":0.0,"max_hp_loss":0.0,"gold_gain":150.0,"event_name":"Liars Game","player_choice":"AGREE","floor":7.0,"gold_loss":0.0,"damage_taken":0.0,"cards_obtained":["Doubt"]},{"cards_removed":["Doubt"],"damage_healed":0.0,"max_hp_gain":0.0,"max_hp_loss":0.0,"gold_gain":0.0,"event_name":"Wheel of Change","player_choice":"Card Removal","floor":19.0,"gold_loss":0.0,"damage_taken":0.0},{"damage_healed":15,"gold_gain":0,"player_choice":"Heal","damage_taken":0,"max_hp_gain":0,"max_hp_loss":0,"event_name":"The Library","floor":28,"gold_loss":0}],"is_beta":false,"boss_relics":[{"not_picked":["Snecko Eye","hubris:RunicObelisk"],"picked":"Philosopher\u0027s Stone"}],"items_purged_floors":[],"is_endless":false,"potions_floor_spawned":[1,2,8,13,14,16,20,21,24,27],"killed_by":"Automaton","ascension_level":20}}