{"host":"hg4d4z00zcdsq8kr","time":1609235838,"event":{"mods":["BaseMod","Downfall","Hubris","Infinite Spire","Minty Spire (QoL Compilation)","Replay The Spire","StSLib","The Cursed"],"gold_per_floor":[115,115,115,88,101,101,127,127,201,213,31,106,106,123,123,220,220,232,73,73,90,90,90,116,116,116,116,132,132,150,150,150,251,251,267,283,283,283,558,558,558,558],"floor_reached":41,"playtime":1599,"items_purged":["TheCursedMod:Dregs","TheCursedMod:Strike_TheCursed"],"score":505,"play_id":"34dee2d7-3be3-4e42-a53c-19185933aaa5","local_time":"20201229125718","is_ascension_mode":false,"campfire_choices":[{"data":"TheCursedMod:HellfireBreathing","floor":6,"key":"SMITH"},{"data":"TheCursedMod:DemonicPact","floor":8,"key":"SMITH"},{"data":"TheCursedMod:HellfireBreathing","floor":15,"key":"SMITH"},{"floor":23,"key":"REST"},{"floor":25,"key":"REST"},{"floor":27,"key":"REST"},{"floor":32,"key":"REST"},{"floor":40,"key":"REST"}],"circlet_count":0,"master_deck":["TheCursedMod:Strike_TheCursed","TheCursedMod:Strike_TheCursed","TheCursedMod:Strike_TheCursed","TheCursedMod:Defend_TheCursed","TheCursedMod:Defend_TheCursed","TheCursedMod:Defend_TheCursed","TheCursedMod:CursedWand","TheCursedMod:CleanUpWorkshop","TheCursedMod:Obscuration","TheCursedMod:CursedSpellbook","TheCursedMod:DemonicPact+1","TheCursedMod:HellfireBreathing+1","ReplayTheSpireMod:Faulty Equipment","TheCursedMod:SpitefulStrike","TheCursedMod:ReleasedStrength","TheCursedMod:RapidMovement","TheCursedMod:HellfireBreathing+1","TheCursedMod:CursedMace","TheCursedMod:Neurasthenia+1","TheCursedMod:CursedBlade","TheCursedMod:DemonSword","TheCursedMod:HellfireBreathing","TheCursedMod:SpitefulStrike","TheCursedMod:CursedBlade+1","TheCursedMod:CircleOfAbyss","hubris:Fate","Regret"],"relics":["TheCursedMod:BlackMagic101","NeowsBlessing","ReplayTheSpireMod:CursedCoin","Replay:Kaleidoscope","Pear","Lantern","hubris:TerracottaHorce","Boot","hubris:TinFlute","hubris:CrystalStatue","Philosopher\u0027s Stone","Incense Burner"],"acts_visited":["Exordium","TheCity","TheBeyond"],"potions_floor_usage":[16,16,21,24,33,33],"damage_taken":[{"damage":0,"enemies":"Jaw Worm","floor":1,"turns":1},{"damage":0,"enemies":"Cultist","floor":5,"turns":1},{"damage":0,"enemies":"Gremlin Nob","floor":7,"turns":1},{"damage":0,"enemies":"2 Louse","floor":10,"turns":3},{"damage":0,"enemies":"Looter","floor":14,"turns":3},{"damage":7,"enemies":"Hexaghost","floor":16,"turns":8},{"damage":32,"enemies":"3 Byrds","floor":18,"turns":4},{"damage":23,"enemies":"Spheric Guardian","floor":21,"turns":4},{"damage":14,"enemies":"Gremlin Leader","floor":24,"turns":5},{"damage":49,"enemies":"Snecko","floor":28,"turns":5},{"damage":21,"enemies":"Cultist and Chosen","floor":30,"turns":4},{"damage":21,"enemies":"hubris:MusketHawk","floor":33,"turns":6},{"damage":24,"enemies":"3 Darklings","floor":35,"turns":3},{"damage":15,"enemies":"Orb Walker","floor":36,"turns":4},{"damage":59,"enemies":"Spire Growth","floor":41,"turns":4}],"seed_played":"-1599364070940290577","potions_obtained":[{"floor":5,"key":"Block Potion"},{"floor":14,"key":"Weak Potion"},{"floor":18,"key":"Languid Potion"},{"floor":21,"key":"LifebloodPotion"},{"floor":24,"key":"CultistPotion"},{"floor":30,"key":"Block Potion"}],"is_trial":false,"path_per_floor":["M","?","?","$","M","R","E","R","T","M","$","?","?","M","R","B",null,"M","$","?","M","?","R","E","R","T","R","M","?","M","T","R","B",null,"M","M","AVR","?","?","R","M"],"character_chosen":"THE_CURSED","items_purchased":["TheCursedMod:HellfireBreathing","ReplayTheSpireMod:CursedCoin","TheCursedMod:SpitefulStrike","TheCursedMod:HellfireBreathing","TheCursedMod:DemonSword"],"campfire_rested":5,"item_purchase_floors":[4,4,4,11,19],"current_hp_per_floor":[75,75,75,75,75,75,75,75,85,85,85,74,71,71,71,64,80,48,48,48,25,25,50,36,61,61,85,36,36,15,15,40,19,69,45,30,30,30,30,55,0,0],"gold":558,"neow_bonus":"THREE_ENEMY_KILL","is_daily":false,"chose_seed":false,"campfire_upgraded":3,"win_rate":0.0,"timestamp":1609235838,"path_taken":["M","?","?","$","M","R","E","R","T","?","$","?","?","M","R","BOSS","M","$","?","M","?","R","E","R","T","R","M","?","M","?","R","BOSS","M","M","AVR","?","?","R","?"],"items_purchased_type":["Card","Relic","Card","Card","Card"],"build_version":"2020-12-22","purchased_purges":2,"victory":false,"max_hp_per_floor":[75,75,75,75,75,75,75,75,85,85,85,85,85,85,85,85,85,85,85,85,85,85,85,85,85,85,85,85,85,85,85,85,85,85,85,85,85,85,85,85,85,85],"card_choices":[{"not_picked":["TheCursedMod:Wield","TheCursedMod:RapidMovement"],"picked":"TheCursedMod:Obscuration","floor":1},{"not_picked":["TheCursedMod:CursedAmulet","TheCursedMod:RapidMovement"],"picked":"TheCursedMod:ReleasedStrength","floor":5},{"not_picked":["TheCursedMod:SmokeScreen","TheCursedMod:Stretching"],"picked":"TheCursedMod:RapidMovement","floor":7},{"not_picked":["TheCursedMod:RavingStaff","TheCursedMod:CursedShiv","TheCursedMod:Stretching"],"picked":"SKIP","floor":10},{"not_picked":["TheCursedMod:VitalStrike","TheCursedMod:SurpriseAttack"],"picked":"TheCursedMod:CursedMace","floor":14},{"not_picked":["TheCursedMod:AntiAging","TheCursedMod:DarkBarrier"],"picked":"TheCursedMod:Neurasthenia","floor":16},{"not_picked":["TheCursedMod:CursedShiv","TheCursedMod:SpitefulStrike"],"picked":"TheCursedMod:CursedBlade","floor":18},{"not_picked":["TheCursedMod:ManaBullet","TheCursedMod:HellsGateOpen"],"picked":"TheCursedMod:HellfireBreathing","floor":21},{"not_picked":["TheCursedMod:Torture+1","TheCursedMod:SurpriseAttack"],"picked":"TheCursedMod:SpitefulStrike","floor":24},{"not_picked":["TheCursedMod:RapidMovement","TheCursedMod:SoulReap"],"picked":"TheCursedMod:CursedBlade+1","floor":28},{"not_picked":["TheCursedMod:VitalStrike+1","TheCursedMod:CircleOfAmplification","TheCursedMod:SpitefulStrike"],"picked":"SKIP","floor":30},{"not_picked":["TheCursedMod:ForbiddenAlchemy","TheCursedMod:ManaCirculation"],"picked":"TheCursedMod:CircleOfAbyss","floor":33},{"not_picked":["TheCursedMod:Mangle+1","TheCursedMod:Stretching","TheCursedMod:CircleOfCorruption"],"picked":"SKIP","floor":35},{"not_picked":["TheCursedMod:Evocation","TheCursedMod:SmokeScreen+1","TheCursedMod:SurpriseAttack"],"picked":"SKIP","floor":36}],"player_experience":656348,"relics_obtained":[{"floor":7,"key":"Replay:Kaleidoscope"},{"floor":9,"key":"Pear"},{"floor":24,"key":"Boot"},{"floor":26,"key":"hubris:TinFlute"},{"floor":31,"key":"hubris:CrystalStatue"}],"event_choices":[{"cards_removed":["TheCursedMod:Defend_TheCursed"],"damage_healed":0,"gold_gain":0,"player_choice":"Forget","damage_taken":0,"max_hp_gain":0,"max_hp_loss":0,"event_name":"Living Wall","floor":2,"gold_loss":0},{"damage_healed":0,"gold_gain":0,"player_choice":"2 cards matched","damage_taken":0,"max_hp_gain":0,"max_hp_loss":0,"event_name":"Match and Keep!","floor":3,"gold_loss":0,"cards_obtained":["TheCursedMod:CursedSpellbook","TheCursedMod:DemonicPact"]},{"damage_healed":0,"gold_gain":75,"player_choice":"Gather Gold","damage_taken":11,"max_hp_gain":0,"max_hp_loss":0,"event_name":"World of Goop","floor":12,"gold_loss":0},{"damage_healed":0,"gold_gain":0,"player_choice":"Success","damage_taken":3,"relics_obtained":["Lantern"],"max_hp_gain":0,"max_hp_loss":0,"event_name":"Scrap Ooze","floor":13,"gold_loss":0},{"damage_healed":0,"gold_gain":0,"player_choice":"Ignored","damage_taken":0,"max_hp_gain":0,"max_hp_loss":0,"event_name":"Ghosts","floor":29,"gold_loss":0},{"damage_healed":0,"gold_gain":275,"player_choice":"Desecrate","damage_taken":0,"max_hp_gain":0,"max_hp_loss":0,"event_name":"Golden Shrine","floor":39,"gold_loss":0,"cards_obtained":["Regret"]}],"is_beta":false,"boss_relics":[{"not_picked":["hubris:RunicObelisk","Ectoplasm"],"picked":"hubris:TerracottaHorce"},{"not_picked":["Abe\u0027s Treasure","hubris:Stopwatch"],"picked":"Philosopher\u0027s Stone"}],"items_purged_floors":[4,11],"is_endless":false,"potions_floor_spawned":[5,14,18,21,24,30],"killed_by":"Spire Growth","ascension_level":0}}