{"host":"ujb8ojs2m8j2cdlp","time":1609229350,"event":{"mods":["AchievementEnabler","BaseMod","Bestiary","Colored Map","Colored Powertips","Minty Spire (QoL Compilation)","Relic Stats","ojb\u0027s Better Paths Mod","ojb\u0027s Info Mod"],"gold_per_floor":[110,130,146,196,196,222,237,272,272,290,319,336,370,383,383,454,454,467,477,121,121,121,121,121,121,121,155,171,171,198,209,209,285,285,298,316,316,316,316,316,346,346,346,346,3,3,38,54,54,54,54],"floor_reached":52,"playtime":15943,"items_purged":["Acrobatics","EmptyBody"],"score":2706,"play_id":"000c15a2-7b9f-4433-ac87-3cf2bcc74d88","local_time":"20201229000910","daily_mods":["SealedDeck","Diverse"],"is_ascension_mode":true,"campfire_choices":[{"data":"Reprogram","floor":15.0,"key":"SMITH"},{"data":"BowlingBash","floor":23.0,"key":"SMITH"},{"data":"CutThroughFate","floor":25.0,"key":"SMITH"},{"data":"Burning Pact","floor":32.0,"key":"SMITH"},{"data":"Backstab","floor":40.0,"key":"SMITH"},{"data":"Shrug It Off","floor":42.0,"key":"SMITH"},{"data":"EmptyBody","floor":44.0,"key":"SMITH"},{"floor":49.0,"key":"REST"}],"circlet_count":0,"master_deck":["AscendersBane","EmptyBody+1","Finisher","BowlingBash+1","Blade Dance","Backstab+1","Shrug It Off+1","CutThroughFate+1","Hologram","Reprogram+1","Burning Pact+1","Corpse Explosion+1","True Grit+1","BootSequence+1","Hologram+1","Master of Strategy+1","Dark Shackles+1","Shockwave+1","Prostrate+1","Dark Shackles+1","Madness+1","Madness+1"],"relics":["Cracked Core","FaceOfCleric","Mercury Hourglass","Darkstone Periapt","Matryoshka","Toxic Egg 2","Singing Bowl","Runic Pyramid","Art of War","Bottled Flame","Happy Flower","Turnip","Bag of Marbles","Enchiridion","Symbiotic Virus","Busted Crown","HornCleat","Pocketwatch","Centennial Puzzle","Blue Candle"],"acts_visited":["TheCity","TheBeyond"],"potions_floor_usage":[51,51,51],"damage_taken":[{"damage":0.0,"enemies":"Small Slimes","floor":1.0,"turns":1.0},{"damage":0.0,"enemies":"Cultist","floor":2.0,"turns":1.0},{"damage":0.0,"enemies":"Jaw Worm","floor":3.0,"turns":1.0},{"damage":10.0,"enemies":"Lagavulin","floor":6.0,"turns":7.0},{"damage":0.0,"enemies":"Blue Slaver","floor":7.0,"turns":2.0},{"damage":0.0,"enemies":"3 Sentries","floor":8.0,"turns":3.0},{"damage":0.0,"enemies":"Red Slaver","floor":10.0,"turns":2.0},{"damage":0.0,"enemies":"Gremlin Nob","floor":11.0,"turns":2.0},{"damage":0.0,"enemies":"Looter","floor":12.0,"turns":2.0},{"damage":0.0,"enemies":"Lagavulin","floor":13.0,"turns":6.0},{"damage":0.0,"enemies":"2 Fungi Beasts","floor":14.0,"turns":2.0},{"damage":27.0,"enemies":"Slime Boss","floor":16.0,"turns":7.0},{"damage":0.0,"enemies":"Chosen","floor":18.0,"turns":5.0},{"damage":0.0,"enemies":"Spheric Guardian","floor":19.0,"turns":89.0},{"damage":0.0,"enemies":"Book of Stabbing","floor":27.0,"turns":5.0},{"damage":0.0,"enemies":"Centurion and Healer","floor":28.0,"turns":6.0},{"damage":0.0,"enemies":"Slavers","floor":30.0,"turns":3.0},{"damage":0.0,"enemies":"Shelled Parasite and Fungi","floor":31.0,"turns":3.0},{"damage":0.0,"enemies":"Collector","floor":33.0,"turns":6.0},{"damage":0.0,"enemies":"Orb Walker","floor":35.0,"turns":3.0},{"damage":0.0,"enemies":"3 Shapes","floor":36.0,"turns":2.0},{"damage":0.0,"enemies":"Reptomancer","floor":41.0,"turns":6.0},{"damage":0.0,"enemies":"Nemesis","floor":47.0,"turns":7.0},{"damage":0.0,"enemies":"Maw","floor":48.0,"turns":6.0},{"damage":1,"enemies":"Time Eater","floor":50,"turns":12},{"damage":0,"enemies":"Donu and Deca","floor":51,"turns":7}],"seed_played":"-3337616452848316341","potions_obtained":[{"floor":3.0,"key":"Energy Potion"},{"floor":7.0,"key":"Strength Potion"},{"floor":8.0,"key":"EntropicBrew"},{"floor":13.0,"key":"PowerPotion"},{"floor":14.0,"key":"AttackPotion"}],"is_trial":true,"path_per_floor":["M","M","M","?","?","E","M","E","T","M","E","M","E","M","R","B",null,"M","M","$","?","?","R","T","R","T","E","M","?","E","M","R","B",null,"M","M","?","$","?","R","E","R","T","R","$","?","E","M","R","B","B",null],"character_chosen":"DEFECT","items_purchased":["Master of Strategy+1","Dark Shackles+1","Centennial Puzzle","Regen Potion"],"campfire_rested":1,"item_purchase_floors":[20,20,45,45],"current_hp_per_floor":[64,64,64,64,64,55,56,57,57,58,59,60,61,64,64,40,73,74,77,77,77,77,77,77,77,77,80,81,60,63,66,66,69,93,96,99,99,99,93,93,96,96,96,96,96,75,78,81,117,117,118],"gold":54,"neow_bonus":"","is_daily":false,"chose_seed":false,"campfire_upgraded":7,"win_rate":0.0,"timestamp":1609229350,"path_taken":["M","M","M","?","?","E","M","E","T","M","E","M","E","?","R","BOSS","M","M","$","?","?","R","?","R","T","E","?","?","E","M","R","BOSS","M","M","?","$","?","R","E","R","T","R","$","?","E","M","R","BOSS","BOSS"],"items_purchased_type":["Card","Card","Relic","Potion"],"build_version":"2020-12-22","purchased_purges":2,"victory":true,"max_hp_per_floor":[71,71,71,71,71,72,73,74,74,75,76,77,78,81,81,84,84,85,88,88,88,88,88,88,88,88,91,92,92,95,98,98,101,101,104,107,107,107,111,111,114,114,114,114,114,114,117,120,120,121,122],"relic_stats":{"Darkstone Periapt":0,"Singing Bowl":28,"Happy Flower":[22],"counters":[26,195],"Blue Candle":[1],"Mercury Hourglass":[338],"Centennial Puzzle":[3],"Busted Crown":16,"FaceOfCleric":23,"Turnip":[20],"Art of War":[26],"obtain_stats":[{"Darkstone Periapt":8,"Singing Bowl":13,"Happy Flower":26,"Blue Candle":47,"Enchiridion":29,"Mercury Hourglass":6,"Bottled Flame":24,"Centennial Puzzle":45,"Matryoshka":9,"Busted Crown":34,"HornCleat":41,"FaceOfCleric":5,"Turnip":26,"Art of War":24,"Bag of Marbles":27,"Toxic Egg 2":11,"Cracked Core":0,"Symbiotic Virus":30,"Runic Pyramid":17,"Pocketwatch":43},{"Darkstone Periapt":6,"Singing Bowl":10,"Happy Flower":14,"Blue Candle":23,"Enchiridion":16,"Mercury Hourglass":4,"Bottled Flame":14,"Centennial Puzzle":22,"Matryoshka":6,"Busted Crown":19,"HornCleat":22,"FaceOfCleric":3,"Turnip":14,"Art of War":14,"Bag of Marbles":15,"Toxic Egg 2":8,"Cracked Core":0,"Symbiotic Virus":17,"Runic Pyramid":12,"Pocketwatch":22},{"Darkstone Periapt":15,"Singing Bowl":27,"Happy Flower":129,"Blue Candle":170,"Enchiridion":140,"Mercury Hourglass":10,"Bottled Flame":129,"Centennial Puzzle":163,"Matryoshka":15,"Busted Crown":152,"HornCleat":163,"FaceOfCleric":3,"Turnip":129,"Art of War":129,"Bag of Marbles":134,"Toxic Egg 2":19,"Cracked Core":0,"Symbiotic Virus":143,"Runic Pyramid":35,"Pocketwatch":163}],"Pocketwatch":[2]},"card_choices":[{"not_picked":["Go for the Eyes","Underhanded Strike","Weave"],"picked":"SKIP","floor":1.0},{"not_picked":["Quick Slash","Metallicize","Dodge and Roll"],"picked":"SKIP","floor":2.0},{"not_picked":["Quick Slash","Go for the Eyes","Coolheaded"],"picked":"SKIP","floor":3.0},{"not_picked":["Flex","Seeing Red"],"picked":"Reprogram","floor":6.0},{"not_picked":["Evaluate","Warcry","Reprogram"],"picked":"SKIP","floor":7.0},{"not_picked":["Reckless Charge","Devotion"],"picked":"Burning Pact","floor":8.0},{"not_picked":["Adaptation","Beam Cell","Coolheaded"],"picked":"SKIP","floor":10.0},{"not_picked":["FlurryOfBlows","PathToVictory+1"],"picked":"Corpse Explosion+1","floor":11.0},{"not_picked":["Swivel+1","WaveOfTheHand+1"],"picked":"True Grit+1","floor":12.0},{"not_picked":["Flex+1","Bane"],"picked":"BootSequence+1","floor":13.0},{"not_picked":["Pommel Strike","BootSequence+1","Evaluate+1"],"picked":"Singing Bowl","floor":14.0},{"not_picked":["Envenom","MasterReality","Brilliance"],"picked":"Singing Bowl","floor":16.0},{"not_picked":["Slice","Anger"],"picked":"Hologram+1","floor":18.0},{"not_picked":["Warcry+1","Cloak And Dagger+1","Doom and Gloom"],"picked":"Singing Bowl","floor":19.0},{"not_picked":["EmptyBody+1","Infernal Blade+1","Noxious Fumes"],"picked":"Singing Bowl","floor":27.0},{"not_picked":["Cold Snap+1","Rebound"],"picked":"Prostrate+1","floor":28.0},{"not_picked":["Immolate","ClearTheMind+1","Tempest+1"],"picked":"Singing Bowl","floor":30.0},{"not_picked":["Poisoned Stab","Gash","Thunderclap"],"picked":"Singing Bowl","floor":31.0},{"not_picked":["Meteor Strike","Establishment","Machine Learning"],"picked":"Singing Bowl","floor":33.0},{"not_picked":["Twin Strike"],"picked":"Singing Bowl","floor":35.0},{"not_picked":["Cleave"],"picked":"Singing Bowl","floor":36.0},{"not_picked":["PanicButton+1"],"picked":"Singing Bowl","floor":39.0},{"not_picked":[],"picked":"Dark Shackles+1","floor":39.0},{"not_picked":["Discovery+1"],"picked":"Singing Bowl","floor":39.0},{"not_picked":["Weave"],"picked":"Singing Bowl","floor":41.0},{"not_picked":["CrushJoints+1"],"picked":"Singing Bowl","floor":47.0},{"not_picked":["Deflect+1"],"picked":"Singing Bowl","floor":48.0}],"player_experience":101393,"relics_obtained":[{"floor":6.0,"key":"Mercury Hourglass"},{"floor":8.0,"key":"Darkstone Periapt"},{"floor":9.0,"key":"Matryoshka"},{"floor":11.0,"key":"Toxic Egg 2"},{"floor":13.0,"key":"Singing Bowl"},{"floor":24.0,"key":"Art of War"},{"floor":24.0,"key":"Bottled Flame"},{"floor":26.0,"key":"Happy Flower"},{"floor":26.0,"key":"Turnip"},{"floor":27.0,"key":"Bag of Marbles"},{"floor":29.0,"key":"Enchiridion"},{"floor":30.0,"key":"Symbiotic Virus"},{"floor":41.0,"key":"HornCleat"},{"floor":43.0,"key":"Pocketwatch"},{"floor":47.0,"key":"Blue Candle"}],"event_choices":[{"damage_healed":0.0,"max_hp_gain":0.0,"max_hp_loss":0.0,"gold_gain":50.0,"event_name":"Golden Wing","player_choice":"Gained Gold","floor":4.0,"gold_loss":0.0,"damage_taken":0.0},{"damage_healed":0.0,"max_hp_gain":0.0,"max_hp_loss":0.0,"gold_gain":0.0,"event_name":"FaceTrader","player_choice":"Trade","floor":5.0,"gold_loss":0.0,"damage_taken":0.0,"relics_obtained":["FaceOfCleric"]},{"damage_healed":0.0,"max_hp_gain":0.0,"max_hp_loss":0.0,"gold_gain":0.0,"event_name":"Vampires","player_choice":"Ignored","floor":21.0,"gold_loss":0.0,"damage_taken":0.0},{"damage_healed":0.0,"max_hp_gain":0.0,"max_hp_loss":0.0,"gold_gain":0.0,"event_name":"The Library","player_choice":"Read","floor":22.0,"gold_loss":0.0,"damage_taken":0.0,"cards_obtained":["Shockwave"]},{"damage_healed":0.0,"max_hp_gain":0.0,"max_hp_loss":0.0,"gold_gain":0.0,"event_name":"Cursed Tome","player_choice":"Obtained Book","floor":29.0,"gold_loss":0.0,"damage_taken":21.0},{"damage_healed":0.0,"max_hp_gain":0.0,"max_hp_loss":0.0,"gold_gain":0.0,"event_name":"SecretPortal","player_choice":"Ignored","floor":37.0,"gold_loss":0.0,"damage_taken":0.0},{"damage_healed":0.0,"max_hp_gain":0.0,"max_hp_loss":0.0,"gold_gain":0.0,"event_name":"SensoryStone","player_choice":"Memory 3","floor":39.0,"gold_loss":0.0,"damage_taken":10.0},{"damage_healed":0.0,"max_hp_gain":0.0,"max_hp_loss":0.0,"gold_gain":0.0,"event_name":"Winding Halls","player_choice":"Embrace Madness","floor":46.0,"gold_loss":0.0,"damage_taken":21.0,"cards_obtained":["Madness","Madness"]}],"is_beta":false,"boss_relics":[{"not_picked":["Runic Dome","Cursed Key"],"picked":"Runic Pyramid"},{"not_picked":["Black Star","Calling Bell"],"picked":"Busted Crown"}],"items_purged_floors":[20,45],"is_endless":false,"potions_floor_spawned":[3,7,8,13,14,16,19,30,31,36,41],"ascension_level":20}}