{"host":"u0pt4wuoyrjgzhh2","time":1609262204,"event":{"mods":["ATMod(阿瑾Mod)","AchievementEnabler","Act Like it!","Aspiration","BaseMod","Better Note","Better Vampires","BetterRewards","Block Reminder","Challenge The Spire","Colored Map","Colored Powertips","Conspire","Dota2Spire","Downfall","Gensokyo","Highlight Path","Hubris","Minty Spire (QoL Compilation)","Permanent Neow","Quick Restart","Relic Stats","Replay The Spire","RumiaBox-露米娅的神秘盒子","Shop Mod","Spicy Shops","StSLib","SuperFastMode","TestMod","The Jungle","Wandering Minibosses","vexMod","【遗物卡牌】REMEMod"],"gold_per_floor":[110,121,121,121,28,53,53,336,336,647,726,773,926,926,926,1055,1055,1105,137,182,21,63,476,549,578,601,601,601,656,832,851,851,1222,1222,1276,1276,1276,1276,598,731,731,731,783,831,1830,1970,2028,2205,2205,2452,2452,2452,1386,1548,1686],"floor_reached":56,"playtime":3770,"items_purged":["REME_CopyPotion","Replay:Hysterical Blindness"],"score":2365,"play_id":"a50bfab1-c0a7-4019-9830-88791ab51af6","local_time":"20201230011644","is_ascension_mode":true,"campfire_choices":[{"data":"conspire:Banana","floor":7.0,"key":"SMITH"},{"data":"AT_FamilyPortrait","floor":15,"key":"SMITH"},{"data":"True Grit","floor":27,"key":"SMITH"},{"data":"Impervious","floor":32,"key":"SMITH"},{"data":"Exhume","floor":41,"key":"SMITH"},{"floor":49,"key":"RECALL"},{"data":"Armaments","floor":52,"key":"SMITH"}],"circlet_count":0,"master_deck":["Bash","AT_FamilyPortrait+1","Entrench+1","AT_ShrugMaster","conspire:Banana+1","Armaments+1","True Grit+1","conspire:Purge","Body Slam+1","Exhume+1","sneckomod:UnknownRareSkill+1","Seeing Red","Entrench+1","REME_ACTH+1","REME_FearOfPain+1","Body Slam+1"],"relics":["Burning Blood","testmod-TestBox","AT_ATBox","testmod-SaigiyounoYou","testmod-CrystalShield","Potion Belt","Dota2Spire:HandOfMidas","Dota2Spire:ArmletOfMordiggian","hubris:PeanutButter","Gensokyo:CelestialsFlawlessClothing","AT_BellDemon","Dota2Spire:LinkenSphere","AT_TheCollector","OrangePellets","hubris:EmptyBottle","Replay:Baseball","Dota2Spire:MantaStyle","Gremlin Food","Dream Catcher","hubris:Reverence","conspire:Flyswatter","testmod-Acrobat","Happy Flower","FossilizedHelix","Juzu Bracelet","Gensokyo:EmptyGrave","MerchantsRug","Molten Egg 2","hubris:Teleporter","Toolbox","Bottled Lightning","hubris:Icosahedron","Golden Egg","Prayer Wheel","Incense Burner","Gambling Chip","sneckomod:BlankCard","ClockworkSouvenir","Dota2Spire:BladeMail","AT_ArcaneBoots","Unceasing Top"],"acts_visited":["Gensokyo:Gensokyo","Gensokyo:Gensokyoer","Gensokyo:Gensokyoest","TheEnding"],"potions_floor_usage":[19,19,24,24,24,24,24,24,24,24,25,54,54,54],"damage_taken":[{"damage":0.0,"enemies":"Gensokyo:Gryphon","floor":1.0,"turns":1.0},{"damage":2.0,"enemies":"Gensokyo:2_Kodama","floor":2.0,"turns":5.0},{"damage":6.0,"enemies":"Gensokyo:Aya","floor":6.0,"turns":15.0},{"damage":0.0,"enemies":"Gensokyo:Mamizou","floor":8.0,"turns":17.0},{"damage":3.0,"enemies":"Gensokyo:3_Fairies","floor":10.0,"turns":27.0},{"damage":5.0,"enemies":"Gensokyo:Gryphon_and_Rabbit","floor":11.0,"turns":12.0},{"damage":18.0,"enemies":"Gensokyo:Kitsune","floor":12.0,"turns":6.0},{"damage":7,"enemies":"Gensokyo:Cirno","floor":13,"turns":26},{"damage":0,"enemies":"Gensokyo:Reimu","floor":16,"turns":13},{"damage":9,"enemies":"Gensokyo:2_Gloops","floor":18,"turns":10},{"damage":0,"enemies":"Gensokyo:AngelMirror","floor":20,"turns":8},{"damage":28,"enemies":"Gensokyo:Wraith","floor":22,"turns":14},{"damage":38,"enemies":"Gensokyo:Tenshi","floor":23,"turns":16},{"damage":0,"enemies":"Gensokyo:Monolith_and_Dog","floor":24,"turns":19},{"damage":42,"enemies":"Gensokyo:Reisen","floor":25,"turns":7},{"damage":3,"enemies":"Gensokyo:Slime_Group","floor":29,"turns":6},{"damage":0,"enemies":"Gensokyo:Tenshi","floor":30,"turns":4},{"damage":0,"enemies":"Gensokyo:Chomper_and_Gloop","floor":31,"turns":3},{"damage":0,"enemies":"Gensokyo:Eternal_Rivals","floor":33,"turns":5},{"damage":0,"enemies":"Gensokyo:3_Bats","floor":35,"turns":4},{"damage":0,"enemies":"Gensokyo:Kasen","floor":40,"turns":4},{"damage":0,"enemies":"Gensokyo:AncientGuardian","floor":44,"turns":3},{"damage":0,"enemies":"Gensokyo:Doremy","floor":46,"turns":4},{"damage":9,"enemies":"Gensokyo:3_Boulders","floor":47,"turns":7},{"damage":13,"enemies":"Gensokyo:Marisa","floor":48,"turns":5},{"damage":0,"enemies":"Gensokyo:Shinki","floor":50,"turns":8},{"damage":41,"enemies":"Shield and Spear","floor":54,"turns":21},{"damage":27,"enemies":"The Heart","floor":55,"turns":7}],"seed_played":"8586423341286083697","potions_obtained":[{"floor":1.0,"key":"Toxic Potion"},{"floor":6.0,"key":"Energy Potion"},{"floor":11.0,"key":"champ:CounterPotion"},{"floor":13,"key":"Regen Potion"},{"floor":18,"key":"Death Potion"},{"floor":22,"key":"DistilledChaos"},{"floor":40,"key":"Fruit Juice"}],"is_trial":false,"path_per_floor":["M","M","?","T","COS","E","R","E","T","M","M","M","E","?","R","B",null,"M","$","M","COS","M","E","M","E","T","R","?","M","E","M","R","B",null,"M","?","?","?","$","E","R","?","T","M","?","E","M","E","R","B",null,"R","$","E","B",null],"character_chosen":"IRONCLAD","items_purchased":["Entrench+1","AT_ShrugMaster","OrangePellets","hubris:EmptyBottle","testmod-SpacePotion","Replay:Baseball","Dota2Spire:MantaStyle","Gremlin Food","MerchantsRug","Molten Egg 2","hubris:Teleporter","Toolbox","Gambling Chip","sneckomod:BlankCard","REME_ACTH","ClockworkSouvenir","Dota2Spire:BladeMail","AT_SpeedBoots","REME_FearOfPain"],"campfire_rested":0,"item_purchase_floors":[0,0,19,19,19,19,19,19,39,39,39,39,53,53,53,53,53,53,53],"current_hp_per_floor":[70,80,80,80,80,81,81,83,83,85,87,82,93,70,70,91,96,101,101,105,105,96,83,117,85,85,85,85,98,112,122,122,133,133,135,135,135,125,125,128,128,128,128,130,130,132,134,135,135,140,140,140,140,123,113],"gold":1686,"neow_bonus":"","is_daily":false,"chose_seed":false,"campfire_upgraded":6,"win_rate":0.0,"timestamp":1609262204,"path_taken":["M","M","?","?","COS","E","R","E","T","?","M","M","E","?","R","BOSS","M","$","M","COS","M","E","M","E","T","R","?","M","E","M","R","BOSS","M","?","?","?","$","E","R","?","T","M","?","E","M","E","R","BOSS","R","$","E","BOSS"],"items_purchased_type":["Card","Card","Relic","Relic","Potion","Relic","Relic","Relic","Relic","Relic","Relic","Relic","Relic","Relic","Card","Relic","Relic","Relic","Card"],"build_version":"2020-12-22","purchased_purges":2,"victory":true,"max_hp_per_floor":[80,80,80,80,80,81,81,83,83,85,87,89,93,93,93,97,97,101,101,105,105,109,113,117,121,121,121,121,125,129,131,131,133,133,135,135,135,125,125,128,128,128,128,130,130,132,134,138,138,140,140,140,140,152,156],"relic_stats":{"OrangePellets":[8],"Dream Catcher":0,"Happy Flower":[27],"counters":[41,334],"Gambling Chip":[0],"Prayer Wheel":1,"Juzu Bracelet":1,"obtain_stats":[{"Golden Egg":46,"AT_ATBox":0,"Dota2Spire:ArmletOfMordiggian":9,"AT_ArcaneBoots":54,"Sling":0,"testmod-Prudence":17,"aspiration:ArtOfWarUpgrade":15,"Prayer Wheel":47,"MerchantsRug":1,"Dota2Spire:HandOfMidas":8,"testmod-TestBox":0,"hubris:Teleporter":39,"Happy Flower":26,"Replay:Ancient Bell":17,"testmod-SaigiyounoYou":0,"OrangePellets":19,"Replay:Baseball":19,"AT_SpeedBoots":53,"AT_TheCollector":17,"testmod-Acrobat":25,"hubris:PeanutButter":13,"Molten Egg 2":39,"Black Star":0,"Unceasing Top":54,"hubris:Reverence":23,"conspire:Flyswatter":24,"AT_BellDemon":17,"DaveBox":0,"sneckomod:BlankCard":53,"Gensokyo:NagashiBinaDoll":5,"Juzu Bracelet":37,"Incense Burner":48,"Gensokyo:Justice":11,"hubris:EmptyBottle":19,"Burning Blood":0,"Gensokyo:LunaticRedEyes":3,"testmod-AscensionHeart":0,"testmod-Charity":13,"Replay:Rubber Ducky":3,"ClockworkSouvenir":53,"Frozen Eye":23,"testmod-CrystalShield":4,"Dream Catcher":23,"testmod-StringDisintegrator":34,"hubris:Icosahedron":42,"Gambling Chip":53,"Toolbox":39,"Dota2Spire:BladeMail":53,"WingedGreaves":8,"SumBook":1,"Potion Belt":6,"Gremlin Food":19,"Dota2Spire:MantaStyle":19,"PreservedInsect":0,"Gensokyo:CelestialsFlawlessClothing":14,"Gensokyo:EmptyGrave":38,"testmod-AssaultLearning":3,"Dota2Spire:LinkenSphere":17,"Art of War":9,"Champion Belt":6,"Bottled Lightning":40,"FossilizedHelix":30,"REME_ComplimentaryCards":0},{"Golden Egg":36,"AT_ATBox":0,"Dota2Spire:ArmletOfMordiggian":17,"AT_ArcaneBoots":40,"Sling":0,"testmod-Prudence":9,"aspiration:ArtOfWarUpgrade":8,"Prayer Wheel":37,"MerchantsRug":0,"Dota2Spire:HandOfMidas":17,"testmod-TestBox":0,"hubris:Teleporter":33,"Happy Flower":28,"Replay:Ancient Bell":22,"testmod-SaigiyounoYou":13,"OrangePellets":23,"Replay:Baseball":23,"AT_SpeedBoots":39,"AT_TheCollector":22,"testmod-Acrobat":28,"hubris:PeanutButter":21,"Molten Egg 2":33,"Black Star":0,"Unceasing Top":40,"hubris:Reverence":26,"conspire:Flyswatter":27,"AT_BellDemon":22,"DaveBox":0,"sneckomod:BlankCard":39,"Gensokyo:NagashiBinaDoll":4,"Juzu Bracelet":33,"Incense Burner":38,"Gensokyo:Justice":7,"hubris:EmptyBottle":23,"Burning Blood":0,"Gensokyo:LunaticRedEyes":4,"testmod-AscensionHeart":0,"testmod-Charity":7,"Replay:Rubber Ducky":1,"ClockworkSouvenir":39,"Frozen Eye":12,"testmod-CrystalShield":15,"Dream Catcher":26,"testmod-StringDisintegrator":32,"hubris:Icosahedron":34,"Gambling Chip":39,"Toolbox":33,"Dota2Spire:BladeMail":39,"WingedGreaves":6,"SumBook":0,"Potion Belt":16,"Gremlin Food":23,"Dota2Spire:MantaStyle":23,"PreservedInsect":0,"Gensokyo:CelestialsFlawlessClothing":21,"Gensokyo:EmptyGrave":33,"testmod-AssaultLearning":1,"Dota2Spire:LinkenSphere":22,"Art of War":6,"Champion Belt":5,"Bottled Lightning":34,"FossilizedHelix":30,"REME_ComplimentaryCards":0},{"Golden Egg":286,"AT_ATBox":0,"Dota2Spire:ArmletOfMordiggian":95,"AT_ArcaneBoots":323,"Sling":0,"testmod-Prudence":40,"aspiration:ArtOfWarUpgrade":31,"Prayer Wheel":291,"MerchantsRug":0,"Dota2Spire:HandOfMidas":95,"testmod-TestBox":0,"hubris:Teleporter":275,"Happy Flower":253,"Replay:Ancient Bell":179,"testmod-SaigiyounoYou":57,"OrangePellets":189,"Replay:Baseball":189,"AT_SpeedBoots":306,"AT_TheCollector":179,"testmod-Acrobat":253,"hubris:PeanutButter":166,"Molten Egg 2":275,"Black Star":0,"Unceasing Top":327,"hubris:Reverence":227,"conspire:Flyswatter":229,"AT_BellDemon":179,"DaveBox":0,"sneckomod:BlankCard":306,"Gensokyo:NagashiBinaDoll":14,"Juzu Bracelet":275,"Incense Burner":298,"Gensokyo:Justice":29,"hubris:EmptyBottle":189,"Burning Blood":0,"Gensokyo:LunaticRedEyes":14,"testmod-AscensionHeart":0,"testmod-Charity":29,"Replay:Rubber Ducky":4,"ClockworkSouvenir":306,"Frozen Eye":53,"testmod-CrystalShield":63,"Dream Catcher":212,"testmod-StringDisintegrator":271,"hubris:Icosahedron":279,"Gambling Chip":306,"Toolbox":275,"Dota2Spire:BladeMail":306,"WingedGreaves":28,"SumBook":0,"Potion Belt":78,"Gremlin Food":189,"Dota2Spire:MantaStyle":189,"PreservedInsect":0,"Gensokyo:CelestialsFlawlessClothing":166,"Gensokyo:EmptyGrave":275,"testmod-AssaultLearning":4,"Dota2Spire:LinkenSphere":179,"Art of War":28,"Champion Belt":23,"Bottled Lightning":279,"FossilizedHelix":263,"REME_ComplimentaryCards":0}],"Burning Blood":157,"Unceasing Top":[0]},"card_choices":[{"not_picked":["Twin Strike","ReplayTheSpireMod:Strike From Hell","Whirlwind"],"picked":"SKIP","floor":1.0},{"not_picked":["Cleave","Armaments","Searing Blow"],"picked":"SKIP","floor":2.0},{"not_picked":["Cleave","Searing Blow"],"picked":"Armaments","floor":2.0},{"not_picked":["Warcry","AT_ShrugMaster"],"picked":"Impervious","floor":6.0},{"not_picked":["hubris:ReadiedAction","Pommel Strike"],"picked":"True Grit","floor":8.0},{"not_picked":["Berserk","Fiend Fire"],"picked":"conspire:Purge","floor":10.0},{"not_picked":["Shrug It Off","Headbutt","Metallicize"],"picked":"SKIP","floor":10.0},{"not_picked":["conspire:ExplosiveBarrier","Replay:Undeath\u0027s Touch","Anger"],"picked":"SKIP","floor":11.0},{"not_picked":["Replay:Undeath\u0027s Touch","Clothesline"],"picked":"REME_Scribble","floor":12.0},{"not_picked":["Fiend Fire","ReplayTheSpireMod:Muscle Training","Shrug It Off"],"picked":"SKIP","floor":13},{"not_picked":["Amnesia","Writhe"],"picked":"ReplayTheSpireMod:Doomed","floor":17},{"not_picked":["Pain","Gensokyo:ImpossibleRequest"],"picked":"Replay:Hysterical Blindness","floor":17},{"not_picked":["hubris:Disease","hubris:Lust"],"picked":"vexMod:UltimateCard","floor":17},{"not_picked":["Cleave","conspire:ExplosiveBarrier","Bloodletting"],"picked":"SKIP","floor":18},{"not_picked":["Evolve","hubris:ReadiedAction","Shrug It Off"],"picked":"SKIP","floor":20},{"not_picked":["Impervious","Sword Boomerang","Replay:Undeath\u0027s Touch"],"picked":"SKIP","floor":22},{"not_picked":["Bludgeon","Brutality"],"picked":"Demon Form","floor":23},{"not_picked":["AT_GerminateFire+1","Thunderclap","Searing Blow+1"],"picked":"SKIP","floor":23},{"not_picked":["Flex","Inflame"],"picked":"Body Slam+1","floor":24},{"not_picked":["Anger","Iron Wave","Havoc+1"],"picked":"SKIP","floor":25},{"not_picked":["Iron Wave","AT_IchimonjiDouble+1","Replay:Undeath\u0027s Touch"],"picked":"SKIP","floor":29},{"not_picked":["Dual Wield+1","True Grit","ReplayTheSpireMod:Muscle Training"],"picked":"SKIP","floor":30},{"not_picked":["Iron Wave+1","AT_IchimonjiDouble","REME_Cut"],"picked":"SKIP","floor":31},{"not_picked":["sneckomod:UnknownEthereal+1","sneckomod:UnknownClassTHE_CHAMP_GRAY+1"],"picked":"sneckomod:UnknownRareSkill+1","floor":35},{"not_picked":["Whirlwind","Iron Wave+1"],"picked":"Seeing Red","floor":35},{"not_picked":["REME_Scribble+1","Bloodletting+1","AT_CaressingTears+1"],"picked":"SKIP","floor":40},{"not_picked":["REME_Scribble","Entrench+1","Inflame+1"],"picked":"SKIP","floor":44},{"not_picked":["REME_Scribble","Inflame+1"],"picked":"Entrench+1","floor":44},{"not_picked":["Perfected Strike+1","True Grit+1","Warcry"],"picked":"SKIP","floor":46},{"not_picked":["Perfected Strike+1","True Grit+1","Warcry"],"picked":"SKIP","floor":46},{"not_picked":["Dropkick+1","Power Through+1","Perfected Strike+1"],"picked":"SKIP","floor":47},{"not_picked":["Combust+1","Blood for Blood+1","Shrug It Off"],"picked":"SKIP","floor":47},{"not_picked":["Flex+1","Hemokinesis+1","ReplayTheSpireMod:Corrosion Curse"],"picked":"SKIP","floor":48},{"not_picked":["hubris:ReadiedAction+1","Brutality"],"picked":"Body Slam+1","floor":54}],"player_experience":144482,"relics_obtained":[{"floor":4.0,"key":"testmod-CrystalShield"},{"floor":6.0,"key":"Potion Belt"},{"floor":8.0,"key":"Dota2Spire:HandOfMidas"},{"floor":9.0,"key":"Dota2Spire:ArmletOfMordiggian"},{"floor":13,"key":"hubris:PeanutButter"},{"floor":23,"key":"hubris:Reverence"},{"floor":25,"key":"testmod-Acrobat"},{"floor":26,"key":"Happy Flower"},{"floor":30,"key":"FossilizedHelix"},{"floor":40,"key":"Bottled Lightning"},{"floor":46,"key":"Golden Egg"},{"floor":48,"key":"Incense Burner"},{"floor":54,"key":"Unceasing Top"}],"event_choices":[{"damage_healed":0,"gold_gain":0,"player_choice":"Swap Relic","damage_taken":0,"relics_obtained":["Juzu Bracelet"],"max_hp_gain":0,"max_hp_loss":0,"event_name":"给自己的盒子","floor":37,"relics_lost":["REME_ComplimentaryCards"],"gold_loss":0},{"damage_healed":0,"gold_gain":999,"player_choice":"Sell","damage_taken":0,"max_hp_gain":0,"max_hp_loss":0,"event_name":"恩洛斯的盘子","floor":45,"relics_lost":["Replay:Ancient Bell"],"gold_loss":0}],"is_beta":false,"boss_relics":[{"not_picked":["Ooze Armor","Painkiller Herb"],"picked":"Replay:Ancient Bell"},{"not_picked":["Ancient Tea Set","Centennial Puzzle"],"picked":"AT_BellDemon"},{"not_picked":["Onion Ring","vexMod:Dragonfruit"],"picked":"Dota2Spire:LinkenSphere"},{"not_picked":["testmod-Brilliant","Dota2Spire:EyeOfSkadi"],"picked":"AT_TheCollector"},{"not_picked":["REME_DuelDisc","Mark of Pain"],"picked":"testmod-StringDisintegrator"}],"items_purged_floors":[0,19],"is_endless":false,"potions_floor_spawned":[1,6,11,13,18,22,29,30,40,46],"ascension_level":5}}