{"host":"y76clbnovzmw9ubx","time":1609284329,"event":{"mods":["AchievementEnabler","BaseMod","Minty Spire (QoL Compilation)","Permanent Neow","Relic Stats"],"gold_per_floor":[118,118,134,153,81,81,107,126,126,144,144,144],"floor_reached":11,"playtime":382,"items_purged":[],"score":150,"play_id":"f0f0ed09-7de6-4e38-9050-a7ce3b43d907","local_time":"20201229182529","is_ascension_mode":true,"campfire_choices":[{"data":"Bash","floor":6,"key":"SMITH"}],"circlet_count":0,"master_deck":["AscendersBane","Strike_R","Strike_R","Strike_R","Strike_R","Strike_R","Defend_R","Defend_R","Defend_R","Defend_R","Bash+1","Barricade","Inflame","Disarm","Ghostly Armor","Immolate","Armaments"],"relics":["Burning Blood","Centennial Puzzle","StrikeDummy","Blue Candle","Pen Nib"],"acts_visited":["Exordium"],"potions_floor_usage":[7],"damage_taken":[{"damage":6,"enemies":"2 Louse","floor":1,"turns":3},{"damage":1,"enemies":"Cultist","floor":3,"turns":3},{"damage":8,"enemies":"Small Slimes","floor":4,"turns":5},{"damage":29,"enemies":"Gremlin Nob","floor":7,"turns":4},{"damage":12,"enemies":"Red Slaver","floor":8,"turns":5},{"damage":6,"enemies":"Looter","floor":10,"turns":4},{"damage":42,"enemies":"3 Sentries","floor":11,"turns":4}],"seed_played":"-5295742633421423389","potions_obtained":[{"floor":1,"key":"Ancient Potion"},{"floor":4,"key":"PowerPotion"}],"is_trial":false,"path_per_floor":["M","?","M","M","?","R","E","M","T","M","E"],"character_chosen":"IRONCLAD","items_purchased":[],"campfire_rested":0,"item_purchase_floors":[],"current_hp_per_floor":[68,68,73,71,71,71,48,42,42,42,0,0],"gold":144,"neow_bonus":"ONE_RANDOM_RARE_CARD","is_daily":false,"chose_seed":false,"campfire_upgraded":1,"win_rate":0.0,"timestamp":1609284329,"path_taken":["M","?","?","M","?","R","E","M","T","M","E"],"items_purchased_type":[],"build_version":"2020-12-22","purchased_purges":0,"victory":false,"max_hp_per_floor":[75,75,75,75,75,75,75,75,75,75,75,75],"relic_stats":{"Centennial Puzzle":[18],"counters":[7,28],"Blue Candle":[0],"Pen Nib":[0],"obtain_stats":[{"Centennial Puzzle":2,"Blue Candle":7,"Pen Nib":9,"StrikeDummy":5,"Burning Blood":0},{"Centennial Puzzle":1,"Blue Candle":4,"Pen Nib":5,"StrikeDummy":3,"Burning Blood":0},{"Centennial Puzzle":3,"Blue Candle":15,"Pen Nib":20,"StrikeDummy":11,"Burning Blood":0}],"Burning Blood":36},"card_choices":[{"not_picked":["Intimidate","Cleave"],"picked":"Inflame","floor":1},{"not_picked":["Iron Wave","Armaments"],"picked":"Disarm","floor":3},{"not_picked":["Twin Strike","Armaments"],"picked":"Ghostly Armor","floor":4},{"not_picked":["Flex","Infernal Blade"],"picked":"Immolate","floor":7},{"not_picked":["Shrug It Off","Intimidate"],"picked":"Armaments","floor":8},{"not_picked":["Armaments","Havoc","True Grit"],"picked":"SKIP","floor":10}],"player_experience":3016193,"relics_obtained":[{"floor":2,"key":"Centennial Puzzle"},{"floor":7,"key":"Blue Candle"},{"floor":9,"key":"Pen Nib"}],"event_choices":[{"damage_healed":0,"gold_gain":0,"player_choice":"Relic","damage_taken":0,"max_hp_gain":0,"max_hp_loss":0,"event_name":"Wheel of Change","floor":2,"gold_loss":0},{"damage_healed":0,"gold_gain":0,"player_choice":"Paid Gold","damage_taken":0,"relics_obtained":["StrikeDummy"],"max_hp_gain":0,"max_hp_loss":0,"event_name":"WeMeetAgain","floor":5,"gold_loss":72}],"is_beta":false,"boss_relics":[],"items_purged_floors":[],"is_endless":false,"potions_floor_spawned":[1,4],"killed_by":"3 Sentries","ascension_level":20}}