{"host":"4par9lyhj7bf4dsa","time":1609205401,"event":{"mods":["AchievementEnabler","BaseMod","Colored Map","Minty Spire (QoL Compilation)","Relic Stats","StSLib"],"gold_per_floor":[113,123,123,123,189,219,219,239,265,282,332,332,351,24,24,120,120,137,97,97,97],"floor_reached":20,"playtime":737,"items_purged":[],"score":235,"play_id":"3b090ce8-c55e-4c26-8d26-03e4d91836f1","local_time":"20201229123001","is_ascension_mode":true,"campfire_choices":[{"data":"Carnage","floor":7,"key":"SMITH"},{"floor":12,"key":"REST"},{"data":"Bash","floor":15,"key":"SMITH"}],"circlet_count":0,"master_deck":["Strike_R+1","Defend_R+1","Defend_R","Defend_R","Defend_R","Bash+1","Thunderclap","Clothesline","Carnage+1","Metallicize","Evolve","True Grit","Offering+1","Anger+1","Body Slam+1","Wild Strike+1","Hemokinesis"],"relics":["SacredBark","SsserpentHead","PreservedInsect","Oddly Smooth Stone","Smiling Mask","Torii","Astrolabe"],"acts_visited":["Exordium","TheCity"],"potions_floor_usage":[6,10,16],"damage_taken":[{"damage":15,"enemies":"2 Louse","floor":1,"turns":5},{"damage":0,"enemies":"Small Slimes","floor":2,"turns":3},{"damage":4,"enemies":"Cultist","floor":5,"turns":3},{"damage":10,"enemies":"3 Sentries","floor":6,"turns":6},{"damage":0,"enemies":"Large Slime","floor":8,"turns":2},{"damage":0,"enemies":"3 Louse","floor":10,"turns":3},{"damage":1,"enemies":"Exordium Thugs","floor":13,"turns":4},{"damage":33,"enemies":"Hexaghost","floor":16,"turns":11},{"damage":32,"enemies":"3 Byrds","floor":18,"turns":7},{"damage":0,"enemies":"Chosen","floor":20,"turns":3}],"seed_played":"-2659173271512157374","potions_obtained":[{"floor":1,"key":"DistilledChaos"},{"floor":6,"key":"Block Potion"},{"floor":13,"key":"Strength Potion"},{"floor":16,"key":"EssenceOfSteel"},{"floor":18,"key":"BlessingOfTheForge"}],"is_trial":false,"path_per_floor":["M","M","?","?","M","E","R","M","T","M","?","R","M","$","R","B",null,"M","?","M"],"character_chosen":"IRONCLAD","items_purchased":["Torii","True Grit"],"campfire_rested":1,"item_purchase_floors":[14,14],"current_hp_per_floor":[57,57,41,41,37,27,27,27,27,27,24,48,47,47,47,14,64,32,32,32,32],"gold":97,"neow_bonus":"BOSS_RELIC","is_daily":false,"chose_seed":false,"campfire_upgraded":2,"win_rate":0.0,"timestamp":1609205401,"path_taken":["M","M","?","?","?","E","R","M","T","M","?","R","M","$","R","BOSS","M","?","M"],"items_purchased_type":["Relic","Card"],"build_version":"2020-12-22","purchased_purges":0,"victory":false,"max_hp_per_floor":[80,80,80,80,80,80,80,80,80,80,80,80,80,80,80,80,80,80,80,80,80],"relic_stats":{"SsserpentHead":150,"Torii":24,"counters":[10,47],"Astrolabe":["Anger","Body Slam","Wild Strike"],"PreservedInsect":0,"Smiling Mask":0,"obtain_stats":[{"SsserpentHead":4,"Torii":14,"SacredBark":0,"Astrolabe":17,"Oddly Smooth Stone":9,"PreservedInsect":6,"Smiling Mask":11,"Burning Blood":0},{"SsserpentHead":2,"Torii":7,"SacredBark":0,"Astrolabe":8,"Oddly Smooth Stone":5,"PreservedInsect":4,"Smiling Mask":6,"Burning Blood":0},{"SsserpentHead":8,"Torii":26,"SacredBark":0,"Astrolabe":37,"Oddly Smooth Stone":19,"PreservedInsect":17,"Smiling Mask":22,"Burning Blood":0}]},"card_choices":[{"not_picked":["Uppercut","Anger"],"picked":"Thunderclap","floor":1},{"not_picked":["Flame Barrier","Intimidate"],"picked":"Clothesline","floor":2},{"not_picked":["Shrug It Off","Flex"],"picked":"Carnage","floor":5},{"not_picked":["Searing Blow","Rampage"],"picked":"Metallicize","floor":6},{"not_picked":["Headbutt","Anger"],"picked":"Evolve","floor":8},{"not_picked":["Sword Boomerang","Blood for Blood","Havoc"],"picked":"SKIP","floor":10},{"not_picked":["Iron Wave","Pommel Strike","Carnage"],"picked":"SKIP","floor":13},{"not_picked":["Corruption","Berserk"],"picked":"Offering","floor":16},{"not_picked":["Pommel Strike","Reckless Charge"],"picked":"Hemokinesis","floor":18}],"player_experience":889956,"relics_obtained":[{"floor":6,"key":"PreservedInsect"},{"floor":9,"key":"Oddly Smooth Stone"}],"event_choices":[{"damage_healed":0,"gold_gain":0,"player_choice":"Entered Light","damage_taken":16,"max_hp_gain":0,"max_hp_loss":0,"event_name":"Shining Light","floor":3,"gold_loss":0,"cards_upgraded":["Defend_R","Strike_R"]},{"damage_healed":0,"gold_gain":0,"player_choice":"Trade","damage_taken":0,"relics_obtained":["SsserpentHead"],"max_hp_gain":0,"max_hp_loss":0,"event_name":"FaceTrader","floor":4,"gold_loss":0},{"damage_healed":0,"gold_gain":0,"player_choice":"Success","damage_taken":3,"relics_obtained":["Smiling Mask"],"max_hp_gain":0,"max_hp_loss":0,"event_name":"Scrap Ooze","floor":11,"gold_loss":0},{"cards_removed":["Strike_R"],"damage_healed":0,"gold_gain":0,"player_choice":"Upgrade and Remove","damage_taken":0,"max_hp_gain":0,"max_hp_loss":0,"event_name":"Designer","floor":19,"gold_loss":90,"cards_upgraded":["Offering"]}],"is_beta":false,"boss_relics":[{"not_picked":["Black Star","Velvet Choker"],"picked":"Astrolabe"}],"items_purged_floors":[],"is_endless":false,"potions_floor_spawned":[1,6,13,16,18],"killed_by":"Chosen","ascension_level":7}}