{"host":"52zmxm0oht7x0uft","time":1609266362,"event":{"mods":["AchievementEnabler","BaseMod","Minty Spire (QoL Compilation)","Quick Restart"],"gold_per_floor":[114,114,133,12,30,30,71,71,71,71,114,127,127,127,127,246,246,259,259,259],"floor_reached":19,"playtime":831,"items_purged":["Strike_B"],"score":201,"play_id":"e2c4db6c-1933-4e19-a589-d94271a22731","local_time":"20201229192602","is_ascension_mode":true,"campfire_choices":[{"data":"Zap","floor":6,"key":"SMITH"},{"floor":8,"key":"REST"},{"data":"Redo","floor":13,"key":"SMITH"},{"floor":15,"key":"REST"}],"circlet_count":0,"master_deck":["Zap+1","Dualcast","Sweeping Beam","Beam Cell","Go for the Eyes","Scrape","Go for the Eyes","Redo+1","Hyperbeam","Multi-Cast","Genetic Algorithm","Fission","Chaos","Gash"],"relics":["Cracked Core","Golden Idol","Pantograph","MealTicket","Ancient Tea Set","Pandora\u0027s Box"],"acts_visited":["Exordium","TheCity"],"potions_floor_usage":[],"damage_taken":[{"damage":0,"enemies":"Cultist","floor":1,"turns":3},{"damage":0,"enemies":"Small Slimes","floor":3,"turns":2},{"damage":6,"enemies":"2 Louse","floor":5,"turns":2},{"damage":27,"enemies":"Lagavulin","floor":7,"turns":6},{"damage":5,"enemies":"Gremlin Nob","floor":11,"turns":3},{"damage":23,"enemies":"Lots of Slimes","floor":12,"turns":4},{"damage":48,"enemies":"The Guardian","floor":16,"turns":9},{"damage":36,"enemies":"Shell Parasite","floor":18,"turns":5},{"damage":53,"enemies":"Masked Bandits","floor":19,"turns":3}],"seed_played":"-3938605962525437908","potions_obtained":[{"floor":3,"key":"SteroidPotion"},{"floor":7,"key":"Weak Potion"},{"floor":16,"key":"FairyPotion"}],"is_trial":false,"path_per_floor":["M","?","M","$","M","R","E","R","T","$","E","M","R","?","R","B",null,"M","?"],"character_chosen":"DEFECT","items_purchased":["Go for the Eyes"],"campfire_rested":2,"item_purchase_floors":[4],"current_hp_per_floor":[68,51,51,51,45,45,18,38,38,53,48,25,25,25,45,20,68,32,0,0],"gold":259,"neow_bonus":"REMOVE_TWO","is_daily":false,"chose_seed":false,"campfire_upgraded":2,"win_rate":0.0,"timestamp":1609266362,"path_taken":["M","?","M","$","M","R","E","R","T","$","E","M","R","?","R","BOSS","M","?"],"items_purchased_type":["Card"],"build_version":"2020-12-22","purchased_purges":1,"victory":false,"max_hp_per_floor":[68,68,68,68,68,68,68,68,68,68,68,68,68,68,68,68,68,68,68,68],"card_choices":[{"not_picked":["Ball Lightning","Fusion"],"picked":"Sweeping Beam","floor":1},{"not_picked":["Ball Lightning","Rebound"],"picked":"Beam Cell","floor":3},{"not_picked":["Reinforced Body","Tempest","Conserve Battery"],"picked":"SKIP","floor":5},{"not_picked":["Double Energy","White Noise"],"picked":"Scrape","floor":7},{"not_picked":["Beam Cell","Lockon"],"picked":"Go for the Eyes","floor":11},{"not_picked":["Defragment","Coolheaded"],"picked":"Redo","floor":12},{"not_picked":["Storm","Darkness"],"picked":"Gash","floor":18}],"player_experience":330345,"relics_obtained":[{"floor":7,"key":"Pantograph"},{"floor":9,"key":"MealTicket"},{"floor":11,"key":"Ancient Tea Set"}],"event_choices":[{"damage_healed":0,"gold_gain":0,"player_choice":"Take Damage","damage_taken":17,"relics_obtained":["Golden Idol"],"max_hp_gain":0,"max_hp_loss":0,"event_name":"Golden Idol","floor":2,"gold_loss":0},{"damage_healed":0,"gold_gain":0,"player_choice":"Ignored","damage_taken":0,"max_hp_gain":0,"max_hp_loss":0,"event_name":"Liars Game","floor":14,"gold_loss":0},{"damage_healed":0,"gold_gain":0,"player_choice":"Fought Bandits","damage_taken":0,"max_hp_gain":0,"max_hp_loss":0,"event_name":"Masked Bandits","floor":19,"gold_loss":0}],"is_beta":false,"boss_relics":[{"not_picked":["Fusion Hammer","Philosopher\u0027s Stone"],"picked":"Pandora\u0027s Box"}],"items_purged_floors":[4],"is_endless":false,"potions_floor_spawned":[3,7,16,18],"killed_by":"Masked Bandits","ascension_level":3}}