{"host":"sav7uxregyirlf69","time":1609225508,"event":{"mods":["AchievementEnabler","BaseMod","Colored Map","DeckTracker","Keyboard Shortcuts","Minty Spire (QoL Compilation)","READ ME - Guardian Mod","StSLib","SuperFastMode"],"gold_per_floor":[119,44,44,60,72,99,99,112,112,128,128,128,128,140,140,212,212,212,212,212,212,226,226,237,237,288,305,315,315,340,354,354,432,432,451,451,34,53,53,88,104,138,138,138,138,138,138,138],"floor_reached":47,"playtime":871,"items_purged":["Normality","Strike_R+1"],"score":1010,"play_id":"535687f5-aff8-40e7-9b26-8b0d367e4b67","local_time":"20201229160508","is_ascension_mode":true,"campfire_choices":[{"data":"Inflame","floor":7.0,"key":"SMITH"},{"data":"Rupture","floor":12.0,"key":"SMITH"},{"data":"Blood for Blood","floor":15.0,"key":"SMITH"},{"floor":25,"key":"RECALL"},{"floor":29,"key":"REST"},{"data":"Disarm","floor":32,"key":"SMITH"},{"data":"Reaper","floor":44,"key":"SMITH"},{"data":"Bash","floor":46,"key":"SMITH"}],"circlet_count":0,"master_deck":["AscendersBane","Strike_R+1","Strike_R+1","Strike_R+1","Defend_R+1","Defend_R+1","Defend_R+1","Defend_R+1","Bash+1","Hemokinesis","Headbutt","Inflame+1","Anger","Rupture+1","Flex+1","Blood for Blood+1","Reaper+1","Blood for Blood+1","True Grit+1","Disarm+1","Offering+1","Offering+1","Rupture+1","Dual Wield+1"],"relics":["Burning Blood","StrikeDummy","Mercury Hourglass","Runic Pyramid","Ancient Tea Set","Coffee Dripper","Shuriken","PreservedInsect","Matryoshka","Akabeko","War Paint","Pantograph"],"acts_visited":["Exordium","TheCity","TheBeyond"],"potions_floor_usage":[18,27,30,33,41,41],"damage_taken":[{"damage":14.0,"enemies":"Jaw Worm","floor":1.0,"turns":4.0},{"damage":8.0,"enemies":"Cultist","floor":4.0,"turns":3.0},{"damage":2.0,"enemies":"2 Louse","floor":5.0,"turns":2.0},{"damage":41.0,"enemies":"Lagavulin","floor":6.0,"turns":6.0},{"damage":11.0,"enemies":"Red Slaver","floor":8.0,"turns":2.0},{"damage":4.0,"enemies":"Large Slime","floor":10.0,"turns":4.0},{"damage":16.0,"enemies":"Blue Slaver","floor":14.0,"turns":3.0},{"damage":25.0,"enemies":"The Guardian","floor":16.0,"turns":9.0},{"damage":0,"enemies":"3 Byrds","floor":18,"turns":1},{"damage":21,"enemies":"Shell Parasite","floor":22,"turns":3},{"damage":25,"enemies":"Centurion and Healer","floor":24,"turns":3},{"damage":17,"enemies":"Sentry and Sphere","floor":27,"turns":5},{"damage":18,"enemies":"Snake Plant","floor":28,"turns":3},{"damage":35,"enemies":"Gremlin Leader","floor":30,"turns":4},{"damage":34,"enemies":"3 Cultists","floor":31,"turns":5},{"damage":85,"enemies":"Automaton","floor":33,"turns":9},{"damage":29,"enemies":"3 Darklings","floor":35,"turns":3},{"damage":54,"enemies":"3 Shapes","floor":38,"turns":3},{"damage":47,"enemies":"Nemesis","floor":40,"turns":5},{"damage":33,"enemies":"Jaw Worm Horde","floor":41,"turns":3},{"damage":30,"enemies":"Giant Head","floor":42,"turns":5},{"damage":19,"enemies":"3 Darklings","floor":47,"turns":1}],"seed_played":"9122462843945036231","potions_obtained":[{"floor":5.0,"key":"LiquidMemories"},{"floor":6.0,"key":"Weak Potion"},{"floor":16.0,"key":"SmokeBomb"},{"floor":24,"key":"SpeedPotion"},{"floor":27,"key":"EssenceOfSteel"},{"floor":28,"key":"LiquidBronze"},{"floor":35,"key":"SteroidPotion"},{"floor":38,"key":"AttackPotion"},{"floor":42,"key":"SpeedPotion"}],"is_trial":false,"path_per_floor":["M","$","?","M","M","E","R","M","T","M","T","R","?","M","R","B",null,"M","?","?","$","M","?","M","R","T","M","M","R","E","M","R","B",null,"M","T","$","M","$","E","M","E","T","R","?","R","M"],"character_chosen":"IRONCLAD","items_purchased":["Offering","PreservedInsect"],"campfire_rested":1,"item_purchase_floors":[37,37],"current_hp_per_floor":[74,74,74,72,76,41,41,36,36,38,38,38,38,28,28,9,69,75,75,75,75,60,60,57,57,57,46,45,71,54,59,59,10,69,75,75,75,51,51,21,25,19,19,19,19,19,0,0],"gold":138,"neow_bonus":"TWENTY_PERCENT_HP_BONUS","is_daily":false,"chose_seed":false,"campfire_upgraded":6,"win_rate":0.0,"timestamp":1609225508,"path_taken":["M","$","?","M","?","E","R","M","T","M","?","R","?","M","R","BOSS","M","?","?","$","?","?","M","R","T","?","M","R","E","M","R","BOSS","M","?","$","?","$","E","M","E","T","R","?","R","M"],"items_purchased_type":["Card","Relic"],"build_version":"2020-12-22","purchased_purges":2,"victory":false,"max_hp_per_floor":[89,89,89,89,89,89,89,89,89,89,89,89,89,89,89,89,89,89,89,89,89,89,89,89,89,89,89,89,89,89,89,89,89,89,89,89,89,89,89,89,89,89,89,89,85,85,85,85],"card_choices":[{"not_picked":["True Grit","Cleave"],"picked":"Perfected Strike","floor":1.0},{"not_picked":["Heavy Blade","Pommel Strike"],"picked":"Headbutt","floor":4.0},{"not_picked":["Battle Trance","Searing Blow"],"picked":"Inflame","floor":5.0},{"not_picked":["Sentinel","Searing Blow"],"picked":"Anger","floor":6.0},{"not_picked":["True Grit","Twin Strike","Sever Soul"],"picked":"SKIP","floor":8.0},{"not_picked":["Carnage","Infernal Blade"],"picked":"Rupture","floor":10.0},{"not_picked":["Pummel","Wild Strike"],"picked":"Blood for Blood","floor":14.0},{"not_picked":["Exhume","Bludgeon"],"picked":"Reaper","floor":16.0},{"not_picked":["Iron Wave","Infernal Blade","Havoc"],"picked":"SKIP","floor":22},{"not_picked":["Clash","Rupture","Anger+1"],"picked":"SKIP","floor":24},{"not_picked":["Inflame","True Grit","Anger"],"picked":"SKIP","floor":27},{"not_picked":["Body Slam","Perfected Strike","Cleave"],"picked":"SKIP","floor":28},{"not_picked":["Headbutt","Metallicize"],"picked":"True Grit+1","floor":30},{"not_picked":["Clash","Searing Blow"],"picked":"Disarm","floor":31},{"not_picked":["Demon Form","Barricade"],"picked":"Offering","floor":33},{"not_picked":["Blood for Blood","Iron Wave","Wild Strike"],"picked":"SKIP","floor":35},{"not_picked":["Pommel Strike+1","Searing Blow+1","Heavy Blade"],"picked":"SKIP","floor":38},{"not_picked":["Shrug It Off+1","Heavy Blade"],"picked":"Rupture+1","floor":40},{"not_picked":["Blood for Blood","Whirlwind+1","Body Slam"],"picked":"SKIP","floor":41},{"not_picked":["Inflame","Warcry"],"picked":"Dual Wield+1","floor":42}],"player_experience":1041646,"relics_obtained":[{"floor":9.0,"key":"StrikeDummy"},{"floor":11.0,"key":"Mercury Hourglass"},{"floor":30,"key":"Ancient Tea Set"},{"floor":36,"key":"Shuriken"},{"floor":40,"key":"Matryoshka"},{"floor":42,"key":"Akabeko"},{"floor":43,"key":"War Paint"},{"floor":43,"key":"Pantograph"}],"event_choices":[{"damage_healed":0.0,"max_hp_gain":0.0,"max_hp_loss":0.0,"gold_gain":0.0,"cards_transformed":["Perfected Strike"],"event_name":"Transmorgrifier","player_choice":"Transformed","floor":3.0,"gold_loss":0.0,"damage_taken":0.0,"cards_obtained":["Hemokinesis"]},{"damage_healed":0.0,"max_hp_gain":0.0,"max_hp_loss":0.0,"gold_gain":0.0,"cards_transformed":["Strike_R"],"event_name":"Transmorgrifier","player_choice":"Transformed","floor":13.0,"gold_loss":0.0,"damage_taken":0.0,"cards_obtained":["Flex"]},{"damage_healed":0,"gold_gain":0,"player_choice":"Simplicity","damage_taken":0,"max_hp_gain":0,"max_hp_loss":0,"event_name":"Back to Basics","floor":19,"gold_loss":0,"cards_upgraded":["Strike_R","Strike_R","Strike_R","Strike_R","Defend_R","Defend_R","Defend_R","Defend_R"]},{"damage_healed":0,"gold_gain":0,"player_choice":"Upgraded","damage_taken":0,"max_hp_gain":0,"max_hp_loss":0,"event_name":"Upgrade Shrine","floor":20,"gold_loss":0,"cards_upgraded":["Flex"]},{"damage_healed":0,"gold_gain":0,"player_choice":"Copied","damage_taken":0,"max_hp_gain":0,"max_hp_loss":0,"event_name":"Duplicator","floor":23,"gold_loss":0,"cards_obtained":["Blood for Blood"]},{"damage_healed":0,"gold_gain":0,"player_choice":"Max HP","damage_taken":0,"max_hp_gain":0,"max_hp_loss":4,"event_name":"Winding Halls","floor":45,"gold_loss":0}],"is_beta":false,"boss_relics":[{"not_picked":["SlaversCollar","Calling Bell"],"picked":"Runic Pyramid"},{"not_picked":["Runic Cube","Philosopher\u0027s Stone"],"picked":"Coffee Dripper"}],"items_purged_floors":[2,37],"is_endless":false,"potions_floor_spawned":[5,6,16,18,24,27,28,35,38,42],"killed_by":"3 Darklings","ascension_level":20}}