{"host":"ymw71f7rc9ndansy","time":1609231164,"event":{"mods":["ATMod(°¢èªMod)","Act Like it!","Aspiration","BaseMod","DeckTracker","Hubris","Library of Ruina","Library of Ruina Extra","Lobotomy","LobotomyExtend","Minty Spire (QoL Compilation)","MostiFishMod","Remove Card Discount Mod","Replay The Spire","StSLib","TestMod","¡¾ÒÅÎï¿¨ÅÆ¡¿REMEMod"],"gold_per_floor":[118,118,61,127,146,174,174,187,187,207,239,250,47,78,78,157,157,172,222,222,233,251,293,273,273,273,273,307,324,49,84,84,169,169,190,190,205,1,1,9,39,39,39,39,23,35,57,88,88,159,166,166],"floor_reached":53,"playtime":1733,"items_purged":["Corpse Explosion","LightAttack","LightAttack","Dodge","LightDefense","Parasite","LightDefense","LightDefense","LightDefense","FeelinGood","RulesOfTheBackstreets","DesperateStruggle+1","ChargeAndCover","PunishingBird","BigBird","Mercenary","Freischutz","GreedKing","GaleKick","Glass Knife","AT_Desolate+1"],"score":4828,"play_id":"97308e6f-eac0-4bb6-9f0c-cc4da16a006d","local_time":"20201229163924","is_ascension_mode":true,"campfire_choices":[{"data":"Transpierce","floor":7.0,"key":"SMITH"},{"data":"AT_Desolate","floor":15.0,"key":"SMITH"},{"data":"FormingStorm","floor":25.0,"key":"SMITH"},{"data":"AlloutWar","floor":27.0,"key":"SMITH"},{"data":"REME_HeartOfCthun","floor":32.0,"key":"SMITH"},{"data":"CleanUp","floor":42.0,"key":"SMITH"},{"data":"testmod-Collector","floor":44.0,"key":"SMITH"},{"floor":49,"key":"RECALL"}],"circlet_count":0,"master_deck":["WhiteNight","LongBird","ApocalypseBird","AscendersBane","FocusedStrikes","WillOfThePrescript","Multislash","Yin","Transpierce+1","MultiBlock","AlloutWar+1","REME_HeartOfCthun+1","FormingStorm+1","UndertakePrescript+1","Suppress+1","HereticApostle","testmod-PowerStrike","testmod-Collector+1","CleanUp+1","MeltingLove","CENSORED","IronWall","Commandeering"],"relics":["PageOfLibrarian","testmod-TestBox","DaveBox","REME_ComplimentaryCards","AT_ATBox","PatriotShield","testmod-NegativeEmotionEnhancer","CogitoBucket","RabbitCall","SynthV:TestCard","Replay:Accelerometer","PageOfScarecrow","hubris:SphereOfDissonance","ResearcherNote","testmod-Acrobat","Runic Dome","TreeSap","Lamp_r","Yang_Lob","Nunchaku","ReplayTheSpireMod:CursedCoin","Bag of Marbles","Replay:Bottled Eggs","WantedRequest","testmod-CrystalShield","PageOfPinocchio","PageOfSpiderBud","Snecko Eye","AtMidnight","SkinProphecy","Twilight","Replay:Rubber Ducky","AT_SpeedBoots","Justitia_r","DeathAngel","Pen Nib"],"acts_visited":["Exordium","TheCity","TheBeyond"],"potions_floor_usage":[50,50],"damage_taken":[{"damage":0.0,"enemies":"Cultist","floor":1.0,"turns":2.0},{"damage":0.0,"enemies":"2 Louse","floor":5.0,"turns":1.0},{"damage":0.0,"enemies":"3 Sentries","floor":6.0,"turns":4.0},{"damage":0.0,"enemies":"Small Slimes","floor":8.0,"turns":1.0},{"damage":0.0,"enemies":"Blue Slaver","floor":10.0,"turns":1.0},{"damage":0.0,"enemies":"Gremlin Nob","floor":11.0,"turns":1.0},{"damage":0.0,"enemies":"3 Louse","floor":12.0,"turns":3.0},{"damage":0.0,"enemies":"Lagavulin","floor":14.0,"turns":2.0},{"damage":0.0,"enemies":"The Guardian","floor":16.0,"turns":3.0},{"damage":0.0,"enemies":"Spheric Guardian","floor":18.0,"turns":2.0},{"damage":3.0,"enemies":"Chosen","floor":21.0,"turns":2.0},{"damage":0.0,"enemies":"Centurion and Healer","floor":22.0,"turns":3.0},{"damage":0.0,"enemies":"Book of Stabbing","floor":23.0,"turns":3.0},{"damage":0.0,"enemies":"REME_1_Revenger","floor":28.0,"turns":1.0},{"damage":0.0,"enemies":"Cultist and Chosen","floor":29.0,"turns":1.0},{"damage":0.0,"enemies":"Replay:Snechameleon","floor":31.0,"turns":1.0},{"damage":12.0,"enemies":"Pondfish","floor":33.0,"turns":2.0},{"damage":10.0,"enemies":"3 Darklings","floor":35.0,"turns":1.0},{"damage":0.0,"enemies":"Orb Walker","floor":37.0,"turns":1.0},{"damage":0.0,"enemies":"Transient","floor":40.0,"turns":1.0},{"damage":0.0,"enemies":"Nemesis","floor":41.0,"turns":1.0},{"damage":0,"enemies":"Transient","floor":46,"turns":1},{"damage":9,"enemies":"Transient","floor":47,"turns":2},{"damage":0,"enemies":"R_Hoarder","floor":48,"turns":1},{"damage":5,"enemies":"hubris:GrandSnecko","floor":50,"turns":2},{"damage":5,"enemies":"Donu and Deca","floor":51,"turns":1}],"seed_played":"7785892246339956674","potions_obtained":[{"floor":8.0,"key":"FearPotion"},{"floor":16.0,"key":"AttackPotion"},{"floor":21.0,"key":"REME_GoldPotion"}],"is_trial":false,"path_per_floor":["M","?","$","?","M","E","R","M","T","M","E","M","$","E","R","B",null,"M","?","?","M","M","E","$","R","T","R","E","M","$","E","R","B",null,"M","?","M","$","?","M","E","R","T","R","$","M","M","E","R","B","B",null,null],"character_chosen":"Librarian","items_purchased":["Multislash","REME_HeartOfCthun","ReplayTheSpireMod:CursedCoin","Bag of Marbles","PageOfPinocchio","testmod-PowerStrike"],"campfire_rested":0,"item_purchase_floors":[3,13,24,24,30,38],"current_hp_per_floor":[56,56,56,56,59,78,78,80,80,81,82,83,83,86,86,87,87,88,88,88,89,90,98,95,95,95,95,96,97,97,98,98,90,90,84,84,85,85,75,97,99,99,99,99,99,95,116,119,119,124,127,127],"gold":166,"neow_bonus":"","is_daily":false,"chose_seed":false,"campfire_upgraded":7,"win_rate":0.0,"timestamp":1609231164,"path_taken":["M","?","$","?","M","E","R","M","T","M","E","M","$","E","R","BOSS","M","?","?","M","M","E","$","R","T","R","E","M","$","E","R","BOSS","M","?","M","$","?","M","E","R","T","R","$","M","M","E","R","BOSS","BOSS"],"items_purchased_type":["Card","Card","Relic","Relic","Relic","Card"],"build_version":"2020-12-22","purchased_purges":21,"victory":true,"max_hp_per_floor":[79,79,79,79,78,79,79,80,80,81,82,85,85,86,86,87,87,88,88,88,89,97,98,95,95,95,95,96,97,97,98,98,90,90,91,91,94,94,94,97,100,109,109,109,109,114,117,120,120,125,128,128],"card_choices":[{"not_picked":["AsThePrescriptOrders","Diversion","Track","PreparedMind","GoinFirst","Rewind","DefenseOrder","Multislash"],"picked":"WillOfThePrescript","floor":1.0},{"not_picked":["MHz","FairyFestival"],"picked":"FieryBird","floor":1.0},{"not_picked":["FairyFestival","MHz","VoidDream"],"picked":"Singing Bowl","floor":5.0},{"not_picked":["Funeral","WallGazer"],"picked":"Yin","floor":5.0},{"not_picked":["Rewind","ExtractFuel","TrimTheIngredients","Eject","Leap_lor","EnergyConversion","SmokingPipe","TraceOfFumes","GuidanceOfTheGears","Unlock1","DarkCloud"],"picked":"SKIP","floor":5.0},{"not_picked":["Endure","TendonChords","FormingStorm","Outburst","BackAttack","UnavoidableGaze","Retaliate","HighKick","WillProduceFineSilk","Wallop_lor"],"picked":"Transpierce","floor":6.0},{"not_picked":["MeatLantern","Wellcheers","SpiderBud"],"picked":"Singing Bowl","floor":8.0},{"not_picked":["UpbeatPerformance","Unlock1","SharpNails","CumulusWall","TieShanKao","WillOfThePrescript","InhaleSmoke","AutomatedMovement","HiddenBlade","SunsetBlade"],"picked":"MultiBlock","floor":8.0},{"not_picked":["Murderer","Bloodbath"],"picked":"GreedKing","floor":10.0},{"not_picked":["SmokingPipe","PreemptiveStrike","StartinOutLightly","SkyClearingCut","Castigation","SunsetBlade","Quickness","CutIn","BackstreetsDash","HandleRequest"],"picked":"GaleKick","floor":10.0},{"not_picked":["UniverseFragment","Scorched"],"picked":"PunishingBird","floor":11.0},{"not_picked":["HighKick","ViolentFlame","NightInTheBackstreets","StrongStrike","MultiHit","FaintMemories","ToWhereThePrescriptPoints","AssaultOrder","EnergyCycle","InhaleSmoke"],"picked":"AlloutWar","floor":11.0},{"not_picked":["HeroicMonk","CrumblingArmor"],"picked":"DespairKnight","floor":12.0},{"not_picked":["UpbeatPerformance","ChargeUp","Mutilate","FleetFootsteps","Wallop_lor","Leap_lor","Bvapour","QuickAttack","Riposte","SweepTheBackstreets","EnergyConversion"],"picked":"SKIP","floor":12.0},{"not_picked":["SingingMachine","FairyFestival"],"picked":"BlueStar","floor":14.0},{"not_picked":["LossOfSenses","SpearedSweep","SunsetBlade","ScatteringSlash","DimensionalRift","Gamble","BackstreetsDash","Brawl","EndlessBattle","Rewind","GuidanceOfTheGears"],"picked":"SKIP","floor":14.0},{"not_picked":["UniverseFragment","ShyLook","QueenBee"],"picked":"Singing Bowl","floor":16.0},{"not_picked":["NakedNest","FairyFestival"],"picked":"Freischutz","floor":16.0},{"not_picked":["EmotionalTurbulence","Eradication","Cruelty","BoundaryOfDeath"],"picked":"FormingStorm","floor":16.0},{"not_picked":["VoidDream","SnowQueen","Scorched"],"picked":"Singing Bowl","floor":18.0},{"not_picked":["StrongStrike","BurningFlash","Wallop_lor","Reload+1","MultiBlock","DarkCloud","HiddenBlade","MultiHit","AbsorbImpact","SweepTheBackstreets"],"picked":"UndertakePrescript+1","floor":18.0},{"not_picked":["MeatLantern","Scarecrow","LittlePrince"],"picked":"Singing Bowl","floor":21.0},{"not_picked":["Scorched","Murderer"],"picked":"BigBird","floor":21.0},{"not_picked":["UnavoidableGaze","QuickAttack","ElectricShock","Faith","UncannyStrike","Thrust","DevastatingThrash","ForTheFamily","BiteOff","BizarreAttack"],"picked":"Suppress","floor":21.0},{"not_picked":["MeatLantern","RedShoes","SpiderBud"],"picked":"Singing Bowl","floor":22.0},{"not_picked":["StructuralAnalysis","EnergyShield","BackAttack","GuidanceOfTheGears","Zzzzzap","UpbeatPerformance","ElectricShock","SmokingPipe","HiddenBlade","Rewind","ExtremeEdge"],"picked":"SKIP","floor":22.0},{"not_picked":["UniverseFragment","SnowQueen","Bloodbath"],"picked":"Singing Bowl","floor":23.0},{"not_picked":["VoidDream","GalaxyChild"],"picked":"Mercenary","floor":23.0},{"not_picked":["SturdyDefense","Transpierce","FierceCharge","UnavoidableGaze","InhaleSmoke","WillOfThePrescript+1","Collision","FaintMemories","SpearedSweep","ExtractFuel","KeepItFresh"],"picked":"SKIP","floor":23.0},{"not_picked":["Laetitia","LittlePrince","Variant"],"picked":"Singing Bowl","floor":28.0},{"not_picked":["SunsetBlade","BlowItUp","FormingStorm","AssaultOrder","KeepItFresh","FierceCharge","Rampage_lor","Suppress","MultiHit","ChopItOff"],"picked":"DesperateStruggle+1","floor":28.0},{"not_picked":["FairyFestival","SnowQueen","WallGazer"],"picked":"Singing Bowl","floor":29.0},{"not_picked":["CircusKnives","ForcefulGesture","TendonChords","BlowItUp","DefenseOrder","Faith","YourShield","SunsetBlade+1","PreparedMind","SmokingPipe"],"picked":"RulesOfTheBackstreets","floor":29.0},{"not_picked":["CherryBlossoms","Alriune","LaLuna"],"picked":"Singing Bowl","floor":31.0},{"not_picked":["SummaryJudgment","GuidanceOfTheGears","BindingChains","BackAttack","Parry","Deflect_lor","StructuralAnalysis","FlashOfSunup","GuardingStance","SinglePointStab","Rewind"],"picked":"SKIP","floor":31.0},{"not_picked":["WhitesApple","HeroicMonk","MeatLantern"],"picked":"Singing Bowl","floor":33.0},{"not_picked":["BlazingStrike","ChargeUp","Observe","Castigation"],"picked":"RepressedFlesh","floor":33.0},{"not_picked":["LaLuna","CherryBlossoms","Porccubus"],"picked":"Singing Bowl","floor":35.0},{"not_picked":["Brawl+1","StayCalm+1","Retaliate","TrimTheIngredients","SteelKnuckles","Leap_lor","FendThisOffIfYouCan","Parry+1","Pound","Reload","CircusKnives+1"],"picked":"SKIP","floor":35.0},{"not_picked":["Brawl+1","StayCalm+1","Retaliate","TrimTheIngredients","SteelKnuckles","Leap_lor","FendThisOffIfYouCan","Parry+1","Pound","Reload","CircusKnives+1"],"picked":"SKIP","floor":35.0},{"not_picked":["SingingMachine","BigBadWolf"],"picked":"LongBird","floor":37.0},{"not_picked":["HiddenBlade","GatherIntel","SinglePointStab","LossOfSenses","RatsGuideToSurvival+1","Riposte","Unlock1+1","FleetFootsteps","ScatteringSlash","FierceCharge","FleetEdge+1"],"picked":"SKIP","floor":37.0},{"not_picked":["REME_ShortnessOfBreath","ReplayTheSpireMod:Uncanny Aura","testmod-BloodShelter","Replay:Sssssssssstrike","testmod-LifeRuler","Replay:Bootleg Shield Generator","REME_MagicPocketWatch","PanicButton","hubris:EnhanceAbility","testmod-ConditionedReflex"],"picked":"testmod-Collector","floor":39.0},{"not_picked":["NakedNest","RedShoes"],"picked":"WhiteNight","floor":40.0},{"not_picked":["RedShoes","CherryBlossoms","GalaxyChild"],"picked":"Singing Bowl","floor":41.0},{"not_picked":["BladeWhirl","Parry+1","SilentNight","DesperateStruggle","HighKick","SkyClearingCut","Rewind","Execute_lor","Faith","Standoff+1"],"picked":"CleanUp","floor":41.0},{"not_picked":["DreamingCurrent","QueenBee"],"picked":"MeltingLove","floor":46},{"not_picked":["LittleHelper","SingingMachine","NakedNest"],"picked":"Singing Bowl","floor":47},{"not_picked":["BigBadWolf","OSAHOGD"],"picked":"CENSORED","floor":47},{"not_picked":["Thrust+1","ProselytesBlade+1","BiteOff","Reload","Feast+1","YoureAHindrance+1","Unlock1","Parry","AutomatedMovement","RepressedFlesh"],"picked":"IronWall","floor":47},{"not_picked":["Leap_lor","Execute_lor","Multislash+1","StructuralAnalysis","Quickness","ChopItOff","Mutilate","FendThisOffIfYouCan+1","FleetFootsteps+1","SmokingPipe"],"picked":"Commandeering","floor":48},{"not_picked":["Wellcheers","BeautyBeast","BlackArmy"],"picked":"Singing Bowl","floor":48}],"player_experience":1053753,"relics_obtained":[{"floor":1.0,"key":"SynthV:TestCard"},{"floor":6.0,"key":"Replay:Accelerometer"},{"floor":9.0,"key":"PageOfScarecrow"},{"floor":11.0,"key":"hubris:SphereOfDissonance"},{"floor":14.0,"key":"testmod-Acrobat"},{"floor":23.0,"key":"Nunchaku"},{"floor":26.0,"key":"Replay:Bottled Eggs"},{"floor":28.0,"key":"testmod-CrystalShield"},{"floor":31.0,"key":"PageOfSpiderBud"},{"floor":35.0,"key":"AtMidnight"},{"floor":40.0,"key":"Twilight"},{"floor":41.0,"key":"Replay:Rubber Ducky"},{"floor":43.0,"key":"AT_SpeedBoots"},{"floor":46,"key":"DeathAngel"},{"floor":48,"key":"Pen Nib"}],"event_choices":[{"damage_healed":0.0,"max_hp_gain":0.0,"max_hp_loss":0.0,"gold_gain":66.0,"event_name":"Golden Wing","player_choice":"Gained Gold","floor":4.0,"gold_loss":0.0,"damage_taken":0.0},{"damage_healed":0.0,"max_hp_gain":0.0,"max_hp_loss":0.0,"gold_gain":50.0,"event_name":"Nest","player_choice":"Stole From Cult","floor":19.0,"gold_loss":0.0,"damage_taken":0.0},{"damage_healed":0.0,"max_hp_gain":0.0,"max_hp_loss":0.0,"gold_gain":0.0,"cards_transformed":["Wraith Form v2"],"event_name":"Transmorgrifier","player_choice":"Transformed","floor":20.0,"gold_loss":0.0,"damage_taken":0.0,"cards_obtained":["FeelinGood"]},{"damage_healed":0.0,"max_hp_gain":0.0,"max_hp_loss":0.0,"gold_gain":0.0,"event_name":"SensoryStone","player_choice":"Memory 3","floor":39.0,"gold_loss":0.0,"damage_taken":10.0}],"is_beta":false,"boss_relics":[{"not_picked":["testmod-Temperance","RhineSuit"],"picked":"Runic Dome"},{"not_picked":["Cursed Key","Snecko Heart"],"picked":"Snecko Eye"}],"items_purged_floors":[3,13,13,13,13,24,30,30,30,30,30,38,38,45,45,45,45,45,45,45,45],"is_endless":false,"potions_floor_spawned":[8,16,21,29,37,40],"ascension_level":20}}