{"host":"h5acbxt0wmjo1kpm","time":1609221473,"event":{"mods":["2.2 Compatiblity","Act Like it!","AlwaysNeverKeys","Aspiration","Bartender","BaseMod","Better Third Choice","Colored Map","Elementarium","Gensokyo","GifTheSpireLib","Hallownest","Marisa????????","Minty Spire (QoL Compilation)","Permanent Neow","Potionbrewer","Relic Filter","Replay The Spire","Robot Space Explorer","RumiaBox-????????","Shade Mod","Spicy Shops","StSLib","Strawberry Spire","The Blackbeard","The Dragon Tamer","The Forsaken","The Gatherer","The Problem Sleuth","The Servant 0.9.4","Wandering Minibosses","vexMod"],"gold_per_floor":[17,17,37,37,57,86,179,221,221,264,264,292,316,344,344,454,463,492,492,25,25,25,25,64,87,87,87,112,112,128,155,183,192,192,192,192],"floor_reached":35,"playtime":2563,"items_purged":["potionbrewer:PotionbrewerStrike"],"score":455,"play_id":"e654bf36-b856-4605-b3f0-1b0bc6c5d6b1","local_time":"20201228215753","is_ascension_mode":true,"campfire_choices":[{"data":"Chrysalis","floor":11.0,"key":"SMITH"},{"data":"potionbrewer:ChokingPowder","floor":15.0,"key":"SMITH"},{"data":"potionbrewer:ChemicalWeapons","floor":23.0,"key":"SMITH"},{"floor":29.0,"key":"REST"},{"data":"Elementarium:EarthblessedBlade","floor":34.0,"key":"SMITH"}],"circlet_count":0,"master_deck":["AscendersBane","potionbrewer:PotionbrewerStrike","potionbrewer:PotionbrewerStrike","potionbrewer:PotionbrewerStrike","potionbrewer:PotionbrewerDefend","potionbrewer:PotionbrewerDefend","potionbrewer:PotionbrewerDefend","potionbrewer:PotionbrewerDefend","potionbrewer:Collect","potionbrewer:ChemicalSpill","Chrysalis+1","potionbrewer:Fuel","potionbrewer:Fuel","potionbrewer:ExothermicReaction","potionbrewer:IronHeart","potionbrewer:Brandish","potionbrewer:OneTwoPunch","potionbrewer:BrokenBeakers","potionbrewer:ChokingPowder+1","potionbrewer:Prototype","potionbrewer:ChemicalWeapons","potionbrewer:Toxicity","potionbrewer:Catalyze","CurseOfTheBell","potionbrewer:ChemicalWeapons+1","potionbrewer:Prototype","potionbrewer:FuelCell+1","potionbrewer:CausticBarrier+1","potionbrewer:DigDeep+1","Elementarium:EarthblessedBlade+1"],"relics":["potionbrewer:PotionKit","ZombieArmy","CeramicFish","Lantern","ReplayTheSpireMod:TigerMarble","Calling Bell","Blood Vial","potionbrewer:MortarAndPestle","Durian","DollysMirror","Pantograph","strawberrySpire:KineticCharger","Toxic Egg 2","strawberrySpire:Treaders"],"acts_visited":["Gensokyo:Gensokyo","Elementarium:Elementarium"],"potions_floor_usage":[35,35],"damage_taken":[{"damage":0.0,"enemies":"Gensokyo:Python","floor":1.0,"turns":4.0},{"damage":3.0,"enemies":"Gensokyo:Gryphon","floor":3.0,"turns":4.0},{"damage":0.0,"enemies":"Gensokyo:2_Kodama","floor":5.0,"turns":7.0},{"damage":0.0,"enemies":"Gensokyo:Mamizou","floor":6.0,"turns":10.0},{"damage":10.0,"enemies":"Gensokyo:Cirno","floor":8.0,"turns":8.0},{"damage":10.0,"enemies":"Gensokyo:Aya","floor":10.0,"turns":4.0},{"damage":0.0,"enemies":"Gensokyo:Gryphon_and_Rabbit","floor":12.0,"turns":3.0},{"damage":0.0,"enemies":"Gensokyo:3_Kodama","floor":13.0,"turns":1.0},{"damage":0.0,"enemies":"Gensokyo:VengefulSpirit","floor":14.0,"turns":2.0},{"damage":7.0,"enemies":"Gensokyo:Reimu","floor":16.0,"turns":7.0},{"damage":37.0,"enemies":"Elementarium:2_ELEMENTALS","floor":18.0,"turns":5.0},{"damage":31.0,"enemies":"Elementarium:FIRE_NOBILITY","floor":24.0,"turns":7.0},{"damage":0.0,"enemies":"Elementarium:Cyclone","floor":30.0,"turns":3.0},{"damage":15.0,"enemies":"Elementarium:VOID_CORRUPTION_AND_ORB_OF_FIRE","floor":31.0,"turns":5.0},{"damage":5.0,"enemies":"Elementarium:RubyGolem","floor":32.0,"turns":4.0},{"damage":54,"enemies":"Elementarium:PHOENIXES","floor":35,"turns":7}],"seed_played":"5802210070177414443","potions_obtained":[{"floor":1.0,"key":"Languid Potion"},{"floor":5.0,"key":"Adrenaline Potion"},{"floor":8.0,"key":"PowerPotion"},{"floor":10.0,"key":"SpeedPotion"},{"floor":16.0,"key":"potionbrewer:DiscountPotion"},{"floor":30.0,"key":"potionbrewer:DiscountPotion"}],"is_trial":false,"path_per_floor":["M","?","M","$","M","E","?","E","T","E","R","M","M","M","R","B",null,"M","?","$","?","?","R","E","T","PTL","PTL","T","R","M","M","M","?","R","B"],"character_chosen":"POTIONBREWER","items_purchased":["DollysMirror","Pantograph"],"campfire_rested":1,"item_purchase_floors":[20,20],"current_hp_per_floor":[68,68,65,65,65,65,47,37,37,27,27,27,27,27,27,20,66,31,39,39,39,39,39,10,10,10,10,10,34,36,23,24,24,24,0,0],"gold":192,"neow_bonus":"RANDOM_COLORLESS_2","is_daily":false,"chose_seed":false,"campfire_upgraded":4,"win_rate":0.0,"timestamp":1609221473,"path_taken":["M","?","?","$","M","E","?","E","T","E","R","M","?","M","R","BOSS","M","?","$","?","?","R","E","?","PTL","PTL","T","R","?","M","M","?","R","BOSS"],"items_purchased_type":["Relic","Relic"],"build_version":"2020-12-22","purchased_purges":1,"victory":false,"max_hp_per_floor":[75,75,75,75,75,75,75,75,75,75,75,75,75,75,75,75,80,80,88,88,80,80,80,80,80,80,80,80,80,80,80,80,80,80,80,80],"card_choices":[{"not_picked":["Mayhem","Secret Technique"],"picked":"Chrysalis","floor":0.0},{"not_picked":["potionbrewer:FortifiedSerum","potionbrewer:Shovel"],"picked":"potionbrewer:Fuel","floor":1.0},{"not_picked":["potionbrewer:TimeBomb","potionbrewer:IronFist"],"picked":"potionbrewer:Fuel","floor":3.0},{"not_picked":["potionbrewer:IronFist","potionbrewer:Shovel","potionbrewer:BlindingSpray"],"picked":"SKIP","floor":5.0},{"not_picked":["potionbrewer:Smokescreen","potionbrewer:UnstableFormula"],"picked":"potionbrewer:ExothermicReaction","floor":6.0},{"not_picked":["potionbrewer:TestFormula","potionbrewer:PortableLab"],"picked":"potionbrewer:IronHeart","floor":7.0},{"not_picked":["potionbrewer:ChemicalRage","potionbrewer:CausticBarrier"],"picked":"potionbrewer:Brandish","floor":7.0},{"not_picked":["potionbrewer:LeftoverSpecimen","potionbrewer:Refill"],"picked":"potionbrewer:OneTwoPunch","floor":7.0},{"not_picked":["potionbrewer:Biohazard","potionbrewer:ChemicalShroud"],"picked":"potionbrewer:BrokenBeakers","floor":8.0},{"not_picked":["potionbrewer:EmptyBottle","potionbrewer:TestSubject"],"picked":"potionbrewer:ChokingPowder","floor":10.0},{"not_picked":["potionbrewer:LeftoverSpecimen","potionbrewer:UnstableFormula","potionbrewer:IronFist"],"picked":"potionbrewer:Prototype","floor":12.0},{"not_picked":["potionbrewer:ExplosiveReaction","potionbrewer:FortifiedSerum"],"picked":"potionbrewer:ChemicalWeapons","floor":13.0},{"not_picked":["potionbrewer:OneTwoPunch","potionbrewer:VolatileSolution"],"picked":"potionbrewer:Toxicity","floor":14.0},{"not_picked":["potionbrewer:HazardousWaste","potionbrewer:AlchemistForm"],"picked":"potionbrewer:Catalyze","floor":16.0},{"not_picked":["potionbrewer:HazardousMaterials+1","potionbrewer:IronHeart"],"picked":"potionbrewer:ChemicalWeapons","floor":18.0},{"not_picked":["potionbrewer:CausticBarrier+1","potionbrewer:TheFinalStraw"],"picked":"potionbrewer:FuelCell+1","floor":24.0},{"not_picked":["potionbrewer:ChokingPowder+1","potionbrewer:TestFormula+1","potionbrewer:UnstableFormula"],"picked":"SKIP","floor":30.0},{"not_picked":["potionbrewer:Toxicity+1","potionbrewer:BlindingSpray"],"picked":"potionbrewer:CausticBarrier+1","floor":31.0},{"not_picked":["potionbrewer:Refill+1","potionbrewer:Smack+1"],"picked":"potionbrewer:DigDeep+1","floor":32.0}],"player_experience":1974388,"relics_obtained":[{"floor":6.0,"key":"ZombieArmy"},{"floor":8.0,"key":"CeramicFish"},{"floor":9.0,"key":"Lantern"},{"floor":10.0,"key":"ReplayTheSpireMod:TigerMarble"},{"floor":17.0,"key":"Blood Vial"},{"floor":17.0,"key":"potionbrewer:MortarAndPestle"},{"floor":17.0,"key":"Durian"},{"floor":24.0,"key":"Toxic Egg 2"},{"floor":28.0,"key":"strawberrySpire:Treaders"}],"event_choices":[{"damage_healed":0.0,"max_hp_gain":8.0,"max_hp_loss":0.0,"gold_gain":0.0,"event_name":"Elementarium:SculptureGarden","player_choice":"Graft","floor":19.0,"gold_loss":0.0,"damage_taken":0.0},{"damage_healed":0.0,"max_hp_gain":0.0,"max_hp_loss":8.0,"gold_gain":0.0,"event_name":"Elementarium:ShatteredPortal","player_choice":"Essence","floor":21.0,"gold_loss":0.0,"damage_taken":0.0,"relics_obtained":["strawberrySpire:KineticCharger"]},{"damage_healed":0.0,"max_hp_gain":0.0,"max_hp_loss":0.0,"gold_gain":0.0,"event_name":"Elementarium:BladeSeller","player_choice":"Take","floor":33.0,"gold_loss":0.0,"damage_taken":0.0,"cards_obtained":["Elementarium:EarthblessedBlade"]}],"is_beta":false,"boss_relics":[{"not_picked":["Velvet Choker","Ring of Chaos"],"picked":"Calling Bell"}],"items_purged_floors":[20],"is_endless":false,"potions_floor_spawned":[1,5,8,10,16,30],"killed_by":"Elementarium:PHOENIXES","ascension_level":10}}