{"host":"ba8fi0vd2808q8ml","time":1609238554,"event":{"mods":["2.2 Compatiblity","AchievementEnabler","Astrologer","BaseMod","CapriCore","Hermit","Lobotomy","Marisa£¨Ùöéë¡¡Øª×âÞÞ£©","Minty Spire (QoL Compilation)","StSLib","SuperFastMode","Td1madao Mod","The Bug Knight","The Cursed","The Immortal"],"gold_per_floor":[109,127,202,202,127,127,139,59,59,59,77,77,77,92,92,188,188,198,208,218,218,218,218],"floor_reached":21,"playtime":787,"items_purged":["MokouMod:Defend"],"score":171,"play_id":"babe387c-2bd1-484f-a005-34256c3762b1","local_time":"20201229194234","is_ascension_mode":false,"campfire_choices":[{"data":"MokouMod:Refresh","floor":6,"key":"SMITH"},{"floor":12,"key":"REST"},{"data":"MokouMod:IgnitionBlast","floor":15,"key":"SMITH"}],"circlet_count":0,"master_deck":["MokouMod:Strike","MokouMod:Strike","MokouMod:Strike","MokouMod:Defend","MokouMod:Defend","MokouMod:Defend","MokouMod:HeatSpark","MokouMod:Refresh+1","MokouMod:Firecracker","MokouMod:IgnitionBlast+1","MokouMod:Fireball","MokouMod:Ember","MokouMod:Ventilation","MokouMod:IgnitionBarrier","MokouMod:IndiscriminateIgnition","MokouMod:BurningDraft"],"relics":["MokouMod:PhoenixFeather","Bag of Preparation","Pantograph","Black Star"],"acts_visited":["Exordium","TheCity"],"potions_floor_usage":[11,16,16],"damage_taken":[{"damage":7,"enemies":"Small Slimes","floor":1,"turns":3},{"damage":1,"enemies":"Jaw Worm","floor":2,"turns":4},{"damage":0,"enemies":"2 Louse","floor":7,"turns":2},{"damage":4,"enemies":"Gremlin Gang","floor":11,"turns":2},{"damage":0,"enemies":"Exordium Thugs","floor":14,"turns":2},{"damage":6,"enemies":"Slime Boss","floor":16,"turns":10},{"damage":25,"enemies":"2 Thieves","floor":18,"turns":4},{"damage":11,"enemies":"Chosen","floor":19,"turns":6},{"damage":25,"enemies":"Shelled Parasite and Fungi","floor":20,"turns":6},{"damage":0,"enemies":"Cultist and Chosen","floor":21,"turns":1}],"seed_played":"-2647096646663486428","potions_obtained":[{"floor":1,"key":"Dexterity Potion"},{"floor":2,"key":"DistilledChaos"},{"floor":7,"key":"Explosive Potion"},{"floor":14,"key":"PowerPotion"},{"floor":19,"key":"SneckoOil"}],"is_trial":false,"path_per_floor":["M","M","?","?","$","R","M","$","T","$","M","R","?","M","R","B",null,"M","M","M","M"],"character_chosen":"MKU","items_purchased":["MokouMod:IgnitionBlast"],"campfire_rested":1,"item_purchase_floors":[8],"current_hp_per_floor":[68,67,56,49,49,49,49,49,49,49,45,67,67,67,67,69,75,50,39,14,14,14,14],"gold":218,"neow_bonus":"RANDOM_COMMON_RELIC","is_daily":false,"chose_seed":false,"campfire_upgraded":2,"win_rate":0.0,"timestamp":1609238554,"path_taken":["M","M","?","?","$","R","M","$","T","?","M","R","?","M","R","BOSS","M","?","?","M"],"items_purchased_type":["Card"],"build_version":"2020-12-22","purchased_purges":1,"victory":false,"max_hp_per_floor":[75,75,75,75,75,75,75,75,75,75,75,75,75,75,75,75,75,75,75,75,75,75,75],"card_choices":[{"not_picked":["MokouMod:ImperishableFlame","MokouMod:BurningDraft"],"picked":"MokouMod:Refresh","floor":1},{"not_picked":["MokouMod:BurningDraft","MokouMod:BlazingComet"],"picked":"MokouMod:Firecracker","floor":2},{"not_picked":["MokouMod:UncontrollableSolarReaction","MokouMod:FujiyamaVolcano","MokouMod:ThermalPressure"],"picked":"SKIP","floor":7},{"not_picked":["MokouMod:FusionFlare","MokouMod:FlickeringFlame"],"picked":"MokouMod:Fireball","floor":11},{"not_picked":["MokouMod:BlazingComet","MokouMod:HeatCyclone"],"picked":"MokouMod:Ember","floor":14},{"not_picked":["MokouMod:ExplosiveFlame","MokouMod:RadiantBlade"],"picked":"MokouMod:Ventilation","floor":16},{"not_picked":["MokouMod:Ember","MokouMod:FujiyamaVolcano"],"picked":"MokouMod:IgnitionBarrier","floor":18},{"not_picked":["MokouMod:Firecracker","MokouMod:InfernalWave"],"picked":"MokouMod:IndiscriminateIgnition","floor":19},{"not_picked":["MokouMod:InfernalWave","MokouMod:SearingShot+1"],"picked":"MokouMod:BurningDraft","floor":20}],"player_experience":71586,"relics_obtained":[{"floor":9,"key":"Pantograph"}],"event_choices":[{"damage_healed":0,"gold_gain":75,"player_choice":"Gather Gold","damage_taken":11,"max_hp_gain":0,"max_hp_loss":0,"event_name":"World of Goop","floor":3,"gold_loss":0},{"cards_removed":["MokouMod:Strike"],"damage_healed":0,"gold_gain":0,"player_choice":"Card Removal","damage_taken":7,"max_hp_gain":0,"max_hp_loss":0,"event_name":"Golden Wing","floor":4,"gold_loss":0},{"cards_removed":["MokouMod:Strike"],"damage_healed":0,"gold_gain":0,"player_choice":"Purged","damage_taken":0,"max_hp_gain":0,"max_hp_loss":0,"event_name":"Purifier","floor":13,"gold_loss":0}],"is_beta":false,"boss_relics":[{"not_picked":["Velvet Choker","Ectoplasm"],"picked":"Black Star"}],"items_purged_floors":[5],"is_endless":false,"potions_floor_spawned":[1,2,7,14,19],"killed_by":"Cultist and Chosen","ascension_level":0}}