{"host":"u2grshebrc5rdzdn","time":1609201537,"event":{"mods":["AchievementEnabler","BaseMod","Minty Spire (QoL Compilation)","StSLib"],"gold_per_floor":[113,188,198,214,231,231,266,231,310,310,11,40,40,69,69,170,170,182,182,193,108,108,138,155,180,230,248,275,288,316,316,316,414,414,432,40,50,23,0,0,29,9,86,98,98,98,109,128,128,128],"floor_reached":51,"playtime":3024,"items_purged":["Defend_P"],"score":1016,"play_id":"9ae06782-13b0-406a-8903-16dbd534d983","local_time":"20201229012537","is_ascension_mode":true,"campfire_choices":[{"floor":6.0,"key":"REST"},{"data":"BowlingBash","floor":10.0,"key":"SMITH"},{"data":"Eruption","floor":13.0,"key":"SMITH"},{"data":"Fasting2","floor":15.0,"key":"SMITH"},{"data":"Scrawl","floor":32,"key":"SMITH"},{"data":"FollowUp","floor":40,"key":"SMITH"},{"floor":45,"key":"REST"},{"floor":49,"key":"REST"}],"circlet_count":0,"master_deck":["Strike_P","Strike_P","Strike_P","Strike_P","Defend_P","Defend_P","Defend_P","Eruption+1","Vigilance","BowlingBash+1","SashWhip","Scrawl+1","EmptyFist","Fasting2+1","Vengeance+1","CarveReality","ThirdEye+1","FollowUp+1","Indignation","CrushJoints","FlyingSleeves+1","FollowUp+1","FearNoEvil","FollowUp","Dramatic Entrance","CarveReality+1","FlurryOfBlows"],"relics":["Runic Dome","Pocketwatch","Meat on the Bone","Frozen Eye","Oddly Smooth Stone","Du-Vu Doll","Runic Pyramid","Yang","HornCleat","Vajra","Dream Catcher","Centennial Puzzle","MealTicket","MutagenicStrength","Busted Crown","Membership Card","Ancient Tea Set","Pear","Red Mask","Potion Belt","Letter Opener"],"acts_visited":["Exordium","TheCity","TheBeyond"],"potions_floor_usage":[28,47,50,50,50],"damage_taken":[{"damage":3.0,"enemies":"2 Louse","floor":1.0,"turns":4.0},{"damage":2.0,"enemies":"Jaw Worm","floor":3.0,"turns":2.0},{"damage":0.0,"enemies":"Cultist","floor":4.0,"turns":4.0},{"damage":42.0,"enemies":"Large Slime","floor":5.0,"turns":6.0},{"damage":12.0,"enemies":"3 Sentries","floor":7.0,"turns":6.0},{"damage":0.0,"enemies":"Gremlin Nob","floor":12.0,"turns":2.0},{"damage":2.0,"enemies":"3 Sentries","floor":14.0,"turns":4.0},{"damage":21.0,"enemies":"The Guardian","floor":16.0,"turns":8.0},{"damage":3.0,"enemies":"Shell Parasite","floor":18.0,"turns":3.0},{"damage":25.0,"enemies":"2 Thieves","floor":20.0,"turns":3.0},{"damage":35.0,"enemies":"Slavers","floor":23.0,"turns":3.0},{"damage":8.0,"enemies":"Cultist and Chosen","floor":24.0,"turns":5.0},{"damage":10.0,"enemies":"Book of Stabbing","floor":25.0,"turns":4.0},{"damage":0.0,"enemies":"Centurion and Healer","floor":27.0,"turns":3.0},{"damage":0,"enemies":"Slavers","floor":28,"turns":1},{"damage":24,"enemies":"Chosen and Byrds","floor":29,"turns":2},{"damage":6,"enemies":"Gremlin Leader","floor":30,"turns":2},{"damage":33,"enemies":"Collector","floor":33,"turns":4},{"damage":32,"enemies":"3 Darklings","floor":35,"turns":4},{"damage":13,"enemies":"Orb Walker","floor":37,"turns":2},{"damage":20,"enemies":"Nemesis","floor":41,"turns":3},{"damage":16,"enemies":"Writhing Mass","floor":44,"turns":3},{"damage":40,"enemies":"Maw","floor":47,"turns":6},{"damage":0,"enemies":"Sphere and 2 Shapes","floor":48,"turns":3},{"damage":16,"enemies":"Donu and Deca","floor":50,"turns":4}],"seed_played":"-3942954935931131237","potions_obtained":[{"floor":3.0,"key":"Fire Potion"},{"floor":7.0,"key":"Ambrosia"},{"floor":14.0,"key":"Strength Potion"},{"floor":23.0,"key":"SkillPotion"},{"floor":24.0,"key":"Ambrosia"},{"floor":25.0,"key":"DuplicationPotion"},{"floor":30,"key":"EssenceOfSteel"},{"floor":33,"key":"Block Potion"},{"floor":35,"key":"StancePotion"},{"floor":44,"key":"Weak Potion"}],"is_trial":false,"path_per_floor":["M","?","M","M","M","R","E","?","T","R","$","E","R","E","R","B",null,"M","?","M","?","?","E","M","E","T","M","E","M","E","?","R","B",null,"M","$","M","$","?","R","E","$","T","M","R","?","M","M","R","B",null],"character_chosen":"WATCHER","items_purchased":["Scrawl","Frozen Eye","Membership Card","Ancient Tea Set","DuplicationPotion","Pear","FollowUp","FearNoEvil"],"campfire_rested":3,"item_purchase_floors":[11,11,36,36,36,36,38,42],"current_hp_per_floor":[69,58,56,56,14,35,23,41,41,41,41,41,41,39,39,30,62,59,82,57,57,82,47,51,53,53,53,53,41,47,47,47,26,68,48,73,60,75,75,75,55,70,70,54,81,81,53,53,80,64],"gold":128,"neow_bonus":"BOSS_RELIC","is_daily":false,"chose_seed":false,"campfire_upgraded":5,"win_rate":0.0,"timestamp":1609201537,"path_taken":["M","?","M","M","M","R","E","?","T","R","$","E","R","E","R","BOSS","M","?","?","?","?","E","M","E","T","M","E","M","E","?","R","BOSS","M","$","M","$","?","R","E","$","T","M","R","?","M","M","R","BOSS"],"items_purchased_type":["Card","Relic","Relic","Relic","Potion","Relic","Card","Card"],"build_version":"2020-12-22","purchased_purges":1,"victory":true,"max_hp_per_floor":[72,72,72,72,72,72,72,72,72,72,72,72,72,72,72,72,72,72,82,82,82,82,82,82,82,82,82,82,82,82,82,82,82,82,82,92,92,92,92,92,92,92,92,92,92,92,92,92,92,92],"card_choices":[{"not_picked":["PathToVictory","Swivel","ClearTheMind"],"picked":"SKIP","floor":1.0},{"not_picked":["Prostrate","Perseverance","Swivel"],"picked":"SKIP","floor":3.0},{"not_picked":["EmptyBody","Evaluate"],"picked":"BowlingBash","floor":4.0},{"not_picked":["SignatureMove","CutThroughFate"],"picked":"SashWhip","floor":5.0},{"not_picked":["Halt","SignatureMove","PathToVictory"],"picked":"SKIP","floor":7.0},{"not_picked":["BowlingBash","Wish"],"picked":"EmptyFist","floor":12.0},{"not_picked":["Evaluate","CarveReality"],"picked":"Fasting2","floor":14.0},{"not_picked":["MasterReality","Establishment"],"picked":"ConjureBlade","floor":16.0},{"not_picked":["SashWhip+1","JustLucky"],"picked":"Vengeance+1","floor":18.0},{"not_picked":["Evaluate","BowlingBash"],"picked":"CarveReality","floor":20.0},{"not_picked":["Devotion","ClearTheMind"],"picked":"ThirdEye+1","floor":23.0},{"not_picked":["EmptyBody","PathToVictory+1","CrushJoints"],"picked":"SKIP","floor":24.0},{"not_picked":["Swivel","LessonLearned"],"picked":"FollowUp+1","floor":25.0},{"not_picked":["WreathOfFlame","Crescendo","Weave"],"picked":"SKIP","floor":27.0},{"not_picked":["FlurryOfBlows+1","Wallop+1"],"picked":"Indignation","floor":28},{"not_picked":["JustLucky","Halt","Evaluate"],"picked":"SKIP","floor":29},{"not_picked":["ClearTheMind","Weave"],"picked":"CrushJoints","floor":30},{"not_picked":["CrushJoints"],"picked":"SKIP","floor":35},{"not_picked":[],"picked":"FlyingSleeves+1","floor":37},{"not_picked":["ThirdEye+1"],"picked":"SKIP","floor":41},{"not_picked":["WreathOfFlame+1"],"picked":"SKIP","floor":44},{"not_picked":[],"picked":"FollowUp","floor":45},{"not_picked":[],"picked":"Dramatic Entrance","floor":46},{"not_picked":[],"picked":"CarveReality+1","floor":47},{"not_picked":[],"picked":"FlurryOfBlows","floor":48}],"player_experience":417804,"relics_obtained":[{"floor":7.0,"key":"Pocketwatch"},{"floor":9.0,"key":"Meat on the Bone"},{"floor":12.0,"key":"Oddly Smooth Stone"},{"floor":14.0,"key":"Du-Vu Doll"},{"floor":23.0,"key":"HornCleat"},{"floor":25.0,"key":"Vajra"},{"floor":26.0,"key":"Dream Catcher"},{"floor":28,"key":"Centennial Puzzle"},{"floor":30,"key":"MealTicket"},{"floor":41,"key":"Potion Belt"},{"floor":43,"key":"Letter Opener"}],"event_choices":[{"damage_healed":0.0,"max_hp_gain":0.0,"max_hp_loss":0.0,"gold_gain":75.0,"event_name":"World of Goop","player_choice":"Gather Gold","floor":2.0,"gold_loss":0.0,"damage_taken":11.0},{"damage_healed":18.0,"max_hp_gain":0.0,"max_hp_loss":0.0,"gold_gain":0.0,"event_name":"The Cleric","player_choice":"Healed","floor":8.0,"gold_loss":35.0,"damage_taken":0.0},{"cards_removed":["ConjureBlade"],"damage_healed":13.0,"max_hp_gain":10.0,"max_hp_loss":0.0,"gold_gain":0.0,"event_name":"Bonfire Elementals","player_choice":"Offered Rare","floor":19.0,"gold_loss":0.0,"damage_taken":0.0},{"damage_healed":0.0,"max_hp_gain":0.0,"max_hp_loss":0.0,"gold_gain":0.0,"event_name":"Addict","player_choice":"Obtained Relic","floor":21.0,"gold_loss":85.0,"damage_taken":0.0,"relics_obtained":["Yang"]},{"damage_healed":27.0,"max_hp_gain":0.0,"max_hp_loss":0.0,"gold_gain":0.0,"event_name":"The Library","player_choice":"Heal","floor":22.0,"gold_loss":0.0,"damage_taken":0.0},{"damage_healed":0,"gold_gain":0,"player_choice":"Inject Mutagens","damage_taken":0,"relics_obtained":["MutagenicStrength"],"max_hp_gain":0,"max_hp_loss":0,"event_name":"Drug Dealer","floor":31,"gold_loss":0},{"damage_healed":0,"gold_gain":0,"player_choice":"Paid","damage_taken":0,"relics_obtained":["Red Mask"],"max_hp_gain":0,"max_hp_loss":0,"event_name":"Tomb of Lord Red Mask","floor":39,"gold_loss":23},{"damage_healed":0,"gold_gain":0,"player_choice":"Memory 1","damage_taken":0,"max_hp_gain":0,"max_hp_loss":0,"event_name":"SensoryStone","floor":46,"gold_loss":0}],"is_beta":false,"boss_relics":[{"not_picked":["Tiny House","Snecko Eye"],"picked":"Runic Pyramid"},{"not_picked":["Calling Bell","Cursed Key"],"picked":"Busted Crown"}],"items_purged_floors":[11],"is_endless":false,"potions_floor_spawned":[3,7,14,23,24,25,30,33,35,44],"ascension_level":5}}