{"host":"mtg945c5jssv10ty","time":1609275555,"event":{"mods":["BaseMod","Downfall","Minty Spire (QoL Compilation)","StSLib","SuperFastMode"],"gold_per_floor":[99,99,274,274,334,284,359,209,238,269,296,135,85,70,85,189,189,139,152,152,167,185,219,291,307,637,61,61,11,43,143,157,260,260,210,223,241,241,291,141,141,141,152,163,38,52,2,35,35,35],"floor_reached":51,"playtime":1672,"items_purged":["Doubt","Slimebound:Strike_Slimebound","Parasite"],"score":802,"play_id":"de84c2fa-ecd4-4d2d-a657-df9c7f10c52c","local_time":"20201229155915","is_ascension_mode":false,"campfire_choices":[{"data":"Slimebound:Split","floor":1.0,"key":"SMITH"},{"data":"Slimebound:SplitSpecialist","floor":6.0,"key":"SMITH"},{"data":"Slimebound:CorrosiveSpit","floor":8.0,"key":"SMITH"},{"data":"Slimebound:SlimeBarrage","floor":13.0,"key":"SMITH"},{"data":"Slimebound:TagTeam","floor":18.0,"key":"SMITH"},{"data":"Apotheosis","floor":29,"key":"SMITH"},{"floor":35,"key":"RECALL"},{"data":"Slimebound:FirmFortitude","floor":40,"key":"SMITH"},{"data":"Slimebound:Replication","floor":47,"key":"SMITH"},{"data":"Slimebound:TagTeam","floor":49,"key":"SMITH"}],"circlet_count":0,"master_deck":["Slimebound:Tackle","Slimebound:Defend_Slimebound","Slimebound:Defend_Slimebound","Slimebound:Split+1","Slimebound:CorrosiveSpit+1","Slimebound:SplitSpecialist+1","Slimebound:LivingWall","Slimebound:SlimeBarrage+1","Slimebound:SplitBruiser","Slimebound:OneTwoCombo","Slimebound:Repurpose","Slimebound:LeadByExample","Slimebound:Prepare","Slimebound:PressTheAttack","Slimebound:TagTeam+1","Slimebound:SplitMire+1","Slimebound:LevelUp+1","Slimebound:ServeAndProtect","Slimebound:OneTwoCombo","Slimebound:OneTwoCombo","Apotheosis+1","Slimebound:TagTeam+1","Slimebound:Replication+1","Slimebound:Replication","Slimebound:FirmFortitude+1","Slimebound:DouseInSlime"],"relics":["Slimebound:AbsorbEndCombat","downfall:HeartsMalice","Slimebound:GreedOozeRelic","WingedGreaves","downfall:HeartBlessingBlue","Gremlin Horn","Lantern","Regal Pillow","Empty Cage","NlothsMask","Mango","DollysMirror","Slimebound:MaxSlimesRelic","Ginger","MutagenicStrength","Runic Dome","Ice Cream","downfall:HeartBlessingRed","Blood Vial"],"acts_visited":["Exordium","TheCity","TheBeyond"],"potions_floor_usage":[],"damage_taken":[{"damage":0.0,"enemies":"Jaw Worm","floor":2.0,"turns":1.0},{"damage":0.0,"enemies":"3 Sentries","floor":5.0,"turns":1.0},{"damage":0.0,"enemies":"3 Sentries","floor":9.0,"turns":1.0},{"damage":7.0,"enemies":"Gremlin Nob","floor":10.0,"turns":3.0},{"damage":9.0,"enemies":"Lagavulin","floor":11.0,"turns":4.0},{"damage":5.0,"enemies":"downfall:FleeingMerchant","floor":12.0,"turns":4.0},{"damage":0.0,"enemies":"downfall:FleeingMerchant","floor":14.0,"turns":4.0},{"damage":0.0,"enemies":"Small Slimes","floor":15.0,"turns":1.0},{"damage":36.0,"enemies":"downfall:Silent","floor":16.0,"turns":4.0},{"damage":4.0,"enemies":"Shell Parasite","floor":19.0,"turns":2.0},{"damage":6.0,"enemies":"Chosen","floor":21.0,"turns":2.0},{"damage":0.0,"enemies":"Sentry and Sphere","floor":22.0,"turns":2.0},{"damage":3.0,"enemies":"Gremlin Leader","floor":23.0,"turns":3.0},{"damage":0.0,"enemies":"Snecko","floor":25.0,"turns":3.0},{"damage":3.0,"enemies":"downfall:FleeingMerchant","floor":26.0,"turns":3.0},{"damage":19,"enemies":"Slavers","floor":30,"turns":2},{"damage":0,"enemies":"downfall:Augmenter","floor":31,"turns":2},{"damage":0,"enemies":"Shelled Parasite and Fungi","floor":32,"turns":1},{"damage":3,"enemies":"downfall:Defect","floor":33,"turns":3},{"damage":0,"enemies":"Orb Walker","floor":36,"turns":1},{"damage":0,"enemies":"3 Shapes","floor":37,"turns":1},{"damage":0,"enemies":"Mind Bloom Boss Battle","floor":39,"turns":2},{"damage":0,"enemies":"3 Darklings","floor":43,"turns":2},{"damage":0,"enemies":"Writhing Mass","floor":44,"turns":2},{"damage":0,"enemies":"Transient","floor":46,"turns":5},{"damage":5,"enemies":"Giant Head","floor":48,"turns":3},{"damage":8,"enemies":"downfall:Watcher","floor":50,"turns":5}],"seed_played":"1785696060981307395","potions_obtained":[{"floor":5.0,"key":"Dexterity Potion"},{"floor":9.0,"key":"FairyPotion"},{"floor":11.0,"key":"bronze:BurnAndBuffPotion"},{"floor":15.0,"key":"Explosive Potion"}],"is_trial":false,"path_per_floor":["R","M","?","?","?","R","T","R","E","E","E","$","R","$","M","B",null,"R","M","?","M","M","E","T","M","$","$","?","R","E","?","M","B",null,"R","M","M","?","?","R","T","?","M","M","$","M","R","E","R","B",null],"character_chosen":"SLIMEBOUND","items_purchased":["Slimebound:LeadByExample","Slimebound:OneTwoCombo","DollysMirror","Apotheosis"],"campfire_rested":0,"item_purchase_floors":[12,27,27,27],"current_hp_per_floor":[65,65,65,65,65,65,65,75,75,69,64,60,60,62,62,27,75,75,71,71,65,65,77,77,79,78,78,78,78,59,59,59,57,89,89,89,89,89,89,89,89,89,89,89,86,86,86,81,81,79],"gold":35,"neow_bonus":"THREE_ENEMY_KILL","is_daily":false,"chose_seed":false,"campfire_upgraded":9,"win_rate":0.0,"timestamp":1609275555,"path_taken":["R","M","?","?","?","R","T","R","E","E","E","$","R","$","M","BOSS","R","M","?","M","M","E","T","?","?","$","?","R","E","?","M","BOSS","R","M","M","?","?","R","T","?","M","?","$","M","R","E","R","BOSS"],"items_purchased_type":["Card","Card","Relic","Card"],"build_version":"2020-12-22","purchased_purges":3,"victory":true,"max_hp_per_floor":[65,65,65,65,65,65,65,75,75,75,75,75,75,75,75,75,75,75,75,75,75,75,89,89,89,89,89,89,89,89,89,89,89,89,89,89,89,89,89,89,89,89,89,89,86,86,86,86,86,86],"card_choices":[{"not_picked":["Slimebound:Prepare","Slimebound:ItLooksTasty"],"picked":"Slimebound:SplitSpecialist","floor":2.0},{"not_picked":["Slimebound:SplitMire","Slimebound:RollThrough"],"picked":"Slimebound:LivingWall","floor":5.0},{"not_picked":["Slimebound:SplitMire","Slimebound:LeechingTouch"],"picked":"Slimebound:SlimeBarrage","floor":9.0},{"not_picked":["Slimebound:Recollect","Slimebound:SplitAcid"],"picked":"Slimebound:SplitBruiser","floor":10.0},{"not_picked":["Slimebound:FinishingTackle","Slimebound:SplitBruiser"],"picked":"Slimebound:OneTwoCombo","floor":11.0},{"not_picked":["Slimebound:SlimeBarrage","Slimebound:SplitAcid"],"picked":"Slimebound:Repurpose","floor":12.0},{"not_picked":["Slimebound:LivingWall","Slimebound:HauntingLick"],"picked":"Slimebound:Prepare","floor":14.0},{"not_picked":["Slimebound:GrowthPunch","Slimebound:GoopSpray"],"picked":"Slimebound:PressTheAttack","floor":15.0},{"not_picked":["Slimebound:DuplicatedForm","Slimebound:SlimeSlap"],"picked":"Slimebound:TagTeam","floor":16.0},{"not_picked":["Slimebound:SamplingLick","Slimebound:Schlurp"],"picked":"Slimebound:SplitMire+1","floor":19.0},{"not_picked":["Slimebound:FinishingTackle+1","Slimebound:CheckThePlaybook"],"picked":"Slimebound:LevelUp+1","floor":21.0},{"not_picked":["Slimebound:LeechingTouch+1","Slimebound:SlimeBarrage","Slimebound:AcidTongue"],"picked":"SKIP","floor":22.0},{"not_picked":["Slimebound:LivingWall","Slimebound:FormOfPuddle"],"picked":"Slimebound:ServeAndProtect","floor":23.0},{"not_picked":["Slimebound:GrowthPunch","Slimebound:SlimeSpikes","Slimebound:RejuvenatingLick"],"picked":"SKIP","floor":25.0},{"not_picked":["Slimebound:PressTheAttack","Slimebound:DisruptingSlam+1","Slimebound:GoopSpray"],"picked":"SKIP","floor":30},{"not_picked":["Slimebound:Equalize","Slimebound:PressTheAttack"],"picked":"Slimebound:Replication","floor":31},{"not_picked":["Slimebound:SplitBruiser","Slimebound:GoopTackle+1","Slimebound:ServeAndProtect"],"picked":"SKIP","floor":32},{"not_picked":["Slimebound:DouseInSlime","Slimebound:CheckThePlaybook"],"picked":"Slimebound:FirmFortitude","floor":33},{"not_picked":["Slimebound:SamplingLick","Slimebound:SplitLeeching","Slimebound:SlimeSpikes"],"picked":"SKIP","floor":36},{"not_picked":["Slimebound:ServeAndProtect+1","Slimebound:Schlurp","Slimebound:PressTheAttack+1"],"picked":"SKIP","floor":37},{"not_picked":["Slimebound:LivingWall+1","Slimebound:DivideAndConquer","Slimebound:Nibble"],"picked":"SKIP","floor":43},{"not_picked":["Slimebound:CheckThePlaybook","Slimebound:Schlurp","Slimebound:SamplingLick+1"],"picked":"SKIP","floor":44},{"not_picked":["Slimebound:RollThrough","Slimebound:SplitBruiser","Slimebound:DivideAndConquer"],"picked":"SKIP","floor":46},{"not_picked":["Slimebound:CheckThePlaybook","Slimebound:Schlurp+1","Slimebound:FinishingTackle+1"],"picked":"SKIP","floor":48}],"player_experience":163766,"relics_obtained":[{"floor":5.0,"key":"WingedGreaves"},{"floor":9.0,"key":"Gremlin Horn"},{"floor":10.0,"key":"Lantern"},{"floor":11.0,"key":"Regal Pillow"},{"floor":23.0,"key":"Mango"},{"floor":30,"key":"Ginger"},{"floor":31,"key":"MutagenicStrength"},{"floor":39,"key":"Ice Cream"},{"floor":41,"key":"Ornamental Fan"},{"floor":48,"key":"Blood Vial"}],"event_choices":[{"damage_healed":0.0,"max_hp_gain":0.0,"max_hp_loss":0.0,"gold_gain":0.0,"event_name":"FaceTrader","player_choice":"Trade","floor":20.0,"gold_loss":0.0,"damage_taken":0.0,"relics_obtained":["NlothsMask"]},{"damage_healed":0,"gold_gain":0,"player_choice":"Leave","damage_taken":0,"max_hp_gain":0,"max_hp_loss":0,"event_name":"FaceTrader","floor":26,"gold_loss":0}],"is_beta":false,"boss_relics":[{"not_picked":["Black Star","Philosopher\u0027s Stone"],"picked":"Empty Cage"},{"not_picked":["Calling Bell","SacredBark"],"picked":"Runic Dome"}],"items_purged_floors":[12,27,45],"is_endless":false,"potions_floor_spawned":[5,9,11,15,19,25,32,33,36,39,43],"ascension_level":0}}