{"host":"a5zr8hf2yymwt50u","time":1609251640,"event":{"mods":["BaseMod","Colored Map","Minty Spire (QoL Compilation)","StSLib","The Bug Knight"],"gold_per_floor":[115,115,125,144,144,144,177,177,177,187,200,275,292,311,311,311,311],"floor_reached":16,"playtime":862,"items_purged":[],"score":104,"play_id":"6e440d06-c761-4c29-aa74-64ae86467f83","local_time":"20201229232040","is_ascension_mode":false,"campfire_choices":[{"data":"HollowMod:FocusHealStart","floor":6.0,"key":"SMITH"},{"data":"HollowMod:ShadowDash","floor":15.0,"key":"SMITH"}],"circlet_count":0,"master_deck":["HollowMod:NailStrikeStart","HollowMod:NailStrikeStart","HollowMod:NailStrikeStart","HollowMod:QuickDashStart","HollowMod:QuickDashStart","HollowMod:QuickDashStart","HollowMod:QuickDashStart","HollowMod:FocusHealStart+1","HollowMod:PogoStrike","HollowMod:DescendingDark","HollowMod:VengefulVoid","HollowMod:LifebloodCocoon","HollowMod:SoulMaster","HollowMod:VengefulVoid","HollowMod:HuntersJournal","HollowMod:DashSlash","HollowMod:ShadowDash+1"],"relics":["HollowMod:VesselMask","NeowsBlessing","Meat on the Bone","Strawberry"],"acts_visited":["Exordium"],"potions_floor_usage":[16,16],"damage_taken":[{"damage":0.0,"enemies":"Small Slimes","floor":1.0,"turns":1.0},{"damage":0.0,"enemies":"Cultist","floor":3.0,"turns":1.0},{"damage":0.0,"enemies":"2 Louse","floor":4.0,"turns":1.0},{"damage":64.0,"enemies":"Lagavulin","floor":7.0,"turns":10.0},{"damage":31.0,"enemies":"Exordium Wildlife","floor":10.0,"turns":6.0},{"damage":10.0,"enemies":"3 Louse","floor":11.0,"turns":2.0},{"damage":0.0,"enemies":"Blue Slaver","floor":13.0,"turns":1.0},{"damage":11.0,"enemies":"Exordium Wildlife","floor":14.0,"turns":5.0},{"damage":60,"enemies":"HollowMod:FalseKnight","floor":16,"turns":6}],"seed_played":"-9065575390596756325","potions_obtained":[{"floor":7.0,"key":"SteroidPotion"},{"floor":10.0,"key":"BlessingOfTheForge"},{"floor":11.0,"key":"Fire Potion"},{"floor":13.0,"key":"DuplicationPotion"}],"is_trial":false,"path_per_floor":["M","?","M","M","?","R","E","T","T","M","M","?","M","M","R","B"],"character_chosen":"THE_BUGKNIGHT","items_purchased":[],"campfire_rested":0,"item_purchase_floors":[],"current_hp_per_floor":[75,75,75,75,75,75,23,30,30,23,25,14,32,39,39,0,0],"gold":311,"neow_bonus":"THREE_ENEMY_KILL","is_daily":false,"chose_seed":false,"campfire_upgraded":2,"win_rate":0.0,"timestamp":1609251640,"path_taken":["M","?","?","M","?","R","E","?","T","M","M","?","M","M","R","BOSS"],"items_purchased_type":[],"build_version":"2020-12-22","purchased_purges":0,"victory":false,"max_hp_per_floor":[75,75,75,75,75,75,75,82,82,82,82,82,82,82,82,82,82],"card_choices":[{"not_picked":["HollowMod:ShadowDash","HollowMod:BaldurShell"],"picked":"HollowMod:DescendingDark","floor":1.0},{"not_picked":["HollowMod:SoulSplash","HollowMod:CoiledNail"],"picked":"HollowMod:VengefulVoid","floor":3.0},{"not_picked":["HollowMod:HeavyBlow","HollowMod:DashSlash"],"picked":"HollowMod:LifebloodCocoon","floor":4.0},{"not_picked":["HollowMod:SoulStrike","HollowMod:NewLittleFool"],"picked":"HollowMod:SoulMaster","floor":7.0},{"not_picked":["HollowMod:SoulShaman","HollowMod:SiblingsSouls"],"picked":"HollowMod:VengefulVoid","floor":10.0},{"not_picked":["HollowMod:CornifersMapStart","HollowMod:CloakDash"],"picked":"HollowMod:HuntersJournal","floor":11.0},{"not_picked":["HollowMod:LifebloodCocoon","HollowMod:SoulStrike"],"picked":"HollowMod:DashSlash","floor":13.0},{"not_picked":["HollowMod:InfectedAttack","HollowMod:DoubleDash"],"picked":"HollowMod:ShadowDash","floor":14.0}],"player_experience":217945,"relics_obtained":[{"floor":7.0,"key":"Meat on the Bone"},{"floor":8.0,"key":"Strawberry"}],"event_choices":[{"cards_removed":["HollowMod:NailStrikeStart"],"damage_healed":0.0,"max_hp_gain":0.0,"max_hp_loss":0.0,"gold_gain":0.0,"event_name":"Bonfire Elementals","player_choice":"Offered Basic","floor":2.0,"gold_loss":0.0,"damage_taken":0.0},{"damage_healed":0.0,"max_hp_gain":0.0,"max_hp_loss":0.0,"gold_gain":0.0,"event_name":"Liars Game","player_choice":"Ignored","floor":5.0,"gold_loss":0.0,"damage_taken":0.0},{"damage_healed":0.0,"max_hp_gain":0.0,"max_hp_loss":0.0,"gold_gain":75.0,"event_name":"World of Goop","player_choice":"Gather Gold","floor":12.0,"gold_loss":0.0,"damage_taken":11.0}],"is_beta":false,"boss_relics":[],"items_purged_floors":[],"is_endless":false,"potions_floor_spawned":[7,10,11,13],"killed_by":"HollowMod:FalseKnight","ascension_level":0}}