{"host":"9blctju11f5snuyr","time":1609200427,"event":{"mods":["2.2 Compatiblity","AchievementEnabler","BaseMod","BetterRewards","Colored Map","Colored Powertips","Highlight Path","Minty Spire (QoL Compilation)","Quick Restart","Rare Cards Sparkle","Shop Mod","Spicy Shops","StSLib","Synergy Search"],"gold_per_floor":[119,57,57,57,72,72,106,106,133,144,144,144,169,69,69,146,146,158,158,158,158,158,158,170,199,199,214,232,232,243,5,5,5,5],"floor_reached":33,"playtime":779,"items_purged":["Injury","Injury"],"score":717,"play_id":"9ab9a39d-9d85-469a-b3b7-4e867994f05d","local_time":"20201228160707","is_ascension_mode":true,"campfire_choices":[{"data":"Burst","floor":6.0,"key":"SMITH"},{"data":"Poisoned Stab","floor":8.0,"key":"SMITH"},{"floor":15.0,"key":"REST"},{"floor":23.0,"key":"REST"},{"floor":29,"key":"REST"},{"floor":32,"key":"REST"}],"circlet_count":0,"master_deck":["AscendersBane","Strike_G","Strike_G","Strike_G","Strike_G","Strike_G","Defend_G","Defend_G","Defend_G","Defend_G","Defend_G","Survivor","Neutralize","Poisoned Stab+1","Catalyst+1","Bane","Prepared","Burst+1","Bane","Adrenaline","Backstab","Malaise"],"relics":["Ring of the Snake","TwistedFunnel","Orrery","Bronze Scales","Lee\u0027s Waffle","Tiny Chest","Blood Vial","Art of War","Centennial Puzzle","Boot","SlaversCollar","Strawberry","PreservedInsect","Meat on the Bone","Anchor","Membership Card","Chemical X"],"acts_visited":["Exordium","TheCity"],"potions_floor_usage":[27,33],"damage_taken":[{"damage":0.0,"enemies":"2 Louse","floor":1.0,"turns":1.0},{"damage":0.0,"enemies":"Cultist","floor":5.0,"turns":2.0},{"damage":7.0,"enemies":"Gremlin Nob","floor":7.0,"turns":3.0},{"damage":3.0,"enemies":"Small Slimes","floor":10.0,"turns":3.0},{"damage":22.0,"enemies":"Lagavulin","floor":13.0,"turns":5.0},{"damage":0.0,"enemies":"The Guardian","floor":16.0,"turns":4.0},{"damage":14.0,"enemies":"Shell Parasite","floor":18.0,"turns":3.0},{"damage":27.0,"enemies":"Spheric Guardian","floor":24.0,"turns":5.0},{"damage":16.0,"enemies":"Slavers","floor":25.0,"turns":3.0},{"damage":25,"enemies":"Snecko","floor":27,"turns":5},{"damage":20,"enemies":"Centurion and Healer","floor":28,"turns":5},{"damage":25,"enemies":"Shelled Parasite and Fungi","floor":30,"turns":3},{"damage":11,"enemies":"Automaton","floor":33,"turns":3}],"seed_played":"7098235666050194551","potions_obtained":[{"floor":5.0,"key":"Poison Potion"},{"floor":7.0,"key":"SteroidPotion"},{"floor":16.0,"key":"LiquidMemories"},{"floor":24.0,"key":"Swift Potion"},{"floor":25.0,"key":"SpeedPotion"},{"floor":28,"key":"AttackPotion"}],"is_trial":false,"path_per_floor":["M","$","?","$","M","R","E","R","T","M","?","T","E","$","R","B",null,"M","?","?","T","?","R","M","E","T","M","M","R","M","$","R","B"],"character_chosen":"THE_SILENT","items_purchased":["TwistedFunnel","Orrery","Bronze Scales","Burst","Lee\u0027s Waffle","Bane","Tiny Chest","Membership Card","Chemical X"],"campfire_rested":4,"item_purchase_floors":[0,0,0,0,0,0,2,31,31],"current_hp_per_floor":[73,73,73,73,73,73,66,66,66,65,65,65,45,45,66,68,72,59,38,38,45,45,70,45,31,31,20,14,39,28,28,53,44,44],"gold":5,"neow_bonus":"","is_daily":false,"chose_seed":false,"campfire_upgraded":2,"win_rate":0.0,"timestamp":1609200427,"path_taken":["M","$","?","$","?","R","E","R","T","M","?","?","E","?","R","BOSS","M","?","?","?","?","R","M","E","T","M","?","R","M","$","R","BOSS"],"items_purchased_type":["Relic","Relic","Relic","Card","Relic","Card","Relic","Relic","Relic"],"build_version":"2020-12-22","purchased_purges":2,"victory":false,"max_hp_per_floor":[73,73,73,73,73,73,73,73,73,73,73,73,73,73,73,73,73,73,78,78,85,85,85,85,85,85,85,85,85,85,85,85,85,85],"card_choices":[{"not_picked":["Expertise","Dodge and Roll"],"picked":"Poisoned Stab","floor":0.0},{"not_picked":["Flying Knee","Tactician"],"picked":"Catalyst","floor":0.0},{"not_picked":["Outmaneuver","Backflip"],"picked":"Bane","floor":0.0},{"not_picked":["Acrobatics","All Out Attack"],"picked":"Prepared","floor":0.0},{"not_picked":["Choke","Cloak And Dagger","Sucker Punch"],"picked":"SKIP","floor":1.0},{"not_picked":["Infinite Blades","Sucker Punch","Predator"],"picked":"SKIP","floor":5.0},{"not_picked":["Flechettes","Dagger Spray","Accuracy"],"picked":"SKIP","floor":7.0},{"not_picked":["Cloak And Dagger","Bouncing Flask","After Image"],"picked":"SKIP","floor":10.0},{"not_picked":["Setup","Sucker Punch","Concentrate"],"picked":"SKIP","floor":13.0},{"not_picked":["Tools of the Trade","Burst"],"picked":"Adrenaline","floor":16.0},{"not_picked":["PiercingWail","Quick Slash","Slice"],"picked":"SKIP","floor":18.0},{"not_picked":["Blade Dance","Dash"],"picked":"Backstab","floor":24.0},{"not_picked":["Slice","PiercingWail+1","Deflect"],"picked":"SKIP","floor":25.0},{"not_picked":["Dagger Spray","Slice","Choke"],"picked":"SKIP","floor":27},{"not_picked":["Dagger Spray","Dodge and Roll","Masterful Stab"],"picked":"SKIP","floor":28},{"not_picked":["Dodge and Roll","Infinite Blades"],"picked":"Malaise","floor":30}],"player_experience":189763,"relics_obtained":[{"floor":7.0,"key":"Blood Vial"},{"floor":9.0,"key":"Art of War"},{"floor":12.0,"key":"Centennial Puzzle"},{"floor":13.0,"key":"Boot"},{"floor":21.0,"key":"Strawberry"},{"floor":25.0,"key":"Meat on the Bone"},{"floor":26.0,"key":"Anchor"}],"event_choices":[{"damage_healed":0.0,"max_hp_gain":0.0,"max_hp_loss":0.0,"gold_gain":0.0,"event_name":"Accursed Blacksmith","player_choice":"Forge","floor":3.0,"gold_loss":0.0,"damage_taken":0.0,"cards_upgraded":["Catalyst"]},{"damage_healed":0.0,"max_hp_gain":0.0,"max_hp_loss":0.0,"gold_gain":0.0,"event_name":"Liars Game","player_choice":"Ignored","floor":11.0,"gold_loss":0.0,"damage_taken":0.0},{"damage_healed":0.0,"max_hp_gain":5.0,"max_hp_loss":0.0,"gold_gain":0.0,"event_name":"Forgotten Altar","player_choice":"Shed Blood","floor":19.0,"gold_loss":0.0,"damage_taken":26.0},{"damage_healed":0.0,"max_hp_gain":0.0,"max_hp_loss":0.0,"gold_gain":0.0,"event_name":"Match and Keep!","player_choice":"0 cards matched","floor":20.0,"gold_loss":0.0,"damage_taken":0.0,"cards_obtained":[]},{"damage_healed":0.0,"max_hp_gain":0.0,"max_hp_loss":0.0,"gold_gain":0.0,"event_name":"WeMeetAgain","player_choice":"Gave Potion","floor":22.0,"gold_loss":0.0,"damage_taken":0.0,"relics_obtained":["PreservedInsect"]}],"is_beta":false,"boss_relics":[{"not_picked":["Calling Bell","Cursed Key"],"picked":"SlaversCollar"}],"items_purged_floors":[0,14],"is_endless":false,"potions_floor_spawned":[5,7,16,24,25,28],"killed_by":"Automaton","ascension_level":20}}