{"host":"f4n39520dv0p5qms","time":1609234629,"event":{"mods":["AchievementEnabler","BaseMod","Colored Powertips","DeckTracker","Downfall","Infinite Spire","Minty Spire (QoL Compilation)","Replay The Spire","Shop Mod","StSLib","The Bug Knight","The Servant 0.9.4"],"gold_per_floor":[99,99,24,24,24,24,49,78,93,193,259,278,398,426,444,444,444,444],"floor_reached":16,"playtime":737,"items_purged":["champ:Strike"],"score":133,"play_id":"06c280cf-8676-4cf7-88b9-057fbbc795a0","local_time":"20201229123709","is_ascension_mode":false,"campfire_choices":[{"data":"champ:Execute","floor":1,"key":"SMITH"},{"data":"champ:Taunt","floor":6,"key":"SMITH"}],"circlet_count":0,"master_deck":["champ:Strike","champ:Strike","champ:Strike","champ:Defend","champ:Defend","champ:Defend","champ:Defend","champ:Execute+1","champ:Taunt+1","champ:BringItOn","champ:RisingSlash","champ:Circumvent","champ:Duel","champ:PreciseThrust","champ:DefensiveShout","champ:FlashCut","champ:BladeFlurry","champ:ShieldSlam"],"relics":["champ:ChampionCrown","downfall:HeartsMalice","champ:DefensiveTrainingManual","Ginger","downfall:CloakOfManyFaces","CultistMask","FaceOfCleric","NlothsMask","GremlinMask","SsserpentHead","Replay:Bottled Flurry"],"acts_visited":["Exordium"],"potions_floor_usage":[16,16,16],"damage_taken":[{"damage":0,"enemies":"Small Slimes","floor":2,"turns":1},{"damage":0,"enemies":"downfall:FleeingMerchant","floor":3,"turns":1},{"damage":0,"enemies":"3 Sentries","floor":8,"turns":1},{"damage":0,"enemies":"2 Louse","floor":9,"turns":3},{"damage":9,"enemies":"downfall:FaceTrader","floor":10,"turns":9},{"damage":0,"enemies":"Cultist","floor":11,"turns":4},{"damage":8,"enemies":"Blue Slaver","floor":12,"turns":3},{"damage":55,"enemies":"Gremlin Nob","floor":14,"turns":6},{"damage":5,"enemies":"Exordium Wildlife","floor":15,"turns":3},{"damage":6,"enemies":"downfall:Silent","floor":16,"turns":2}],"seed_played":"4942512782504520959","potions_obtained":[{"floor":9,"key":"champ:OpenerPotion"},{"floor":10,"key":"champ:CounterPotion"},{"floor":12,"key":"SkillPotion"},{"floor":13,"key":"SneckoOil"},{"floor":13,"key":"champ:CounterPotion"},{"floor":13,"key":"Toxic Potion"}],"is_trial":false,"path_per_floor":["R","M","$","?","?","R","T","E","M","?","M","M","?","E","M","B"],"character_chosen":"THE_CHAMP","items_purchased":[],"campfire_rested":0,"item_purchase_floors":[],"current_hp_per_floor":[90,90,90,90,95,95,95,95,95,86,87,80,56,7,3,0,0,0],"gold":444,"neow_bonus":"THREE_ENEMY_KILL","is_daily":false,"chose_seed":false,"campfire_upgraded":2,"win_rate":0.0,"timestamp":1609234629,"path_taken":["R","M","$","?","?","R","T","E","M","?","?","M","?","E","M","BOSS"],"items_purchased_type":[],"build_version":"2020-12-22","purchased_purges":1,"victory":false,"max_hp_per_floor":[90,90,90,90,95,95,95,95,95,95,96,97,97,98,99,99,99,99],"card_choices":[{"not_picked":["champ:BladeFlurry","champ:FlashCut"],"picked":"champ:BringItOn","floor":2},{"not_picked":["champ:BladeFlurry","champ:FightOn"],"picked":"champ:RisingSlash","floor":3},{"not_picked":["champ:HeavySlash","champ:AdrenalArmor"],"picked":"champ:Circumvent","floor":8},{"not_picked":["champ:FanOfKnives","champ:FlashCut"],"picked":"champ:Duel","floor":9},{"not_picked":["champ:AdrenalArmor","champ:HeartStrike"],"picked":"champ:PreciseThrust","floor":10},{"not_picked":["champ:StanceDance","champ:FanOfKnives"],"picked":"champ:DefensiveShout","floor":11},{"not_picked":["champ:ViciousMockery","champ:CrookedStrike"],"picked":"champ:FlashCut","floor":12},{"not_picked":["champ:Backstep","champ:BerserkersShout"],"picked":"champ:BladeFlurry","floor":13},{"not_picked":["champ:FocusedBerserking","champ:SkillfulDodge"],"picked":"champ:ShieldSlam","floor":14},{"not_picked":["champ:GutPunch","champ:AdrenalArmor","champ:Backstep"],"picked":"SKIP","floor":15}],"player_experience":140421,"relics_obtained":[{"floor":7,"key":"champ:DefensiveTrainingManual"},{"floor":8,"key":"Ginger"},{"floor":10,"key":"downfall:CloakOfManyFaces"},{"floor":14,"key":"Replay:Bottled Flurry"}],"event_choices":[{"damage_healed":0,"gold_gain":0,"player_choice":"Donut","damage_taken":0,"max_hp_gain":5,"max_hp_loss":0,"event_name":"Big Fish","floor":5,"gold_loss":0}],"is_beta":false,"boss_relics":[],"items_purged_floors":[3],"is_endless":false,"potions_floor_spawned":[9,10,12],"killed_by":"downfall:Silent","ascension_level":0}}