{"host":"m4gez01cdgxblqzl","time":1609202755,"event":{"mods":["2.2 Compatiblity","AchievementEnabler","Act Like it!","Aspiration","BaseMod","Better Altar","Better Match","Better Note","Better Sensory Stone","Better Skull","Better Third Choice","BetterRewards","CCEM","Challenge The Spire","Clawfect","Colored Powertips","Conspire","Downfall","GifTheSpireLib","Glutton Mod","Halation","Hermit","Hubris","Infinite Spire","Jedi Mod","Minty Spire (QoL Compilation)","Permanent Neow","READ ME - Guardian Mod","RatMod","Replay The Spire","Shade Mod","Shop Mod","Spicy Shops","Spikes Relics","StSLib","Stuff the Spire","The Blue Laboratory","The Construct","The Jungle","The Problem Sleuth","The Runesmith","The Spell Scribe","Trackpad","Unceasing Turn Reminder","Unknown Chances","everything is the same but u backflip on backflip","vexMod"],"gold_per_floor":[113,113,129,147,165,190,190,259,259,286,286,286,286,286,286,392,392,448,448,459,459,473,507,507,507,507,531,531,552,552,568,493,591,591,615,6,43,43,116,167,167,167,191,251,251,309,309,358,358,371],"floor_reached":51,"playtime":3733,"items_purged":[],"score":900,"play_id":"2788101f-bbca-4b41-881b-daf000f03d4a","local_time":"20201228184555","is_ascension_mode":false,"campfire_choices":[{"data":"Feed","floor":7,"key":"SMITH"},{"floor":12,"key":"REST"},{"floor":15,"key":"REST"},{"data":"Inflame","floor":30,"key":"SMITH"},{"data":"ReplayTheSpireMod:Splinters","floor":45,"key":"SMITH"},{"floor":49,"key":"REST"}],"circlet_count":0,"master_deck":["conspire:GhostlyStrike","conspire:GhostlyStrike","conspire:GhostlyStrike+1","conspire:GhostlyStrike","conspire:GhostlyStrike","conspire:GhostlyDefend","conspire:GhostlyDefend","conspire:GhostlyDefend","conspire:GhostlyDefend","Bash","ReplayTheSpireMod:Stacked","Body Slam","Power Through","Feed+1","Run Through","Clothesline","Iron Wave","Barricade","Twin Strike+1","Inflame+1","Heavy Blade","Twin Strike","Pommel Strike+1","Body Slam","Heavy Blade+1","rat:Execute","Heavy Blade","Body Slam","Twin Strike","Heavy Blade","Clothesline","Heavy Blade","Absolvement+1","Writhe","Metallicize"],"relics":["Burning Blood","aspiration:Nostalgia","Replay:M_SmolderingBlood","WarpedTongs","vexMod:ConsolationPrize","Odd Mushroom","halation:OrihimeAndHikoboshiSamaAndTears","ReplayTheSpireMod:Ring of Addiction","Potion Belt","ReplayTheSpireMod:Ring of Exchange","Chameleon Ring","hubris:BlackHole","infinitespire:Golems Mask","Replay:Wax Seal","betterThird:NestCultRelic","conspire:DecoderRing","HailfireSword","vexMod:Cooldron","Blood Vial","Eternal Feather","StuffTheSpire:ModemDavis","halation:PrussianBluePaint","trackpad:StainlessSteel","Replay:Rubber Ducky"],"acts_visited":["Exordium","TheCity","TheBeyond"],"potions_floor_usage":[16,16,22,26,27,33,33,35,37,40,44,46,46,50,50,50,50],"damage_taken":[{"damage":9,"enemies":"conspire:RoseBush","floor":1,"turns":3},{"damage":6,"enemies":"Cultist","floor":3,"turns":4},{"damage":4,"enemies":"Jaw Worm","floor":4,"turns":4},{"damage":3,"enemies":"Blue Slaver","floor":5,"turns":4},{"damage":30,"enemies":"Gremlin Nob","floor":6,"turns":4},{"damage":46,"enemies":"The Mushroom Lair","floor":8,"turns":7},{"damage":15,"enemies":"Large Slime","floor":10,"turns":6},{"damage":11,"enemies":"Fading Forest","floor":16,"turns":11},{"damage":40,"enemies":"3 Byrds","floor":18,"turns":10},{"damage":0,"enemies":"Chosen","floor":20,"turns":3},{"damage":0,"enemies":"Snecko","floor":22,"turns":2},{"damage":0,"enemies":"conspire:SneckoGhost","floor":23,"turns":4},{"damage":11,"enemies":"Centurion and Healer","floor":27,"turns":3},{"damage":10,"enemies":"Snake Plant","floor":29,"turns":3},{"damage":0,"enemies":"Sentry and Sphere","floor":31,"turns":1},{"damage":0,"enemies":"Automaton","floor":33,"turns":2},{"damage":11,"enemies":"3 Darklings","floor":35,"turns":2},{"damage":18,"enemies":"3 Shapes","floor":37,"turns":2},{"damage":17,"enemies":"R_Hoarder","floor":40,"turns":5},{"damage":45,"enemies":"Spire Growth","floor":44,"turns":4},{"damage":58,"enemies":"Nightmare","floor":46,"turns":4},{"damage":31,"enemies":"4 Shapes","floor":48,"turns":3},{"damage":13,"enemies":"hubris:GrandSnecko","floor":50,"turns":5}],"seed_played":"155733716328844637","potions_obtained":[{"floor":1,"key":"SmokeBomb"},{"floor":8,"key":"Reflective Coating"},{"floor":10,"key":"Ancient Potion"},{"floor":11,"key":"ColorlessPotion"},{"floor":11,"key":"blueLaboratory:BottleOfRum"},{"floor":11,"key":"blueLaboratory:FrostheartPotion"},{"floor":18,"key":"HeartOfIron"},{"floor":23,"key":"jedi:mysterypotion"},{"floor":28,"key":"blueLaboratory:EnragingPotion"},{"floor":28,"key":"blueLaboratory:HorrorPotion"},{"floor":29,"key":"PowerPotion"},{"floor":33,"key":"blueLaboratory:RecallPotion"},{"floor":35,"key":"blueLaboratory:CorrosionFlask"},{"floor":39,"key":"blueLaboratory:PolymorphPotion"},{"floor":39,"key":"blueLaboratory:SavagePotion"},{"floor":41,"key":"FairyPotion"},{"floor":41,"key":"SkillPotion"},{"floor":48,"key":"EntropicBrew"}],"is_trial":false,"path_per_floor":["M","?","M","M","M","E","R","?","T","M","?","R","?","?","R","B",null,"M","?","M","AVR","M","E","?","?","T","M","R","M","R","M","R","B",null,"M","$","M","HB","?","E","R","AVR","T","M","R","NM","?","M","R","B",null],"character_chosen":"IRONCLAD","items_purchased":["vexMod:Cooldron","Blood Vial","Body Slam","Twin Strike","Eternal Feather"],"campfire_rested":3,"item_purchase_floors":[36,36,36,36,36],"current_hp_per_floor":[77,77,77,79,80,56,56,20,20,15,15,41,41,41,66,71,86,56,56,62,62,68,78,78,78,78,77,77,73,73,83,83,89,96,91,91,81,81,81,72,90,90,90,53,71,21,45,22,71,66],"gold":371,"neow_bonus":"NOSTALGIA","is_daily":false,"chose_seed":false,"campfire_upgraded":3,"win_rate":0.0,"timestamp":1609202755,"path_taken":["M","?","M","?","M","E","R","?","T","?","?","R","?","?","R","BOSS","M","?","M","AVR","M","E","?","?","T","?","R","?","R","M","R","BOSS","M","$","M","HB","?","E","R","AVR","T","M","R","NM","?","M","R","BOSS"],"items_purchased_type":["Relic","Relic","Card","Card","Relic"],"build_version":"2020-12-22","purchased_purges":0,"victory":true,"max_hp_per_floor":[80,80,80,80,80,80,80,84,84,88,88,88,88,88,86,86,86,90,90,88,88,88,92,92,92,90,94,94,94,94,96,96,96,96,96,96,96,96,96,96,96,96,96,94,94,94,94,94,94,92],"card_choices":[{"not_picked":["Battle Trance","Disarm"],"picked":"ReplayTheSpireMod:Stacked","floor":1},{"not_picked":["FlyingSleeves","Sword Boomerang"],"picked":"Body Slam","floor":3},{"not_picked":["Run Through","Sword Boomerang"],"picked":"Power Through","floor":4},{"not_picked":["ReplayTheSpireMod:Stacked","ReplayReversal"],"picked":"Feed","floor":5},{"not_picked":["Warcry","Clash"],"picked":"Run Through","floor":6},{"not_picked":["Blood for Blood","Flex"],"picked":"Clothesline","floor":8},{"not_picked":["Pummel","Armaments"],"picked":"Iron Wave","floor":10},{"not_picked":["conspire:Purge","hubris:StunningStrike"],"picked":"Barricade","floor":16},{"not_picked":["Cleave+1","Seeing Red"],"picked":"Twin Strike+1","floor":18},{"not_picked":["Invigoration","Body Slam+1"],"picked":"Inflame","floor":20},{"not_picked":["infinitespire:OneForAll","Cleave+1"],"picked":"Heavy Blade","floor":22},{"not_picked":["conspire:Charge","Rupture"],"picked":"Twin Strike","floor":23},{"not_picked":["hubris:ReadiedAction+1","Warcry+1"],"picked":"Pommel Strike+1","floor":27},{"not_picked":["Invigoration+1","Shrug It Off"],"picked":"Body Slam","floor":29},{"not_picked":["StuffTheSpire:Resist","Anger"],"picked":"Heavy Blade+1","floor":31},{"not_picked":["Replay:Many Hands","Demonic Infusion"],"picked":"rat:Execute","floor":33},{"not_picked":["Uppercut","hubris:CleavingFinish+1"],"picked":"Heavy Blade","floor":35},{"not_picked":["StuffTheSpire:RockThrow","StuffTheSpire:Incineration+1"],"picked":"Heavy Blade","floor":37},{"not_picked":["True Grit","Clash+1"],"picked":"Clothesline","floor":39},{"not_picked":["Run Through","Sever Soul"],"picked":"Heavy Blade","floor":40},{"not_picked":["rat:Decimate","Flex+1"],"picked":"Absolvement+1","floor":44},{"not_picked":["Sword Boomerang","Armaments"],"picked":"Metallicize","floor":48}],"player_experience":14387,"relics_obtained":[{"floor":6,"key":"vexMod:ConsolationPrize"},{"floor":8,"key":"Odd Mushroom"},{"floor":9,"key":"halation:OrihimeAndHikoboshiSamaAndTears"},{"floor":11,"key":"ReplayTheSpireMod:Ring of Addiction"},{"floor":11,"key":"Potion Belt"},{"floor":11,"key":"ReplayTheSpireMod:Ring of Exchange"},{"floor":11,"key":"Chameleon Ring"},{"floor":23,"key":"Replay:Wax Seal"},{"floor":26,"key":"conspire:DecoderRing"},{"floor":39,"key":"halation:PrussianBluePaint"},{"floor":40,"key":"trackpad:StainlessSteel"},{"floor":43,"key":"Replay:Rubber Ducky"}],"event_choices":[{"damage_healed":0,"gold_gain":0,"player_choice":"Rummage","damage_taken":0,"relics_obtained":["WarpedTongs"],"max_hp_gain":0,"max_hp_loss":0,"event_name":"Accursed Blacksmith","floor":2,"gold_loss":0,"cards_obtained":["Pain"]},{"damage_healed":0,"gold_gain":0,"player_choice":"Fought Mushrooms","damage_taken":0,"max_hp_gain":0,"max_hp_loss":0,"event_name":"Mushrooms","floor":8,"gold_loss":0},{"damage_healed":0,"gold_gain":0,"player_choice":"Agree","damage_taken":0,"max_hp_gain":0,"max_hp_loss":0,"event_name":"conspire:LoneGhost","floor":14,"gold_loss":0},{"damage_healed":0,"gold_gain":0,"player_choice":"Ignored","damage_taken":0,"max_hp_gain":0,"max_hp_loss":0,"event_name":"betterNote:BetterNote","floor":19,"gold_loss":0,"cards_obtained":["hubris:Envy"]},{"damage_healed":0,"gold_gain":0,"player_choice":"Madness","damage_taken":0,"relics_obtained":["betterThird:NestCultRelic"],"max_hp_gain":0,"max_hp_loss":0,"event_name":"betterThird:BetterNest","floor":24,"gold_loss":0},{"damage_healed":0,"gold_gain":0,"player_choice":"Ignored","damage_taken":0,"max_hp_gain":0,"max_hp_loss":0,"event_name":"Ghosts","floor":25,"gold_loss":0},{"damage_healed":0,"gold_gain":0,"player_choice":"3","damage_taken":0,"max_hp_gain":0,"max_hp_loss":0,"event_name":"betterMatch:BetterMatch","floor":32,"gold_loss":0,"cards_obtained":[]},{"damage_healed":24,"gold_gain":0,"player_choice":"Writhe","damage_taken":0,"max_hp_gain":0,"max_hp_loss":0,"event_name":"Winding Halls","floor":47,"gold_loss":0,"cards_obtained":["Writhe"]}],"is_beta":false,"boss_relics":[{"not_picked":["CCEMRelics:GreenEgg","Busted Crown"],"picked":"hubris:BlackHole"},{"not_picked":["Snecko Eye","Kintsugi"],"picked":"HailfireSword"}],"items_purged_floors":[],"is_endless":false,"potions_floor_spawned":[1,8,10,18,23,29,33,35,48],"ascension_level":0}}