{"host":"BK","time":1609212401,"event":{"mods":["BaseMod","Highlight Path","Minty Spire (QoL Compilation)","StSLib"],"gold_per_floor":[109,120,131,56,69,69,94,94,117,147,160,160,71,91,91,162,162,181,26,26,26,42,42,67,67,113,156,195,207,229,256,268,280,280],"floor_reached":33,"playtime":1852,"items_purged":["Infinite Blades"],"score":640,"play_id":"198a6737-d888-4320-b358-b0c36f9e0e6b","local_time":"20201228202641","is_ascension_mode":true,"campfire_choices":[{"floor":6,"key":"REST"},{"floor":8,"key":"REST"},{"floor":12,"key":"REST"},{"floor":15,"key":"RECALL"},{"floor":23,"key":"REST"},{"floor":25,"key":"REST"},{"floor":32,"key":"REST"}],"circlet_count":0,"master_deck":["AscendersBane","Survivor","Neutralize","Bane","Quick Slash","Predator","Backflip","Leg Sweep","Poisoned Stab","Bullet Time","Bouncing Flask","Dash","After Image","Venomology","Dagger Spray","Catalyst","Backstab","Well Laid Plans","Leg Sweep","Acrobatics+1","Catalyst","Prepared","Endless Agony","Noxious Fumes","Deadly Poison","Catalyst","Crippling Poison","Malaise"],"relics":["Fusion Hammer","Boot","Ancient Tea Set","Bag of Preparation","Pandora\u0027s Box","Prayer Wheel","MawBank","Dream Catcher","Bronze Scales"],"acts_visited":["Exordium","TheCity"],"potions_floor_usage":[10,18,24,24,31,31,33],"damage_taken":[{"damage":5,"enemies":"Small Slimes","floor":1,"turns":5},{"damage":0,"enemies":"2 Louse","floor":2,"turns":3},{"damage":2,"enemies":"Jaw Worm","floor":3,"turns":4},{"damage":6,"enemies":"Looter","floor":5,"turns":3},{"damage":32,"enemies":"3 Sentries","floor":7,"turns":12},{"damage":6,"enemies":"Lagavulin","floor":10,"turns":6},{"damage":3,"enemies":"Blue Slaver","floor":11,"turns":3},{"damage":0,"enemies":"Large Slime","floor":14,"turns":5},{"damage":14,"enemies":"The Guardian","floor":16,"turns":9},{"damage":0,"enemies":"Spheric Guardian","floor":18,"turns":4},{"damage":0,"enemies":"3 Byrds","floor":22,"turns":4},{"damage":0,"enemies":"Gremlin Leader","floor":24,"turns":6},{"damage":28,"enemies":"Slavers","floor":27,"turns":7},{"damage":29,"enemies":"Cultist and Chosen","floor":30,"turns":6},{"damage":6,"enemies":"Snake Plant","floor":31,"turns":3},{"damage":62,"enemies":"Automaton","floor":33,"turns":6}],"seed_played":"8548303904618811918","potions_obtained":[{"floor":2,"key":"GamblersBrew"},{"floor":3,"key":"Poison Potion"},{"floor":11,"key":"ColorlessPotion"},{"floor":14,"key":"GhostInAJar"},{"floor":22,"key":"PowerPotion"}],"is_trial":false,"path_per_floor":["M","M","M","?","M","R","E","R","T","E","M","R","$","M","R","B",null,"M","$","?","?","M","R","E","R","T","E","T","?","M","M","R","B"],"character_chosen":"THE_SILENT","items_purchased":["Bouncing Flask","Catalyst"],"campfire_rested":6,"item_purchase_floors":[13,19],"current_hp_per_floor":[54,54,52,52,46,65,33,52,52,46,43,62,62,62,62,48,62,62,62,62,44,44,65,65,71,71,43,43,43,14,8,29,0,0],"gold":280,"neow_bonus":"BOSS_RELIC","is_daily":false,"chose_seed":false,"campfire_upgraded":0,"win_rate":0.0,"timestamp":1609212401,"path_taken":["M","M","M","?","M","R","E","R","T","E","M","R","$","M","R","BOSS","M","$","?","?","M","R","E","R","T","E","?","?","M","?","R","BOSS"],"items_purchased_type":["Card","Card"],"build_version":"2020-12-18","purchased_purges":1,"victory":false,"max_hp_per_floor":[66,66,66,66,66,66,66,66,66,66,66,66,66,66,66,66,66,66,66,66,71,71,71,71,71,71,71,71,71,71,71,71,71,71],"card_choices":[{"not_picked":["Underhanded Strike","Tactician"],"picked":"Bane","floor":1},{"not_picked":["Predator","Accuracy"],"picked":"Quick Slash","floor":2},{"not_picked":["Well Laid Plans","PiercingWail"],"picked":"Predator","floor":3},{"not_picked":["Outmaneuver","Prepared"],"picked":"Backflip","floor":5},{"not_picked":["Backflip","Riddle With Holes"],"picked":"Leg Sweep","floor":7},{"not_picked":["Underhanded Strike","Quick Slash"],"picked":"Poisoned Stab","floor":10},{"not_picked":["Acrobatics","Deadly Poison"],"picked":"Bullet Time","floor":11},{"not_picked":["Bane","Cloak And Dagger"],"picked":"Dash","floor":14},{"not_picked":["Venomology","Phantasmal Killer"],"picked":"After Image","floor":16},{"not_picked":["Dash","Backflip"],"picked":"Acrobatics+1","floor":18},{"not_picked":["Bane","All Out Attack","Acrobatics"],"picked":"SKIP","floor":22},{"not_picked":["Deadly Poison","Dagger Spray+1"],"picked":"Noxious Fumes","floor":24},{"not_picked":["Phantasmal Killer","Choke+1"],"picked":"Deadly Poison","floor":27},{"not_picked":["Concentrate+1","Underhanded Strike"],"picked":"Crippling Poison","floor":30},{"not_picked":["Backflip","Backstab","Tactician"],"picked":"SKIP","floor":30},{"not_picked":["Masterful Stab","Backstab"],"picked":"Malaise","floor":31},{"not_picked":["Bane","Blade Dance","Outmaneuver"],"picked":"SKIP","floor":31}],"player_experience":2470401,"relics_obtained":[{"floor":7,"key":"Boot"},{"floor":9,"key":"Ancient Tea Set"},{"floor":10,"key":"Bag of Preparation"},{"floor":24,"key":"Prayer Wheel"},{"floor":26,"key":"MawBank"},{"floor":27,"key":"Dream Catcher"},{"floor":28,"key":"Bronze Scales"}],"event_choices":[{"cards_removed":["Strike_G"],"damage_healed":0,"gold_gain":0,"player_choice":"Card Removal","damage_taken":0,"max_hp_gain":0,"max_hp_loss":0,"event_name":"The Cleric","floor":4,"gold_loss":75},{"damage_healed":0,"gold_gain":0,"cards_transformed":["Terror","Infinite Blades"],"player_choice":"Became Test Subject","damage_taken":0,"max_hp_gain":0,"max_hp_loss":0,"event_name":"Drug Dealer","floor":20,"gold_loss":0,"cards_obtained":["Prepared","Endless Agony"]},{"damage_healed":0,"gold_gain":0,"player_choice":"Shed Blood","damage_taken":23,"max_hp_gain":5,"max_hp_loss":0,"event_name":"Forgotten Altar","floor":21,"gold_loss":0},{"damage_healed":0,"gold_gain":0,"player_choice":"Read","damage_taken":0,"max_hp_gain":0,"max_hp_loss":0,"event_name":"The Library","floor":29,"gold_loss":0,"cards_obtained":["Catalyst"]}],"is_beta":true,"boss_relics":[{"not_picked":["Tiny House","WristBlade"],"picked":"Pandora\u0027s Box"}],"items_purged_floors":[19],"is_endless":false,"potions_floor_spawned":[2,3,11,14,22,27,30],"killed_by":"Automaton","ascension_level":20}}