{"host":"ji1fk25fd1ga4ji1","time":1609252456,"event":{"mods":["2.2 Compatiblity","BaseMod","Colored Map","DeckTracker","Minty Spire (QoL Compilation)","Permanent Neow","Quick Restart","StSLib","SuperFastMode"],"gold_per_floor":[112,187,40,40,57,57,82,82,82,95,128,128,138,155,155,253,253,270,289,115,115,133,160,160,175,202,202,202,212,212,212,212,307,307,322,377,377,277,277,277,8,0,72,72,83,83,83,42,42,42],"floor_reached":51,"playtime":1056,"items_purged":["Strike_R","Strike_R","Strike_R","Defend_R"],"score":726,"play_id":"6a8e4e8e-bf3f-4bef-999f-9c6903016248","local_time":"20201229233416","is_ascension_mode":true,"campfire_choices":[{"data":"Inflame","floor":6.0,"key":"SMITH"},{"floor":12.0,"key":"DIG"},{"floor":15.0,"key":"DIG"},{"floor":24.0,"key":"DIG"},{"data":"Evolve","floor":28.0,"key":"SMITH"},{"floor":30.0,"key":"DIG"},{"floor":32.0,"key":"REST"},{"data":"Madness","floor":40.0,"key":"SMITH"},{"floor":44.0,"key":"DIG"},{"data":"Double Tap","floor":46,"key":"SMITH"},{"floor":49,"key":"REST"}],"circlet_count":0,"master_deck":["Strike_R+1","Defend_R+1","Defend_R+1","Bash","Feel No Pain","Inflame+1","Rampage+1","Cleave","Second Wind","Headbutt","Ghostly Armor","Warcry+1","Seeing Red+1","Evolve+1","Writhe","Dark Embrace+1","Wild Strike","Double Tap+1","CurseOfTheBell","Madness+1","Madness","Battle Trance","Demon Form"],"relics":["Burning Blood","HornCleat","Shovel","War Paint","Happy Flower","Mango","Mark of Pain","PreservedInsect","Self Forming Clay","TungstenRod","Ancient Tea Set","InkBottle","Bag of Preparation","Calling Bell","Lantern","The Courier","Ginger","Gambling Chip","Red Mask","Ornamental Fan","Red Skull","Frozen Egg 2"],"acts_visited":["TheCity","TheBeyond"],"potions_floor_usage":[],"damage_taken":[{"damage":7.0,"enemies":"2 Louse","floor":1.0,"turns":3.0},{"damage":6.0,"enemies":"Jaw Worm","floor":5.0,"turns":3.0},{"damage":22.0,"enemies":"3 Sentries","floor":7.0,"turns":5.0},{"damage":3.0,"enemies":"Small Slimes","floor":10.0,"turns":2.0},{"damage":0.0,"enemies":"Gremlin Nob","floor":11.0,"turns":3.0},{"damage":4.0,"enemies":"2 Fungi Beasts","floor":13.0,"turns":3.0},{"damage":12.0,"enemies":"Blue Slaver","floor":14.0,"turns":3.0},{"damage":13.0,"enemies":"The Guardian","floor":16.0,"turns":9.0},{"damage":17.0,"enemies":"3 Byrds","floor":18.0,"turns":7.0},{"damage":2.0,"enemies":"Shell Parasite","floor":19.0,"turns":5.0},{"damage":15.0,"enemies":"Shelled Parasite and Fungi","floor":22.0,"turns":7.0},{"damage":3.0,"enemies":"Gremlin Leader","floor":23.0,"turns":5.0},{"damage":20.0,"enemies":"Centurion and Healer","floor":25.0,"turns":9.0},{"damage":21.0,"enemies":"Snecko","floor":29.0,"turns":6.0},{"damage":39.0,"enemies":"Collector","floor":33.0,"turns":7.0},{"damage":0.0,"enemies":"Orb Walker","floor":35.0,"turns":4.0},{"damage":22.0,"enemies":"2 Orb Walkers","floor":36.0,"turns":5.0},{"damage":7,"enemies":"3 Darklings","floor":45,"turns":3},{"damage":28,"enemies":"Donu and Deca","floor":50,"turns":5}],"seed_played":"2125515061206343807","potions_obtained":[{"floor":7.0,"key":"Ancient Potion"},{"floor":10.0,"key":"Explosive Potion"},{"floor":14.0,"key":"EssenceOfSteel"},{"floor":23.0,"key":"SpeedPotion"},{"floor":25.0,"key":"BlessingOfTheForge"},{"floor":33.0,"key":"Fire Potion"},{"floor":36.0,"key":"ElixirPotion"}],"is_trial":false,"path_per_floor":["M","?","$","?","M","R","E","$","T","M","E","R","M","M","R","B",null,"M","M","$","?","M","E","R","M","T","T","R","M","R","?","R","B",null,"M","?","?","$","?","R","$","?","T","R","M","R","T","$","R","B",null],"character_chosen":"IRONCLAD","items_purchased":["Rampage","Evolve","Battle Trance","Demon Form","BloodPotion"],"campfire_rested":2,"item_purchase_floors":[3,20,41,41,48],"current_hp_per_floor":[71,60,60,46,46,46,30,30,30,33,39,39,41,35,49,42,86,75,79,79,79,70,73,73,59,59,59,59,44,44,28,55,22,91,91,75,75,75,65,65,65,65,65,65,64,64,64,64,91,69],"gold":42,"neow_bonus":"TRANSFORM_TWO_CARDS","is_daily":false,"chose_seed":false,"campfire_upgraded":4,"win_rate":0.0,"timestamp":1609252456,"path_taken":["M","?","$","?","M","R","E","$","T","M","E","R","M","M","R","BOSS","M","M","$","?","M","E","R","M","T","?","R","M","R","?","R","BOSS","M","?","?","$","?","R","$","?","T","R","M","R","?","$","R","BOSS"],"items_purchased_type":["Card","Card","Card","Card","Potion"],"build_version":"2020-12-22","purchased_purges":4,"victory":true,"max_hp_per_floor":[72,72,72,72,72,72,72,72,72,72,72,72,72,72,86,86,86,86,86,86,86,86,86,86,86,86,86,86,86,86,91,91,91,91,91,91,91,91,91,91,91,91,91,91,91,91,91,91,91,91],"card_choices":[{"not_picked":["Havoc","Entrench","Perfected Strike"],"picked":"SKIP","floor":1.0},{"not_picked":["Blood for Blood","Evolve"],"picked":"Cleave","floor":5.0},{"not_picked":["Sever Soul","Armaments"],"picked":"Second Wind","floor":7.0},{"not_picked":["Clothesline","Second Wind"],"picked":"Headbutt","floor":10.0},{"not_picked":["Headbutt","Wild Strike","Ghostly Armor"],"picked":"SKIP","floor":11.0},{"not_picked":["Headbutt","Wild Strike"],"picked":"Ghostly Armor","floor":11.0},{"not_picked":["Flex","Fire Breathing","Flame Barrier"],"picked":"SKIP","floor":13.0},{"not_picked":["True Grit","Uppercut","Heavy Blade"],"picked":"SKIP","floor":14.0},{"not_picked":["Wild Strike","Twin Strike"],"picked":"Warcry+1","floor":18.0},{"not_picked":["Ghostly Armor","Combust"],"picked":"Seeing Red+1","floor":19.0},{"not_picked":["Disarm","Intimidate+1","Metallicize+1"],"picked":"SKIP","floor":22.0},{"not_picked":["Burning Pact+1","Dual Wield","Heavy Blade"],"picked":"SKIP","floor":23.0},{"not_picked":["Sever Soul","Armaments"],"picked":"Dark Embrace+1","floor":25.0},{"not_picked":["Carnage","Pommel Strike"],"picked":"Wild Strike","floor":29.0},{"not_picked":["Juggernaut","Bludgeon"],"picked":"Double Tap","floor":33.0},{"not_picked":["Clash+1","True Grit+1","Flame Barrier+1"],"picked":"SKIP","floor":35.0},{"not_picked":["Flame Barrier","Iron Wave","Reckless Charge+1"],"picked":"SKIP","floor":45}],"player_experience":1230954,"relics_obtained":[{"floor":7.0,"key":"HornCleat"},{"floor":9.0,"key":"Shovel"},{"floor":11.0,"key":"War Paint"},{"floor":12.0,"key":"Happy Flower"},{"floor":15.0,"key":"Mango"},{"floor":23.0,"key":"Self Forming Clay"},{"floor":24.0,"key":"TungstenRod"},{"floor":26.0,"key":"Ancient Tea Set"},{"floor":27.0,"key":"InkBottle"},{"floor":30.0,"key":"Bag of Preparation"},{"floor":34.0,"key":"Lantern"},{"floor":34.0,"key":"The Courier"},{"floor":34.0,"key":"Ginger"},{"floor":36.0,"key":"Gambling Chip"},{"floor":43.0,"key":"Ornamental Fan"},{"floor":44.0,"key":"Red Skull"},{"floor":47,"key":"Frozen Egg 2"}],"event_choices":[{"damage_healed":0.0,"max_hp_gain":0.0,"max_hp_loss":0.0,"gold_gain":75.0,"event_name":"World of Goop","player_choice":"Gather Gold","floor":2.0,"gold_loss":0.0,"damage_taken":11.0},{"damage_healed":0.0,"max_hp_gain":0.0,"max_hp_loss":0.0,"gold_gain":0.0,"event_name":"Shining Light","player_choice":"Entered Light","floor":4.0,"gold_loss":0.0,"damage_taken":14.0,"cards_upgraded":["Strike_R","Rampage"]},{"damage_healed":0.0,"max_hp_gain":0.0,"max_hp_loss":0.0,"gold_gain":0.0,"event_name":"The Mausoleum","player_choice":"Opened","floor":21.0,"gold_loss":0.0,"damage_taken":0.0,"relics_obtained":["PreservedInsect"],"cards_obtained":["Writhe"]},{"damage_healed":0.0,"max_hp_gain":5.0,"max_hp_loss":0.0,"gold_gain":0.0,"event_name":"Forgotten Altar","player_choice":"Shed Blood","floor":31.0,"gold_loss":0.0,"damage_taken":22.0},{"damage_healed":0.0,"max_hp_gain":0.0,"max_hp_loss":0.0,"gold_gain":0.0,"event_name":"Mysterious Sphere","player_choice":"Fight","floor":36.0,"gold_loss":0.0,"damage_taken":0.0},{"damage_healed":0.0,"max_hp_gain":0.0,"max_hp_loss":0.0,"gold_gain":0.0,"event_name":"SensoryStone","player_choice":"Memory 1","floor":37.0,"gold_loss":0.0,"damage_taken":0.0},{"damage_healed":0.0,"max_hp_gain":0.0,"max_hp_loss":0.0,"gold_gain":0.0,"event_name":"Winding Halls","player_choice":"Embrace Madness","floor":39.0,"gold_loss":0.0,"damage_taken":11.0,"cards_obtained":["Madness","Madness"]},{"damage_healed":0.0,"max_hp_gain":0.0,"max_hp_loss":0.0,"gold_gain":0.0,"event_name":"Tomb of Lord Red Mask","player_choice":"Paid","floor":42.0,"gold_loss":8.0,"damage_taken":0.0,"relics_obtained":["Red Mask"]}],"is_beta":false,"boss_relics":[{"not_picked":["Snecko Eye","Runic Dome"],"picked":"Mark of Pain"},{"not_picked":["Pandora\u0027s Box","Velvet Choker"],"picked":"Calling Bell"}],"items_purged_floors":[3,20,38,41],"is_endless":false,"potions_floor_spawned":[7,10,14,23,25,33,36],"ascension_level":1}}