{"host":"0ydzwspkajt4brzd","time":1609213073,"event":{"mods":["AchievementEnabler","BaseMod","Colored Map","DeckTracker","Googly Eyes","Highlight Path","Minty Spire (QoL Compilation)","Quick Restart","Random Character Button","Rare Cards Sparkle"],"gold_per_floor":[119,130,130,150,165,165,190,200,200,125,125,157,157,183,183,285,285,285,285,10,10,10,10,10,10,10,10,10,10,10,10,10,10,10,10,10,0,0,0,0,0,0,0,0,0,0,0,0,0,0],"floor_reached":51,"playtime":3044,"items_purged":["Strike_R","Strike_R"],"score":1017,"play_id":"276862b3-47e0-4ae6-8624-18d348b83b78","local_time":"20201228193753","is_ascension_mode":true,"campfire_choices":[{"data":"True Grit","floor":6.0,"key":"SMITH"},{"data":"Bludgeon","floor":11.0,"key":"SMITH"},{"data":"Pommel Strike","floor":15.0,"key":"SMITH"},{"data":"Apotheosis","floor":23.0,"key":"SMITH"},{"data":"Demon Form","floor":25.0,"key":"SMITH"},{"data":"Searing Blow+1","floor":27.0,"key":"SMITH"},{"data":"Searing Blow+2","floor":32.0,"key":"SMITH"},{"data":"Searing Blow+3","floor":40,"key":"SMITH"},{"data":"Searing Blow+4","floor":42,"key":"SMITH"},{"data":"Searing Blow+5","floor":46,"key":"SMITH"},{"data":"Searing Blow+6","floor":49,"key":"SMITH"}],"circlet_count":0,"master_deck":["Strike_R","Strike_R","Strike_R","Defend_R","Defend_R","Defend_R","Defend_R","Bash+1","Thunderclap","True Grit+1","Disarm","Pommel Strike+1","Bludgeon+1","Clash","Shrug It Off","Bloodletting","Demon Form+1","Searing Blow+7","Apotheosis+1","Heavy Blade","Pummel","Offering","Shrug It Off+1","Impervious","Parasite"],"relics":["Burning Blood","InkBottle","Potion Belt","Bird Faced Urn","Boot","Strawberry","Ectoplasm","Nunchaku","Meat on the Bone","TungstenRod","SlaversCollar","Red Mask","Incense Burner","PreservedInsect","Red Skull"],"acts_visited":["Exordium","TheCity","TheBeyond"],"potions_floor_usage":[33,33,45],"damage_taken":[{"damage":1.0,"enemies":"Cultist","floor":1.0,"turns":3.0},{"damage":15.0,"enemies":"Jaw Worm","floor":2.0,"turns":5.0},{"damage":10.0,"enemies":"Small Slimes","floor":4.0,"turns":3.0},{"damage":37.0,"enemies":"Exordium Thugs","floor":5.0,"turns":6.0},{"damage":20.0,"enemies":"Gremlin Nob","floor":7.0,"turns":4.0},{"damage":21.0,"enemies":"Exordium Wildlife","floor":8.0,"turns":3.0},{"damage":4.0,"enemies":"Lagavulin","floor":12.0,"turns":6.0},{"damage":8.0,"enemies":"Gremlin Nob","floor":14.0,"turns":3.0},{"damage":21.0,"enemies":"The Guardian","floor":16.0,"turns":10.0},{"damage":4.0,"enemies":"Chosen","floor":18.0,"turns":4.0},{"damage":11.0,"enemies":"3 Byrds","floor":19.0,"turns":5.0},{"damage":14.0,"enemies":"Book of Stabbing","floor":29.0,"turns":5.0},{"damage":18.0,"enemies":"Snake Plant","floor":30.0,"turns":3.0},{"damage":25.0,"enemies":"Slavers","floor":31.0,"turns":4.0},{"damage":36,"enemies":"Collector","floor":33,"turns":7},{"damage":9,"enemies":"3 Shapes","floor":35,"turns":5},{"damage":11,"enemies":"3 Darklings","floor":36,"turns":6},{"damage":10,"enemies":"Mind Bloom Boss Battle","floor":38,"turns":7},{"damage":21,"enemies":"Spire Growth","floor":39,"turns":4},{"damage":2,"enemies":"Giant Head","floor":41,"turns":5},{"damage":25,"enemies":"Maw","floor":44,"turns":5},{"damage":6,"enemies":"Jaw Worm Horde","floor":45,"turns":4},{"damage":9,"enemies":"Writhing Mass","floor":47,"turns":4},{"damage":3,"enemies":"Maw","floor":48,"turns":6},{"damage":38,"enemies":"Donu and Deca","floor":50,"turns":6}],"seed_played":"-1433878299705196475","potions_obtained":[{"floor":5.0,"key":"BloodPotion"},{"floor":7.0,"key":"AttackPotion"},{"floor":8.0,"key":"AttackPotion"},{"floor":12.0,"key":"SpeedPotion"},{"floor":14.0,"key":"HeartOfIron"},{"floor":18.0,"key":"LiquidBronze"},{"floor":21.0,"key":"Strength Potion"},{"floor":21.0,"key":"Block Potion"},{"floor":21.0,"key":"Dexterity Potion"},{"floor":29.0,"key":"Explosive Potion"},{"floor":30.0,"key":"Strength Potion"},{"floor":39,"key":"DistilledChaos"},{"floor":41,"key":"FairyPotion"},{"floor":48,"key":"SpeedPotion"}],"is_trial":false,"path_per_floor":["M","M","T","M","M","R","E","M","T","$","R","E","?","E","R","B",null,"M","M","$","?","$","R","$","R","T","R","$","E","M","E","R","B",null,"M","M","?","?","M","R","E","R","T","M","M","R","M","M","R","B",null],"character_chosen":"IRONCLAD","items_purchased":["Apotheosis"],"campfire_rested":0,"item_purchase_floors":[20],"current_hp_per_floor":[77,68,68,64,33,33,19,20,20,20,20,22,48,53,53,38,75,79,76,76,76,76,76,76,76,76,76,76,70,60,55,55,39,75,72,69,69,67,52,52,58,58,58,53,55,55,54,59,59,41],"gold":0,"neow_bonus":"UPGRADE_CARD","is_daily":false,"chose_seed":false,"campfire_upgraded":11,"win_rate":0.0,"timestamp":1609213073,"path_taken":["M","?","?","M","?","R","E","?","T","$","R","E","?","E","R","BOSS","M","M","$","?","?","R","$","R","T","R","?","E","M","E","R","BOSS","M","M","?","?","?","R","E","R","T","M","M","R","M","M","R","BOSS"],"items_purchased_type":["Card"],"build_version":"2020-12-22","purchased_purges":2,"victory":true,"max_hp_per_floor":[80,80,80,80,80,80,80,80,80,80,80,80,80,87,87,87,87,87,87,87,87,87,87,87,87,87,87,87,87,87,87,87,87,87,87,87,87,87,87,87,87,87,87,87,87,87,87,87,87,87],"card_choices":[{"not_picked":["Anger","Feel No Pain"],"picked":"Thunderclap","floor":1.0},{"not_picked":["Havoc","Warcry"],"picked":"True Grit","floor":2.0},{"not_picked":["Anger","Clash"],"picked":"Disarm","floor":4.0},{"not_picked":["Seeing Red","Body Slam"],"picked":"Pommel Strike","floor":5.0},{"not_picked":["Pummel","Inflame"],"picked":"Bludgeon","floor":7.0},{"not_picked":["Shockwave","Armaments"],"picked":"Clash","floor":8.0},{"not_picked":["Sword Boomerang","Havoc"],"picked":"Shrug It Off","floor":12.0},{"not_picked":["Wild Strike","Heavy Blade"],"picked":"Bloodletting","floor":14.0},{"not_picked":["Offering","Berserk"],"picked":"Demon Form","floor":16.0},{"not_picked":["Power Through","Flex","Sword Boomerang"],"picked":"SKIP","floor":18.0},{"not_picked":["True Grit","Combust"],"picked":"Searing Blow+1","floor":19.0},{"not_picked":["Searing Blow","Fire Breathing","Second Wind+1"],"picked":"SKIP","floor":29.0},{"not_picked":["True Grit","Uppercut"],"picked":"Heavy Blade","floor":30.0},{"not_picked":["Thunderclap","Twin Strike"],"picked":"Pummel","floor":31.0},{"not_picked":["Corruption","Barricade"],"picked":"Offering","floor":33},{"not_picked":["Pummel","Clothesline+1","Anger+1"],"picked":"SKIP","floor":35},{"not_picked":["Clothesline","Pommel Strike+1"],"picked":"Shrug It Off+1","floor":36},{"not_picked":["Iron Wave+1","Sword Boomerang+1","Shrug It Off"],"picked":"SKIP","floor":39},{"not_picked":["Pommel Strike","Ghostly Armor+1","Thunderclap+1"],"picked":"SKIP","floor":41},{"not_picked":["Evolve","Body Slam+1"],"picked":"Impervious","floor":44},{"not_picked":["Flame Barrier+1","Blood for Blood","Feel No Pain+1"],"picked":"SKIP","floor":45},{"not_picked":["Twin Strike","Infernal Blade+1","Burning Pact+1"],"picked":"SKIP","floor":47},{"not_picked":["Cleave","Sword Boomerang+1","Flex+1"],"picked":"SKIP","floor":48}],"player_experience":340506,"relics_obtained":[{"floor":3.0,"key":"InkBottle"},{"floor":7.0,"key":"Potion Belt"},{"floor":9.0,"key":"Bird Faced Urn"},{"floor":12.0,"key":"Boot"},{"floor":14.0,"key":"Strawberry"},{"floor":26.0,"key":"Nunchaku"},{"floor":29.0,"key":"Meat on the Bone"},{"floor":31.0,"key":"TungstenRod"},{"floor":38,"key":"Incense Burner"},{"floor":41,"key":"PreservedInsect"},{"floor":43,"key":"Red Skull"}],"event_choices":[{"damage_healed":26.0,"max_hp_gain":0.0,"max_hp_loss":0.0,"gold_gain":0.0,"event_name":"Big Fish","player_choice":"Banana","floor":13.0,"gold_loss":0.0,"damage_taken":0.0},{"damage_healed":0.0,"max_hp_gain":0.0,"max_hp_loss":0.0,"gold_gain":0.0,"event_name":"Lab","player_choice":"Got Potions","floor":21.0,"gold_loss":0.0,"damage_taken":0.0},{"damage_healed":0,"gold_gain":0,"player_choice":"Paid","damage_taken":0,"relics_obtained":["Red Mask"],"max_hp_gain":0,"max_hp_loss":0,"event_name":"Tomb of Lord Red Mask","floor":37,"gold_loss":10},{"damage_healed":0,"gold_gain":0,"player_choice":"Fight","damage_taken":0,"max_hp_gain":0,"max_hp_loss":0,"event_name":"MindBloom","floor":38,"gold_loss":0}],"is_beta":false,"boss_relics":[{"not_picked":["Runic Pyramid","Calling Bell"],"picked":"Ectoplasm"},{"not_picked":["Velvet Choker","Runic Cube"],"picked":"SlaversCollar"}],"items_purged_floors":[10,20],"is_endless":false,"potions_floor_spawned":[5,7,8,12,14,18,29,30,39,41,48],"ascension_level":7}}