{"host":"q0ozth74idsfmf0a","time":1609224532,"event":{"mods":["BaseMod","Colored Powertips","Downfall","Minty Spire (QoL Compilation)","Relic Stats","StSLib"],"gold_per_floor":[99,110,110,128,5,105,177,193,222,222,222,234,234,267,287,391,391,391,409,17,29,29,29,29,64,164,199,199,225,18,18,36,156,156,81,97,97,112,104,104,130,180,215,65,93,15,15,26,40,40,40,72,2,2,2],"floor_reached":56,"playtime":5727,"items_purged":["sneckomod:Strike","sneckomod:Unknown"],"score":1519,"play_id":"26eb316b-042f-48b9-94b2-926530fe9d88","local_time":"20201229014852","is_ascension_mode":false,"campfire_choices":[{"data":"sneckomod:SnekBite","floor":1,"key":"SMITH"},{"floor":13,"key":"REST"},{"data":"sneckomod:SnakeSap","floor":18,"key":"SMITH"},{"data":"sneckomod:MorePower","floor":23,"key":"SMITH"},{"floor":28,"key":"REST"},{"floor":35,"key":"RECALL"},{"data":"1","floor":44,"key":"LIFT"},{"data":"2","floor":47,"key":"LIFT"},{"floor":54,"key":"REST"}],"circlet_count":0,"master_deck":["sneckomod:TailWhip","sneckomod:SnekBite+1","sneckomod:Unknown+1","sneckomod:ImprovisedGuard+1","sneckomod:SoulCleanse+1","sneckomod:SnakeSap+1","sneckomod:Unknown0Cost+1","sneckomod:UnknownCommonSkill+1","sneckomod:QuickMove+1","sneckomod:UnknownWeak+1","sneckomod:SerpentIdol+1","sneckomod:Unknown3Cost+1","sneckomod:UnknownCommonSkill+1","sneckomod:Restock+1","sneckomod:Nope+1","sneckomod:UnknownClassPURPLE+1","sneckomod:MorePower+1","sneckomod:UnknownRareSkill+1","sneckomod:UnknownClassTHE_CHAMP_GRAY+1","sneckomod:UnknownRareAttack+1","sneckomod:ImprovisedAttack","sneckomod:UnknownWeak+1","sneckomod:UnknownWeak+1","sneckomod:UnknownClassRED+1","sneckomod:UnknownRareSkill+1","sneckomod:UnknownUncommonPower+1","sneckomod:Unknown1Cost+1","sneckomod:UnknownStrength+1","sneckomod:RainOfDice+1","sneckomod:UnknownWeak+1","sneckomod:UnknownClassBLUE+1","sneckomod:UnknownUncommonSkill+1","sneckomod:UnknownExhaust+1","sneckomod:UnknownClassGUARDIAN+1","sneckomod:SerpentIdol+1","Transmutation+1","sneckomod:UnknownClassHEXA_GHOST_PURPLE+1","sneckomod:UnknownClassBLUE+1","sneckomod:Unknown3Cost+1","sneckomod:SnekBeam+1","sneckomod:CheapStock+1","sneckomod:UnknownColorless+1","sneckomod:UnknownClassGUARDIAN+1","sneckomod:UnknownUncommonAttack+1","sneckomod:UnknownUncommonSkill+1","sneckomod:UnknownRareSkill+1","sneckomod:UnknownRarePower+1","sneckomod:UnknownClassGUARDIAN+1","sneckomod:Unknown3Cost+1","sneckomod:UnknownRareAttack+1","sneckomod:SnekBeam"],"relics":["sneckomod:SneckoSoul","Toxic Egg 2","Mummified Hand","Ancient Tea Set","Boot","SacredBark","Membership Card","Toy Ornithopter","sneckomod:LoadedDie","FossilizedHelix","Sundial","Pen Nib","Kunai","Regal Pillow","Fusion Hammer","downfall:HeartBlessingGreen","sneckomod:UnknownEgg","Lizard Tail","Girya","Lantern","downfall:HeartBlessingRed","downfall:HeartBlessingBlue","Ornamental Fan","Chemical X","Vajra"],"acts_visited":["Exordium","TheCity","TheBeyond","TheEnding"],"potions_floor_usage":[15,19,20,25,27,27,29,42,45,49,52,52,55,55],"damage_taken":[{"damage":0,"enemies":"Cultist","floor":2,"turns":2},{"damage":15,"enemies":"Jaw Worm","floor":4,"turns":4},{"damage":3,"enemies":"downfall:FleeingMerchant","floor":5,"turns":4},{"damage":2,"enemies":"2 Louse","floor":8,"turns":3},{"damage":10,"enemies":"3 Sentries","floor":9,"turns":8},{"damage":0,"enemies":"2 Fungi Beasts","floor":12,"turns":3},{"damage":31,"enemies":"Gremlin Nob","floor":14,"turns":5},{"damage":9,"enemies":"Exordium Wildlife","floor":15,"turns":2},{"damage":0,"enemies":"downfall:Watcher","floor":16,"turns":10},{"damage":0,"enemies":"Chosen","floor":19,"turns":8},{"damage":20,"enemies":"downfall:FleeingMerchant","floor":20,"turns":4},{"damage":8,"enemies":"3 Byrds","floor":21,"turns":6},{"damage":4,"enemies":"Slavers","floor":25,"turns":5},{"damage":59,"enemies":"downfall:Defect","floor":26,"turns":6},{"damage":41,"enemies":"Gremlin Leader","floor":27,"turns":5},{"damage":9,"enemies":"Slavers","floor":29,"turns":2},{"damage":0,"enemies":"downfall:FleeingMerchant","floor":30,"turns":4},{"damage":8,"enemies":"Cultist and Chosen","floor":32,"turns":3},{"damage":41,"enemies":"downfall:Ironclad","floor":33,"turns":6},{"damage":0,"enemies":"Orb Walker","floor":36,"turns":3},{"damage":0,"enemies":"3 Shapes","floor":38,"turns":2},{"damage":0,"enemies":"downfall:FleeingMerchant","floor":39,"turns":4},{"damage":0,"enemies":"Mind Bloom Boss Battle","floor":42,"turns":4},{"damage":9,"enemies":"Reptomancer","floor":43,"turns":5},{"damage":5,"enemies":"Giant Head","floor":45,"turns":4},{"damage":1,"enemies":"Spire Growth","floor":48,"turns":4},{"damage":9,"enemies":"Sphere and 2 Shapes","floor":49,"turns":3},{"damage":30,"enemies":"downfall:Silent","floor":50,"turns":5},{"damage":91,"enemies":"downfall:CharBossMerchant","floor":52,"turns":8},{"damage":39,"enemies":"downfall:NeowBoss","floor":55,"turns":23}],"seed_played":"-335318962773328733","potions_obtained":[{"floor":2,"key":"sneckomod:DiceRollPotion"},{"floor":8,"key":"ColorlessPotion"},{"floor":9,"key":"DuplicationPotion"},{"floor":16,"key":"EssenceOfSteel"},{"floor":19,"key":"Swift Potion"},{"floor":21,"key":"Fruit Juice"},{"floor":29,"key":"ColorlessPotion"},{"floor":33,"key":"BlessingOfTheForge"},{"floor":43,"key":"GamblersBrew"},{"floor":45,"key":"ColorlessPotion"},{"floor":48,"key":"LiquidBronze"}],"is_trial":false,"path_per_floor":["R","M","T","M","$","?","T","M","E","?","?","M","R","E","M","B",null,"R","M","$","M","?","R","T","E","?","E","R","E","$","?","M","B",null,"R","M","?","M","$","?","T","?","E","R","E","?","R","M","M","B",null,"E","$","R","B",null],"character_chosen":"THE_SNECKO","items_purchased":["sneckomod:Unknown0Cost+1","sneckomod:UnknownCommonSkill+1","Membership Card","sneckomod:MorePower","sneckomod:UnknownRareSkill+1","sneckomod:UnknownClassTHE_CHAMP_GRAY+1","sneckomod:SerpentIdol+1","Transmutation+1","Regal Pillow","sneckomod:UnknownEgg","Lizard Tail","sneckomod:UnknownUncommonAttack+1","sneckomod:UnknownUncommonSkill+1","Chemical X","sneckomod:SnekBeam"],"campfire_rested":3,"item_purchase_floors":[5,5,20,20,20,20,30,30,30,39,39,39,39,46,53],"current_hp_per_floor":[99,99,99,84,83,83,83,81,72,72,72,72,102,72,68,68,104,104,104,107,100,105,105,105,108,57,68,106,103,105,105,109,70,134,134,134,134,134,138,138,138,139,132,142,151,151,151,151,144,114,153,67,67,127,108],"gold":2,"neow_bonus":"TEN_PERCENT_HP_BONUS","is_daily":false,"chose_seed":false,"campfire_upgraded":3,"win_rate":0.0,"timestamp":1609224532,"path_taken":["R","M","?","M","$","?","T","M","E","?","?","M","R","E","M","BOSS","R","M","$","M","?","R","T","E","?","E","R","E","?","?","M","BOSS","R","M","?","M","$","?","T","?","E","R","E","?","R","M","M","BOSS","E","$","R","BOSS"],"items_purchased_type":["Card","Card","Relic","Card","Card","Card","Card","Card","Relic","Relic","Relic","Card","Card","Relic","Card"],"build_version":"2020-12-22","purchased_purges":2,"victory":true,"max_hp_per_floor":[99,99,99,99,101,101,101,101,102,102,102,102,102,103,104,104,104,104,104,107,108,113,113,113,115,116,128,128,129,131,131,132,134,134,134,134,134,134,138,138,138,139,141,151,151,151,151,152,153,153,153,153,153,153,153],"relic_stats":{"Regal Pillow":15,"Lizard Tail":0,"counters":[30,155],"Mummified Hand":[112],"Sundial":[2],"Ornamental Fan":[56],"Pen Nib":[16],"Kunai":[22],"Chemical X":[5],"Boot":[49],"obtain_stats":[{"Regal Pillow":30,"Lantern":43,"sneckomod:LoadedDie":25,"SacredBark":17,"Vajra":52,"downfall:HeartBlessingGreen":35,"sneckomod:SneckoSoul":0,"Ancient Tea Set":9,"Boot":14,"Lizard Tail":39,"Mummified Hand":7,"Sundial":26,"downfall:HeartBlessingBlue":44,"Fusion Hammer":34,"Kunai":29,"Chemical X":46,"Toxic Egg 2":3,"Girya":42,"downfall:HeartBlessingRed":44,"sneckomod:UnknownEgg":39,"Pen Nib":27,"Ornamental Fan":45,"Membership Card":20,"Toy Ornithopter":24,"FossilizedHelix":26},{"Regal Pillow":17,"Lantern":24,"sneckomod:LoadedDie":13,"SacredBark":9,"Vajra":29,"downfall:HeartBlessingGreen":19,"sneckomod:SneckoSoul":0,"Ancient Tea Set":5,"Boot":7,"Lizard Tail":22,"Mummified Hand":3,"Sundial":14,"downfall:HeartBlessingBlue":24,"Fusion Hammer":19,"Kunai":16,"Chemical X":25,"Toxic Egg 2":1,"Girya":23,"downfall:HeartBlessingRed":24,"sneckomod:UnknownEgg":22,"Pen Nib":15,"Ornamental Fan":25,"Membership Card":11,"Toy Ornithopter":12,"FossilizedHelix":14},{"Regal Pillow":81,"Lantern":108,"sneckomod:LoadedDie":64,"SacredBark":41,"Vajra":132,"downfall:HeartBlessingGreen":90,"sneckomod:SneckoSoul":0,"Ancient Tea Set":21,"Boot":29,"Lizard Tail":99,"Mummified Hand":10,"Sundial":70,"downfall:HeartBlessingBlue":108,"Fusion Hammer":90,"Kunai":77,"Chemical X":112,"Toxic Egg 2":2,"Girya":103,"downfall:HeartBlessingRed":108,"sneckomod:UnknownEgg":99,"Pen Nib":75,"Ornamental Fan":112,"Membership Card":53,"Toy Ornithopter":59,"FossilizedHelix":70}],"Toy Ornithopter":41},"card_choices":[{"not_picked":["sneckomod:UnknownVulnerable","sneckomod:QuickBite"],"picked":"sneckomod:ImprovisedGuard","floor":2},{"not_picked":["sneckomod:DiceBlock+1","sneckomod:UnknownCommonAttack"],"picked":"sneckomod:SoulCleanse+1","floor":4},{"not_picked":["sneckomod:QuickBite","sneckomod:SerpentMind"],"picked":"sneckomod:SnakeSap","floor":5},{"not_picked":["sneckomod:UnknownEthereal+1","sneckomod:WideSting"],"picked":"sneckomod:QuickMove+1","floor":8},{"not_picked":["sneckomod:UnknownClassRED+1","sneckomod:SnekBeam"],"picked":"sneckomod:UnknownWeak+1","floor":9},{"not_picked":["sneckomod:SoulDraw+1","sneckomod:UnknownClassBLUE+1"],"picked":"sneckomod:SerpentIdol+1","floor":12},{"not_picked":["sneckomod:UnknownClassGUARDIAN+1","sneckomod:UnknownVulnerable+1"],"picked":"sneckomod:Unknown3Cost+1","floor":14},{"not_picked":["sneckomod:UnknownClassSLIMEBOUND+1","sneckomod:SlitherStrike"],"picked":"sneckomod:UnknownCommonSkill+1","floor":15},{"not_picked":["sneckomod:DangerNoodle","sneckomod:SoulExchange+1"],"picked":"sneckomod:Restock+1","floor":16},{"not_picked":["sneckomod:DiceBlock+1","sneckomod:UnknownUncommonAttack+1"],"picked":"sneckomod:Nope+1","floor":19},{"not_picked":["sneckomod:MasterEye+1","sneckomod:SlitherStrike"],"picked":"sneckomod:UnknownClassPURPLE+1","floor":20},{"not_picked":["sneckomod:Unknown0Cost+1","sneckomod:UnknownStrength+1"],"picked":"sneckomod:UnknownRareAttack+1","floor":21},{"not_picked":["sneckomod:DiceCrush","sneckomod:MasterEye+1"],"picked":"sneckomod:ImprovisedAttack","floor":21},{"not_picked":["sneckomod:UnknownStrength+1","sneckomod:Unknown+1"],"picked":"sneckomod:UnknownUncommonPower+1","floor":25},{"not_picked":["sneckomod:DiceBoulder","sneckomod:UnknownCommonAttack"],"picked":"sneckomod:Unknown1Cost+1","floor":25},{"not_picked":["sneckomod:UnknownClassGUARDIAN+1","sneckomod:UnknownVulnerable+1"],"picked":"sneckomod:UnknownStrength+1","floor":26},{"not_picked":["sneckomod:UnknownCommonSkill+1","sneckomod:Nope+1"],"picked":"sneckomod:RainOfDice+1","floor":26},{"not_picked":["sneckomod:Unknown2Cost+1","sneckomod:UnknownEthereal+1"],"picked":"sneckomod:UnknownWeak+1","floor":27},{"not_picked":["sneckomod:Unknown2Cost+1","sneckomod:UnknownX+1"],"picked":"sneckomod:UnknownClassBLUE+1","floor":27},{"not_picked":["sneckomod:UnknownWeak+1","sneckomod:UnknownUncommonAttack"],"picked":"sneckomod:UnknownUncommonSkill+1","floor":29},{"not_picked":["sneckomod:UnknownUncommonSkill+1","sneckomod:UnknownWeak+1"],"picked":"sneckomod:UnknownExhaust+1","floor":30},{"not_picked":["sneckomod:Nope+1","sneckomod:SoulDraw+1"],"picked":"sneckomod:UnknownClassGUARDIAN+1","floor":30},{"not_picked":["sneckomod:Nope+1","sneckomod:UnknownUncommonAttack"],"picked":"sneckomod:UnknownClassHEXA_GHOST_PURPLE+1","floor":32},{"not_picked":["sneckomod:UnknownExhaust+1","sneckomod:UnknownUncommonSkill+1"],"picked":"sneckomod:UnknownClassBLUE+1","floor":33},{"not_picked":["sneckomod:Mudshield","sneckomod:Restock+1"],"picked":"sneckomod:Unknown3Cost+1","floor":33},{"not_picked":["sneckomod:UnknownStrike+1","sneckomod:Unknown0Cost+1"],"picked":"sneckomod:SnekBeam+1","floor":36},{"not_picked":["sneckomod:WideSting+1","sneckomod:RainOfDice"],"picked":"sneckomod:CheapStock+1","floor":38},{"not_picked":["sneckomod:UnknownCommonSkill+1","sneckomod:UnknownClassSLIMEBOUND+1","sneckomod:UnknownStrike+1"],"picked":"SKIP","floor":38},{"not_picked":["sneckomod:UnknownUncommonPower+1","sneckomod:UnknownClassPURPLE+1"],"picked":"sneckomod:UnknownColorless+1","floor":39},{"not_picked":["sneckomod:SoulExchange+1","sneckomod:UnknownExhaust+1"],"picked":"sneckomod:UnknownClassGUARDIAN+1","floor":39},{"not_picked":["sneckomod:UnknownEthereal+1","sneckomod:UnknownClassHEXA_GHOST_PURPLE+1"],"picked":"sneckomod:UnknownRareSkill+1","floor":42},{"not_picked":["sneckomod:Unknown+1","sneckomod:UnknownVulnerable+1"],"picked":"sneckomod:UnknownRarePower+1","floor":43},{"not_picked":["sneckomod:UnknownCommonSkill+1","sneckomod:UnknownClassGREEN+1"],"picked":"sneckomod:UnknownClassGUARDIAN+1","floor":43},{"not_picked":["sneckomod:UnknownStrike+1","sneckomod:RainOfDice+1","sneckomod:DiceBlock+1"],"picked":"SKIP","floor":45},{"not_picked":["sneckomod:Unknown2Cost+1","sneckomod:UnknownUncommonAttack+1"],"picked":"sneckomod:Unknown3Cost+1","floor":48},{"not_picked":["sneckomod:WideSting","sneckomod:UnknownUncommonAttack+1","sneckomod:UnknownVulnerable+1"],"picked":"SKIP","floor":48},{"not_picked":["sneckomod:Unknown0Cost+1","sneckomod:UnknownRareSkill+1"],"picked":"sneckomod:UnknownRareAttack+1","floor":49},{"not_picked":["sneckomod:CheapStock","sneckomod:Nope+1","sneckomod:Unknown1Cost+1"],"picked":"SKIP","floor":49},{"not_picked":["sneckomod:WideSting+1","sneckomod:SoulDraw+1","sneckomod:ImprovisedGuard+1"],"picked":"SKIP","floor":52}],"player_experience":27796,"relics_obtained":[{"floor":3,"key":"Toxic Egg 2"},{"floor":7,"key":"Mummified Hand"},{"floor":9,"key":"Ancient Tea Set"},{"floor":14,"key":"Boot"},{"floor":24,"key":"Toy Ornithopter"},{"floor":25,"key":"sneckomod:LoadedDie"},{"floor":26,"key":"FossilizedHelix"},{"floor":26,"key":"Sundial"},{"floor":27,"key":"Pen Nib"},{"floor":29,"key":"Kunai"},{"floor":42,"key":"Girya"},{"floor":43,"key":"Lantern"},{"floor":45,"key":"Ornamental Fan"},{"floor":52,"key":"Vajra"}],"event_choices":[{"damage_healed":0,"gold_gain":0,"player_choice":"Grow","damage_taken":0,"max_hp_gain":0,"max_hp_loss":0,"event_name":"Living Wall","floor":10,"gold_loss":0,"cards_upgraded":["sneckomod:ImprovisedGuard"]},{"damage_healed":0,"gold_gain":0,"player_choice":"Ignored","damage_taken":0,"max_hp_gain":0,"max_hp_loss":0,"event_name":"Vampires","floor":31,"gold_loss":0},{"cards_removed":["sneckomod:UnknownClassTHE_CHAMP_GRAY"],"damage_healed":0,"gold_gain":0,"player_choice":"Removed Skill","damage_taken":0,"max_hp_gain":0,"max_hp_loss":0,"event_name":"Falling","floor":40,"gold_loss":0}],"is_beta":false,"boss_relics":[{"not_picked":["Empty Cage","Cursed Key"],"picked":"SacredBark"},{"not_picked":["Busted Crown","Runic Dome"],"picked":"Fusion Hammer"}],"items_purged_floors":[20,53],"is_endless":false,"potions_floor_spawned":[2,8,9,16,19,21,29,33,43,45,48,49],"ascension_level":0}}