{"host":"pbf6u3tyx46snqc7","time":1609274308,"event":{"mods":["AchievementEnabler","BaseMod","Colored Map","Minty Spire (QoL Compilation)","Rare Cards Sparkle","SuperFastMode"],"gold_per_floor":[116,129,142,417,431,431,449,474,500,500,530,530,530,544,544,619,619,639,651,86,98,12,32,32,61,61,61,73,73,88,122,122,122,122],"floor_reached":33,"playtime":2028,"items_purged":["Regret"],"score":578,"play_id":"aaac2fbe-4791-4e74-aadc-05f830843387","local_time":"20201230053828","is_ascension_mode":true,"campfire_choices":[{"data":"Chaos","floor":6.0,"key":"SMITH"},{"floor":10.0,"key":"REST"},{"data":"Dualcast","floor":12.0,"key":"SMITH"},{"floor":15.0,"key":"REST"},{"data":"Fusion","floor":24.0,"key":"SMITH"},{"floor":29.0,"key":"REST"},{"floor":32.0,"key":"REST"}],"circlet_count":0,"master_deck":["AscendersBane","Zap","Dualcast+1","Doom and Gloom","Consume+1","Chaos+1","Cold Snap","Capacitor","Loop","Turbo","FTL","Static Discharge","Fusion+1","Rainbow","Meteor Strike","Gash","Heatsinks","Undo","Compile Driver","FTL","Hologram","Melter","Ghostly","Ghostly","Ghostly","Chill","Sunder"],"relics":["Cracked Core","NeowsBlessing","Odd Mushroom","Bag of Marbles","Oddly Smooth Stone","Pandora\u0027s Box","Lee\u0027s Waffle","PreservedInsect","MealTicket","Lantern","Smiling Mask","Blood Vial"],"acts_visited":["Exordium","TheCity"],"potions_floor_usage":[],"damage_taken":[{"damage":0.0,"enemies":"Cultist","floor":1.0,"turns":1.0},{"damage":0.0,"enemies":"2 Louse","floor":2.0,"turns":1.0},{"damage":0.0,"enemies":"Small Slimes","floor":3.0,"turns":1.0},{"damage":8.0,"enemies":"2 Fungi Beasts","floor":5.0,"turns":3.0},{"damage":12.0,"enemies":"Lots of Slimes","floor":7.0,"turns":2.0},{"damage":15.0,"enemies":"The Mushroom Lair","floor":8.0,"turns":3.0},{"damage":33.0,"enemies":"Gremlin Nob","floor":11.0,"turns":5.0},{"damage":0.0,"enemies":"Looter","floor":14.0,"turns":2.0},{"damage":33.0,"enemies":"The Guardian","floor":16.0,"turns":9.0},{"damage":6.0,"enemies":"3 Byrds","floor":18.0,"turns":2.0},{"damage":14.0,"enemies":"Shell Parasite","floor":19.0,"turns":7.0},{"damage":20.0,"enemies":"Centurion and Healer","floor":21.0,"turns":8.0},{"damage":22.0,"enemies":"Snake Plant","floor":23.0,"turns":4.0},{"damage":12.0,"enemies":"Book of Stabbing","floor":25.0,"turns":5.0},{"damage":28.0,"enemies":"Cultist and Chosen","floor":28.0,"turns":7.0},{"damage":17.0,"enemies":"Chosen and Byrds","floor":30.0,"turns":7.0},{"damage":2.0,"enemies":"Slavers","floor":31.0,"turns":5.0},{"damage":22,"enemies":"Automaton","floor":33,"turns":6}],"seed_played":"-1258189642928389579","potions_obtained":[{"floor":7.0,"key":"SkillPotion"},{"floor":8.0,"key":"ColorlessPotion"},{"floor":11.0,"key":"SkillPotion"},{"floor":14.0,"key":"Block Potion"},{"floor":21.0,"key":"SpeedPotion"},{"floor":23.0,"key":"AttackPotion"},{"floor":30.0,"key":"AttackPotion"}],"is_trial":false,"path_per_floor":["M","M","M","?","M","R","M","?","T","R","E","R","?","M","R","B",null,"M","M","$","M","$","M","R","E","T","?","M","R","M","E","R","B"],"character_chosen":"DEFECT","items_purchased":["Lee\u0027s Waffle","PreservedInsect","MealTicket","FTL"],"campfire_rested":4,"item_purchase_floors":[20,20,20,22],"current_hp_per_floor":[64,64,64,64,56,56,44,29,29,50,17,17,17,17,38,5,55,49,35,78,58,73,51,51,39,39,39,11,22,5,3,14,0,0],"gold":122,"neow_bonus":"THREE_ENEMY_KILL","is_daily":false,"chose_seed":false,"campfire_upgraded":3,"win_rate":0.0,"timestamp":1609274308,"path_taken":["M","M","?","?","?","R","M","?","T","R","E","R","?","M","R","BOSS","M","?","$","M","$","M","R","E","T","?","M","R","M","E","R","BOSS"],"items_purchased_type":["Relic","Relic","Relic","Card"],"build_version":"2020-12-22","purchased_purges":1,"victory":false,"max_hp_per_floor":[71,71,71,71,71,71,71,71,71,71,71,71,71,71,71,71,71,71,71,78,78,78,78,78,78,78,39,39,39,39,39,39,39,39],"card_choices":[{"not_picked":["Rebound","Barrage"],"picked":"Doom and Gloom","floor":1.0},{"not_picked":["Rebound","Leap","All For One"],"picked":"SKIP","floor":2.0},{"not_picked":["Compile Driver","Coolheaded"],"picked":"Consume","floor":3.0},{"not_picked":["Scrape","Storm"],"picked":"Chaos","floor":5.0},{"not_picked":["BootSequence","Hologram"],"picked":"Cold Snap","floor":7.0},{"not_picked":["Reprogram","Gash"],"picked":"Capacitor","floor":8.0},{"not_picked":["Go for the Eyes","Storm","Doom and Gloom"],"picked":"SKIP","floor":11.0},{"not_picked":["Melter","Stack"],"picked":"Loop","floor":14.0},{"not_picked":["Sweeping Beam","Capacitor"],"picked":"Undo","floor":18.0},{"not_picked":["Heatsinks","Barrage"],"picked":"Compile Driver","floor":19.0},{"not_picked":["Scrape","Hello World","Auto Shields"],"picked":"SKIP","floor":21.0},{"not_picked":["Go for the Eyes","Leap"],"picked":"Hologram","floor":23.0},{"not_picked":["Gash","Doom and Gloom"],"picked":"Melter","floor":25.0},{"not_picked":["Go for the Eyes","Consume"],"picked":"Chill","floor":28.0},{"not_picked":["Scrape","Rebound"],"picked":"Sunder","floor":30.0},{"not_picked":["Beam Cell","Hologram","Static Discharge"],"picked":"SKIP","floor":31.0}],"player_experience":363910,"relics_obtained":[{"floor":8.0,"key":"Odd Mushroom"},{"floor":9.0,"key":"Bag of Marbles"},{"floor":11.0,"key":"Oddly Smooth Stone"},{"floor":25.0,"key":"Lantern"},{"floor":26.0,"key":"Smiling Mask"},{"floor":31.0,"key":"Blood Vial"}],"event_choices":[{"damage_healed":0.0,"max_hp_gain":0.0,"max_hp_loss":0.0,"gold_gain":275.0,"event_name":"Golden Shrine","player_choice":"Desecrate","floor":4.0,"gold_loss":0.0,"damage_taken":0.0,"cards_obtained":["Regret"]},{"damage_healed":0.0,"max_hp_gain":0.0,"max_hp_loss":0.0,"gold_gain":0.0,"event_name":"Mushrooms","player_choice":"Fought Mushrooms","floor":8.0,"gold_loss":0.0,"damage_taken":0.0},{"damage_healed":0.0,"max_hp_gain":0.0,"max_hp_loss":0.0,"gold_gain":0.0,"event_name":"Accursed Blacksmith","player_choice":"Forge","floor":13.0,"gold_loss":0.0,"damage_taken":0.0,"cards_upgraded":["Consume"]},{"damage_healed":0.0,"max_hp_gain":0.0,"max_hp_loss":39.0,"gold_gain":0.0,"event_name":"Ghosts","player_choice":"Became a Ghost","floor":27.0,"gold_loss":0.0,"damage_taken":0.0,"cards_obtained":["Ghostly","Ghostly","Ghostly"]}],"is_beta":false,"boss_relics":[{"not_picked":["Black Star","SacredBark"],"picked":"Pandora\u0027s Box"}],"items_purged_floors":[20],"is_endless":false,"potions_floor_spawned":[7,8,11,14,21,23,30],"killed_by":"Automaton","ascension_level":20}}