{"host":"61ejhfsushs0xmcl","time":1609246694,"event":{"mods":["ATMod(阿瑾Mod)","Act Like it!","BaseMod","Colored Map","Gensokyo","Gold Saver","Marisa（F雨　魔理沙）","Minty Spire (QoL Compilation)","MostiFishMod","Pale of the Ancients","Spicy Shops","StSLib","TestMod","Waifu the Spire","【遗物卡牌】REMEMod","篝火指南"],"gold_per_floor":[110,35,49,63,75,75,75,75,100,135,210,210,135,169,169,245,245,256,275,275,290,303,332,332,348,348,377,387,420,420,420,420,494,494,513,513,513,513],"floor_reached":37,"playtime":1071,"items_purged":["Defend_P"],"score":1124,"play_id":"47a676e3-eae2-4b7d-8171-f9985ce39988","local_time":"20201229205814","is_ascension_mode":true,"campfire_choices":[{"data":"Eruption","floor":6.0,"key":"SMITH"},{"data":"AT_DrawKnifeCut","floor":8.0,"key":"SMITH"},{"data":"AT_MachinaRedman","floor":12.0,"key":"SMITH"},{"data":"Ragnarok","floor":15.0,"key":"SMITH"},{"data":"Adaptation","floor":24.0,"key":"SMITH"},{"floor":30.0,"key":"RECALL"},{"data":"Wallop","floor":32.0,"key":"SMITH"}],"circlet_count":0,"master_deck":["AscendersBane","Strike_P+1","Strike_P","Strike_P+1","Defend_P","Eruption+1","Vigilance","AT_DrawKnifeCut+1","FlurryOfBlows+1","Pray+1","AT_MachinaRedman+1","Ragnarok+1","LessonLearned+1","MostiFishMod:LegendTransform+1","Adaptation+1","WheelKick+1","CutThroughFate+1","AT_ChampionStep+1","Wallop+1","Tantrum","MostiFishMod:DisColor"],"relics":["HolyWater","testmod-TestBox","AT_ATBox","NeowsBlessing","testmod-EqualTreatment","RhineSuit","SynthV:TestCard","AT_SunfireAegis","AT_RedTearstoneRing","testmod-Fanaticism","Question Card","Frozen Egg 2","testmod-AssaultLearning","DaveBox","xbg"],"acts_visited":["Exordium","TheCity","TheBeyond"],"potions_floor_usage":[],"damage_taken":[{"damage":0.0,"enemies":"Cultist","floor":1.0,"turns":1.0},{"damage":0.0,"enemies":"2 Louse","floor":3.0,"turns":1.0},{"damage":0.0,"enemies":"Small Slimes","floor":4.0,"turns":1.0},{"damage":4.0,"enemies":"Red Slaver","floor":5.0,"turns":2.0},{"damage":0.0,"enemies":"Gremlin Nob","floor":10.0,"turns":2.0},{"damage":0.0,"enemies":"Lagavulin","floor":14.0,"turns":2.0},{"damage":2.0,"enemies":"Slime Boss","floor":16.0,"turns":3.0},{"damage":14.0,"enemies":"Spheric Guardian","floor":18.0,"turns":3.0},{"damage":3.0,"enemies":"Chosen","floor":19.0,"turns":3.0},{"damage":21.0,"enemies":"Shelled Parasite and Fungi","floor":21.0,"turns":2.0},{"damage":12.0,"enemies":"3 Cultists","floor":22.0,"turns":3.0},{"damage":42.0,"enemies":"Book of Stabbing","floor":23.0,"turns":3.0},{"damage":40.0,"enemies":"Snake Plant","floor":25.0,"turns":2.0},{"damage":44.0,"enemies":"Slavers","floor":27.0,"turns":3.0},{"damage":46.0,"enemies":"Centurion and Healer","floor":28.0,"turns":3.0},{"damage":9.0,"enemies":"Gremlin Leader","floor":29.0,"turns":2.0},{"damage":28.0,"enemies":"Collector","floor":33.0,"turns":4.0},{"damage":22.0,"enemies":"3 Shapes","floor":35.0,"turns":3.0}],"seed_played":"-1174220197989025152","potions_obtained":[{"floor":4.0,"key":"GamblersBrew"},{"floor":5.0,"key":"testmod-TestPotion"},{"floor":19.0,"key":"Swift Potion"},{"floor":25.0,"key":"FairyPotion"},{"floor":29.0,"key":"BottledMiracle"}],"is_trial":false,"path_per_floor":["M","$","M","M","M","R","?","R","T","E","?","R","?","E","R","B",null,"M","M","?","M","M","E","R","M","T","E","M","E","R","?","R","B",null,"M","?","$"],"character_chosen":"WATCHER","items_purchased":[],"campfire_rested":0,"item_purchase_floors":[],"current_hp_per_floor":[61,61,61,61,57,57,57,57,57,57,46,46,46,46,46,44,62,53,50,50,44,36,68,68,68,68,68,68,68,68,68,68,43,62,68,68,68,68],"gold":513,"neow_bonus":"THREE_ENEMY_KILL","is_daily":false,"chose_seed":false,"campfire_upgraded":6,"win_rate":0.0,"timestamp":1609246694,"path_taken":["M","$","M","?","M","R","?","R","T","E","?","R","?","E","R","BOSS","M","M","?","M","?","E","R","M","T","E","M","E","R","?","R","BOSS","M","?","$"],"items_purchased_type":[],"build_version":"2020-12-22","purchased_purges":1,"victory":false,"max_hp_per_floor":[68,68,68,68,68,68,68,68,68,68,68,68,68,68,68,68,68,68,68,68,68,68,68,68,68,68,68,68,68,68,68,68,68,68,68,68,68,68],"card_choices":[{"not_picked":["Evaluate","Perseverance"],"picked":"FlurryOfBlows","floor":1.0},{"not_picked":["WreathOfFlame","JustLucky","CrushJoints","MostiFishMod:Speedup"],"picked":"Pray","floor":3.0},{"not_picked":["AT_SoftenMuscles","Consecrate","DeceiveReality","Protect","Prostrate"],"picked":"SKIP","floor":4.0},{"not_picked":["EmptyFist","Conclude","Halt","Protect"],"picked":"AT_MachinaRedman","floor":5.0},{"not_picked":["MostiFishMod:Clarity","ForeignInfluence","Halt","ReachHeaven","SpiritShield"],"picked":"SKIP","floor":10.0},{"not_picked":["InnerPeace","Pray","Evaluate","JustLucky"],"picked":"Ragnarok","floor":14.0},{"not_picked":["MostiFishMod:Disappear","Judgement","AT_IrregularMenstruation","MostiFishMod:StarLaLaLa"],"picked":"LessonLearned","floor":16.0},{"not_picked":["PathToVictory","EmptyBody+1","Consecrate+1","ThirdEye"],"picked":"MostiFishMod:LegendTransform","floor":18.0},{"not_picked":["BowlingBash","ClearTheMind","EmptyMind","EmptyFist"],"picked":"Adaptation","floor":19.0},{"not_picked":["Wireheading","SashWhip","Weave","PathToVictory"],"picked":"WheelKick+1","floor":21.0},{"not_picked":["AT_SoftenMuscles","CrushJoints","Study","Protect"],"picked":"CutThroughFate+1","floor":22.0},{"not_picked":["Consecrate","CrushJoints","Study","Evaluate","AT_SoftenMuscles+1"],"picked":"SKIP","floor":23.0},{"not_picked":["Consecrate","WreathOfFlame","CutThroughFate+1","FlurryOfBlows","BowlingBash","FollowUp"],"picked":"SKIP","floor":25.0},{"not_picked":["Brilliance","Swivel","DeusExMachina","PathToVictory","AT_IrregularMenstruation"],"picked":"AT_ChampionStep+1","floor":27.0},{"not_picked":["Prostrate+1","Tantrum","PathToVictory","EmptyFist","FlyingSleeves","Worship"],"picked":"SKIP","floor":28.0},{"not_picked":["JustLucky","FlurryOfBlows","Consecrate","AT_DivineConfetti","PathToVictory"],"picked":"Wallop","floor":29.0},{"not_picked":["DevaForm+1","Establishment+1","MostiFishMod:CyberBuddha","MostiFishMod:KamiSmash","MostiFishMod:DustFall+1"],"picked":"MostiFishMod:DisColor","floor":33.0},{"not_picked":["AT_RealFormLess+1","Collect+1","Swivel+1","Study+1","FlyingSleeves","Evaluate"],"picked":"SKIP","floor":35.0}],"player_experience":817259,"relics_obtained":[{"floor":1.0,"key":"SynthV:TestCard"},{"floor":10.0,"key":"AT_SunfireAegis"},{"floor":14.0,"key":"AT_RedTearstoneRing"},{"floor":23.0,"key":"Question Card"},{"floor":26.0,"key":"Frozen Egg 2"},{"floor":27.0,"key":"testmod-AssaultLearning"}],"event_choices":[{"cards_removed":["Defend_P"],"damage_healed":0.0,"max_hp_gain":0.0,"max_hp_loss":0.0,"gold_gain":0.0,"event_name":"Living Wall","player_choice":"Forget","floor":7.0,"gold_loss":0.0,"damage_taken":0.0},{"damage_healed":0.0,"max_hp_gain":0.0,"max_hp_loss":0.0,"gold_gain":75.0,"event_name":"World of Goop","player_choice":"Gather Gold","floor":11.0,"gold_loss":0.0,"damage_taken":11.0},{"cards_removed":["Strike_P"],"damage_healed":0.0,"max_hp_gain":0.0,"max_hp_loss":0.0,"gold_gain":0.0,"event_name":"The Cleric","player_choice":"Card Removal","floor":13.0,"gold_loss":75.0,"damage_taken":0.0},{"cards_removed":["Defend_P"],"damage_healed":0.0,"max_hp_gain":0.0,"max_hp_loss":0.0,"gold_gain":0.0,"event_name":"Purifier","player_choice":"Purged","floor":20.0,"gold_loss":0.0,"damage_taken":0.0},{"damage_healed":0.0,"max_hp_gain":0.0,"max_hp_loss":0.0,"gold_gain":0.0,"event_name":"The Library","player_choice":"Read","floor":31.0,"gold_loss":0.0,"damage_taken":0.0,"cards_obtained":["Tantrum"]},{"damage_healed":0.0,"max_hp_gain":0.0,"max_hp_loss":0.0,"gold_gain":0.0,"event_name":"给自己的盒子","player_choice":"Swap Relic","floor":36.0,"relics_lost":["DaveBox"],"gold_loss":0.0,"damage_taken":0.0,"relics_obtained":["DaveBox"]}],"is_beta":false,"boss_relics":[{"not_picked":["xbg","Busted Crown"],"picked":"testmod-Fanaticism"},{"not_picked":["testmod-EnergyCheck","VioletLotus"],"picked":"HolyWater"}],"items_purged_floors":[2],"is_endless":false,"potions_floor_spawned":[4,5,19,21,25,27,29,33],"ascension_level":20}}