{"host":"3jjxuhjpio8e4zkv","time":1609214414,"event":{"mods":["BaseMod","Colored Map","Highlight Path","Minty Spire (QoL Compilation)","Permanent Neow","Relic Stats","StSLib"],"gold_per_floor":[112,123,123,143,156,181,197,197,197],"floor_reached":8,"playtime":402,"items_purged":[],"score":120,"play_id":"7a251d53-a4ac-4343-8cca-eebb5d54eaef","local_time":"20201228230014","is_ascension_mode":true,"campfire_choices":[],"circlet_count":0,"master_deck":["AscendersBane","Strike_R","Strike_R","Strike_R","Strike_R","Defend_R","Defend_R","Defend_R","Defend_R","Bash","Barricade","Ghostly Armor","Anger","Sword Boomerang","Blood for Blood","Reckless Charge"],"relics":["Burning Blood","FaceOfCleric","Lantern"],"acts_visited":["Exordium"],"potions_floor_usage":[8],"damage_taken":[{"damage":4.0,"enemies":"Small Slimes","floor":1.0,"turns":4.0},{"damage":1.0,"enemies":"Cultist","floor":2.0,"turns":4.0},{"damage":7.0,"enemies":"Jaw Worm","floor":4.0,"turns":3.0},{"damage":13.0,"enemies":"Exordium Thugs","floor":5.0,"turns":4.0},{"damage":50.0,"enemies":"Gremlin Nob","floor":6.0,"turns":5.0},{"damage":20.0,"enemies":"Lots of Slimes","floor":7.0,"turns":5.0},{"damage":20,"enemies":"Lagavulin","floor":8,"turns":11}],"seed_played":"3109158658179498748","potions_obtained":[{"floor":4.0,"key":"ElixirPotion"},{"floor":5.0,"key":"SpeedPotion"},{"floor":6.0,"key":"Swift Potion"},{"floor":7.0,"key":"HeartOfIron"}],"is_trial":false,"path_per_floor":["M","M","?","M","M","E","M","E"],"character_chosen":"IRONCLAD","items_purchased":[],"campfire_rested":0,"item_purchase_floors":[],"current_hp_per_floor":[70,75,75,75,69,26,13,0,0],"gold":197,"neow_bonus":"TRANSFORM_CARD","is_daily":false,"chose_seed":false,"campfire_upgraded":0,"win_rate":0.0,"timestamp":1609214414,"path_taken":["M","M","?","M","M","E","M","E"],"items_purchased_type":[],"build_version":"2020-12-22","purchased_purges":0,"victory":false,"max_hp_per_floor":[75,75,75,76,77,78,79,79,79],"relic_stats":{"FaceOfCleric":4,"counters":[7,36],"obtain_stats":[{"Lantern":6,"FaceOfCleric":3,"Burning Blood":0},{"Lantern":5,"FaceOfCleric":2,"Burning Blood":0},{"Lantern":20,"FaceOfCleric":8,"Burning Blood":0}],"Burning Blood":36},"card_choices":[{"not_picked":["Flex","Searing Blow"],"picked":"Ghostly Armor","floor":1.0},{"not_picked":["Sever Soul","Rage"],"picked":"Anger","floor":2.0},{"not_picked":["Perfected Strike","Ghostly Armor","Heavy Blade"],"picked":"SKIP","floor":4.0},{"not_picked":["Dark Embrace","Iron Wave"],"picked":"Sword Boomerang","floor":5.0},{"not_picked":["Perfected Strike","Feel No Pain"],"picked":"Blood for Blood","floor":6.0},{"not_picked":["Sword Boomerang","Sentinel"],"picked":"Reckless Charge","floor":7.0}],"player_experience":1131869,"relics_obtained":[{"floor":6.0,"key":"Lantern"}],"event_choices":[{"damage_healed":0.0,"max_hp_gain":0.0,"max_hp_loss":0.0,"gold_gain":0.0,"event_name":"FaceTrader","player_choice":"Trade","floor":3.0,"gold_loss":0.0,"damage_taken":0.0,"relics_obtained":["FaceOfCleric"]}],"is_beta":false,"boss_relics":[],"items_purged_floors":[],"is_endless":false,"potions_floor_spawned":[4,5,6,7],"killed_by":"Lagavulin","ascension_level":20}}