{"host":"u0f5uy314yz7olfc","time":1609239223,"event":{"mods":["AchievementEnabler","Aspiration","BaseMod","Better Altar","Better Match","Better Note","Better Sensory Stone","Better Skull","Better Third Choice","BetterRewards","Block Reminder","Colored Map","Colored Powertips","DeckTracker","Dota2Spire","Emptier Cage","Gold Saver","Highlight Path","Hubris","Infinite Spire","Marked Mod","Mimic Mod","Minty Spire (QoL Compilation)","Permanent Neow","Quick Restart","Rare Cards Sparkle","Relic Sorter","Replay The Spire","Shop Mod","StSLib","The Bladedancer","The Blue Laboratory","Watcher Patcher"],"gold_per_floor":[696,78,78,78,97,97,97,97,124,44,61,108,136,153,153,249,249,266,266,283,302,30,30,43,60,60,60,73,73,84,84,84,189,189,205,205,205],"floor_reached":36,"playtime":1827,"items_purged":[],"score":539,"play_id":"f4cc87b7-c742-41e8-896d-4a9559522ff5","local_time":"20201229175343","is_ascension_mode":false,"campfire_choices":[{"floor":6,"key":"REST"},{"floor":8,"key":"RECALL"},{"floor":15,"key":"REST"},{"floor":23,"key":"REST"},{"floor":32,"key":"REST"}],"circlet_count":0,"master_deck":["blademaster:Strike","blademaster:Strike","blademaster:Strike","blademaster:Defend","blademaster:Defend","blademaster:Defend","blademaster:RagingBlow","blademaster:HighVoltage","blademaster:Havoc","blademaster:WindSlash","blademaster:Cut","blademaster:DeadlyDance","blademaster:LightningDraw","blademaster:LightningDraw","blademaster:Thrust","blademaster:EyeOfTheStorm","infinitespire:Punishment","blademaster:CombatPrep","blademaster:BladeMastery","blademaster:AspectOfLightning","blademaster:DragonStrike","blademaster:BrainBloom","blademaster:LeechingStrike","blademaster:EnchantedCuirass","blademaster:DeadlyDance","blademaster:IcyWind","blademaster:Cut","blademaster:Empower","blademaster:Meditate","blademaster:LeechingStrike","blademaster:ThreePointStrike","blademaster:LightningCrash+1","blademaster:Empower","blademaster:Cut","blademaster:Havoc","blademaster:Blindside","blademaster:DragonStrike"],"relics":["blademaster:DancersAmulet","MerchantsRug","Lantern","Potion Belt","Runic Pyramid","Nloth\u0027s Gift","infinitespire:EmpoweringShard","betterThird:NestCultRelic","hubris:RunicObelisk","Strange Spoon","Empty Cage"],"acts_visited":["Exordium","TheCity","TheBeyond"],"potions_floor_usage":[13,13,13,21,24,33],"damage_taken":[{"damage":7,"enemies":"Jaw Worm","floor":1,"turns":4},{"damage":0,"enemies":"2 Louse","floor":5,"turns":2},{"damage":0,"enemies":"Small Slimes","floor":11,"turns":1},{"damage":18,"enemies":"3 Sentries","floor":13,"turns":5},{"damage":23,"enemies":"3 Louse","floor":14,"turns":3},{"damage":2,"enemies":"Slime Boss","floor":16,"turns":5},{"damage":32,"enemies":"2 Thieves","floor":18,"turns":3},{"damage":12,"enemies":"Chosen","floor":20,"turns":3},{"damage":11,"enemies":"Centurion and Healer","floor":21,"turns":3},{"damage":26,"enemies":"Shelled Parasite and Fungi","floor":24,"turns":6},{"damage":0,"enemies":"Snake Plant","floor":25,"turns":1},{"damage":5,"enemies":"Chosen and Byrds","floor":28,"turns":4},{"damage":14,"enemies":"Centurion and Healer","floor":30,"turns":2},{"damage":41,"enemies":"Collector","floor":33,"turns":6},{"damage":20,"enemies":"3 Shapes","floor":35,"turns":3},{"damage":42,"enemies":"infinitespire:Three Voidlings","floor":36,"turns":4},{"damage":28,"enemies":"Nightmare_Alpha","floor":36,"turns":1}],"seed_played":"-9045641133849536666","potions_obtained":[{"floor":1,"key":"ColorlessPotion"},{"floor":11,"key":"blueLaboratory:BubblePotion"},{"floor":12,"key":"blueLaboratory:RememoryPotion"},{"floor":12,"key":"blueLaboratory:EmptyBottle"},{"floor":18,"key":"blueLaboratory:RecallPotion"},{"floor":20,"key":"blueLaboratory:StoneskinPotion"},{"floor":24,"key":"Flashbang"}],"is_trial":false,"path_per_floor":["M","$","?","?","M","R","?","R","T","$","M","?","E","M","R_BF","B",null,"M","?","M","M","$","R","M","M","T","?","M","?","M","AVR","R","B",null,"M","?"],"character_chosen":"THE_BLADEMASTER","items_purchased":["blademaster:Havoc","Pen Nib","blademaster:WindSlash","blademaster:DeadlyDance","blademaster:LightningDraw","blademaster:Thrust","blademaster:EyeOfTheStorm","MerchantsRug","Lantern","blademaster:BladeMastery","blademaster:Empower","blademaster:Meditate","blademaster:LeechingStrike"],"campfire_rested":4,"item_purchase_floors":[0,0,0,2,2,2,2,2,2,10,22,22,22],"current_hp_per_floor":[68,68,68,49,49,71,71,71,71,71,71,71,53,30,52,50,75,43,43,31,23,23,45,31,34,34,34,32,32,18,18,40,19,75,55,0,0],"gold":205,"neow_bonus":"","is_daily":false,"chose_seed":false,"campfire_upgraded":0,"win_rate":0.0,"timestamp":1609239223,"path_taken":["M","$","?","?","M","R","?","R","T","$","M","?","E","M","R_BF","BOSS","M","?","?","M","$","R","M","M","T","?","M","?","M","AVR","R","BOSS","M","?"],"items_purchased_type":["Card","Relic","Card","Card","Card","Card","Card","Relic","Relic","Card","Card","Card","Card"],"build_version":"2020-12-22","purchased_purges":0,"victory":false,"max_hp_per_floor":[75,75,75,75,75,75,75,75,75,75,75,75,75,75,75,75,75,75,75,75,75,75,75,75,75,75,75,75,75,75,75,75,75,75,75,75,75],"card_choices":[{"not_picked":["blademaster:Frontflip","blademaster:Frenzy"],"picked":"blademaster:Cut","floor":1},{"not_picked":["infinitespire:SevenWalls","infinitespire:TheBestDefense"],"picked":"infinitespire:Punishment","floor":4},{"not_picked":["blademaster:EyeOfTheTornado","blademaster:Frontflip"],"picked":"blademaster:CombatPrep","floor":5},{"not_picked":["blademaster:BloodyBlow","blademaster:Slice"],"picked":"blademaster:AspectOfLightning","floor":11},{"not_picked":["blademaster:AspectOfLightning","blademaster:Slice"],"picked":"blademaster:DragonStrike","floor":12},{"not_picked":["blademaster:Quickness","blademaster:BloodyBlow"],"picked":"blademaster:BrainBloom","floor":13},{"not_picked":["blademaster:KiBarrier","blademaster:DaggerAndCloak"],"picked":"blademaster:LeechingStrike","floor":14},{"not_picked":["blademaster:RagingBlow","blademaster:BladeDance"],"picked":"blademaster:EnchantedCuirass","floor":16},{"not_picked":["blademaster:ThunderSlash","blademaster:ParryingStrike"],"picked":"blademaster:DeadlyDance","floor":18},{"not_picked":["blademaster:KiBarrier","blademaster:Hailwind"],"picked":"blademaster:IcyWind","floor":20},{"not_picked":["blademaster:SlyStabs","blademaster:CombatPrep+1"],"picked":"blademaster:Cut","floor":21},{"not_picked":["blademaster:AirSlash","blademaster:KiBarrier+1"],"picked":"blademaster:ThreePointStrike","floor":24},{"not_picked":["blademaster:AspectOfWind","blademaster:LeechingStrike"],"picked":"blademaster:LightningCrash+1","floor":25},{"not_picked":["blademaster:KiBarrier","blademaster:Gust"],"picked":"blademaster:Cut","floor":28},{"not_picked":["blademaster:EyeOfTheStorm","blademaster:AwakeningStrike"],"picked":"blademaster:Havoc","floor":30},{"not_picked":["blademaster:ThreePointStrike","blademaster:ColdBlood"],"picked":"blademaster:Blindside","floor":33},{"not_picked":["blademaster:ThunderingOpener","blademaster:ChargingUp"],"picked":"blademaster:DragonStrike","floor":35}],"player_experience":358053,"relics_obtained":[{"floor":13,"key":"Potion Belt"},{"floor":13,"key":"blademaster:BleedingLaceratePerk"},{"floor":26,"key":"infinitespire:EmpoweringShard"}],"event_choices":[{"damage_healed":68,"gold_gain":0,"player_choice":"Embrace Burn","damage_taken":0,"max_hp_gain":0,"max_hp_loss":75,"event_name":"betterThird:BetterShining","floor":3,"gold_loss":0},{"damage_healed":0,"gold_gain":0,"player_choice":"Traded Relic","damage_taken":0,"relics_obtained":["Nloth\u0027s Gift"],"max_hp_gain":0,"max_hp_loss":0,"event_name":"N\u0027loth","floor":19,"relics_lost":["Pen Nib"],"gold_loss":0},{"cards_removed":["blademaster:Empower"],"damage_healed":0,"gold_gain":0,"player_choice":"Take \u0026 Give","damage_taken":0,"max_hp_gain":0,"max_hp_loss":0,"event_name":"betterNote:BetterNote","floor":27,"gold_loss":0,"cards_obtained":["blademaster:Empower"]},{"damage_healed":0,"gold_gain":0,"player_choice":"Madness","damage_taken":0,"relics_obtained":["betterThird:NestCultRelic"],"max_hp_gain":0,"max_hp_loss":0,"event_name":"betterThird:BetterNest","floor":29,"gold_loss":0}],"is_beta":false,"boss_relics":[{"not_picked":["aspiration:RunicSpoon","aspiration:WatcherSkillbook"],"picked":"Runic Pyramid"},{"not_picked":["Coffee Dripper","aspiration:FutureDiary"],"picked":"Empty Cage"}],"items_purged_floors":[],"is_endless":false,"potions_floor_spawned":[1,11,18,20,24],"killed_by":"Nightmare_Alpha","ascension_level":0}}