{"host":"k4et7hlhlqy8fuoz","time":1609245773,"event":{"mods":["2.2 Compatiblity","AchievementEnabler","BaseMod","Colored Map","DeckTracker","Highlight Path","Minty Spire (QoL Compilation)","Random Character Button","Rare Cards Sparkle"],"gold_per_floor":[114,114,189,204,219,219,219,219,219,234,249,249,264,279,279,379,379,394,5,20,35,35,35],"floor_reached":22,"playtime":1761,"items_purged":[],"score":230,"play_id":"321bd75b-6f51-4a7c-aaf9-65b472822a7a","local_time":"20201229134253","daily_mods":["Allstar","Red Cards","Night Terrors"],"is_ascension_mode":false,"campfire_choices":[{"floor":6,"key":"REST"},{"data":"Eruption","floor":8,"key":"SMITH"},{"floor":12,"key":"REST"},{"floor":15,"key":"REST"}],"circlet_count":0,"master_deck":["Strike_P","Strike_P","Defend_P","Defend_P","Defend_P","Eruption+1","Vigilance","Purity","Thinking Ahead","Mind Blast","Trip","Secret Weapon","FollowUp","WaveOfTheHand","Headbutt","WreathOfFlame","Armaments","Cleave","WheelKick","ForeignInfluence","Swivel","Bludgeon","Feed+1","Barricade+1","Battle Trance+1","Adaptation","Magnetism","CarveReality","Heavy Blade","Pray+1"],"relics":["PureWater","GremlinMask","Dream Catcher","Astrolabe","Orichalcum"],"acts_visited":["Exordium","TheCity"],"potions_floor_usage":[20,21],"damage_taken":[{"damage":17,"enemies":"Jaw Worm","floor":1,"turns":3},{"damage":21,"enemies":"2 Louse","floor":4,"turns":3},{"damage":15,"enemies":"Cultist","floor":5,"turns":4},{"damage":41,"enemies":"Large Slime","floor":10,"turns":5},{"damage":18,"enemies":"Exordium Thugs","floor":11,"turns":5},{"damage":41,"enemies":"Lots of Slimes","floor":13,"turns":5},{"damage":6,"enemies":"2 Fungi Beasts","floor":14,"turns":2},{"damage":39,"enemies":"Slime Boss","floor":16,"turns":8},{"damage":28,"enemies":"Shell Parasite","floor":18,"turns":5},{"damage":27,"enemies":"2 Thieves","floor":20,"turns":4},{"damage":23,"enemies":"Centurion and Healer","floor":21,"turns":7}],"seed_played":"6838610760785432018","potions_obtained":[{"floor":1,"key":"ColorlessPotion"},{"floor":5,"key":"FairyPotion"},{"floor":13,"key":"BottledMiracle"},{"floor":14,"key":"Dexterity Potion"},{"floor":18,"key":"Ancient Potion"}],"is_trial":false,"path_per_floor":["M","?","?","M","M","R","?","R","T","M","M","R","M","M","R","B",null,"M","$","M","M","?"],"character_chosen":"WATCHER","items_purchased":["Orichalcum","Magnetism","CarveReality"],"campfire_rested":3,"item_purchase_floors":[19,19,19],"current_hp_per_floor":[55,55,44,23,8,67,67,67,67,26,8,62,21,15,57,18,57,29,29,2,1,0,0],"gold":35,"neow_bonus":"","is_daily":true,"chose_seed":false,"campfire_upgraded":1,"win_rate":0.0,"timestamp":1609245773,"path_taken":["M","?","?","M","M","R","?","R","T","?","M","R","M","M","R","BOSS","M","$","M","M","?"],"items_purchased_type":["Relic","Card","Card"],"build_version":"2020-12-22","purchased_purges":0,"victory":false,"max_hp_per_floor":[72,72,72,72,72,67,67,67,67,67,67,62,62,62,57,57,57,57,57,57,57,57,57],"card_choices":[{"not_picked":["Anger","SashWhip"],"picked":"FollowUp","floor":1},{"not_picked":["Havoc","CutThroughFate"],"picked":"WaveOfTheHand","floor":4},{"not_picked":["Rupture","Anger"],"picked":"Headbutt","floor":5},{"not_picked":["Nirvana","SashWhip"],"picked":"WreathOfFlame","floor":10},{"not_picked":["Wild Strike","FearNoEvil"],"picked":"Armaments","floor":11},{"not_picked":["Perseverance","Fasting2"],"picked":"Cleave","floor":12},{"not_picked":["ClearTheMind","EmptyBody"],"picked":"WheelKick","floor":13},{"not_picked":["Barricade","Rupture"],"picked":"ForeignInfluence","floor":14},{"not_picked":["Rampage","CutThroughFate"],"picked":"Swivel","floor":15},{"not_picked":["Double Tap","Corruption"],"picked":"Bludgeon","floor":16},{"not_picked":["Bloodletting","ThirdEye"],"picked":"Adaptation","floor":18},{"not_picked":["Uppercut","Burning Pact"],"picked":"Heavy Blade","floor":20},{"not_picked":["Iron Wave+1","FollowUp"],"picked":"Pray+1","floor":21}],"player_experience":26580,"relics_obtained":[{"floor":9,"key":"Dream Catcher"}],"event_choices":[{"damage_healed":0,"gold_gain":0,"player_choice":"Ignored","damage_taken":0,"max_hp_gain":0,"max_hp_loss":0,"event_name":"Golden Wing","floor":2,"gold_loss":0},{"damage_healed":0,"gold_gain":75,"player_choice":"Gather Gold","damage_taken":11,"max_hp_gain":0,"max_hp_loss":0,"event_name":"World of Goop","floor":3,"gold_loss":0},{"damage_healed":0,"gold_gain":0,"player_choice":"Trade","damage_taken":0,"relics_obtained":["GremlinMask"],"max_hp_gain":0,"max_hp_loss":0,"event_name":"FaceTrader","floor":7,"gold_loss":0}],"is_beta":false,"boss_relics":[{"not_picked":["SlaversCollar","Empty Cage"],"picked":"Astrolabe"}],"items_purged_floors":[],"is_endless":false,"potions_floor_spawned":[1,5,13,14,18],"ascension_level":0}}