{"host":"i58uscbei3sy5089","time":1609269292,"event":{"mods":["ATMod(°¢èªMod)","Act Like it!","Arknights The Spire","BaseMod","Challenge The Spire","Colored Powertips","Conspire","Infinite Spire","Koishi","Lobotomy","LobotomyExtend","Minty Spire (QoL Compilation)","MostiFishMod","Prisma Mod","Quick Restart","Reimu£¨²©ÀöÁéÃÎ£©","Replay The Spire","Shop Mod","Spicy Shops","StSLib","TestMod","The Alterego","The Construct","UnlockEverythingMod","[IsaacMod]ÒÔÈö¼âËþ","vexMod","¡¾¹¦ÄÜMod¡¿»ìãçÖ®»·ÐÞ¸´²¹¶¡","¡¾ÒÅÎï¿¨ÅÆ¡¿REMEMod","óô»ðÖ¸ÄÏ"],"gold_per_floor":[119,119,143,32,51,51,1,25,70,70,70,84,100,123,123,247,247,261,261,325,4,20,20,119,146,446,467,467,507,520,560,560,696,696,712,712,728,728,728,728,752,728,803,803,836,858,858,927,927,942],"floor_reached":51,"playtime":4514,"items_purged":["SpecialBullet","SpecialBullet","SpecialBullet","SpecialBullet","Regret_ego","SpecialBullet","SpecialBullet","SpecialBullet","SpecialBullet"],"score":1132,"play_id":"c2d90191-9caa-4150-b974-28d2cce74360","local_time":"20201230031452","is_ascension_mode":true,"campfire_choices":[{"data":"infinitespire:NeuralNetwork","floor":23,"key":"SMITH"},{"data":"Replay:Fractal Strike","floor":28,"key":"SMITH"},{"data":"Ecstasy","floor":32,"key":"SMITH"},{"data":"Adoration","floor":40,"key":"SMITH"}],"circlet_count":0,"master_deck":["QueenOfHatred","REME_CopyPotion+1","AT_EmpoweredMortalDraw+1","Horn","SecurityCode","InformationCode","MHz","Penitence+1","RecordCode","Ecstasy+1","infinitespire:NeuralNetwork+1","Replay:Fractal Strike+1","WallGazer","OSAHOGD","Adoration+1","ControlCode","BlueStar","Madness","Madness","DaCapo+1"],"relics":["CogitoBucket","RabbitCall","testmod-TestBox","HushsDoor","DaveBox","AT_ATBox","REME_ComplimentaryCards","PatriotShield","SteamSale","testmod-GiftOfSatan","SynthV:TestCard","LetterFromLob","MerchantsRug","Oddly Smooth Stone","testmod-DeterminationOfClimber","GuppysTail","RottenBaby","Vajra","RhineCircuit","REME_HourglassOfDeath","BirthdayGift-Icosahedron","ats:Originium","construct:BoolHorns","War Paint","HaiYi:Twilight","BelialBook","Busted Crown","SteamSale","OrangePellets","Orichalcum","BookofShadows","testmod-CrystalShield","testmod-Justice","conspire:DeflatedDodgeball","PillsDrop","Habit","Replay:Accelerometer","Mastiff:ReiMu","Replay:Mystery Machine","infinitespire:Broken Mirror","Guide Book","InTheNameOfLoveAndHate_r"],"acts_visited":["Exordium","TheCity","TheBeyond"],"potions_floor_usage":[],"damage_taken":[{"damage":0,"enemies":"Jaw Worm","floor":1,"turns":2},{"damage":0,"enemies":"2 Louse","floor":3,"turns":1},{"damage":0,"enemies":"Cultist","floor":5,"turns":1},{"damage":0,"enemies":"Red Slaver","floor":8,"turns":1},{"damage":0,"enemies":"Large Slime","floor":12,"turns":3},{"damage":0,"enemies":"3 Louse","floor":13,"turns":5},{"damage":0,"enemies":"Gremlin Gang","floor":14,"turns":11},{"damage":0,"enemies":"The Guardian","floor":16,"turns":8},{"damage":0,"enemies":"conspire:FuzzyDice","floor":18,"turns":4},{"damage":0,"enemies":"2 Thieves","floor":22,"turns":3},{"damage":0,"enemies":"Chosen and Byrds","floor":25,"turns":3},{"damage":0,"enemies":"3 Cultists","floor":27,"turns":1},{"damage":0,"enemies":"Slavers","floor":29,"turns":3},{"damage":0,"enemies":"Snake Plant","floor":30,"turns":2},{"damage":0,"enemies":"conspire:Head Lice","floor":31,"turns":3},{"damage":0,"enemies":"Automaton","floor":33,"turns":3},{"damage":0,"enemies":"3 Darklings","floor":35,"turns":1},{"damage":0,"enemies":"3 Shapes","floor":37,"turns":1},{"damage":0,"enemies":"Jaw Worm Horde","floor":41,"turns":1},{"damage":0,"enemies":"Spire Growth","floor":45,"turns":1},{"damage":0,"enemies":"Writhing Mass","floor":46,"turns":1},{"damage":0,"enemies":"Nemesis","floor":48,"turns":2},{"damage":2,"enemies":"FixerMidnight","floor":50,"turns":1},{"damage":7,"enemies":"Malkuth","floor":51,"turns":2},{"damage":0,"enemies":"Hod","floor":51,"turns":1},{"damage":0,"enemies":"Tiphereth","floor":51,"turns":1},{"damage":4,"enemies":"Binah","floor":51,"turns":3},{"damage":730,"enemies":"Angela","floor":51,"turns":1}],"seed_played":"-5439126339394988027","potions_obtained":[{"floor":13,"key":"LifebloodPotion"},{"floor":14,"key":"Fire Potion"},{"floor":20,"key":"MagicPotion:ReiMu"},{"floor":27,"key":"Block Potion"},{"floor":35,"key":"Doom Potion"},{"floor":45,"key":"construct:ShiftPotion"}],"is_trial":false,"path_per_floor":["M","?","M","$","M","R","$","M","T","R","?","M","M","M","R","B",null,"M","AVR","?","$","M","R","?","M","T","M","R","E","M","E","R","B",null,"M","?","M","AVR","?","R","M","R","T","?","M","M","?","E","R","B",null],"character_chosen":"Angela","items_purchased":["MerchantsRug","Ecstasy","GuppysTail","GuppysHead","RottenBaby","Fruit Juice","BirthdayGift-Icosahedron","BelialBook","OrangePellets","Orichalcum","BookofShadows","testmod-CrystalShield","testmod-Justice","Elixir","Languid Potion","Weak Potion","SpeedPotion","Habit","Replay:Accelerometer","Mastiff:ReiMu","Replay:Mystery Machine","infinitespire:Broken Mirror","Guide Book"],"campfire_rested":0,"item_purchase_floors":[4,17,17,17,17,21,21,34,42,42,42,42,42,42,42,42,42,49,49,49,49,49,49],"current_hp_per_floor":[70,53,53,53,69,69,69,75,75,75,75,85,100,100,100,107,63,68,68,51,51,77,77,77,96,96,96,96,122,133,145,145,182,165,169,169,181,181,181,181,211,211,211,211,281,302,264,470,470,1093],"gold":994,"neow_bonus":"THREE_CARDS","is_daily":false,"chose_seed":false,"campfire_upgraded":4,"win_rate":0.0,"timestamp":1609269292,"path_taken":["M","?","M","$","?","R","?","M","T","R","?","M","?","M","R","BOSS","M","AVR","?","$","M","R","?","M","T","M","R","E","?","E","R","BOSS","M","?","M","AVR","?","R","?","R","T","?","M","M","?","E","R","BOSS"],"items_purchased_type":["Relic","Card","Relic","Relic","Relic","Potion","Relic","Relic","Relic","Relic","Relic","Relic","Relic","Potion","Potion","Potion","Potion","Relic","Relic","Relic","Relic","Relic","Relic"],"build_version":"2020-12-22","purchased_purges":9,"victory":true,"max_hp_per_floor":[70,70,70,70,75,75,75,75,75,75,75,85,100,100,100,107,63,68,68,68,68,82,82,82,96,96,96,96,122,133,145,145,182,165,169,169,181,181,181,181,211,211,211,211,281,302,302,470,470,1093],"card_choices":[{"not_picked":[],"picked":"ChaosCard","floor":0},{"not_picked":["ShedSkin","Noise"],"picked":"Horn","floor":0},{"not_picked":["Tough","SomewhereSpear"],"picked":"SKIP","floor":1},{"not_picked":["BlackSwan_ego","Diffraction","Moonlight","Galaxy"],"picked":"SKIP","floor":3},{"not_picked":["RapturousDream","FourthMatchFlame","Beak"],"picked":"Regret_ego","floor":5},{"not_picked":["Alriune","GalaxyChild"],"picked":"MHz","floor":8},{"not_picked":["Loneliness","Regret_ego","Beak"],"picked":"Bomb","floor":8},{"not_picked":["Discord","SomewhereSpear","Regret_ego"],"picked":"Penitence","floor":12},{"not_picked":["SomewhereSpear","RedEyes","InTheNameOfLoveAndHate","Hornet"],"picked":"SKIP","floor":13},{"not_picked":["SomewhereSpear","Beak","WristCuter","FourthMatchFlame"],"picked":"SKIP","floor":14},{"not_picked":["Gaze","CrimsonScar","Wingbeat","GreenStem"],"picked":"SKIP","floor":18},{"not_picked":["Harvest","Beak+1","Twilight","Discord"],"picked":"SKIP","floor":22},{"not_picked":["Noise","Twilight","RedEyes+1","CUTE"],"picked":"SKIP","floor":25},{"not_picked":["CUTE","SomewhereSpear","Christmas","Horn"],"picked":"SKIP","floor":27},{"not_picked":["CUTE","Tough","CherryBlossom+1","DaCapo"],"picked":"SKIP","floor":29},{"not_picked":["FieryBird","VoidDream"],"picked":"WallGazer","floor":30},{"not_picked":["CherryBlossom+1","GreenStem","ScreamingWedge","Horn"],"picked":"SKIP","floor":30},{"not_picked":["CherryBlossom+1","GreenStem","ScreamingWedge","Horn"],"picked":"SKIP","floor":30},{"not_picked":["Hypocrisy","RapturousDream+1","Gaze","FourthMatchFlame"],"picked":"SKIP","floor":31},{"not_picked":["BigBird","MeatLantern"],"picked":"OSAHOGD","floor":33},{"not_picked":["Mimicry","ParadiseLost","SoundOfStar"],"picked":"Adoration","floor":33},{"not_picked":["Freischutz","GreedKing"],"picked":"QueenOfHatred","floor":35},{"not_picked":["Lantern","WristCuter+1","Beak","Moonlight+1"],"picked":"SKIP","floor":35},{"not_picked":["Logging+1","Christmas","Lamp","CUTE"],"picked":"SKIP","floor":35},{"not_picked":["ParadiseLost","Beak","TodaysExpression","InTheNameOfLoveAndHate"],"picked":"SKIP","floor":37},{"not_picked":["Soda+1","BlackSwan_ego","Gaze+1","Galaxy"],"picked":"SKIP","floor":37},{"not_picked":["Funeral","NothingThere"],"picked":"BlueStar","floor":41},{"not_picked":["CUTE+1","RapturousDream"],"picked":"SKIP","floor":41},{"not_picked":["Reverberation","Regret_ego+1"],"picked":"SKIP","floor":41},{"not_picked":["CUTE+1","RapturousDream"],"picked":"SKIP","floor":41},{"not_picked":["Reverberation","Regret_ego+1"],"picked":"SKIP","floor":41},{"not_picked":["Ecstasy+1","TheSmile"],"picked":"SKIP","floor":45},{"not_picked":["Noise+1","Harvest+1"],"picked":"SKIP","floor":45},{"not_picked":["Soda+1","Tough+1"],"picked":"SKIP","floor":46},{"not_picked":["ScreamingWedge","Lantern"],"picked":"SKIP","floor":46},{"not_picked":["Gaze"],"picked":"DaCapo","floor":48},{"not_picked":["WristCuter","CUTE"],"picked":"SKIP","floor":48}],"player_experience":667087,"relics_obtained":[{"floor":1,"key":"SynthV:TestCard"},{"floor":1,"key":"LetterFromLob"},{"floor":9,"key":"Oddly Smooth Stone"},{"floor":20,"key":"REME_HourglassOfDeath"},{"floor":26,"key":"Old Coin"},{"floor":29,"key":"ats:Originium"},{"floor":29,"key":"construct:BoolHorns"},{"floor":31,"key":"ats:Originium"},{"floor":31,"key":"War Paint"},{"floor":43,"key":"conspire:DeflatedDodgeball"},{"floor":48,"key":"PillsDrop"}],"event_choices":[{"damage_healed":0,"gold_gain":0,"player_choice":"Take Damage","damage_taken":17,"relics_obtained":["Golden Idol"],"max_hp_gain":0,"max_hp_loss":0,"event_name":"Golden Idol","floor":2,"gold_loss":0},{"damage_healed":0,"gold_gain":99,"player_choice":"Stole From Cult","damage_taken":0,"max_hp_gain":0,"max_hp_loss":0,"event_name":"Nest","floor":24,"gold_loss":0},{"damage_healed":0,"gold_gain":0,"player_choice":"Ignored","damage_taken":0,"max_hp_gain":0,"max_hp_loss":0,"event_name":"SecretPortal","floor":36,"gold_loss":0},{"damage_healed":0,"gold_gain":0,"player_choice":"Swap Relic","damage_taken":0,"relics_obtained":["SteamSale"],"max_hp_gain":0,"max_hp_loss":0,"event_name":"¸ø×Ô¼ºµÄºÐ×Ó","floor":39,"relics_lost":["Golden Idol"],"gold_loss":0},{"damage_healed":0,"gold_gain":0,"player_choice":"Embrace Madness","damage_taken":38,"max_hp_gain":0,"max_hp_loss":0,"event_name":"Winding Halls","floor":47,"gold_loss":0,"cards_obtained":["Madness","Madness"]}],"is_beta":false,"boss_relics":[{"not_picked":["SynthV:MejaisSoulstealer","TakeMeEscape"],"picked":"testmod-DeterminationOfClimber"},{"not_picked":[]},{"not_picked":["vexMod:MysteryBossChallenge","testmod-StringDisintegrator"],"picked":"HaiYi:Twilight"},{"not_picked":[]}],"items_purged_floors":[4,7,17,19,34,38,42,42,49],"is_endless":false,"potions_floor_spawned":[13,14,27,35,45],"ascension_level":1}}