{"host":"areou1to5q11ox5u","time":1609252845,"event":{"mods":["AchievementEnabler","Act Like it!","BaseMod","Bestiary","Better Note","Better Third Choice","BetterRewards","Block Reminder","Colored Map","Colored Powertips","DeckTracker","Downfall","Elementarium","Highlight Path","Infinite Spire","Minty Spire (QoL Compilation)","Permanent Neow","Random Character Button","Relic Sorter","Relic Stats","StSLib","The Construct","The Jungle"],"gold_per_floor":[112,130,130,130,144,144,162,174,174,174,193,193,47,67,67,167,167,186,197,210,222,237,237,217,217,242,242,517,517,517,517,517,517,517],"floor_reached":33,"playtime":2261,"items_purged":[],"score":364,"play_id":"239be1cd-b7b6-4082-9f02-d94e3e0d442b","local_time":"20201229154045","is_ascension_mode":false,"campfire_choices":[{"data":"Self Repair","floor":6.0,"key":"SMITH"},{"data":"Seeing Red","floor":10.0,"key":"SMITH"},{"data":"Darkness","floor":12.0,"key":"SMITH"},{"data":"Reboot","floor":15.0,"key":"SMITH"},{"data":"White Noise","floor":23.0,"key":"SMITH"},{"data":"Defragment","floor":25.0,"key":"SMITH"},{"data":"Redo","floor":27.0,"key":"SMITH"},{"floor":29.0,"key":"REST"},{"data":"Hello World","floor":32,"key":"SMITH"}],"circlet_count":0,"master_deck":["Strike_B","Strike_B","Strike_B","Strike_B","Defend_B","Defend_B","Defend_B","Defend_B","Zap","Dualcast","Redo+1","Capacitor","Cold Snap","Seeing Red+1","Self Repair+1","Darkness+1","Aggregate","Gash","Defragment+1","Genetic Algorithm","Reboot+1","Multi-Cast","Go for the Eyes","Tempest+1","Hello World+1","Streamline+1","White Noise+1","Regret"],"relics":["Cracked Core","infinitespire:Golems Mask","infinitespire:Beetle Shell","Kunai","Inserter","MealTicket","Pear"],"acts_visited":["Exordium","TheCity"],"potions_floor_usage":[],"damage_taken":[{"damage":1.0,"enemies":"Cultist","floor":1.0,"turns":3.0},{"damage":0.0,"enemies":"Small Slimes","floor":2.0,"turns":3.0},{"damage":0.0,"enemies":"2 Louse","floor":5.0,"turns":3.0},{"damage":0.0,"enemies":"2 Fungi Beasts","floor":7.0,"turns":4.0},{"damage":12.0,"enemies":"3 Louse","floor":8.0,"turns":4.0},{"damage":8.0,"enemies":"Red Slaver","floor":11.0,"turns":4.0},{"damage":9.0,"enemies":"2 Fungi Beasts","floor":14.0,"turns":5.0},{"damage":19.0,"enemies":"Hexaghost","floor":16.0,"turns":9.0},{"damage":23.0,"enemies":"Spheric Guardian","floor":18.0,"turns":8.0},{"damage":11.0,"enemies":"Chosen","floor":19.0,"turns":5.0},{"damage":26.0,"enemies":"Centurion and Healer","floor":20.0,"turns":7.0},{"damage":30.0,"enemies":"Snecko","floor":21.0,"turns":5.0},{"damage":15.0,"enemies":"Cultist and Chosen","floor":22.0,"turns":7.0},{"damage":59,"enemies":"Collector","floor":33,"turns":6}],"seed_played":"-1818974160179511799","potions_obtained":[{"floor":1.0,"key":"AttackPotion"},{"floor":2.0,"key":"Dexterity Potion"},{"floor":5.0,"key":"Fruit Juice"},{"floor":11.0,"key":"FearPotion"},{"floor":21.0,"key":"LiquidMemories"},{"floor":24.0,"key":"Regen Potion"}],"is_trial":false,"path_per_floor":["M","M","?","?","M","R","M","M","T","R","M","R","$","M","R","B",null,"M","M","M","M","M","R","?","R","T","R","?","R","?","?","R","B"],"character_chosen":"DEFECT","items_purchased":["Redo","Defragment","Genetic Algorithm"],"campfire_rested":1,"item_purchase_floors":[0,13,13],"current_hp_per_floor":[74,74,58,51,56,56,66,64,64,64,66,66,66,67,67,58,80,67,66,50,30,25,25,25,25,25,25,25,49,49,59,59,0,0],"gold":517,"neow_bonus":"","is_daily":false,"chose_seed":false,"campfire_upgraded":8,"win_rate":0.0,"timestamp":1609252845,"path_taken":["M","M","?","?","M","R","?","M","T","R","M","R","$","M","R","BOSS","M","M","M","M","M","R","?","R","T","R","?","R","?","?","R","BOSS"],"items_purchased_type":["Card","Card","Card"],"build_version":"2020-12-22","purchased_purges":0,"victory":false,"max_hp_per_floor":[75,75,75,75,80,80,80,80,80,80,80,80,80,80,80,80,80,80,80,80,80,80,80,80,80,80,80,80,80,80,90,90,90,90],"relic_stats":{"Inserter":[19],"counters":[36,192],"MealTicket":0,"Kunai":[12],"obtain_stats":[{"Potion Belt":0,"Tiny House":34,"Inserter":17,"Pear":31,"Astrolabe":17,"Oddly Smooth Stone":2,"infinitespire:Beetle Shell":3,"Question Card":26,"Anchor":19,"Strawberry":8,"infinitespire:Golems Mask":0,"MealTicket":26,"Bag of Marbles":25,"HandDrill":37,"Kunai":9,"Cracked Core":0,"infinitespire:Freezer":9},{"Potion Belt":0,"Tiny House":18,"Inserter":30,"Pear":35,"Astrolabe":9,"Oddly Smooth Stone":1,"infinitespire:Beetle Shell":24,"Question Card":14,"Anchor":10,"Strawberry":6,"infinitespire:Golems Mask":22,"MealTicket":35,"Bag of Marbles":14,"HandDrill":19,"Kunai":27,"Cracked Core":0,"infinitespire:Freezer":6},{"Potion Belt":0,"Tiny House":97,"Inserter":154,"Pear":186,"Astrolabe":44,"Oddly Smooth Stone":4,"infinitespire:Beetle Shell":125,"Question Card":70,"Anchor":47,"Strawberry":25,"infinitespire:Golems Mask":119,"MealTicket":186,"Bag of Marbles":70,"HandDrill":103,"Kunai":136,"Cracked Core":0,"infinitespire:Freezer":25}]},"card_choices":[{"not_picked":["Conserve Battery","Redo"],"picked":"Capacitor","floor":1.0},{"not_picked":["Beam Cell","Doom and Gloom"],"picked":"Cold Snap","floor":2.0},{"not_picked":["Stack","Cold Snap"],"picked":"Self Repair","floor":5.0},{"not_picked":["Chill","Stack"],"picked":"Darkness","floor":7.0},{"not_picked":["Stack","Streamline"],"picked":"Aggregate","floor":8.0},{"not_picked":["Force Field","Leap"],"picked":"Gash","floor":11.0},{"not_picked":["Skim","Storm"],"picked":"Reboot","floor":14.0},{"not_picked":["Machine Learning","Seek"],"picked":"Multi-Cast","floor":16.0},{"not_picked":["Hologram+1","Static Discharge"],"picked":"Go for the Eyes","floor":18.0},{"not_picked":["Aggregate+1","Redo"],"picked":"Tempest+1","floor":19.0},{"not_picked":["Coolheaded","Leap"],"picked":"Hello World","floor":20.0},{"not_picked":["Hello World","Hologram"],"picked":"Streamline","floor":21.0},{"not_picked":["FTL+1","Go for the Eyes"],"picked":"White Noise","floor":22.0}],"player_experience":49115,"relics_obtained":[{"floor":9.0,"key":"Kunai"},{"floor":26.0,"key":"MealTicket"}],"event_choices":[{"damage_healed":0.0,"max_hp_gain":0.0,"max_hp_loss":0.0,"gold_gain":0.0,"event_name":"Wheel of Change","player_choice":"Damaged","floor":4.0,"gold_loss":0.0,"damage_taken":7.0},{"damage_healed":0.0,"max_hp_gain":0.0,"max_hp_loss":0.0,"gold_gain":0.0,"event_name":"The Woman in Blue","player_choice":"Bought 1 Potion","floor":24.0,"gold_loss":0.0,"damage_taken":0.0},{"damage_healed":0.0,"max_hp_gain":0.0,"max_hp_loss":0.0,"gold_gain":275.0,"event_name":"Golden Shrine","player_choice":"Desecrate","floor":28.0,"gold_loss":0.0,"damage_taken":0.0,"cards_obtained":["Regret"]},{"damage_healed":0.0,"max_hp_gain":0.0,"max_hp_loss":0.0,"gold_gain":0.0,"event_name":"Accursed Blacksmith","player_choice":"Forge","floor":30.0,"gold_loss":0.0,"damage_taken":0.0,"cards_upgraded":["Streamline"]},{"damage_healed":0,"gold_gain":0,"player_choice":"Gave Potion","damage_taken":0,"relics_obtained":["Pear"],"max_hp_gain":0,"max_hp_loss":0,"event_name":"WeMeetAgain","floor":31,"gold_loss":0}],"is_beta":false,"boss_relics":[{"not_picked":["Philosopher\u0027s Stone","Sozu"],"picked":"Inserter"}],"items_purged_floors":[],"is_endless":false,"potions_floor_spawned":[1,2,5,11,21],"killed_by":"Collector","ascension_level":0}}