{"host":"uikxj58mzlixykyi","time":1609202417,"event":{"mods":["AchievementEnabler","BaseMod","BetterRewards","Colored Map","Colored Powertips","Downfall","Highlight Path","Minty Spire (QoL Compilation)","Shop Mod","StSLib"],"gold_per_floor":[99,114,114,127,127,139,166,186,186,196,208,208,226,226,239,239,239,239],"floor_reached":16,"playtime":689,"items_purged":[],"score":106,"play_id":"16ad8cf5-ce57-4bd2-a209-e697d3908d11","local_time":"20201229024017","is_ascension_mode":true,"campfire_choices":[{"data":"Slimebound:OozeBath","floor":1.0,"key":"SMITH"},{"floor":9,"key":"REST"}],"circlet_count":0,"master_deck":["Slimebound:Strike_Slimebound","Slimebound:Strike_Slimebound","Slimebound:Strike_Slimebound","Slimebound:Tackle","Slimebound:Defend_Slimebound","Slimebound:Defend_Slimebound","Slimebound:Defend_Slimebound","Slimebound:Defend_Slimebound","Slimebound:Split","Slimebound:CorrosiveSpit","Slimebound:OozeBath+1","Slimebound:RejuvenatingLick","Slimebound:FinishingTackle","Slimebound:RejuvenatingLick","Slimebound:RejuvenatingLick","Parasite","Slimebound:FinishingTackle","Slimebound:Nibble"],"relics":["Slimebound:AbsorbEndCombat","downfall:BrokenWingStatue"],"acts_visited":["Exordium"],"potions_floor_usage":[10,15,16,16,16],"damage_taken":[{"damage":11.0,"enemies":"Small Slimes","floor":2.0,"turns":3.0},{"damage":11.0,"enemies":"2 Louse","floor":4.0,"turns":2.0},{"damage":11.0,"enemies":"Jaw Worm","floor":6.0,"turns":3.0},{"damage":38,"enemies":"Gremlin Gang","floor":8,"turns":4},{"damage":10,"enemies":"2 Fungi Beasts","floor":10,"turns":3},{"damage":22,"enemies":"Large Slime","floor":11,"turns":6},{"damage":18,"enemies":"Exordium Wildlife","floor":13,"turns":4},{"damage":18,"enemies":"Gremlin Gang","floor":15,"turns":5},{"damage":80,"enemies":"downfall:Silent","floor":16,"turns":10}],"seed_played":"8699152821820032570","potions_obtained":[{"floor":2.0,"key":"sneckomod:MuddlingPotion"},{"floor":6.0,"key":"Swift Potion"},{"floor":10,"key":"sneckomod:MuddlingPotion"},{"floor":13,"key":"champ:CounterPotion"},{"floor":15,"key":"DuplicationPotion"}],"is_trial":false,"path_per_floor":["R","M","?","M","?","M","T","M","R","M","M","?","M","?","M","B"],"character_chosen":"SLIMEBOUND","items_purchased":[],"campfire_rested":1,"item_purchase_floors":[],"current_hp_per_floor":[54,49,49,48,53,54,54,28,45,49,43,57,53,53,53,0,0,0],"gold":239,"neow_bonus":"THREE_RARE_CARDS","is_daily":false,"chose_seed":false,"campfire_upgraded":1,"win_rate":0.0,"timestamp":1609202417,"path_taken":["R","M","?","M","?","M","T","M","R","M","M","?","M","?","M","BOSS"],"items_purchased_type":[],"build_version":"2020-12-22","purchased_purges":0,"victory":false,"max_hp_per_floor":[54,54,54,54,59,59,59,59,59,59,59,59,59,59,59,59,59,59],"card_choices":[{"not_picked":["Slimebound:Overexert","Slimebound:WasteNot"],"picked":"Slimebound:OozeBath","floor":0.0},{"not_picked":["Slimebound:LeadByExample","Slimebound:SplitSpecialist"],"picked":"Slimebound:RejuvenatingLick","floor":2.0},{"not_picked":["Slimebound:SplitBruiser","Slimebound:ComboTackle","Slimebound:ServeAndProtect"],"picked":"SKIP","floor":4.0},{"not_picked":["Slimebound:ComboTackle","Slimebound:GoopSpray"],"picked":"Slimebound:FinishingTackle","floor":6.0},{"not_picked":["Slimebound:SplitBruiser","Slimebound:GrowthPunch"],"picked":"Slimebound:RejuvenatingLick","floor":8},{"not_picked":["Slimebound:Chomp","Slimebound:FirmFortitude","Slimebound:ComboTackle"],"picked":"SKIP","floor":10},{"not_picked":["Slimebound:SamplingLick","Slimebound:Schlurp"],"picked":"Slimebound:RejuvenatingLick","floor":11},{"not_picked":["Slimebound:SplitAcid","Slimebound:GoopSpray"],"picked":"Slimebound:FinishingTackle","floor":13},{"not_picked":["Slimebound:SplitMire","Slimebound:BestDefense"],"picked":"Slimebound:Nibble","floor":15}],"player_experience":57170,"relics_obtained":[],"event_choices":[{"damage_healed":0.0,"max_hp_gain":5.0,"max_hp_loss":0.0,"gold_gain":0.0,"event_name":"Big Fish","player_choice":"Donut","floor":5.0,"gold_loss":0.0,"damage_taken":0.0},{"damage_healed":14,"gold_gain":0,"player_choice":"Healed and dodged fight","damage_taken":0,"max_hp_gain":0,"max_hp_loss":0,"event_name":"Mushrooms","floor":12,"gold_loss":0,"cards_obtained":["Parasite"]}],"is_beta":false,"boss_relics":[],"items_purged_floors":[],"is_endless":false,"potions_floor_spawned":[2,6,10,13,15],"killed_by":"downfall:Silent","ascension_level":2}}