{"host":"m4gez01cdgxblqzl","time":1609203897,"event":{"mods":["2.2 Compatiblity","AchievementEnabler","Act Like it!","Aspiration","BaseMod","Better Altar","Better Match","Better Note","Better Sensory Stone","Better Skull","Better Third Choice","BetterRewards","CCEM","Challenge The Spire","Clawfect","Colored Powertips","Conspire","Downfall","GifTheSpireLib","Glutton Mod","Halation","Hermit","Hubris","Infinite Spire","Jedi Mod","Minty Spire (QoL Compilation)","Permanent Neow","READ ME - Guardian Mod","RatMod","Replay The Spire","Shade Mod","Shop Mod","Spicy Shops","Spikes Relics","StSLib","Stuff the Spire","The Blue Laboratory","The Construct","The Jungle","The Problem Sleuth","The Runesmith","The Spell Scribe","Trackpad","Unceasing Turn Reminder","Unknown Chances","everything is the same but u backflip on backflip","vexMod"],"gold_per_floor":[116,116,116,132,132,132,146,178,178,34,59,59,59,59,59,74,74,202,202,226,226,226,226],"floor_reached":22,"playtime":1076,"items_purged":[],"score":230,"play_id":"d70f30b1-f828-47e0-9eb7-7e4cda685732","local_time":"20201228190457","is_ascension_mode":false,"campfire_choices":[{"data":"infinitespire:Neurotoxin","floor":9,"key":"SMITH"}],"circlet_count":0,"master_deck":["Strike_G+1","Strike_G+1","Strike_G","Strike_G","Strike_G","Defend_G","Defend_G","Defend_G","Defend_G","Survivor","Neutralize","Noxious Fumes","Feed","Deadly Poison","Sucker Punch","infinitespire:Neurotoxin+1","Dagger Spray","rat:BloodPact","Backflip","infinitespire:Neurotoxin+1"],"relics":["Ring of the Snake","aspiration:Nostalgia","Burning Blood","trackpad:AncestralArmaments","aspiration:StickyExplosives_weak","Blood Vial","Juzu Bracelet","GremlinMask","Golden Idol","Whetstone","Sandwich"],"acts_visited":["Exordium","TheCity"],"potions_floor_usage":[8,18],"damage_taken":[{"damage":2,"enemies":"Small Slimes","floor":1,"turns":4},{"damage":5,"enemies":"2 Louse","floor":4,"turns":2},{"damage":2,"enemies":"Cultist","floor":7,"turns":4},{"damage":7,"enemies":"Gremlin Nob","floor":8,"turns":4},{"damage":12,"enemies":"Looter","floor":16,"turns":3},{"damage":7,"enemies":"Slime Boss","floor":18,"turns":5},{"damage":10,"enemies":"Spheric Guardian","floor":20,"turns":4},{"damage":80,"enemies":"Shell Parasite","floor":22,"turns":2}],"seed_played":"-5637297446734529927","potions_obtained":[{"floor":4,"key":"Swift Potion"},{"floor":7,"key":"champ:CounterPotion"},{"floor":8,"key":"AttackPotion"},{"floor":20,"key":"construct:ShiftPotion"}],"is_trial":false,"path_per_floor":["M","?","?","M","PTL","PTL","M","E","R","$","T","?","?","?","T","M","R","B",null,"M","?","M"],"character_chosen":"THE_SILENT","items_purchased":["Blood Vial"],"campfire_rested":0,"item_purchase_floors":[10],"current_hp_per_floor":[70,58,58,62,62,62,69,68,68,68,68,68,68,68,68,67,67,68,79,75,75,0,0],"gold":226,"neow_bonus":"NOSTALGIA","is_daily":false,"chose_seed":false,"campfire_upgraded":1,"win_rate":0.0,"timestamp":1609203897,"path_taken":["M","?","?","?","PTL","PTL","M","E","R","$","T","?","?","?","?","M","R","BOSS","M","?","M"],"items_purchased_type":["Relic"],"build_version":"2020-12-22","purchased_purges":0,"victory":false,"max_hp_per_floor":[70,70,70,73,73,73,76,76,76,76,76,76,76,76,76,79,79,79,79,79,79,79,79],"card_choices":[{"not_picked":["Prepared","StuffTheSpire:BumpUp"],"picked":"Noxious Fumes","floor":1},{"not_picked":["Outmaneuver","Escape Plan"],"picked":"Deadly Poison","floor":4},{"not_picked":["Outmaneuver","Quick Slash"],"picked":"Sucker Punch","floor":7},{"not_picked":["Underhanded Strike","Leg Sweep"],"picked":"infinitespire:Neurotoxin","floor":8},{"not_picked":["rat:EchoingStrikes","ReplayTheSpireMod:Exploit Weakness"],"picked":"Dagger Spray","floor":16},{"not_picked":["Tools of the Trade","Unload"],"picked":"rat:BloodPact","floor":18},{"not_picked":["StuffTheSpire:Injection","rat:MimicPod"],"picked":"Backflip","floor":20}],"player_experience":18120,"relics_obtained":[{"floor":8,"key":"aspiration:StickyExplosives_weak"},{"floor":11,"key":"Juzu Bracelet"},{"floor":15,"key":"Whetstone"}],"event_choices":[{"cards_removed":["Defend_G"],"damage_healed":0,"gold_gain":0,"player_choice":"Offered Basic","damage_taken":0,"max_hp_gain":0,"max_hp_loss":0,"event_name":"Bonfire Elementals","floor":3,"gold_loss":0},{"damage_healed":0,"gold_gain":0,"player_choice":"Bought 0 Potions","damage_taken":0,"max_hp_gain":0,"max_hp_loss":0,"event_name":"The Woman in Blue","floor":12,"gold_loss":0},{"damage_healed":0,"gold_gain":0,"player_choice":"Trade","damage_taken":0,"relics_obtained":["GremlinMask"],"max_hp_gain":0,"max_hp_loss":0,"event_name":"FaceTrader","floor":13,"gold_loss":0},{"damage_healed":0,"gold_gain":0,"player_choice":"Take Wound","damage_taken":0,"relics_obtained":["Golden Idol"],"max_hp_gain":0,"max_hp_loss":0,"event_name":"Golden Idol","floor":14,"gold_loss":0,"cards_obtained":["Injury"]},{"cards_removed":["Injury"],"damage_healed":0,"gold_gain":0,"player_choice":"Forget","damage_taken":0,"max_hp_gain":0,"max_hp_loss":0,"event_name":"Living Wall","floor":17,"gold_loss":0},{"damage_healed":0,"gold_gain":0,"player_choice":"Copied","damage_taken":0,"max_hp_gain":0,"max_hp_loss":0,"event_name":"Duplicator","floor":21,"gold_loss":0,"cards_obtained":["infinitespire:Neurotoxin"]}],"is_beta":false,"boss_relics":[{"not_picked":["jedi:hotpepper","conspire:RunicOctahedron"],"picked":"Sandwich"}],"items_purged_floors":[],"is_endless":false,"potions_floor_spawned":[4,7,8,20],"killed_by":"Shell Parasite","ascension_level":0}}