{"host":"jkgg7n5hn1slsm35","time":1609237454,"event":{"mods":["Aspiration","BaseMod","BetterRewards","Conspire","Googly Eyes","Gremlin Skip","Halation","Highlight Path","Hubris","Infinite Spire","Minty Spire (QoL Compilation)","Permanent Neow","StSLib","SuperFastMode","vexMod"],"gold_per_floor":[114,64,64,64,15,15,15,34,34,34,65,85,98,113,113,113,113],"floor_reached":16,"playtime":356,"items_purged":[],"score":165,"play_id":"a3db2570-bd83-4a26-a539-dc94cc93ed95","local_time":"20201229112414","is_ascension_mode":true,"campfire_choices":[{"data":"White Noise","floor":6,"key":"SMITH"},{"data":"Zap","floor":10,"key":"SMITH"},{"floor":15,"key":"REST"}],"circlet_count":0,"master_deck":["AscendersBane","Strike_B","Strike_B","Strike_B","Defend_B","Defend_B","Defend_B","Defend_B","Zap+1","Beam Cell","White Noise+1","Conserve Battery","Beam Cell","Heatsinks","Cold Snap","Hello World"],"relics":["Cracked Core","conspire:InfiniteJournal","hubris:Metronome","vexMod:FocusSash"],"acts_visited":["Exordium"],"potions_floor_usage":[16],"damage_taken":[{"damage":0,"enemies":"Cultist","floor":1,"turns":3},{"damage":7,"enemies":"Small Slimes","floor":8,"turns":4},{"damage":18,"enemies":"3 Sentries","floor":11,"turns":7},{"damage":4,"enemies":"2 Louse","floor":12,"turns":3},{"damage":12,"enemies":"Red Slaver","floor":13,"turns":4},{"damage":0,"enemies":"Large Slime","floor":14,"turns":5},{"damage":45,"enemies":"Slime Boss","floor":16,"turns":6}],"seed_played":"6970199618610172870","potions_obtained":[{"floor":1,"key":"FairyPotion"},{"floor":11,"key":"Fire Potion"}],"is_trial":false,"path_per_floor":["M","?","?","?","$","R","$","M","T","R","E","M","M","M","R","B"],"character_chosen":"DEFECT","items_purchased":["Conserve Battery"],"campfire_rested":1,"item_purchase_floors":[5],"current_hp_per_floor":[68,68,61,61,61,61,61,54,54,54,36,32,20,20,42,0,0],"gold":113,"neow_bonus":"THREE_CARDS","is_daily":false,"chose_seed":false,"campfire_upgraded":2,"win_rate":0.0,"timestamp":1609237454,"path_taken":["M","?","?","?","$","R","$","M","T","R","E","M","?","M","R","BOSS"],"items_purchased_type":["Card"],"build_version":"2020-12-22","purchased_purges":0,"victory":false,"max_hp_per_floor":[75,75,75,75,75,75,75,75,75,75,75,75,75,75,75,75,75],"card_choices":[{"not_picked":["Compile Driver","Go for the Eyes"],"picked":"Beam Cell","floor":0},{"not_picked":["Steam","Reinforced Body"],"picked":"White Noise","floor":1},{"not_picked":["Doom and Gloom","Go for the Eyes"],"picked":"Beam Cell","floor":8},{"not_picked":["Double Energy","Hologram"],"picked":"Heatsinks","floor":11},{"not_picked":["Auto Shields","Go for the Eyes","Turbo"],"picked":"SKIP","floor":12},{"not_picked":["Redo","Stack"],"picked":"Cold Snap","floor":13},{"not_picked":["Turbo","Core Surge"],"picked":"Hello World","floor":14}],"player_experience":1798678,"relics_obtained":[{"floor":9,"key":"hubris:Metronome"},{"floor":11,"key":"vexMod:FocusSash"}],"event_choices":[{"cards_removed":["Strike_B"],"damage_healed":0,"gold_gain":0,"player_choice":"Card Removal","damage_taken":0,"max_hp_gain":0,"max_hp_loss":0,"event_name":"The Cleric","floor":2,"gold_loss":50},{"cards_removed":["Dualcast"],"damage_healed":0,"gold_gain":0,"player_choice":"Card Removal","damage_taken":7,"max_hp_gain":0,"max_hp_loss":0,"event_name":"Golden Wing","floor":3,"gold_loss":0},{"damage_healed":0,"gold_gain":0,"player_choice":"Gave Potion","damage_taken":0,"relics_obtained":["conspire:InfiniteJournal"],"max_hp_gain":0,"max_hp_loss":0,"event_name":"WeMeetAgain","floor":4,"gold_loss":0}],"is_beta":false,"boss_relics":[],"items_purged_floors":[],"is_endless":false,"potions_floor_spawned":[1,11],"killed_by":"Slime Boss","ascension_level":13}}