{"host":"pq168dofzzbbmuuf","time":1609279367,"event":{"mods":["BaseMod","Downfall","Friendly Minions","Minty Spire (QoL Compilation)","StSLib"],"gold_per_floor":[99,114,131,131,147,147,174,274,307,307,307,173,190,209,229,229,229,229],"floor_reached":16,"playtime":924,"items_purged":[],"score":127,"play_id":"bf546770-4184-49ea-89aa-74275115a1df","local_time":"20201229170247","is_ascension_mode":false,"campfire_choices":[{"data":"champ:Taunt","floor":1,"key":"SMITH"},{"data":"champ:DefensiveStyle","floor":6,"key":"SMITH"},{"floor":10,"key":"REST"}],"circlet_count":0,"master_deck":["champ:Strike","champ:Strike","champ:Strike","champ:Strike","champ:Defend","champ:Defend","champ:Defend","champ:Defend","champ:Execute","champ:Taunt+1","champ:PerfectedStrike","champ:Lariat","champ:DefensiveStyle+1","champ:FanOfKnives","Regret","champ:EnragedBash","champ:PerfectForm","champ:FlashCut","champ:StanceDance","champ:Circumvent"],"relics":["champ:ChampionCrown","Happy Flower","Strawberry","Sundial","Blue Candle"],"acts_visited":["Exordium"],"potions_floor_usage":[],"damage_taken":[{"damage":17,"enemies":"Cultist","floor":2,"turns":5},{"damage":6,"enemies":"Jaw Worm","floor":3,"turns":4},{"damage":10,"enemies":"2 Louse","floor":5,"turns":3},{"damage":38,"enemies":"Lagavulin","floor":9,"turns":9},{"damage":21,"enemies":"downfall:FleeingMerchant","floor":12,"turns":4},{"damage":18,"enemies":"Blue Slaver","floor":13,"turns":4},{"damage":4,"enemies":"2 Fungi Beasts","floor":14,"turns":3},{"damage":16,"enemies":"Red Slaver","floor":15,"turns":3},{"damage":77,"enemies":"downfall:Defect","floor":16,"turns":6}],"seed_played":"3517336192733438495","potions_obtained":[{"floor":3,"key":"Block Potion"},{"floor":9,"key":"LiquidMemories"},{"floor":14,"key":"DuplicationPotion"}],"is_trial":false,"path_per_floor":["R","M","M","?","M","R","T","?","E","R","?","$","M","M","M","B"],"character_chosen":"THE_CHAMP","items_purchased":["champ:PerfectForm","champ:FlashCut"],"campfire_rested":1,"item_purchase_floors":[12,12],"current_hp_per_floor":[99,95,94,87,86,86,93,93,78,106,106,95,79,77,69,0,0,0],"gold":229,"neow_bonus":"TEN_PERCENT_HP_BONUS","is_daily":false,"chose_seed":false,"campfire_upgraded":2,"win_rate":0.0,"timestamp":1609279367,"path_taken":["R","M","?","?","M","R","T","?","E","R","?","?","M","M","M","BOSS"],"items_purchased_type":["Card","Card"],"build_version":"2020-12-22","purchased_purges":0,"victory":false,"max_hp_per_floor":[99,99,99,99,99,99,106,106,106,106,106,106,106,106,106,106,106,106],"card_choices":[{"not_picked":["champ:AdrenalArmor","champ:BerserkersShout"],"picked":"champ:PerfectedStrike","floor":2},{"not_picked":["champ:GutPunch","champ:StanceDance"],"picked":"champ:Lariat","floor":3},{"not_picked":["champ:CrookedStrike","champ:DefensiveShout"],"picked":"champ:DefensiveStyle","floor":5},{"not_picked":["champ:BerserkersShout","champ:Backstep"],"picked":"champ:FanOfKnives","floor":9},{"not_picked":["champ:StanceDance","champ:HeartStrike"],"picked":"champ:EnragedBash","floor":12},{"not_picked":["champ:HeavySlash","champ:Haymaker"],"picked":"champ:StanceDance","floor":13},{"not_picked":["champ:BringItOn","champ:PerfectedStrike","champ:Haymaker"],"picked":"SKIP","floor":14},{"not_picked":["champ:RapidStrikes","champ:BladeFlurry"],"picked":"champ:Circumvent","floor":15}],"player_experience":578756,"relics_obtained":[{"floor":7,"key":"Strawberry"},{"floor":9,"key":"Sundial"}],"event_choices":[{"damage_healed":0,"gold_gain":0,"player_choice":"Success","damage_taken":7,"relics_obtained":["Happy Flower"],"max_hp_gain":0,"max_hp_loss":0,"event_name":"Scrap Ooze","floor":4,"gold_loss":0},{"damage_healed":0,"gold_gain":0,"player_choice":"Box","damage_taken":0,"relics_obtained":["Blue Candle"],"max_hp_gain":0,"max_hp_loss":0,"event_name":"Big Fish","floor":11,"gold_loss":0,"cards_obtained":["Regret"]}],"is_beta":false,"boss_relics":[],"items_purged_floors":[],"is_endless":false,"potions_floor_spawned":[3,9,14,15],"killed_by":"downfall:Defect","ascension_level":0}}