{"host":"sav7uxregyirlf69","time":1609245533,"event":{"mods":["AchievementEnabler","BaseMod","Colored Map","DeckTracker","Keyboard Shortcuts","Minty Spire (QoL Compilation)","READ ME - Guardian Mod","StSLib","SuperFastMode"],"gold_per_floor":[116,116,131,146,158,158,158,178,178,226,151,181,181,201,201,292,292,308,358,358,378,24,58,71,71,71,71,71,71,71,85,85,162,162,174,193,193,193,24,24,58,74,74,74,87,59,88,113,113,113,113],"floor_reached":50,"playtime":1751,"items_purged":["Strike_G","Strike_G"],"score":1061,"play_id":"5008c5e6-007a-4f53-9eef-e053f3572cd4","local_time":"20201229213853","is_ascension_mode":true,"campfire_choices":[{"data":"Masterful Stab","floor":6.0,"key":"SMITH"},{"data":"Neutralize","floor":15.0,"key":"SMITH"},{"data":"Well Laid Plans","floor":28,"key":"SMITH"},{"data":"Acrobatics","floor":30,"key":"SMITH"},{"data":"Backflip","floor":32,"key":"SMITH"},{"data":"Purity","floor":40,"key":"SMITH"},{"data":"Adrenaline","floor":44,"key":"SMITH"},{"floor":49,"key":"RECALL"}],"circlet_count":0,"master_deck":["AscendersBane","Strike_G","Strike_G","Defend_G","Defend_G","Defend_G","Defend_G","Defend_G","Survivor","Neutralize+1","Masterful Stab+1","Choke","Dagger Throw","Well Laid Plans+1","Grand Finale","Backstab+1","Backflip+1","Escape Plan","Reflex+1","Acrobatics+1","Decay","Adrenaline+1","Finesse","Purity+1","Prepared"],"relics":["Ring of the Snake","NeowsBlessing","TungstenRod","Eternal Feather","Blood Vial","Darkstone Periapt","Bloody Idol","Cursed Key","Bag of Preparation","Paper Crane","SacredBark","TheAbacus","Lantern","Juzu Bracelet","Du-Vu Doll"],"acts_visited":["Exordium","TheCity","TheBeyond"],"potions_floor_usage":[33,48,50],"damage_taken":[{"damage":0.0,"enemies":"2 Louse","floor":1.0,"turns":1.0},{"damage":0.0,"enemies":"Cultist","floor":3.0,"turns":1.0},{"damage":0.0,"enemies":"Jaw Worm","floor":4.0,"turns":1.0},{"damage":2.0,"enemies":"Exordium Wildlife","floor":5.0,"turns":3.0},{"damage":2.0,"enemies":"Looter","floor":8.0,"turns":3.0},{"damage":30.0,"enemies":"Gremlin Nob","floor":12.0,"turns":4.0},{"damage":3.0,"enemies":"2 Fungi Beasts","floor":14.0,"turns":4.0},{"damage":18.0,"enemies":"The Guardian","floor":16.0,"turns":17.0},{"damage":27.0,"enemies":"Spheric Guardian","floor":18.0,"turns":6.0},{"damage":1.0,"enemies":"Shell Parasite","floor":21.0,"turns":3.0},{"damage":3.0,"enemies":"Gremlin Leader","floor":23.0,"turns":6.0},{"damage":16,"enemies":"Shelled Parasite and Fungi","floor":24,"turns":5},{"damage":2,"enemies":"Centurion and Healer","floor":31,"turns":2},{"damage":17,"enemies":"Automaton","floor":33,"turns":9},{"damage":2,"enemies":"Orb Walker","floor":35,"turns":3},{"damage":11,"enemies":"3 Darklings","floor":36,"turns":4},{"damage":3,"enemies":"Reptomancer","floor":41,"turns":6},{"damage":18,"enemies":"Transient","floor":42,"turns":6},{"damage":0,"enemies":"Sphere and 2 Shapes","floor":45,"turns":3},{"damage":93,"enemies":"Nemesis","floor":47,"turns":17},{"damage":4,"enemies":"Mind Bloom Boss Battle","floor":48,"turns":6},{"damage":58,"enemies":"Time Eater","floor":50,"turns":12}],"seed_played":"7795544494676757004","potions_obtained":[{"floor":1.0,"key":"LiquidBronze"},{"floor":4.0,"key":"Dexterity Potion"},{"floor":5.0,"key":"Swift Potion"},{"floor":12.0,"key":"DistilledChaos"},{"floor":24,"key":"FairyPotion"},{"floor":31,"key":"BlessingOfTheForge"},{"floor":35,"key":"Weak Potion"},{"floor":47,"key":"Poison Potion"},{"floor":48,"key":"BlessingOfTheForge"}],"is_trial":false,"path_per_floor":["M","?","M","M","M","R","?","M","T","T","$","E","?","M","R","B",null,"M","?","?","M","$","E","M","$","T","$","R","?","R","M","R","B",null,"M","M","?","?","$","R","E","M","T","R","M","$","E","?","R","B"],"character_chosen":"THE_SILENT","items_purchased":["Escape Plan","Bag of Preparation","TheAbacus","Prepared"],"campfire_rested":0,"item_purchase_floors":[22,22,39,46],"current_hp_per_floor":[59,59,59,59,57,57,51,49,49,49,49,21,21,20,29,13,48,23,23,23,29,29,33,24,24,30,30,42,42,54,59,66,54,63,66,60,51,51,51,63,66,53,53,65,66,66,30,33,48,0,0],"gold":113,"neow_bonus":"THREE_ENEMY_KILL","is_daily":false,"chose_seed":false,"campfire_upgraded":7,"win_rate":0.0,"timestamp":1609245533,"path_taken":["M","?","?","M","?","R","?","M","T","?","?","E","?","M","R","BOSS","M","?","?","M","$","E","M","$","T","?","R","?","R","M","R","BOSS","M","M","?","?","$","R","E","M","T","R","M","?","E","?","R","BOSS"],"items_purchased_type":["Card","Relic","Relic","Card"],"build_version":"2020-12-22","purchased_purges":2,"victory":false,"max_hp_per_floor":[66,66,66,66,66,66,66,66,66,66,66,66,60,60,60,60,60,60,60,60,60,60,60,60,60,66,66,66,66,66,66,66,66,66,66,66,66,66,66,66,66,66,66,66,66,66,66,66,66,66,66],"card_choices":[{"not_picked":["PiercingWail","Expertise"],"picked":"Masterful Stab","floor":1.0},{"not_picked":["Poisoned Stab","Quick Slash"],"picked":"Choke","floor":3.0},{"not_picked":["Sucker Punch","Cloak And Dagger","Flying Knee"],"picked":"SKIP","floor":4.0},{"not_picked":["PiercingWail","Cloak And Dagger"],"picked":"Dagger Throw","floor":5.0},{"not_picked":["Slice","Catalyst","Endless Agony"],"picked":"SKIP","floor":8.0},{"not_picked":["Heel Hook","Unload"],"picked":"Well Laid Plans","floor":12.0},{"not_picked":["Riddle With Holes","Dodge and Roll","Flying Knee"],"picked":"SKIP","floor":14.0},{"not_picked":["Glass Knife","Burst"],"picked":"Grand Finale","floor":16.0},{"not_picked":["Heel Hook","Slice+1"],"picked":"Backstab+1","floor":18.0},{"not_picked":["Flechettes","Quick Slash+1"],"picked":"Backflip","floor":21.0},{"not_picked":["Escape Plan","Dagger Throw"],"picked":"Reflex+1","floor":23.0},{"not_picked":["Dodge and Roll","Distraction"],"picked":"Acrobatics","floor":24},{"not_picked":["Masterful Stab","Crippling Poison","Dagger Spray"],"picked":"SKIP","floor":31},{"not_picked":["Unload","Storm of Steel"],"picked":"Adrenaline","floor":33},{"not_picked":["Accuracy","Dagger Throw+1","Blur"],"picked":"SKIP","floor":35},{"not_picked":["Noxious Fumes","Sucker Punch+1","Underhanded Strike"],"picked":"SKIP","floor":36},{"not_picked":["Panacea","Forethought"],"picked":"Finesse","floor":37},{"not_picked":["Madness","PanicButton"],"picked":"Purity","floor":37},{"not_picked":["Burst","Backstab","Venomology"],"picked":"SKIP","floor":41},{"not_picked":["Acrobatics","Slice","Flying Knee"],"picked":"SKIP","floor":42},{"not_picked":["Slice","Acrobatics","Dagger Throw"],"picked":"SKIP","floor":45},{"not_picked":["Catalyst","Infinite Blades+1","Accuracy+1"],"picked":"SKIP","floor":47}],"player_experience":1052523,"relics_obtained":[{"floor":9.0,"key":"Eternal Feather"},{"floor":10.0,"key":"Blood Vial"},{"floor":12.0,"key":"Darkstone Periapt"},{"floor":23.0,"key":"Paper Crane"},{"floor":41,"key":"Lantern"},{"floor":47,"key":"Juzu Bracelet"},{"floor":48,"key":"Du-Vu Doll"}],"event_choices":[{"damage_healed":0.0,"max_hp_gain":0.0,"max_hp_loss":0.0,"gold_gain":0.0,"event_name":"WeMeetAgain","player_choice":"Gave Potion","floor":2.0,"gold_loss":0.0,"damage_taken":0.0,"relics_obtained":["TungstenRod"]},{"cards_removed":["Strike_G"],"damage_healed":0.0,"max_hp_gain":0.0,"max_hp_loss":0.0,"gold_gain":0.0,"event_name":"Golden Wing","player_choice":"Card Removal","floor":7.0,"gold_loss":0.0,"damage_taken":7.0},{"damage_healed":0.0,"max_hp_gain":0.0,"max_hp_loss":6.0,"gold_gain":0.0,"event_name":"Golden Idol","player_choice":"Lose Max HP","floor":13.0,"gold_loss":0.0,"damage_taken":0.0,"relics_obtained":["Golden Idol"]},{"damage_healed":0.0,"max_hp_gain":0.0,"max_hp_loss":0.0,"gold_gain":50.0,"event_name":"Nest","player_choice":"Stole From Cult","floor":19.0,"gold_loss":0.0,"damage_taken":0.0},{"damage_healed":0.0,"max_hp_gain":0.0,"max_hp_loss":0.0,"gold_gain":0.0,"event_name":"Forgotten Altar","player_choice":"Gave Idol","floor":20.0,"relics_lost":["Golden Idol"],"gold_loss":0.0,"damage_taken":0.0,"relics_obtained":["Bloody Idol"]},{"damage_healed":0,"gold_gain":0,"player_choice":"Ignored","damage_taken":0,"max_hp_gain":0,"max_hp_loss":0,"event_name":"Vampires","floor":29,"gold_loss":0},{"damage_healed":0,"gold_gain":0,"player_choice":"Memory 3","damage_taken":10,"max_hp_gain":0,"max_hp_loss":0,"event_name":"SensoryStone","floor":37,"gold_loss":0},{"damage_healed":0,"gold_gain":0,"player_choice":"Ignored","damage_taken":0,"max_hp_gain":0,"max_hp_loss":0,"event_name":"Tomb of Lord Red Mask","floor":38,"gold_loss":0},{"damage_healed":0,"gold_gain":0,"player_choice":"Fight","damage_taken":0,"max_hp_gain":0,"max_hp_loss":0,"event_name":"MindBloom","floor":48,"gold_loss":0}],"is_beta":false,"boss_relics":[{"not_picked":["Black Star","Busted Crown"],"picked":"Cursed Key"},{"not_picked":["WristBlade","Runic Dome"],"picked":"SacredBark"}],"items_purged_floors":[11,22],"is_endless":false,"potions_floor_spawned":[1,4,5,12,14,24,31,35,41,42,47,48],"killed_by":"Time Eater","ascension_level":20}}