{"host":"ty2cix8xj6r3ad26","time":1609258753,"event":{"mods":["AchievementEnabler","BaseMod","BetterRewards","Minty Spire (QoL Compilation)","StSLib","SuperFastMode","The Necromancer"],"gold_per_floor":[116,130,148,158,176,203,24,24,24,24,24,24,42,60,60,162,162,182,182,182,22,22,22,56,56,56,56,56],"floor_reached":27,"playtime":1874,"items_purged":["Strike_W","Strike_W","Writhe"],"score":331,"play_id":"8cb46fbd-1527-41d1-a9ef-e170a1b0bf96","local_time":"20201229181913","is_ascension_mode":false,"campfire_choices":[{"data":"Cloudkill","floor":10,"key":"SMITH"},{"floor":12,"key":"REST"},{"data":"Summon_Undead_Army","floor":15,"key":"SMITH"},{"data":"Spectral_Walk","floor":23,"key":"SMITH"},{"data":"Vampiric_Strike","floor":25,"key":"SMITH"}],"circlet_count":0,"master_deck":["Strike_W","Strike_W","Defend_W+1","Negative_Energy_Arrows","Bone_Wall","Summon_Undead_Army+1","Vampiric_Strike+1","Summon_Undead_Army+1","Blood_Shield","Bone_Armory","Spectral_Walk+1","Cloudkill+1","Whirlwind_of_Bones","Blood_Magic","Scare","Bone_Armor","Bone_Armory"],"relics":["Vampire_Amulet","Mummified Hand","Incense Burner","StrikeDummy","Oddly Smooth Stone","Snecko Eye","MealTicket","Mercury Hourglass","Bottled Tornado"],"acts_visited":["Exordium","TheCity"],"potions_floor_usage":[6,6,16,18,24],"damage_taken":[{"damage":0,"enemies":"Cultist","floor":1,"turns":3},{"damage":5,"enemies":"Small Slimes","floor":2,"turns":3},{"damage":1,"enemies":"Jaw Worm","floor":3,"turns":2},{"damage":4,"enemies":"Blue Slaver","floor":4,"turns":4},{"damage":2,"enemies":"Looter","floor":5,"turns":3},{"damage":24,"enemies":"3 Sentries","floor":6,"turns":6},{"damage":5,"enemies":"Gremlin Gang","floor":13,"turns":4},{"damage":0,"enemies":"3 Louse","floor":14,"turns":3},{"damage":8,"enemies":"Hexaghost","floor":16,"turns":7},{"damage":19,"enemies":"Spheric Guardian","floor":18,"turns":2},{"damage":50,"enemies":"Slavers","floor":24,"turns":5},{"damage":35,"enemies":"Gremlin Leader","floor":27,"turns":2}],"seed_played":"-7991029723104377166","potions_obtained":[{"floor":1,"key":"LiquidBronze"},{"floor":4,"key":"Energy Potion"},{"floor":5,"key":"AttackPotion"},{"floor":13,"key":"Dexterity Potion"},{"floor":18,"key":"Dexterity Potion"}],"is_trial":false,"path_per_floor":["M","M","M","M","M","E","$","?","T","R","?","R","M","M","R","B",null,"M","?","?","$","?","R","E","R","T","E"],"character_chosen":"NECROMANCER","items_purchased":["Mummified Hand","Summon_Undead_Army","StrikeDummy","Vampiric_Strike","Cloudkill","Bone_Armory"],"campfire_rested":1,"item_purchase_floors":[0,0,0,0,7,21],"current_hp_per_floor":[42,43,46,48,50,36,36,21,21,21,14,36,40,48,48,44,75,58,58,58,73,73,73,31,31,31,0,0],"gold":56,"neow_bonus":"","is_daily":false,"chose_seed":false,"campfire_upgraded":4,"win_rate":0.0,"timestamp":1609258753,"path_taken":["M","M","M","M","?","E","$","?","T","R","?","R","M","M","R","BOSS","M","?","?","$","?","R","E","R","T","E"],"items_purchased_type":["Relic","Card","Relic","Card","Card","Card"],"build_version":"2020-12-22","purchased_purges":3,"victory":false,"max_hp_per_floor":[75,75,75,75,75,75,75,75,75,75,75,75,75,75,75,75,75,75,75,75,75,75,75,75,75,75,75,75],"card_choices":[{"not_picked":["Negative_Energy_Mist","Negative_Energy_Sphere"],"picked":"Summon_Undead_Army","floor":1},{"not_picked":["Necromantic_Selection","Bones_to_Steel","Bone_Armor"],"picked":"SKIP","floor":2},{"not_picked":["Death_March_Dance","Necromantic_Selection","Bone_Bullets"],"picked":"SKIP","floor":3},{"not_picked":["Negative_Energy_Mist","Necromantic_Selection"],"picked":"Blood_Shield","floor":4},{"not_picked":["Deaths_Shadow","Bone_Bullets"],"picked":"Bone_Armory","floor":5},{"not_picked":["Blood_Curse","Scare"],"picked":"Spectral_Walk","floor":6},{"not_picked":["Death_Coil","Death_Knell","Bone_Shift"],"picked":"SKIP","floor":13},{"not_picked":["Scare","Consume_Illness"],"picked":"Whirlwind_of_Bones","floor":14},{"not_picked":["Detonate_Bones","Requiem"],"picked":"Blood_Magic","floor":16},{"not_picked":["Finger_Of_Death","Bones_to_Steel+1","Scare"],"picked":"SKIP","floor":18},{"not_picked":["Scare+1","Life_Drain+1","Consume_Illness+1"],"picked":"SKIP","floor":24}],"player_experience":403908,"relics_obtained":[{"floor":6,"key":"Oddly Smooth Stone"},{"floor":24,"key":"Mercury Hourglass"},{"floor":26,"key":"Bottled Tornado"}],"event_choices":[{"damage_healed":0,"gold_gain":0,"player_choice":"Entered Light","damage_taken":15,"max_hp_gain":0,"max_hp_loss":0,"event_name":"Shining Light","floor":8,"gold_loss":0,"cards_upgraded":["Summon_Undead_Army","Defend_W"]},{"cards_removed":["Defend_W"],"damage_healed":0,"gold_gain":0,"player_choice":"Card Removal","damage_taken":7,"max_hp_gain":0,"max_hp_loss":0,"event_name":"Golden Wing","floor":11,"gold_loss":0},{"damage_healed":0,"gold_gain":0,"cards_transformed":["Defend_W","Defend_W"],"player_choice":"Became Test Subject","damage_taken":0,"max_hp_gain":0,"max_hp_loss":0,"event_name":"Drug Dealer","floor":19,"gold_loss":0,"cards_obtained":["Scare","Bone_Armor"]},{"damage_healed":0,"gold_gain":0,"player_choice":"Opened","damage_taken":0,"relics_obtained":["MealTicket"],"max_hp_gain":0,"max_hp_loss":0,"event_name":"The Mausoleum","floor":20,"gold_loss":0,"cards_obtained":["Writhe"]}],"is_beta":false,"boss_relics":[{"not_picked":["Black Star","Ectoplasm"],"picked":"Snecko Eye"}],"items_purged_floors":[0,7,21],"is_endless":false,"potions_floor_spawned":[1,4,5,13,18],"killed_by":"Gremlin Leader","ascension_level":0}}