{"host":"67d7yvf7wgk1klfn","time":1609261471,"event":{"mods":["BaseMod","Colored Powertips","Filter the Spire","Minty Spire (QoL Compilation)","Relic Stats","Slay the Relics Exporter","StSLib","ojb\u0027s Better Paths Mod","ojb\u0027s Info Mod"],"gold_per_floor":[111,121,135,154,171,171,13,42,42,4,4,4,36,49,49,49,49],"floor_reached":16,"playtime":685,"items_purged":["Reflex"],"score":224,"play_id":"34daaa3a-bf04-4812-9b45-79de3c30f477","local_time":"20201229120431","is_ascension_mode":true,"campfire_choices":[{"floor":6,"key":"REST"},{"data":"Setup","floor":11,"key":"SMITH"},{"data":"Crippling Poison","floor":15,"key":"SMITH"}],"circlet_count":0,"master_deck":["AscendersBane","Survivor","Neutralize","Blade Dance","Deflect","Phantasmal Killer","Dagger Throw","All Out Attack","A Thousand Cuts","Grand Finale","Burst","Footwork","Acrobatics","Backflip","Setup+1","Blade Dance","Glass Knife","Crippling Poison+1"],"relics":["Pandora\u0027s Box","Membership Card","Centennial Puzzle","MealTicket","Nunchaku"],"acts_visited":["Exordium"],"potions_floor_usage":[13,16],"damage_taken":[{"damage":6,"enemies":"Cultist","floor":1,"turns":3},{"damage":9,"enemies":"Small Slimes","floor":2,"turns":2},{"damage":0,"enemies":"2 Louse","floor":3,"turns":2},{"damage":12,"enemies":"2 Fungi Beasts","floor":4,"turns":6},{"damage":8,"enemies":"Exordium Thugs","floor":5,"turns":2},{"damage":7,"enemies":"Lagavulin","floor":8,"turns":5},{"damage":10,"enemies":"3 Sentries","floor":13,"turns":2},{"damage":11,"enemies":"Looter","floor":14,"turns":2},{"damage":35,"enemies":"Slime Boss","floor":16,"turns":7}],"seed_played":"-2847325461118511405","potions_obtained":[{"floor":1,"key":"LiquidMemories"},{"floor":8,"key":"SpeedPotion"},{"floor":14,"key":"Regen Potion"}],"is_trial":false,"path_per_floor":["M","M","M","M","M","R","$","E","T","$","R","?","E","M","R","B"],"character_chosen":"THE_SILENT","items_purchased":["Membership Card"],"campfire_rested":1,"item_purchase_floors":[7],"current_hp_per_floor":[53,44,44,32,24,43,43,36,36,51,51,40,30,19,19,0,0],"gold":49,"neow_bonus":"BOSS_RELIC","is_daily":false,"chose_seed":false,"campfire_upgraded":2,"win_rate":0.0,"timestamp":1609261471,"path_taken":["M","M","?","M","M","R","$","E","T","$","R","?","E","M","R","BOSS"],"items_purchased_type":["Relic"],"build_version":"2020-12-22","purchased_purges":1,"victory":false,"max_hp_per_floor":[66,66,66,66,66,66,66,66,66,66,66,66,66,66,66,66,66],"relic_stats":{"Centennial Puzzle":[9],"Nunchaku":[3],"counters":[9,31],"Pandora\u0027s Box":["Blade Dance","Deflect","Phantasmal Killer","Reflex","Dagger Throw","All Out Attack","A Thousand Cuts","Grand Finale","Burst","Footwork"],"MealTicket":15,"obtain_stats":[{"Centennial Puzzle":8,"Nunchaku":12,"Pandora\u0027s Box":0,"MealTicket":9,"Membership Card":7,"Ring of the Snake":0},{"Centennial Puzzle":6,"Nunchaku":6,"Pandora\u0027s Box":0,"MealTicket":6,"Membership Card":5,"Ring of the Snake":0},{"Centennial Puzzle":20,"Nunchaku":20,"Pandora\u0027s Box":0,"MealTicket":20,"Membership Card":15,"Ring of the Snake":0}]},"card_choices":[{"not_picked":["Blade Dance","Dagger Throw"],"picked":"Acrobatics","floor":1},{"not_picked":["Deflect","Eviscerate"],"picked":"Backflip","floor":2},{"not_picked":["Heel Hook","Flying Knee"],"picked":"Setup","floor":3},{"not_picked":["Poisoned Stab","Underhanded Strike"],"picked":"Blade Dance","floor":4},{"not_picked":["Outmaneuver","Infinite Blades"],"picked":"Glass Knife","floor":5},{"not_picked":["Quick Slash","Terror","Poisoned Stab"],"picked":"SKIP","floor":8},{"not_picked":["Masterful Stab","Calculated Gamble","Skewer"],"picked":"SKIP","floor":13},{"not_picked":["Cloak And Dagger","Crippling Poison","Flying Knee"],"picked":"SKIP","floor":14},{"not_picked":["Cloak And Dagger","Flying Knee"],"picked":"Crippling Poison","floor":14}],"player_experience":638362,"relics_obtained":[{"floor":8,"key":"Centennial Puzzle"},{"floor":9,"key":"MealTicket"}],"event_choices":[{"damage_healed":0,"gold_gain":0,"player_choice":"Success","damage_taken":11,"relics_obtained":["Nunchaku"],"max_hp_gain":0,"max_hp_loss":0,"event_name":"Scrap Ooze","floor":12,"gold_loss":0}],"is_beta":false,"boss_relics":[],"items_purged_floors":[10],"is_endless":false,"potions_floor_spawned":[1,8,14],"killed_by":"Slime Boss","ascension_level":20}}