{"host":"lpcxcvdszk9zyesf","time":1609243364,"event":{"mods":["BaseMod","Better Third Choice","BetterRewards","Minty Spire (QoL Compilation)","Rare Cards Sparkle","Relic Stats","Say the Spire","Spicy Shops","StSLib"],"gold_per_floor":[113,63,78,78,89,89,117,134,159,169,185,24,24,41,41,139,139,121,121,138,5,25,25,25],"floor_reached":23,"playtime":1086,"items_purged":["Strike_R","Strike_R"],"score":443,"play_id":"d4f454bf-f46b-43f4-be71-2a3519a636c1","local_time":"20201229200244","is_ascension_mode":true,"campfire_choices":[{"data":"Trip","floor":6.0,"key":"SMITH"},{"floor":15.0,"key":"REST"}],"circlet_count":0,"master_deck":["AscendersBane","Strike_R","Strike_R","Defend_R","Defend_R","Defend_R","Defend_R","Bash","Iron Wave+1","Trip+1","Ghostly Armor","Disarm","Demon Form","Cleave","Body Slam","Shrug It Off","Burn","Barricade","Shrug It Off"],"relics":["Black Blood","Akabeko","Boot","NlothsMask","Lee\u0027s Waffle"],"acts_visited":["Exordium","TheCity"],"potions_floor_usage":[23,23],"damage_taken":[{"damage":7.0,"enemies":"Jaw Worm","floor":1.0,"turns":3.0},{"damage":3.0,"enemies":"Small Slimes","floor":3.0,"turns":4.0},{"damage":1.0,"enemies":"Cultist","floor":5.0,"turns":4.0},{"damage":33.0,"enemies":"3 Sentries","floor":7.0,"turns":14.0},{"damage":11.0,"enemies":"Lots of Slimes","floor":8.0,"turns":5.0},{"damage":4.0,"enemies":"2 Fungi Beasts","floor":10.0,"turns":5.0},{"damage":0.0,"enemies":"Looter","floor":11.0,"turns":3.0},{"damage":30.0,"enemies":"Gremlin Gang","floor":14.0,"turns":6.0},{"damage":15.0,"enemies":"The Guardian","floor":16.0,"turns":8.0},{"damage":12.0,"enemies":"2 Thieves","floor":18.0,"turns":4.0},{"damage":43.0,"enemies":"Shell Parasite","floor":20.0,"turns":9.0},{"damage":32.0,"enemies":"Snecko","floor":22.0,"turns":8.0},{"damage":85,"enemies":"Book of Stabbing","floor":23,"turns":7}],"seed_played":"-8595659487634034577","potions_obtained":[{"floor":3.0,"key":"SteroidPotion"},{"floor":7.0,"key":"ElixirPotion"},{"floor":10.0,"key":"EssenceOfSteel"},{"floor":11.0,"key":"ElixirPotion"},{"floor":20.0,"key":"Regen Potion"},{"floor":22.0,"key":"Strength Potion"}],"is_trial":false,"path_per_floor":["M","?","M","?","M","R","E","M","T","M","M","$","?","M","R","B",null,"M","?","M","$","M","E"],"character_chosen":"IRONCLAD","items_purchased":["Iron Wave","Trip","Cleave","Body Slam","Shrug It Off","Shrug It Off","Lee\u0027s Waffle"],"campfire_rested":1,"item_purchase_floors":[0,0,12,12,12,21,21],"current_hp_per_floor":[71,71,74,74,79,79,52,47,47,49,55,55,55,31,55,46,72,72,72,41,87,67,0,0],"gold":25,"neow_bonus":"","is_daily":false,"chose_seed":false,"campfire_upgraded":1,"win_rate":0.0,"timestamp":1609243364,"path_taken":["M","?","M","?","M","R","E","?","T","M","?","$","?","M","R","BOSS","M","?","?","$","M","E"],"items_purchased_type":["Card","Card","Card","Card","Card","Card","Relic"],"build_version":"2020-12-22","purchased_purges":2,"victory":false,"max_hp_per_floor":[80,80,80,80,80,80,80,80,80,80,80,80,80,80,80,80,80,80,80,80,87,87,87,87],"relic_stats":{"Lee\u0027s Waffle":46,"counters":[38,191],"Black Blood":227,"Boot":[3],"obtain_stats":[{"Darkstone Periapt":7,"Lee\u0027s Waffle":21,"Happy Flower":7,"Nilry\u0027s Codex":27,"Oddly Smooth Stone":26,"Black Blood":17,"Eternal Feather":9,"PreservedInsect":9,"Incense Burner":17,"Bottled Tornado":23,"Frozen Egg 2":0,"Empty Cage":17,"Boot":9,"Burning Blood":0,"White Beast Statue":20,"Akabeko":7,"Mercury Hourglass":31,"Calling Bell":17,"Lizard Tail":0,"Centennial Puzzle":2,"Tiny Chest":17,"Toxic Egg 2":17,"Meat on the Bone":0,"NlothsMask":19},{"Darkstone Periapt":19,"Lee\u0027s Waffle":36,"Happy Flower":3,"Nilry\u0027s Codex":12,"Oddly Smooth Stone":12,"Black Blood":34,"Eternal Feather":4,"PreservedInsect":19,"Incense Burner":22,"Bottled Tornado":11,"Frozen Egg 2":15,"Empty Cage":7,"Boot":30,"Burning Blood":0,"White Beast Statue":9,"Akabeko":29,"Mercury Hourglass":14,"Calling Bell":22,"Lizard Tail":15,"Centennial Puzzle":16,"Tiny Chest":22,"Toxic Egg 2":22,"Meat on the Bone":0,"NlothsMask":35},{"Darkstone Periapt":84,"Lee\u0027s Waffle":176,"Happy Flower":13,"Nilry\u0027s Codex":44,"Oddly Smooth Stone":44,"Black Blood":163,"Eternal Feather":17,"PreservedInsect":84,"Incense Burner":96,"Bottled Tornado":43,"Frozen Egg 2":61,"Empty Cage":26,"Boot":141,"Burning Blood":0,"White Beast Statue":33,"Akabeko":136,"Mercury Hourglass":54,"Calling Bell":96,"Lizard Tail":61,"Centennial Puzzle":65,"Tiny Chest":96,"Toxic Egg 2":96,"Meat on the Bone":0,"NlothsMask":167}]},"card_choices":[{"not_picked":["Clash","Warcry"],"picked":"Ghostly Armor","floor":1.0},{"not_picked":["Cleave","Warcry","Thunderclap"],"picked":"SKIP","floor":3.0},{"not_picked":["Warcry","Twin Strike","Iron Wave"],"picked":"SKIP","floor":5.0},{"not_picked":["Heavy Blade","Twin Strike","Havoc"],"picked":"SKIP","floor":7.0},{"not_picked":["Flex","Heavy Blade"],"picked":"Disarm","floor":8.0},{"not_picked":["Anger","Heavy Blade"],"picked":"Demon Form","floor":10.0},{"not_picked":["True Grit","Iron Wave","Armaments"],"picked":"SKIP","floor":11.0},{"not_picked":["Cleave","Ghostly Armor","Iron Wave"],"picked":"SKIP","floor":14.0},{"not_picked":["Impervious","Fiend Fire"],"picked":"Barricade","floor":16.0},{"not_picked":["True Grit","Headbutt","Clothesline"],"picked":"SKIP","floor":18.0},{"not_picked":["Twin Strike","Pommel Strike","Clash+1"],"picked":"SKIP","floor":20.0},{"not_picked":["Havoc+1","Uppercut","Ghostly Armor"],"picked":"SKIP","floor":22.0}],"player_experience":271981,"relics_obtained":[{"floor":7.0,"key":"Akabeko"},{"floor":9.0,"key":"Boot"}],"event_choices":[{"cards_removed":["Strike_R"],"damage_healed":0.0,"max_hp_gain":0.0,"max_hp_loss":0.0,"gold_gain":0.0,"event_name":"The Cleric","player_choice":"Card Removal","floor":2.0,"gold_loss":50.0,"damage_taken":0.0},{"damage_healed":0.0,"max_hp_gain":0.0,"max_hp_loss":0.0,"gold_gain":0.0,"event_name":"Accursed Blacksmith","player_choice":"Forge","floor":4.0,"gold_loss":0.0,"damage_taken":0.0,"cards_upgraded":["Iron Wave"]},{"damage_healed":55.0,"max_hp_gain":0.0,"max_hp_loss":80.0,"gold_gain":0.0,"event_name":"betterThird:BetterShining","player_choice":"Embrace Burn","floor":13.0,"gold_loss":0.0,"damage_taken":0.0},{"damage_healed":0.0,"max_hp_gain":0.0,"max_hp_loss":0.0,"gold_gain":0.0,"event_name":"FaceTrader","player_choice":"Trade","floor":19.0,"gold_loss":0.0,"damage_taken":0.0,"relics_obtained":["NlothsMask"]}],"is_beta":false,"boss_relics":[{"not_picked":["Runic Cube","Astrolabe"],"picked":"Black Blood"}],"items_purged_floors":[0,0],"is_endless":false,"potions_floor_spawned":[3,7,10,11,20,22],"killed_by":"Book of Stabbing","ascension_level":10}}