{"host":"h7xtspmc2x3i8s2i","time":1609286264,"event":{"mods":["2.2 Compatiblity","AchievementEnabler","Act Like it!","AlwaysNeverKeys","Aspiration","Astrologer","BaseMod","Beaked The Cultist","Bestiary","Better Altar","Better Match","Better Note","Better Sensory Stone","Better Skull","Better Third Choice","Better Vampires","Better-Laid Plans","BetterRewards","Challenge The Spire","Colored Map","Colored Powertips","Colorless Booster Pack","Curses Come First","Defuse TimeMaze Blight","Dio Mod","Disable Question Mark Monsters","Dota2Spire","Downfall","Duelist Mod","EXCEPTION","Emptier Cage","Energized Spire","Evolution","Friendly Minions","GifTheSpireLib","Gold Saver","Gremlin Skip","Halation","Hubris","Ironclad Rager","Jedi Mod","Key Reminder","Marked Mod","Minty Spire (QoL Compilation)","Permanent Neow","Potion Indicator Mod","Quick Restart","Random Character Button","Random Character Mod","Rare Cards Sparkle","Relic Filter","Relic Stats","Replay The Spire","SacredBarkPlus","Shop Mod","Somnambulant","Spicy Shops","Spikes Relics","Spire Birthday Party","StSLib","Steal the Spire","Stuff the Spire","SuperFastMode","The Awakened One except there are too many feathers","The Blue Laboratory","The Cursed","The Death Knight","The Dragon Tamer","The Edgeheg","The Hierophant","The Problem Sleuth","The Runesmith","The Wild Card","TheVelvet","Transform Curses","Uncapped","Unceasing Turn Reminder","Virulent Crown","everything is the same but u backflip on backflip","slay the spire mod where everything is the same but ironclad has a cowboy hat","vexMod"],"gold_per_floor":[316,336,336,76,91,119,119,148,172,207,227,192,207,236,236,331,331,343,355,10,10,24,24,24,24,24,40,86,116,136,160,34,47,47,152,152,172,186,146,157,18,18,36,63,145,163,173,205,205,219,292,292,292,292,3,37,37],"floor_reached":58,"playtime":2838,"items_purged":["Strike_B","Strike_B","Defend_B"],"score":1656,"play_id":"f6819958-9966-4b5d-b53d-f2ae14f06cf0","local_time":"20201229185744","is_ascension_mode":true,"campfire_choices":[{"floor":23,"key":"RECALL"},{"data":"DiskWipe","floor":34,"key":"SMITH"},{"data":"Panic Button","floor":42,"key":"SMITH"},{"data":"Pot Of Greed","floor":54,"key":"SMITH"}],"circlet_count":0,"master_deck":["Strike_B+1","Strike_B+1","Defend_B","Defend_B","Defend_B","Zap","Dualcast+1","Metamorphosis","Capacitor","StuffTheSpire:Plugnplay","Static Discharge","Storm","Storm","Self Repair","Amplify","Pot Of Greed+1","Pot Of Greed+1","Ball Lightning","Hello World","Panic Button+1","ReplayTheSpireMod:Calculation Training+1","Time Bomb","Echo Form","Coolheaded","Pot Of Greed+1","Glacier","DiskWipe+1","Coolheaded","StuffTheSpire:Plugnplay","StuffTheSpire:Synthwave","Machine Learning","Crystallizer","Panic Button","Crystallizer+1","Tempest+1","StuffTheSpire:Synthwave+1","Fusion+1","Pot Of Greed+1","DiskWipe","DiskWipe","Coolheaded+1","Hello World"],"relics":["Cracked Core","EVO:Axolotl","Mummified Hand","Sling","StuffTheSpire:ColdMirror","MerchantsRug","Frozen Eye","aspiration:Lifesprig","vexMod:PlasmaPancake","Grinning Jar","StuffTheSpire:Gunfinga","Akabeko","Pet Ghost","CosmicIsotope","HyperAlloy","Blue Doll","vexMod:MemoryStick","Geode","Guardian:PocketSentry","Torii","Dota2Spire:Dagon","Bag of Marbles","hubris:DisguiseKit","Vajra"],"acts_visited":["Exordium","TheCity","TheBeyond","TheEnding"],"potions_floor_usage":[5,6,6,6,10,16,16,18,22,30,35,44,48,52,52],"damage_taken":[{"damage":8,"enemies":"Jaw Worm","floor":1,"turns":3},{"damage":0,"enemies":"Cultist","floor":2,"turns":4},{"damage":5,"enemies":"Small Slimes","floor":5,"turns":3},{"damage":8,"enemies":"Gremlin Nob","floor":6,"turns":3},{"damage":17,"enemies":"Lagavulin","floor":8,"turns":4},{"damage":10,"enemies":"Gremlin Nob","floor":10,"turns":3},{"damage":0,"enemies":"3 Louse","floor":11,"turns":1},{"damage":0,"enemies":"Exordium Wildlife","floor":13,"turns":1},{"damage":8,"enemies":"Lagavulin","floor":14,"turns":3},{"damage":28,"enemies":"Hexaghost","floor":16,"turns":4},{"damage":0,"enemies":"Spheric Guardian","floor":18,"turns":2},{"damage":7,"enemies":"Shell Parasite","floor":19,"turns":3},{"damage":4,"enemies":"Cultist and Chosen","floor":22,"turns":4},{"damage":0,"enemies":"3 Cultists","floor":27,"turns":3},{"damage":2,"enemies":"Book of Stabbing","floor":29,"turns":4},{"damage":4,"enemies":"Shelled Parasite and Fungi","floor":30,"turns":4},{"damage":0,"enemies":"Snake Plant","floor":33,"turns":3},{"damage":5,"enemies":"Automaton","floor":35,"turns":5},{"damage":1,"enemies":"Orb Walker","floor":37,"turns":3},{"damage":12,"enemies":"3 Darklings","floor":38,"turns":4},{"damage":0,"enemies":"4 Shapes","floor":40,"turns":3},{"damage":0,"enemies":"Sphere and 2 Shapes","floor":43,"turns":3},{"damage":3,"enemies":"Reptomancer","floor":44,"turns":4},{"damage":1,"enemies":"3 Darklings","floor":46,"turns":4},{"damage":0,"enemies":"Maw","floor":47,"turns":4},{"damage":31,"enemies":"Nemesis","floor":48,"turns":5},{"damage":2,"enemies":"Sphere and 2 Shapes","floor":50,"turns":3},{"damage":53,"enemies":"Awakened One","floor":52,"turns":10},{"damage":31,"enemies":"Shield and Spear","floor":56,"turns":6},{"damage":73,"enemies":"The Heart","floor":57,"turns":8}],"seed_played":"5063906397797230860","potions_obtained":[{"floor":5,"key":"EntropicBrew"},{"floor":8,"key":"DeathKnight:RimePotion"},{"floor":10,"key":"Adrenaline Potion"},{"floor":14,"key":"jedi:coolantleak"},{"floor":16,"key":"Explosive Potion"},{"floor":19,"key":"DeathKnight:BottledBloodEchoes"},{"floor":22,"key":"Swift Potion"},{"floor":29,"key":"champ:CounterPotion"},{"floor":39,"key":"DeathKnight:BottledBloodEchoes"},{"floor":39,"key":"FairyPotion"},{"floor":39,"key":"blueLaboratory:StoneskinPotion"},{"floor":46,"key":"LiquidMemories"},{"floor":48,"key":"Explosive Potion"},{"floor":50,"key":"Energy Potion"}],"is_trial":false,"path_per_floor":["M","M","?","$","M","E","T","E","T","E","M","?","M","E","R_BF","B",null,"M","M","$","?","M","R","?","PTL","PTL","M","T","E","M","T","$","M","R","B",null,"M","M","?","M","$","R","M","E","T","M","M","E","?","M","R_BF","B",null,"R","$","E","B",null],"character_chosen":"DEFECT","items_purchased":["Mummified Hand","Whetstone","Sling","StuffTheSpire:ColdMirror","Metamorphosis","MerchantsRug","Capacitor","Frozen Eye","Storm","BargainBundle","Omamori","aspiration:Lifesprig","DiskWipe","Coolheaded","HyperAlloy","Crystallizer","Guardian:PocketSentry","DiskWipe","Coolheaded+1","hubris:DisguiseKit"],"campfire_rested":0,"item_purchase_floors":[0,0,0,0,0,0,0,0,4,4,4,4,20,20,20,32,41,55,55,55],"current_hp_per_floor":[67,67,67,67,62,69,69,52,52,49,49,69,76,82,82,61,83,83,83,83,75,78,78,54,54,54,61,61,66,69,69,69,76,76,78,113,113,108,108,108,108,108,108,112,112,113,113,89,89,94,94,48,113,113,113,89,16],"gold":37,"neow_bonus":"","is_daily":false,"chose_seed":false,"campfire_upgraded":3,"win_rate":0.0,"timestamp":1609286264,"path_taken":["M","M","?","$","?","E","?","E","T","E","?","?","M","E","R_BF","BOSS","M","M","$","?","M","R","?","PTL","PTL","M","T","E","?","?","?","M","R","BOSS","M","?","?","M","$","R","M","E","T","?","M","E","?","M","R_BF","BOSS","R","$","E","BOSS"],"items_purchased_type":["Relic","Relic","Relic","Relic","Card","Relic","Card","Relic","Card","Relic","Relic","Relic","Card","Card","Relic","Card","Relic","Card","Card","Relic"],"build_version":"2020-12-22","purchased_purges":3,"victory":true,"max_hp_per_floor":[75,75,75,75,75,83,83,83,83,83,83,83,83,83,83,83,83,83,83,83,83,83,83,83,83,83,83,83,83,83,83,83,83,83,83,113,113,113,113,113,113,113,113,113,113,113,113,113,113,113,113,113,113,113,113,113,113],"relic_stats":{"Torii":30,"counters":[53,253],"Mummified Hand":[234],"obtain_stats":[{"Replay:Accelerometer":6,"vexMod:PlasmaPancake":6,"aspiration:Lifesprig":10,"SnailShell":43,"vexMod:MemoryStick":29,"Torii":44,"Vajra":56,"BrokenLever":44,"Blue Doll":28,"Whetstone":0,"EVO:Axolotl":0,"HeavenlyBonsai":7,"Sling":0,"Pet Ghost":14,"jedi:shrinkray":26,"Frozen Eye":0,"StuffTheSpire:Gunfinga":9,"Mummified Hand":0,"StuffTheSpire:ColdMirror":0,"Prayer Wheel":10,"Red Mask":47,"Cracked Core":0,"aspiration:FaultyCoupler":28,"StuffTheSpire:Tea":54,"MerchantsRug":7,"hubris:DisguiseKit":55,"BargainBundle":4,"vexMod:ScavengeHelm":8,"Dota2Spire:Dagon":45,"Geode":3,"Omamori":4,"Guardian:PocketSentry":41,"hubris:Towel":20,"Akabeko":10,"vexMod:GhostlyGear":7,"keyreminder:keyreminder":9,"Anchor":24,"halation:EternalFortune":46,"HyperAlloy":20,"CosmicIsotope":17,"Bag of Marbles":48,"Grinning Jar":8,"halation:PinkSoulGem":19,"hubris:OldNail":7,"vexMod:ImprovementManual":17,"Toy Ornithopter":41,"vexMod:BigBerry":34},{"Replay:Accelerometer":3,"vexMod:PlasmaPancake":27,"aspiration:Lifesprig":4,"SnailShell":18,"vexMod:MemoryStick":38,"Torii":46,"Vajra":52,"BrokenLever":19,"Blue Doll":37,"Whetstone":23,"EVO:Axolotl":23,"HeavenlyBonsai":3,"Sling":23,"Pet Ghost":32,"jedi:shrinkray":10,"Frozen Eye":23,"StuffTheSpire:Gunfinga":28,"Mummified Hand":23,"StuffTheSpire:ColdMirror":23,"Prayer Wheel":4,"Red Mask":20,"Cracked Core":0,"aspiration:FaultyCoupler":11,"StuffTheSpire:Tea":22,"MerchantsRug":3,"hubris:DisguiseKit":51,"BargainBundle":25,"vexMod:ScavengeHelm":3,"Dota2Spire:Dagon":46,"Geode":1,"Omamori":25,"Guardian:PocketSentry":44,"hubris:Towel":9,"Akabeko":29,"vexMod:GhostlyGear":3,"keyreminder:keyreminder":3,"Anchor":10,"halation:EternalFortune":20,"HyperAlloy":35,"CosmicIsotope":33,"Bag of Marbles":49,"Grinning Jar":28,"halation:PinkSoulGem":9,"hubris:OldNail":3,"vexMod:ImprovementManual":8,"Toy Ornithopter":18,"vexMod:BigBerry":14},{"Replay:Accelerometer":12,"vexMod:PlasmaPancake":152,"aspiration:Lifesprig":19,"SnailShell":105,"vexMod:MemoryStick":184,"Torii":213,"Vajra":245,"BrokenLever":114,"Blue Doll":180,"Whetstone":139,"EVO:Axolotl":139,"HeavenlyBonsai":12,"Sling":139,"Pet Ghost":164,"jedi:shrinkray":59,"Frozen Eye":139,"StuffTheSpire:Gunfinga":156,"Mummified Hand":139,"StuffTheSpire:ColdMirror":139,"Prayer Wheel":18,"Red Mask":119,"Cracked Core":0,"aspiration:FaultyCoupler":65,"StuffTheSpire:Tea":137,"MerchantsRug":12,"hubris:DisguiseKit":239,"BargainBundle":146,"vexMod:ScavengeHelm":12,"Dota2Spire:Dagon":213,"Geode":3,"Omamori":146,"Guardian:PocketSentry":206,"hubris:Towel":52,"Akabeko":159,"vexMod:GhostlyGear":12,"keyreminder:keyreminder":12,"Anchor":59,"halation:EternalFortune":119,"HyperAlloy":173,"CosmicIsotope":168,"Bag of Marbles":226,"Grinning Jar":156,"halation:PinkSoulGem":52,"hubris:OldNail":12,"vexMod:ImprovementManual":47,"Toy Ornithopter":105,"vexMod:BigBerry":84}]},"card_choices":[{"not_picked":["Coolheaded","StuffTheSpire:Coldhearted"],"picked":"StuffTheSpire:Plugnplay","floor":1},{"not_picked":["Steam","Cold Snap"],"picked":"Static Discharge","floor":2},{"not_picked":["FTL","BootSequence"],"picked":"Self Repair","floor":5},{"not_picked":["Aggregate","Sweeping Beam"],"picked":"Amplify","floor":6},{"not_picked":["Go for the Eyes","StuffTheSpire:LoadUp"],"picked":"Ball Lightning","floor":8},{"not_picked":["jedi:hex","Glacier"],"picked":"Hello World","floor":10},{"not_picked":["Redo","Compile Driver"],"picked":"Panic Button","floor":11},{"not_picked":["BootSequence","Steam"],"picked":"ReplayTheSpireMod:Calculation Training","floor":13},{"not_picked":["jedi:locknload","Stack"],"picked":"Time Bomb","floor":14},{"not_picked":["jedi:meditation","Rainbow"],"picked":"Echo Form","floor":16},{"not_picked":["StuffTheSpire:Coldhearted","Cold Snap"],"picked":"Coolheaded","floor":18},{"not_picked":["jedi:BurstFrost","Aggregate+1"],"picked":"Glacier","floor":19},{"not_picked":["Turbo+1","Cold Snap"],"picked":"StuffTheSpire:Plugnplay","floor":22},{"not_picked":["Blizzard","StuffTheSpire:GlassShard+1"],"picked":"StuffTheSpire:Synthwave","floor":27},{"not_picked":["Redo+1","StuffTheSpire:LoadUp"],"picked":"Machine Learning","floor":29},{"not_picked":["Stack","Ball Lightning","Hologram"],"picked":"SKIP","floor":30},{"not_picked":["Barrage","Rebound"],"picked":"Panic Button","floor":33},{"not_picked":["Lockon","Leap+1","Aggregate+1"],"picked":"SKIP","floor":37},{"not_picked":["Doom and Gloom","jedi:hex"],"picked":"Crystallizer+1","floor":38},{"not_picked":["Ball Lightning+1","jedi:BurstLightning","Gash+1"],"picked":"SKIP","floor":40},{"not_picked":["Sweeping Beam+1","Go for the Eyes+1","Gash"],"picked":"SKIP","floor":43},{"not_picked":["Cold Snap","StuffTheSpire:Rend+1"],"picked":"Tempest+1","floor":44},{"not_picked":["Go for the Eyes+1","FIFO Queue"],"picked":"StuffTheSpire:Synthwave+1","floor":46},{"not_picked":["StuffTheSpire:EventHorizon","Gash+1","jedi:BurstLightning+1"],"picked":"SKIP","floor":47},{"not_picked":["Beam Cell+1","StuffTheSpire:GlassShard","ReplayGash+1"],"picked":"SKIP","floor":48},{"not_picked":["Compile Driver","Force Field"],"picked":"Fusion+1","floor":50},{"not_picked":["Turbo","Streamline+1"],"picked":"Hello World","floor":56}],"player_experience":623269,"relics_obtained":[{"floor":6,"key":"vexMod:PlasmaPancake"},{"floor":8,"key":"Grinning Jar"},{"floor":9,"key":"StuffTheSpire:Gunfinga"},{"floor":10,"key":"Akabeko"},{"floor":14,"key":"Pet Ghost"},{"floor":28,"key":"Blue Doll"},{"floor":29,"key":"vexMod:MemoryStick"},{"floor":31,"key":"Geode"},{"floor":44,"key":"Torii"},{"floor":45,"key":"Dota2Spire:Dagon"},{"floor":48,"key":"Bag of Marbles"},{"floor":56,"key":"Vajra"}],"event_choices":[{"damage_healed":0,"gold_gain":0,"player_choice":"Leave","damage_taken":0,"max_hp_gain":0,"max_hp_loss":0,"event_name":"FaceTrader","floor":3,"gold_loss":0},{"damage_healed":20,"gold_gain":0,"player_choice":"Healed","damage_taken":0,"max_hp_gain":0,"max_hp_loss":0,"event_name":"The Cleric","floor":12,"gold_loss":35},{"damage_healed":0,"gold_gain":0,"player_choice":"Bought 3 Potions","damage_taken":0,"max_hp_gain":0,"max_hp_loss":0,"event_name":"The Woman in Blue","floor":39,"gold_loss":0}],"is_beta":false,"boss_relics":[{"not_picked":["Snecko Eye","aspiration:FutureDiary"],"picked":"CosmicIsotope"},{"not_picked":["aspiration:SilentSkillbook","Replay:Ancient Bell"],"picked":"vexMod:BigBerry"}],"items_purged_floors":[4,32,41],"is_endless":false,"potions_floor_spawned":[5,8,10,14,16,19,22,29,43,46,48,50],"ascension_level":1}}