{"host":"mjmsgaxkb56jw5c5","time":1609264179,"event":{"mods":["Aspiration","BaseMod","Colored Powertips","Conspire","Downfall","Hubris","Minty Spire (QoL Compilation)","Replay The Spire","StSLib","The Jungle"],"gold_per_floor":[119,136,136,136,68,68,103,103,156,173,191,211,57,7,7,7,7],"floor_reached":16,"playtime":435,"items_purged":["Strike_B"],"score":144,"play_id":"9f9a3bc7-7e5e-4f75-a17d-1a38d67c36d1","local_time":"20201229184939","is_ascension_mode":true,"campfire_choices":[{"data":"Loop","floor":6,"key":"SMITH"},{"data":"Ball Lightning","floor":8,"key":"SMITH"},{"floor":15,"key":"REST"}],"circlet_count":0,"master_deck":["Strike_B","Strike_B","Defend_B","Defend_B","Defend_B","Defend_B","Zap","Dualcast","Ball Lightning+1","Loop+1","Crystallizer","Loop","Crystallizer"],"relics":["Cracked Core","NeowsBlessing","hubris:Icosahedron","Bottled Tornado","hubris:BallOfYels","Anchor"],"acts_visited":["Exordium"],"potions_floor_usage":[16,16,16],"damage_taken":[{"damage":0,"enemies":"Small Slimes","floor":1,"turns":1},{"damage":0,"enemies":"2 Louse","floor":2,"turns":1},{"damage":0,"enemies":"3 Sentries","floor":7,"turns":1},{"damage":1,"enemies":"Cultist","floor":10,"turns":3},{"damage":13,"enemies":"Blue Slaver","floor":11,"turns":2},{"damage":30,"enemies":"Lots of Slimes","floor":12,"turns":4},{"damage":69,"enemies":"Fading Forest","floor":16,"turns":7}],"seed_played":"-6433503446479890723","potions_obtained":[{"floor":2,"key":"SkillPotion"},{"floor":7,"key":"sneckomod:MuddlingPotion"},{"floor":12,"key":"Reflective Coating"}],"is_trial":false,"path_per_floor":["M","M","?","?","$","R","E","R","T","M","M","M","$","?","R","B"],"character_chosen":"DEFECT","items_purchased":["Loop","Crystallizer"],"campfire_rested":1,"item_purchase_floors":[5,13],"current_hp_per_floor":[75,75,75,75,75,75,75,75,75,74,61,31,31,31,53,0,0],"gold":7,"neow_bonus":"THREE_ENEMY_KILL","is_daily":false,"chose_seed":false,"campfire_upgraded":2,"win_rate":0.0,"timestamp":1609264179,"path_taken":["M","M","?","?","$","R","E","R","T","M","?","M","$","?","R","BOSS"],"items_purchased_type":["Card","Card"],"build_version":"2020-12-22","purchased_purges":1,"victory":false,"max_hp_per_floor":[75,75,75,75,75,75,75,75,75,75,75,75,75,75,75,75,75],"card_choices":[{"not_picked":["Barrage","Steam Power","Doom and Gloom"],"picked":"SKIP","floor":1},{"not_picked":["Rebound","Hologram"],"picked":"Ball Lightning","floor":2},{"not_picked":["Coolheaded","Streamline","Go for the Eyes"],"picked":"SKIP","floor":7},{"not_picked":["Panic Button","BasicCrystalCard"],"picked":"Crystallizer","floor":10},{"not_picked":["Panic Button","BasicCrystalCard"],"picked":"Loop","floor":11},{"not_picked":["Compile Driver","Panic Button","Leap"],"picked":"SKIP","floor":12}],"player_experience":228778,"relics_obtained":[{"floor":7,"key":"Bottled Tornado"},{"floor":9,"key":"hubris:BallOfYels"}],"event_choices":[{"cards_removed":["Strike_B"],"damage_healed":0,"gold_gain":0,"player_choice":"Offered Basic","damage_taken":0,"max_hp_gain":0,"max_hp_loss":0,"event_name":"Bonfire Elementals","floor":4,"gold_loss":0},{"damage_healed":0,"gold_gain":0,"player_choice":"Paid Gold","damage_taken":0,"relics_obtained":["Anchor"],"max_hp_gain":0,"max_hp_loss":0,"event_name":"WeMeetAgain","floor":14,"gold_loss":50}],"is_beta":false,"boss_relics":[],"items_purged_floors":[13],"is_endless":false,"potions_floor_spawned":[2,7,12],"killed_by":"Fading Forest","ascension_level":3}}