{"host":"lpcxcvdszk9zyesf","time":1609253902,"event":{"mods":["BaseMod","Better Third Choice","BetterRewards","Minty Spire (QoL Compilation)","Rare Cards Sparkle","Relic Stats","Say the Spire","Spicy Shops","StSLib"],"gold_per_floor":[113,113,113,113,132,132,167,167,167,167,12,12,12,37,37,158,158,176,176,176],"floor_reached":19,"playtime":463,"items_purged":[],"score":282,"play_id":"c91b642e-a45b-46fa-8d21-cf7cb2a80407","local_time":"20201229225822","is_ascension_mode":true,"campfire_choices":[{"data":"Metallicize","floor":6,"key":"SMITH"},{"data":"Fire Breathing","floor":8,"key":"SMITH"},{"data":"Inflame","floor":15,"key":"SMITH"}],"circlet_count":0,"master_deck":["AscendersBane","Strike_R","Strike_R","Strike_R","Strike_R","Defend_R","Defend_R","Defend_R","Defend_R","Bash","Pommel Strike","Metallicize+1","Fire Breathing+1","Inflame+1","Reaper","Shrug It Off+1"],"relics":["Burning Blood","NeowsBlessing","Golden Idol","Smiling Mask","Question Card","Pantograph","Regal Pillow","Fusion Hammer"],"acts_visited":["TheCity"],"potions_floor_usage":[16,18],"damage_taken":[{"damage":0,"enemies":"Jaw Worm","floor":1,"turns":1},{"damage":0,"enemies":"2 Louse","floor":5,"turns":1},{"damage":0,"enemies":"Gremlin Nob","floor":7,"turns":1},{"damage":0,"enemies":"Small Slimes","floor":14,"turns":3},{"damage":79,"enemies":"The Guardian","floor":16,"turns":18},{"damage":19,"enemies":"3 Byrds","floor":18,"turns":5},{"damage":69,"enemies":"Masked Bandits","floor":19,"turns":4}],"seed_played":"4309522294155835848","potions_obtained":[{"floor":7,"key":"DistilledChaos"},{"floor":14,"key":"SteroidPotion"},{"floor":16,"key":"Block Potion"}],"is_trial":false,"path_per_floor":["M","?","?","?","M","R","E","R","T","T","$","?","$","M","R","B",null,"M","?"],"character_chosen":"IRONCLAD","items_purchased":["Regal Pillow"],"campfire_rested":0,"item_purchase_floors":[11],"current_hp_per_floor":[78,78,58,58,64,64,70,70,70,70,70,63,63,69,69,7,62,55,0,0],"gold":176,"neow_bonus":"THREE_ENEMY_KILL","is_daily":false,"chose_seed":false,"campfire_upgraded":3,"win_rate":0.0,"timestamp":1609253902,"path_taken":["M","?","?","?","?","R","E","R","T","?","$","?","?","M","R","BOSS","M","?"],"items_purchased_type":["Relic"],"build_version":"2020-12-22","purchased_purges":0,"victory":false,"max_hp_per_floor":[80,80,80,80,80,80,80,80,80,80,80,80,80,80,80,80,80,80,80,80],"relic_stats":{"Regal Pillow":0,"counters":[7,33],"Golden Idol":50,"Pantograph":11,"Smiling Mask":0,"Question Card":3,"obtain_stats":[{"Regal Pillow":11,"NeowsBlessing":0,"Golden Idol":3,"Pantograph":10,"Fusion Hammer":17,"Smiling Mask":7,"Question Card":9,"Burning Blood":0},{"Regal Pillow":3,"NeowsBlessing":0,"Golden Idol":1,"Pantograph":3,"Fusion Hammer":5,"Smiling Mask":3,"Question Card":3,"Burning Blood":0},{"Regal Pillow":3,"NeowsBlessing":0,"Golden Idol":1,"Pantograph":3,"Fusion Hammer":24,"Smiling Mask":3,"Question Card":3,"Burning Blood":0}],"Burning Blood":36},"card_choices":[{"not_picked":["Clash","Perfected Strike"],"picked":"Pommel Strike","floor":1},{"not_picked":["Warcry","Pommel Strike"],"picked":"Metallicize","floor":5},{"not_picked":["Second Wind","Disarm"],"picked":"Fire Breathing","floor":7},{"not_picked":["Thunderclap","Dual Wield","Wild Strike"],"picked":"Inflame","floor":14},{"not_picked":["Immolate","Double Tap","Impervious"],"picked":"Reaper","floor":16},{"not_picked":["Clothesline","Havoc","Inflame"],"picked":"Shrug It Off+1","floor":18}],"player_experience":277613,"relics_obtained":[{"floor":7,"key":"Smiling Mask"},{"floor":9,"key":"Question Card"},{"floor":10,"key":"Pantograph"}],"event_choices":[{"cards_removed":["Strike_R"],"damage_healed":0,"gold_gain":0,"player_choice":"Forget","damage_taken":0,"max_hp_gain":0,"max_hp_loss":0,"event_name":"Living Wall","floor":2,"gold_loss":0},{"damage_healed":0,"gold_gain":0,"player_choice":"Take Damage","damage_taken":20,"relics_obtained":["Golden Idol"],"max_hp_gain":0,"max_hp_loss":0,"event_name":"Golden Idol","floor":3,"gold_loss":0},{"damage_healed":58,"gold_gain":0,"player_choice":"Embrace Burn","damage_taken":0,"max_hp_gain":0,"max_hp_loss":80,"event_name":"betterThird:BetterShining","floor":4,"gold_loss":0},{"cards_removed":["Burn"],"damage_healed":0,"gold_gain":0,"player_choice":"Card Removal","damage_taken":7,"max_hp_gain":0,"max_hp_loss":0,"event_name":"Golden Wing","floor":12,"gold_loss":0},{"damage_healed":0,"gold_gain":0,"player_choice":"Fought Bandits","damage_taken":0,"max_hp_gain":0,"max_hp_loss":0,"event_name":"Masked Bandits","floor":19,"gold_loss":0}],"is_beta":false,"boss_relics":[{"not_picked":["Snecko Eye","Black Star"],"picked":"Fusion Hammer"}],"items_purged_floors":[],"is_endless":false,"potions_floor_spawned":[7,14,16],"killed_by":"Masked Bandits","ascension_level":10}}