{"host":"4dbgro9q4v1tkbhe","time":1609236101,"event":{"mods":["BaseMod","Minty Spire (QoL Compilation)","Quick Restart","Replay The Spire","StSLib"],"gold_per_floor":[115,131,131,131,56,56,77,77,102,136,136,53,69,23,23,113,113,127,141,156,81,96,96,119,119,119,119,119,119,138,151,169,187,187,187,187],"floor_reached":35,"playtime":1583,"items_purged":["Strike_R"],"score":722,"play_id":"eccaa78f-c933-49ed-8219-190fa9abe558","local_time":"20201229180141","is_ascension_mode":true,"campfire_choices":[{"data":"Bash","floor":6.0,"key":"SMITH"},{"data":"Flex","floor":8.0,"key":"SMITH"},{"data":"Run Through","floor":11.0,"key":"SMITH"},{"data":"Whirlwind","floor":15.0,"key":"SMITH"},{"floor":23.0,"key":"REST"},{"floor":27.0,"key":"REST"}],"circlet_count":0,"master_deck":["AscendersBane","Strike_R","Strike_R","Strike_R","Defend_R","Defend_R","Defend_R","Defend_R","Bash+1","Run Through+1","Flex+1","Whirlwind+1","ReplayTheSpireMod:Muscle Training+1","ReplayTheSpireMod:Splinters","Poisoned Strike","Inflame","Flex+1"],"relics":["Burning Blood","Eternal Feather","Golden Idol","Blue Doll","ReplayFunnel","ReplayTheSpireMod:CursedCoin","Electric Blood","ReplayTheSpireMod:Shallot"],"acts_visited":["Exordium","TheCity"],"potions_floor_usage":[35,35],"damage_taken":[{"damage":6.0,"enemies":"Cultist","floor":1.0,"turns":3.0},{"damage":6.0,"enemies":"2 Louse","floor":2.0,"turns":4.0},{"damage":9.0,"enemies":"Jaw Worm","floor":7.0,"turns":4.0},{"damage":32.0,"enemies":"Gremlin Nob","floor":10.0,"turns":4.0},{"damage":11.0,"enemies":"Looter","floor":13.0,"turns":2.0},{"damage":38.0,"enemies":"Fading Forest","floor":16.0,"turns":13.0},{"damage":29.0,"enemies":"Shell Parasite","floor":18.0,"turns":4.0},{"damage":4.0,"enemies":"3 Byrds","floor":19.0,"turns":3.0},{"damage":32.0,"enemies":"Cultist and Chosen","floor":20.0,"turns":5.0},{"damage":8.0,"enemies":"Snecko","floor":22.0,"turns":8.0},{"damage":25.0,"enemies":"Snake Plant","floor":24.0,"turns":6.0},{"damage":10.0,"enemies":"Centurion and Healer","floor":30.0,"turns":5.0},{"damage":9.0,"enemies":"Sentry and Sphere","floor":31.0,"turns":8.0},{"damage":5.0,"enemies":"3 Cultists","floor":32.0,"turns":2.0},{"damage":24.0,"enemies":"Snecko","floor":33.0,"turns":10.0},{"damage":57,"enemies":"Pondfish","floor":35,"turns":7}],"seed_played":"-362991987035902486","potions_obtained":[{"floor":1.0,"key":"Swift Potion"},{"floor":10.0,"key":"Energy Potion"},{"floor":16.0,"key":"ElixirPotion"},{"floor":20.0,"key":"Block Potion"},{"floor":24.0,"key":"SteroidPotion"},{"floor":31.0,"key":"Adrenaline Potion"}],"is_trial":true,"path_per_floor":["M","M","T","?","?","R","M","R","T","E","R","$","M","$","R","B",null,"M","M","M","$","M","R","M","PTL","PTL","R","T","?","M","M","M","M","R","B"],"character_chosen":"IRONCLAD","items_purchased":["Whirlwind","ReplayTheSpireMod:CursedCoin","Poisoned Strike"],"campfire_rested":2,"item_purchase_floors":[12,14,14],"current_hp_per_floor":[68,68,68,68,68,68,65,68,68,42,48,48,43,43,52,42,62,39,41,15,15,13,42,23,23,23,52,52,52,48,45,46,28,57,0,0],"gold":187,"neow_bonus":"","is_daily":false,"chose_seed":false,"campfire_upgraded":4,"win_rate":0.0,"timestamp":1609236101,"path_taken":["M","M","?","?","?","R","M","R","T","E","R","$","M","?","R","BOSS","M","M","M","$","M","R","M","PTL","PTL","R","T","?","M","M","M","M","R","BOSS"],"items_purchased_type":["Card","Relic","Card"],"build_version":"2020-12-22","purchased_purges":1,"victory":false,"max_hp_per_floor":[75,75,75,68,68,68,68,68,68,68,68,68,68,68,68,68,68,68,68,68,68,68,68,68,68,68,68,68,68,68,68,68,68,68,68,68],"card_choices":[{"not_picked":["Entrench","Pommel Strike","Cleave"],"picked":"SKIP","floor":1.0},{"not_picked":["Heavy Blade","Armaments"],"picked":"Run Through","floor":2.0},{"not_picked":["Shockwave","Entrench"],"picked":"Flex","floor":7.0},{"not_picked":["Fiend Fire","Twin Strike","Heavy Blade"],"picked":"SKIP","floor":10.0},{"not_picked":["Second Wind","ReplayTheSpireMod:Strike From Hell"],"picked":"ReplayTheSpireMod:Muscle Training","floor":13.0},{"not_picked":["ReplayTheSpireMod:Corrosion Curse","Headbutt"],"picked":"Inflame","floor":18.0},{"not_picked":["Intimidate","Dual Wield","Uppercut"],"picked":"SKIP","floor":19.0},{"not_picked":["Twin Strike","Heavy Blade","Combust"],"picked":"SKIP","floor":20.0},{"not_picked":["Metallicize","Twin Strike+1"],"picked":"Flex+1","floor":22.0},{"not_picked":["ReplayTheSpireMod:Strike From Hell+1","Juggernaut","True Grit"],"picked":"SKIP","floor":24.0},{"not_picked":["Clash","Replay:Undeath\u0027s Touch+1","Perfected Strike"],"picked":"SKIP","floor":30.0},{"not_picked":["Whirlwind","Dual Wield","Anger"],"picked":"SKIP","floor":31.0},{"not_picked":["ReplayTheSpireMod:LeadingStrike","Clash","Warcry"],"picked":"SKIP","floor":32.0},{"not_picked":["Wild Strike","Reckless Charge","Rampage"],"picked":"SKIP","floor":33.0}],"player_experience":288100,"relics_obtained":[{"floor":3.0,"key":"Eternal Feather"},{"floor":9.0,"key":"Blue Doll"},{"floor":10.0,"key":"ReplayFunnel"},{"floor":28.0,"key":"ReplayTheSpireMod:Shallot"}],"event_choices":[{"damage_healed":0.0,"max_hp_gain":0.0,"max_hp_loss":7.0,"gold_gain":0.0,"event_name":"Golden Idol","player_choice":"Lose Max HP","floor":4.0,"gold_loss":0.0,"damage_taken":0.0,"relics_obtained":["Golden Idol"]},{"cards_removed":["Strike_R"],"damage_healed":0.0,"max_hp_gain":0.0,"max_hp_loss":0.0,"gold_gain":0.0,"event_name":"The Cleric","player_choice":"Card Removal","floor":5.0,"gold_loss":75.0,"damage_taken":0.0},{"damage_healed":0.0,"max_hp_gain":0.0,"max_hp_loss":0.0,"gold_gain":0.0,"event_name":"Ghosts","player_choice":"Ignored","floor":29.0,"gold_loss":0.0,"damage_taken":0.0}],"is_beta":false,"boss_relics":[{"not_picked":["Painkiller Herb","Ectoplasm"],"picked":"Electric Blood"}],"items_purged_floors":[21],"is_endless":true,"potions_floor_spawned":[1,10,16,20,24,31],"killed_by":"Pondfish","ascension_level":20}}