{"host":"mi0eibewekhugwl1","time":1609233190,"event":{"mods":["AchievementEnabler","BaseMod","Colored Map","Colored Powertips","DeckTracker","Keyboard Shortcuts","Minty Spire (QoL Compilation)","Quick Restart","Rare Cards Sparkle","Relic Stats","StSLib","SuperFastMode","everything is the same but u backflip on backflip"],"gold_per_floor":[112,162,176,50,61,92,92,105,105,123,137,50,50,69,69,146,146,165,90,90,15,29,29,29,59,59,59,59,73,73,73,73],"floor_reached":31,"playtime":677,"items_purged":["Strike_B"],"score":510,"play_id":"86d647b0-5d2e-410b-b0ae-b1b6c53b27da","local_time":"20201229181310","is_ascension_mode":true,"campfire_choices":[{"data":"Zap","floor":7,"key":"SMITH"},{"data":"Storm","floor":13,"key":"SMITH"},{"data":"Rip and Tear","floor":15,"key":"SMITH"},{"floor":23,"key":"REST"},{"floor":28,"key":"REST"},{"floor":30,"key":"REST"}],"circlet_count":0,"master_deck":["AscendersBane","Strike_B","Strike_B","Defend_B","Defend_B","Defend_B","Zap+1","Dualcast","Cold Snap","Compile Driver","Conserve Battery","Rip and Tear+1","Self Repair","Chill","Heatsinks","Storm+1","Thunder Strike","Aggregate","Coolheaded","Defragment"],"relics":["Cracked Core","NeowsBlessing","Juzu Bracelet","Singing Bowl","Nuclear Battery","TungstenRod"],"acts_visited":["Exordium","TheCity"],"potions_floor_usage":[6,11,16,25,31],"damage_taken":[{"damage":0.0,"enemies":"Jaw Worm","floor":1.0,"turns":1.0},{"damage":0,"enemies":"Cultist","floor":3,"turns":1},{"damage":0,"enemies":"Small Slimes","floor":5,"turns":1},{"damage":28,"enemies":"Gremlin Nob","floor":6,"turns":4},{"damage":7,"enemies":"3 Louse","floor":8,"turns":4},{"damage":2,"enemies":"2 Fungi Beasts","floor":10,"turns":4},{"damage":8,"enemies":"Gremlin Gang","floor":11,"turns":5},{"damage":17,"enemies":"Blue Slaver","floor":14,"turns":3},{"damage":19,"enemies":"The Guardian","floor":16,"turns":12},{"damage":32,"enemies":"Chosen","floor":18,"turns":5},{"damage":10,"enemies":"Spheric Guardian","floor":22,"turns":5},{"damage":59,"enemies":"Slavers","floor":25,"turns":8},{"damage":24,"enemies":"Snake Plant","floor":29,"turns":4},{"damage":47,"enemies":"3 Cultists","floor":31,"turns":5}],"seed_played":"3701453815157524300","potions_obtained":[{"floor":3,"key":"DistilledChaos"},{"floor":5,"key":"Dexterity Potion"},{"floor":10,"key":"Strength Potion"},{"floor":14,"key":"LiquidBronze"},{"floor":22,"key":"Explosive Potion"},{"floor":29,"key":"Block Potion"}],"is_trial":false,"path_per_floor":["M","?","M","$","M","E","R","M","T","M","M","$","R","M","R","B",null,"M","?","?","$","M","R","?","E","T","?","R","M","R","M"],"character_chosen":"DEFECT","items_purchased":["Conserve Battery","Rip and Tear","Storm"],"campfire_rested":3,"item_purchase_floors":[4,4,12],"current_hp_per_floor":[64,57,57,57,57,36,36,36,36,43,44,44,44,36,36,24,64,39,39,39,39,38,61,61,9,9,9,32,15,38,0,0],"gold":73,"neow_bonus":"THREE_ENEMY_KILL","is_daily":false,"chose_seed":false,"campfire_upgraded":3,"win_rate":0.0,"timestamp":1609233190,"path_taken":["M","?","?","?","M","E","R","M","T","M","M","$","R","M","R","BOSS","M","?","?","$","M","R","?","E","T","?","R","M","R","M"],"items_purchased_type":["Card","Card","Card"],"build_version":"2020-12-22","purchased_purges":1,"victory":false,"max_hp_per_floor":[71,71,71,71,71,71,71,71,71,73,75,75,75,77,77,77,77,77,77,77,77,79,79,79,79,79,79,79,79,79,79,79],"relic_stats":{"Singing Bowl":8,"counters":[14,62],"Juzu Bracelet":1,"obtain_stats":[{"NeowsBlessing":0,"Singing Bowl":9,"Juzu Bracelet":6,"Cracked Core":0,"TungstenRod":25,"Nuclear Battery":17},{"NeowsBlessing":0,"Singing Bowl":5,"Juzu Bracelet":4,"Cracked Core":0,"TungstenRod":12,"Nuclear Battery":9},{"NeowsBlessing":0,"Singing Bowl":11,"Juzu Bracelet":7,"Cracked Core":0,"TungstenRod":53,"Nuclear Battery":35}],"TungstenRod":8},"card_choices":[{"not_picked":["Sweeping Beam","Gash"],"picked":"Cold Snap","floor":1.0},{"not_picked":["Turbo","Redo"],"picked":"Compile Driver","floor":3},{"not_picked":["Darkness","Conserve Battery"],"picked":"Self Repair","floor":5},{"not_picked":["Sweeping Beam","Turbo"],"picked":"Chill","floor":6},{"not_picked":["Beam Cell","Fusion"],"picked":"Heatsinks","floor":8},{"not_picked":["Go for the Eyes","Gash","Redo"],"picked":"Singing Bowl","floor":10},{"not_picked":["Stack","Melter","Steam"],"picked":"Singing Bowl","floor":11},{"not_picked":["Sunder","Stack","Melter"],"picked":"Singing Bowl","floor":14},{"not_picked":["Hyperbeam","Fission"],"picked":"Thunder Strike","floor":16},{"not_picked":["Recycle","Doom and Gloom"],"picked":"Aggregate","floor":18},{"not_picked":["Barrage","Redo","Compile Driver"],"picked":"Singing Bowl","floor":22},{"not_picked":["Go for the Eyes","Cold Snap"],"picked":"Coolheaded","floor":25},{"not_picked":["Chill","Rip and Tear"],"picked":"Defragment","floor":29}],"player_experience":1718043,"relics_obtained":[{"floor":6,"key":"Juzu Bracelet"},{"floor":9,"key":"Singing Bowl"},{"floor":25,"key":"TungstenRod"}],"event_choices":[{"damage_healed":0,"gold_gain":50,"player_choice":"Touch","damage_taken":7,"max_hp_gain":0,"max_hp_loss":0,"event_name":"FaceTrader","floor":2,"gold_loss":0},{"cards_removed":["Strike_B"],"damage_healed":0,"gold_gain":0,"player_choice":"Gave Gold","damage_taken":0,"max_hp_gain":0,"max_hp_loss":0,"event_name":"Beggar","floor":19,"gold_loss":75},{"damage_healed":0,"gold_gain":0,"player_choice":"Ignored","damage_taken":0,"max_hp_gain":0,"max_hp_loss":0,"event_name":"Ghosts","floor":20,"gold_loss":0},{"damage_healed":0,"gold_gain":0,"player_choice":"Ignored","damage_taken":0,"max_hp_gain":0,"max_hp_loss":0,"event_name":"Vampires","floor":24,"gold_loss":0},{"cards_removed":["Defend_B"],"damage_healed":0,"gold_gain":0,"player_choice":"Purged","damage_taken":0,"max_hp_gain":0,"max_hp_loss":0,"event_name":"Purifier","floor":27,"gold_loss":0}],"is_beta":false,"boss_relics":[{"not_picked":["SacredBark","Velvet Choker"],"picked":"Nuclear Battery"}],"items_purged_floors":[21],"is_endless":false,"potions_floor_spawned":[3,5,10,14,22,29],"killed_by":"3 Cultists","ascension_level":20}}