{"host":"lvhfn8l5bvc4nolx","time":1609249045,"event":{"mods":["AchievementEnabler","BaseMod","Colored Map","Keyboard Shortcuts","Minty Spire (QoL Compilation)","Permanent Neow","Quick Restart","SuperFastMode"],"gold_per_floor":[118,132,63,63,79,4,4,4,4,17,29,39,39,67,67,166,166,178,194,192,192,212,242,242,167,190,190,210,85,85,85,85,180,180,196,216,270,270,282,132,56,56,56,86,86,11,30,57,57,57],"floor_reached":51,"playtime":1531,"items_purged":["Clumsy","Strike_P","Defend_P","Strike_P","Strike_P+1"],"score":978,"play_id":"52ddc8a0-b9ab-4de0-b4ea-6a88b55c46d0","local_time":"20201229223725","is_ascension_mode":true,"campfire_choices":[{"data":"Apotheosis","floor":7.0,"key":"SMITH"},{"floor":15.0,"key":"REST"},{"floor":24.0,"key":"REST"},{"data":"Adaptation","floor":27.0,"key":"SMITH"},{"floor":30.0,"key":"REST"},{"data":"MentalFortress","floor":32.0,"key":"SMITH"},{"floor":49,"key":"REST"}],"circlet_count":0,"master_deck":["Eruption+1","Vigilance+1","Apotheosis+1","Halt+1","Adaptation+1","MentalFortress+1","LessonLearned+1","DeusExMachina","FearNoEvil","Dark Shackles+1","DeusExMachina"],"relics":["PureWater","Pantograph","FaceOfCleric","Lantern","Philosopher\u0027s Stone","Bottled Tornado","War Paint","PreservedInsect","Art of War","VioletLotus","Prayer Wheel","GoldenEye","Oddly Smooth Stone","Eternal Feather","Vajra","Strawberry"],"acts_visited":["Exordium","TheCity","TheBeyond"],"potions_floor_usage":[44,47],"damage_taken":[{"damage":4.0,"enemies":"Cultist","floor":1.0,"turns":3.0},{"damage":2.0,"enemies":"Small Slimes","floor":2.0,"turns":4.0},{"damage":9.0,"enemies":"2 Louse","floor":5.0,"turns":2.0},{"damage":0.0,"enemies":"Large Slime","floor":10.0,"turns":4.0},{"damage":9.0,"enemies":"Blue Slaver","floor":11.0,"turns":4.0},{"damage":2.0,"enemies":"2 Fungi Beasts","floor":12.0,"turns":4.0},{"damage":12.0,"enemies":"Lagavulin","floor":14.0,"turns":5.0},{"damage":31.0,"enemies":"Slime Boss","floor":16.0,"turns":8.0},{"damage":30.0,"enemies":"Spheric Guardian","floor":18.0,"turns":4.0},{"damage":27.0,"enemies":"Shell Parasite","floor":19.0,"turns":5.0},{"damage":0.0,"enemies":"Centurion and Healer","floor":22.0,"turns":6.0},{"damage":23.0,"enemies":"Gremlin Leader","floor":23.0,"turns":3.0},{"damage":2.0,"enemies":"Cultist and Chosen","floor":28.0,"turns":5.0},{"damage":44.0,"enemies":"Collector","floor":33.0,"turns":9.0},{"damage":23.0,"enemies":"3 Darklings","floor":35.0,"turns":6.0},{"damage":17.0,"enemies":"Orb Walker","floor":36.0,"turns":4.0},{"damage":0.0,"enemies":"2 Orb Walkers","floor":37.0,"turns":1.0},{"damage":13.0,"enemies":"Maw","floor":39.0,"turns":7.0},{"damage":0,"enemies":"Reptomancer","floor":44,"turns":4},{"damage":6,"enemies":"Sphere and 2 Shapes","floor":47,"turns":4},{"damage":0,"enemies":"Nemesis","floor":48,"turns":1},{"damage":0,"enemies":"Time Eater","floor":50,"turns":1}],"seed_played":"-8234294596665948257","potions_obtained":[{"floor":10.0,"key":"Dexterity Potion"},{"floor":11.0,"key":"Ambrosia"},{"floor":16.0,"key":"Regen Potion"},{"floor":18.0,"key":"ColorlessPotion"},{"floor":28.0,"key":"GamblersBrew"},{"floor":33.0,"key":"LiquidBronze"},{"floor":35.0,"key":"BottledMiracle"},{"floor":37.0,"key":"Ambrosia"},{"floor":47,"key":"CultistPotion"}],"is_trial":false,"path_per_floor":["M","M","$","?","M","$","R","?","T","M","M","M","?","E","R","B",null,"M","M","$","?","M","E","R","?","T","R","M","$","R","?","R","B",null,"M","M","?","?","M","$","$","?","T","E","?","$","M","E","R","B",null],"character_chosen":"WATCHER","items_purchased":["Adaptation","Bottled Tornado","War Paint","FearNoEvil","Eternal Feather","Vajra"],"campfire_rested":4,"item_purchase_floors":[3,20,20,41,46,46],"current_hp_per_floor":[68,66,66,66,57,57,57,62,62,62,53,51,51,40,63,48,79,50,24,24,24,25,8,32,32,32,32,31,31,56,56,56,38,85,63,47,48,48,36,36,36,26,26,27,27,27,22,30,65,91],"gold":57,"neow_bonus":"RANDOM_COLORLESS_2","is_daily":false,"chose_seed":false,"campfire_upgraded":3,"win_rate":0.0,"timestamp":1609249045,"path_taken":["M","M","$","?","M","$","R","?","T","M","M","M","?","E","R","BOSS","M","M","$","?","?","E","R","?","T","R","M","$","R","?","R","BOSS","M","M","?","?","M","?","$","?","T","E","?","$","?","E","R","BOSS"],"items_purchased_type":["Card","Relic","Relic","Card","Relic","Relic"],"build_version":"2020-12-22","purchased_purges":5,"victory":true,"max_hp_per_floor":[72,72,72,72,72,72,72,77,77,77,77,77,77,78,78,79,79,80,81,81,81,82,83,83,83,83,83,84,84,84,84,84,85,85,86,87,88,88,89,89,89,89,89,90,90,90,91,99,99,100],"card_choices":[{"not_picked":["Thinking Ahead","Violence"],"picked":"Apotheosis","floor":0.0},{"not_picked":["CutThroughFate","Weave","LikeWater"],"picked":"SKIP","floor":1.0},{"not_picked":["ThirdEye","SashWhip"],"picked":"Halt","floor":2.0},{"not_picked":["Meditate","WaveOfTheHand"],"picked":"EmptyMind","floor":5.0},{"not_picked":["EmptyBody","ClearTheMind","Study"],"picked":"SKIP","floor":10.0},{"not_picked":["BowlingBash","BattleHymn","EmptyBody"],"picked":"SKIP","floor":11.0},{"not_picked":["WreathOfFlame","Prostrate"],"picked":"MentalFortress","floor":12.0},{"not_picked":["Alpha","Evaluate","ConjureBlade"],"picked":"SKIP","floor":14.0},{"not_picked":["Judgement","Brilliance"],"picked":"LessonLearned","floor":16.0},{"not_picked":["Nirvana+1","FollowUp"],"picked":"EmptyFist+1","floor":18.0},{"not_picked":["MentalFortress","WreathOfFlame","WaveOfTheHand"],"picked":"SKIP","floor":19.0},{"not_picked":["WindmillStrike+1","SandsOfTime","EmptyMind+1"],"picked":"SKIP","floor":22.0},{"not_picked":["Evaluate","Wireheading","Vengeance"],"picked":"SKIP","floor":23.0},{"not_picked":["WheelKick","Worship+1","Halt"],"picked":"SKIP","floor":28.0},{"not_picked":["Brilliance","Wish"],"picked":"DeusExMachina","floor":33.0},{"not_picked":["PathToVictory","SignatureMove+1","Halt"],"picked":"SKIP","floor":35.0},{"not_picked":["ClearTheMind","EmptyFist+1","Collect+1"],"picked":"SKIP","floor":36.0},{"not_picked":["SashWhip","FollowUp","CrushJoints"],"picked":"SKIP","floor":39.0},{"not_picked":["Sanctity","ThirdEye","MasterReality"],"picked":"SKIP","floor":39.0},{"not_picked":["SashWhip","FollowUp","CrushJoints"],"picked":"SKIP","floor":39.0},{"not_picked":["Sanctity","ThirdEye","MasterReality"],"picked":"SKIP","floor":39.0},{"not_picked":["PanicButton","Swift Strike"],"picked":"Dark Shackles","floor":42.0},{"not_picked":["ForeignInfluence","Pray+1","EmptyFist"],"picked":"SKIP","floor":44},{"not_picked":["BowlingBash","Nirvana","EmptyMind"],"picked":"SKIP","floor":47},{"not_picked":["CarveReality","FlurryOfBlows+1","BowlingBash+1"],"picked":"SKIP","floor":47},{"not_picked":["Halt+1","EmptyMind+1","Consecrate+1"],"picked":"SKIP","floor":48}],"player_experience":352030,"relics_obtained":[{"floor":9.0,"key":"Pantograph"},{"floor":14.0,"key":"Lantern"},{"floor":23.0,"key":"PreservedInsect"},{"floor":26.0,"key":"Art of War"},{"floor":37.0,"key":"Prayer Wheel"},{"floor":43.0,"key":"GoldenEye"},{"floor":44,"key":"Oddly Smooth Stone"},{"floor":48,"key":"Strawberry"}],"event_choices":[{"damage_healed":0.0,"max_hp_gain":0.0,"max_hp_loss":0.0,"gold_gain":0.0,"cards_transformed":["Strike_P"],"event_name":"Living Wall","player_choice":"Change","floor":4.0,"gold_loss":0.0,"damage_taken":0.0,"cards_obtained":["Study"]},{"damage_healed":0.0,"max_hp_gain":5.0,"max_hp_loss":0.0,"gold_gain":0.0,"event_name":"Big Fish","player_choice":"Donut","floor":8.0,"gold_loss":0.0,"damage_taken":0.0},{"damage_healed":0.0,"max_hp_gain":0.0,"max_hp_loss":0.0,"gold_gain":0.0,"event_name":"FaceTrader","player_choice":"Trade","floor":13.0,"gold_loss":0.0,"damage_taken":0.0,"relics_obtained":["FaceOfCleric"]},{"cards_removed":["Defend_P"],"damage_healed":0.0,"max_hp_gain":0.0,"max_hp_loss":0.0,"gold_gain":0.0,"event_name":"Wheel of Change","player_choice":"Card Removal","floor":21.0,"gold_loss":0.0,"damage_taken":0.0},{"cards_removed":["Defend_P"],"damage_healed":0.0,"max_hp_gain":0.0,"max_hp_loss":0.0,"gold_gain":0.0,"event_name":"Beggar","player_choice":"Gave Gold","floor":25.0,"gold_loss":75.0,"damage_taken":0.0},{"damage_healed":0.0,"max_hp_gain":0.0,"max_hp_loss":0.0,"gold_gain":0.0,"event_name":"Vampires","player_choice":"Ignored","floor":31.0,"gold_loss":0.0,"damage_taken":0.0},{"damage_healed":0.0,"max_hp_gain":0.0,"max_hp_loss":0.0,"gold_gain":0.0,"event_name":"Mysterious Sphere","player_choice":"Fight","floor":37.0,"gold_loss":0.0,"damage_taken":0.0},{"cards_removed":["Study"],"damage_healed":0.0,"max_hp_gain":0.0,"max_hp_loss":0.0,"gold_gain":0.0,"event_name":"Falling","player_choice":"Removed Power","floor":38.0,"gold_loss":0.0,"damage_taken":0.0},{"damage_healed":0.0,"max_hp_gain":0.0,"max_hp_loss":0.0,"gold_gain":0.0,"event_name":"SensoryStone","player_choice":"Memory 3","floor":42.0,"gold_loss":0.0,"damage_taken":10.0},{"damage_healed":0,"gold_gain":0,"player_choice":"Copied","damage_taken":0,"max_hp_gain":0,"max_hp_loss":0,"event_name":"Duplicator","floor":45,"gold_loss":0,"cards_obtained":["DeusExMachina"]}],"is_beta":false,"boss_relics":[{"not_picked":["HolyWater","Sozu"],"picked":"Philosopher\u0027s Stone"},{"not_picked":["Runic Pyramid","Snecko Eye"],"picked":"VioletLotus"}],"items_purged_floors":[6,20,29,40,46],"is_endless":false,"potions_floor_spawned":[10,11,16,18,28,33,35,37,47],"ascension_level":2}}