{"host":"6dypmz777xraikqf","time":1609262533,"event":{"mods":["AchievementEnabler","BaseMod","BetterRewards","Colored Map","Colored Powertips","Downfall","Highlight Path","Hubris","Infinite Spire","Minty Spire (QoL Compilation)","Replay The Spire","StSLib"],"gold_per_floor":[368,384,384,384,398,398,413,413,413,383,393,62,62,75,75,180,180,199,199,199,124,134,134,38,38,38,38,56,56,76,76,171,171,185,185,185,203,203,228,228,228,35,35,54,54,54],"floor_reached":51,"playtime":2505,"items_purged":["Regret","Delirium"],"score":736,"play_id":"8d858e02-7e97-47bf-a0fc-d536fc09b8cf","local_time":"20201229172213","is_ascension_mode":false,"campfire_choices":[{"data":"Zap","floor":6,"key":"SMITH"},{"data":"Redo","floor":8,"key":"SMITH"},{"floor":15,"key":"REST"},{"floor":24,"key":"REST"},{"floor":28,"key":"REST"},{"floor":32,"key":"REST"},{"floor":40,"key":"REST"},{"floor":42,"key":"REST"},{"floor":49,"key":"REST"}],"circlet_count":0,"master_deck":["FIFO Queue+1","Defend_B","Defend_B","Defend_B","Defend_B","Zap+1","Dualcast","Redo+1","Cold Snap","Rainbow","Tempest","ReplayTheSpireMod:Brewmster","Heatsinks","ReplayTheSpireMod:Calculation Training+1","Steam","Cold Snap","infinitespire:Starlight","Self Repair","Capacitor","Leap","Bite","Bite","Bite","Bite","Bite","Consume+1","Capacitor","Capacitor+1","Reboot","White Noise+1","Chaos+1","Conserve Battery+1","Stack","Ball Lightning+1","Storm","Glacier+1","Scrape","Biased Cognition","Thunder Strike","Auto Shields+1"],"relics":["Cracked Core","Letter Opener","Bird Faced Urn","hubris:Teleporter","Fusion Hammer","Replay:Blank Codex","Prayer Wheel","ReplayTheSpireMod:CursedCoin","MealTicket","StoneCalendar","Prayer Wheel","Runic Pyramid","infinitespire:Freezer","Medical Kit"],"acts_visited":["Exordium","TheCity","TheBeyond"],"potions_floor_usage":[14,14,14,14,16,16,16,16,16,22,31,33,33,35,41,50,50,50,50,50,50,50],"damage_taken":[{"damage":2,"enemies":"Cultist","floor":1,"turns":5},{"damage":3,"enemies":"Small Slimes","floor":2,"turns":5},{"damage":2,"enemies":"2 Louse","floor":5,"turns":3},{"damage":16,"enemies":"Exordium Thugs","floor":7,"turns":3},{"damage":9,"enemies":"2 Fungi Beasts","floor":11,"turns":3},{"damage":7,"enemies":"3 Louse","floor":14,"turns":3},{"damage":52,"enemies":"Fading Forest","floor":16,"turns":11},{"damage":38,"enemies":"2 Thieves","floor":18,"turns":5},{"damage":14,"enemies":"3 Byrds","floor":22,"turns":4},{"damage":23,"enemies":"Centurion and Healer","floor":29,"turns":7},{"damage":27,"enemies":"Snecko","floor":31,"turns":6},{"damage":39,"enemies":"hubris:MusketHawk","floor":33,"turns":9},{"damage":39,"enemies":"3 Darklings","floor":35,"turns":6},{"damage":18,"enemies":"Orb Walker","floor":39,"turns":5},{"damage":13,"enemies":"Giant Head","floor":41,"turns":8},{"damage":9,"enemies":"Writhing Mass","floor":47,"turns":4},{"damage":48,"enemies":"hubris:GrandSnecko","floor":50,"turns":7}],"seed_played":"-8957773375980841491","potions_obtained":[{"floor":5,"key":"Slimebound:ThreeZeroPotion"},{"floor":10,"key":"FairyPotion"},{"floor":10,"key":"EntropicBrew"},{"floor":14,"key":"FearPotion"},{"floor":16,"key":"Ancient Potion"},{"floor":29,"key":"Fire Potion"},{"floor":31,"key":"Energy Potion"},{"floor":38,"key":"Weak Potion"},{"floor":47,"key":"EssenceOfDarkness"}],"is_trial":false,"path_per_floor":["M","M","T","?","M","R","M","R","T","?","M","$","?","M","R","B",null,"M","?","?","?","M","R","$","T","?","R","M","?","M","R","B",null,"M","?","?","M","R","E","R","AVR","$","?","M","R","B",null],"character_chosen":"DEFECT","items_purchased":["ReplayTheSpireMod:Brewmster","Heatsinks","ReplayTheSpireMod:CursedCoin","MealTicket","Medical Kit","Scrape"],"campfire_rested":7,"item_purchase_floors":[12,12,25,25,45,45],"current_hp_per_floor":[52,49,49,49,49,49,35,35,35,35,28,28,28,27,49,23,75,39,23,4,4,2,24,24,24,10,34,36,36,48,56,56,56,46,46,46,56,56,56,56,56,56,56,54,56,33],"gold":54,"neow_bonus":"TWO_FIFTY_GOLD","is_daily":false,"chose_seed":false,"campfire_upgraded":2,"win_rate":0.0,"timestamp":1609262533,"path_taken":["M","?","?","?","M","R","M","R","T","?","?","$","?","M","R","BOSS","M","?","?","?","M","R","$","T","?","R","M","?","M","R","BOSS","M","?","?","?","R","E","R","AVR","?","?","?","R","BOSS"],"items_purchased_type":["Card","Card","Relic","Relic","Relic","Card"],"build_version":"2020-12-22","purchased_purges":2,"victory":true,"max_hp_per_floor":[75,75,75,75,75,75,75,75,75,75,75,75,75,75,75,75,75,75,75,75,75,75,75,75,75,80,80,80,56,56,56,56,56,56,56,56,56,56,56,56,56,56,56,56,56,56],"card_choices":[{"not_picked":["hubris:PowerSurge","Panic Button"],"picked":"Redo","floor":1},{"not_picked":["ReplayTheSpireMod:Calculation Training","Hello World"],"picked":"Cold Snap","floor":2},{"not_picked":["Hologram","Beam Cell"],"picked":"ReplayGash","floor":5},{"not_picked":["Go for the Eyes","Steam"],"picked":"Rainbow","floor":7},{"not_picked":["Stack","ReplaySort"],"picked":"Tempest","floor":11},{"not_picked":["Panic Button","Compile Driver"],"picked":"Steam","floor":14},{"not_picked":["Reboot","Seek"],"picked":"ReplayTheSpireMod:Fabricate Wheel","floor":16},{"not_picked":["Compile Driver","Stack"],"picked":"Cold Snap","floor":18},{"not_picked":["infinitespire:Oblivion","infinitespire:Menacing"],"picked":"infinitespire:Starlight","floor":20},{"not_picked":["Coolheaded","Double Energy"],"picked":"Self Repair","floor":22},{"not_picked":["Hello World+1","Gash"],"picked":"Capacitor","floor":22},{"not_picked":["Gash+1","Go for the Eyes"],"picked":"Leap","floor":29},{"not_picked":["FTL","Hologram+1"],"picked":"ReplayTheSpireMod:Fabricate Wheel","floor":29},{"not_picked":["Rebound","Conserve Battery"],"picked":"Consume+1","floor":31},{"not_picked":["Genetic Algorithm","Auto Shields+1"],"picked":"Capacitor","floor":31},{"not_picked":["Beam Cell","Crystallizer+1"],"picked":"Capacitor+1","floor":31},{"not_picked":["hubris:SpecializedCircuitry","hubris:DoWhile"],"picked":"Reboot","floor":33},{"not_picked":["Barrage+1","Conserve Battery"],"picked":"White Noise+1","floor":35},{"not_picked":["Gash","Steam+1"],"picked":"Chaos+1","floor":35},{"not_picked":["Panic Button+1","FIFO Queue+1"],"picked":"Conserve Battery+1","floor":35},{"not_picked":["BasicCrystalCard+1","Beam Cell+1"],"picked":"Stack","floor":39},{"not_picked":["Beam Cell+1","Conserve Battery+1"],"picked":"Ball Lightning+1","floor":39},{"not_picked":["Compile Driver","Reprogram"],"picked":"Storm","floor":39},{"not_picked":["Double Energy","Heatsinks"],"picked":"Glacier+1","floor":41},{"not_picked":["Redo","Beam Cell"],"picked":"Thunder Strike","floor":47},{"not_picked":["Ball Lightning+1","Rebound+1"],"picked":"Auto Shields+1","floor":47},{"not_picked":["ReplayGash","Rebound","Gash"],"picked":"SKIP","floor":47}],"player_experience":25493,"relics_obtained":[{"floor":3,"key":"Letter Opener"},{"floor":9,"key":"hubris:Teleporter"},{"floor":19,"key":"Replay:Blank Codex"},{"floor":26,"key":"StoneCalendar"},{"floor":41,"key":"infinitespire:Freezer"}],"event_choices":[{"damage_healed":0,"gold_gain":0,"player_choice":"Box","damage_taken":0,"relics_obtained":["Bird Faced Urn"],"max_hp_gain":0,"max_hp_loss":0,"event_name":"Big Fish","floor":4,"gold_loss":0,"cards_obtained":["Regret"]},{"damage_healed":0,"gold_gain":0,"player_choice":"Bought 2 Potions","damage_taken":0,"max_hp_gain":0,"max_hp_loss":0,"event_name":"The Woman in Blue","floor":10,"gold_loss":0},{"damage_healed":0,"gold_gain":0,"player_choice":"Obtained Book","damage_taken":16,"max_hp_gain":0,"max_hp_loss":0,"event_name":"Cursed Tome","floor":19,"gold_loss":0},{"cards_removed":["Strike_B"],"damage_healed":0,"gold_gain":0,"player_choice":"Gave Gold","damage_taken":0,"max_hp_gain":0,"max_hp_loss":0,"event_name":"Beggar","floor":21,"gold_loss":75},{"damage_healed":0,"gold_gain":0,"player_choice":"Shed Blood","damage_taken":19,"max_hp_gain":5,"max_hp_loss":0,"event_name":"Forgotten Altar","floor":27,"gold_loss":0},{"damage_healed":0,"gold_gain":0,"player_choice":"Became a vampire","damage_taken":0,"max_hp_gain":0,"max_hp_loss":24,"event_name":"Vampires","floor":30,"gold_loss":0,"cards_obtained":["Bite","Bite","Bite","Bite","Bite"]},{"damage_healed":0,"gold_gain":0,"player_choice":"Ignored","damage_taken":0,"max_hp_gain":0,"max_hp_loss":0,"event_name":"Tomb of Lord Red Mask","floor":37,"gold_loss":0},{"damage_healed":0,"gold_gain":0,"player_choice":"Got Potions","damage_taken":0,"max_hp_gain":0,"max_hp_loss":0,"event_name":"Lab","floor":38,"gold_loss":0},{"damage_healed":0,"gold_gain":0,"cards_transformed":["ReplayGash"],"player_choice":"Transformed","damage_taken":0,"max_hp_gain":0,"max_hp_loss":0,"event_name":"Transmorgrifier","floor":46,"gold_loss":0,"cards_obtained":["Biased Cognition"]}],"is_beta":false,"boss_relics":[{"not_picked":["hubris:VirtuousBlindfold","hubris:BlackHole"],"picked":"Fusion Hammer"},{"not_picked":["SlaversCollar","Empty Cage"],"picked":"Runic Pyramid"}],"items_purged_floors":[12,25],"is_endless":false,"potions_floor_spawned":[5,14,16,18,29,31,47],"ascension_level":0}}