{"host":"l9d4bclu8pwa3q15","time":1609224245,"event":{"mods":["Act Like it!","BaseMod","Better Altar","Better Match","Better Note","Better Sensory Stone","Better Skull","BetterRewards","Colored Map","Colored Powertips","Downfall","Emptier Cage","Gensokyo","GifTheSpireLib","Keyboard Shortcuts","Koishi","KomeijiMod","Lobotomy","LobotomyExtend","Minty Spire (QoL Compilation)","Quick Restart","Rare Cards Sparkle","Relic Sorter","Remilia_Scarlet Moed（蕾米莉亚・斯卡雷特）3.3.5","Replay The Spire","Spicy Shops","StSLib","The Alterego","UnlockEverythingMod","Waifu the Spire","WarShipGirlsR/战舰少女R mod","Yakumo Yukari mod","Youmu（魂魄妖梦）","Yuyuko"],"gold_per_floor":[99,115,129,129,129,79,79,79,93,112,126,52,0,25,39,39,39,39],"floor_reached":16,"playtime":922,"items_purged":[],"score":102,"play_id":"b516c9d8-f1d4-4614-97ec-6052d1fa97dc","local_time":"20201229144405","is_ascension_mode":false,"campfire_choices":[{"data":"Slimebound:Defend_Slimebound","floor":1,"key":"PURGE"},{"data":"Slimebound:LevelUp","floor":6,"key":"SMITH"}],"circlet_count":0,"master_deck":["Slimebound:Strike_Slimebound","Slimebound:Strike_Slimebound","Slimebound:Strike_Slimebound","Slimebound:Tackle","Slimebound:Defend_Slimebound","Slimebound:Defend_Slimebound","Slimebound:Defend_Slimebound","Slimebound:Split","Slimebound:CorrosiveSpit","Slimebound:LeechEnergy","Slimebound:LevelUp+1","RemiliaMod:CYMZW","Slimebound:SplitAcid","Slimebound:SplitBruiser","Slimebound:OneTwoCombo","Slimebound:FormOfPuddle","Writhe","champ:RecklessLeap","Slimebound:ItLooksTasty","Slimebound:PressTheAttack","Heel Hook"],"relics":["Slimebound:AbsorbEndCombat","LetterFromLob","Slimebound:GreedOozeRelic","PrismaticShard","Slimebound:AggressiveSlimeRelic"],"acts_visited":["Exordium"],"potions_floor_usage":[9,12,12,12],"damage_taken":[{"damage":8,"enemies":"Jaw Worm","floor":2,"turns":3},{"damage":8,"enemies":"2 Louse","floor":3,"turns":2},{"damage":8,"enemies":"Cultist","floor":9,"turns":3},{"damage":26,"enemies":"Exordium Thugs","floor":10,"turns":3},{"damage":24,"enemies":"Red Slaver","floor":11,"turns":3},{"damage":37,"enemies":"downfall:FleeingMerchant","floor":12,"turns":4},{"damage":16,"enemies":"downfall:FleeingMerchant","floor":13,"turns":4},{"damage":12,"enemies":"3 Sentries","floor":14,"turns":2},{"damage":20,"enemies":"Lots of Slimes","floor":15,"turns":2},{"damage":48,"enemies":"downfall:Ironclad","floor":16,"turns":2}],"seed_played":"-1203689716726088983","potions_obtained":[{"floor":3,"key":"Strength Potion"},{"floor":8,"key":"Death Potion"},{"floor":8,"key":"PowerPotion"},{"floor":9,"key":"LiquidMemories"}],"is_trial":false,"path_per_floor":["R_BF","M","M","?","?","R","T","?","M","M","M","$","$","E","M","B"],"character_chosen":"SLIMEBOUND","items_purchased":["PrismaticShard","Slimebound:ItLooksTasty"],"campfire_rested":0,"item_purchase_floors":[12,13],"current_hp_per_floor":[66,62,58,63,63,63,63,63,63,53,37,20,28,24,16,0,0,0],"gold":39,"neow_bonus":"TEN_PERCENT_HP_BONUS","is_daily":false,"chose_seed":false,"campfire_upgraded":1,"win_rate":0.0,"timestamp":1609224245,"path_taken":["R_BF","M","M","?","?","R","T","?","M","?","M","?","$","E","M","BOSS"],"items_purchased_type":["Relic","Card"],"build_version":"2020-12-22","purchased_purges":0,"victory":false,"max_hp_per_floor":[66,66,66,71,71,71,71,71,71,71,71,71,71,71,71,71,71,71],"card_choices":[{"not_picked":["Slimebound:Schlurp","Slimebound:GoopSpray"],"picked":"Slimebound:LeechEnergy","floor":2},{"not_picked":["Slimebound:SlimeBrawl","Slimebound:FormOfPuddle"],"picked":"Slimebound:LevelUp","floor":3},{"not_picked":["Slimebound:SamplingLick","Slimebound:Schlurp"],"picked":"Slimebound:SplitAcid","floor":9},{"not_picked":["Slimebound:SplitLeeching","Slimebound:LeechingTouch"],"picked":"Slimebound:SplitBruiser","floor":10},{"not_picked":["Slimebound:SamplingLick","Slimebound:SplitAcid"],"picked":"Slimebound:OneTwoCombo","floor":11},{"not_picked":["Slimebound:SplitBruiser","Slimebound:DisruptingSlam"],"picked":"Slimebound:FormOfPuddle","floor":12},{"not_picked":["hexamod:Hexaguard","ScarletDestiny"],"picked":"champ:RecklessLeap","floor":13},{"not_picked":["Sucker Punch","rmod:firesupport"],"picked":"Slimebound:PressTheAttack","floor":14},{"not_picked":["champ:CrookedStrike","rmod:diamondstrike"],"picked":"Heel Hook","floor":15}],"player_experience":75075,"relics_obtained":[{"floor":2,"key":"LetterFromLob"},{"floor":14,"key":"Slimebound:AggressiveSlimeRelic"}],"event_choices":[{"damage_healed":0,"gold_gain":0,"player_choice":"CYMZW","damage_taken":0,"max_hp_gain":5,"max_hp_loss":0,"event_name":"Remilia_CDSJ09","floor":4,"gold_loss":0},{"damage_healed":0,"gold_gain":0,"player_choice":"Got Potions","damage_taken":0,"max_hp_gain":0,"max_hp_loss":0,"event_name":"Lab","floor":8,"gold_loss":0}],"is_beta":false,"boss_relics":[],"items_purged_floors":[],"is_endless":false,"potions_floor_spawned":[3,9],"killed_by":"downfall:Ironclad","ascension_level":0}}