{"host":"p4yrwepmrl4g8pul","time":1609212721,"event":{"mods":["Act Like it!","BaseMod","BetterRewards","Colored Map","Custom Start","Gensokyo","Marisa£®ÏF”Í°°ƒß¿Ì…≥£©","Minty Spire (QoL Compilation)","Quick Restart","Rare Cards Sparkle","Reimu£®≤©¿ˆ¡È√Œ£©","Remilia£®¿Ÿ√◊¿Ú—«£©","Remove Card Discount Mod","Shop Mod","StSLib","The Jungle"],"gold_per_floor":[119,49,49,60,77,112,127,142,142,162,67,94,94,121,121,195,245,259,271,271,0,0,34,34,34,34,34,51,65,65,92,92,169,169,180,197,197,18,18,43,56,89,89,105,105,105,123,33,33,33,33,33,33,33,65,65],"floor_reached":57,"playtime":3014,"items_purged":["Strike_Lin:ReiMu","Defend_Lin:ReiMu","Defend_Lin:ReiMu","Strike_Lin:ReiMu","Defend_Lin:ReiMu","Defend_Lin:ReiMu","Strike_Lin:ReiMu","Strike_Lin:ReiMu","NB:ReiMu","Stagnation:ReiMu","FantasyMoon:ReiMu","Amulet:ReiMu","Clumsy","SubAcupoint:ReiMu","OrbThrow:ReiMu","SafetyPray:ReiMu","Conquer:ReiMu","Shame","MikOfLucky:ReiMu+1"],"score":4085,"play_id":"5df63b91-4e7a-43ef-b98e-7da9c3ff44a0","local_time":"20201229113201","is_ascension_mode":true,"campfire_choices":[{"data":"Forethought","floor":13.0,"key":"SMITH"},{"data":"AlertArray:ReiMu","floor":15.0,"key":"SMITH"},{"floor":25.0,"key":"RECALL"},{"data":"1","floor":27.0,"key":"LIFT"},{"data":"DependentForm:ReiMu","floor":32.0,"key":"SMITH"},{"data":"2","floor":46.0,"key":"LIFT"},{"data":"3","floor":49.0,"key":"LIFT"},{"floor":53.0,"key":"REST"}],"circlet_count":0,"master_deck":["AscendersBane","Forethought+1","AirManeuver:ReiMu+1","SpiritualOutbreak2:ReiMu+1","LovePray:ReiMu+1","YinYangSange:ReiMu+1","AlertArray:ReiMu+1","AlertArray:ReiMu+1","DependentForm:ReiMu+1","Gensokyo:CustomPotion","KamiRite:ReiMu"],"relics":["FlyPower:ReiMu","Membership Card","Medical Kit","BodyOfKamiR:ReiMu","Mastiff:ReiMu","ClockworkSouvenir","TurtleShell:ReiMu","Unceasing Top","Bag of Preparation","Anchor","TheAbacus","HandDrill","Turnip","MerchantsRug","Gensokyo:NagashiBinaDoll","PureWhite:ReiMu","Ice Cream","Lantern","Prayer Wheel","Girya","Gensokyo:SongOfSouls","Gensokyo:ConquerorOfFear","Vajra","Smiling Mask","SlaversCollar","Pantograph","Pen Nib","Calipers","Bow_fan:ReiMu"],"acts_visited":["Gensokyo:Gensokyo","Gensokyo:Gensokyoer","Gensokyo:Gensokyoest","TheEnding"],"potions_floor_usage":[56,56],"damage_taken":[{"damage":0.0,"enemies":"Gensokyo:Gryphon","floor":1.0,"turns":4.0},{"damage":2.0,"enemies":"Gensokyo:2_Kodama","floor":4.0,"turns":2.0},{"damage":0.0,"enemies":"Gensokyo:3_Fairies","floor":5.0,"turns":3.0},{"damage":0.0,"enemies":"Gensokyo:Aya","floor":6.0,"turns":4.0},{"damage":2.0,"enemies":"Gensokyo:3_Kodama","floor":7.0,"turns":2.0},{"damage":0.0,"enemies":"Gensokyo:2_Rabbits","floor":8.0,"turns":4.0},{"damage":0.0,"enemies":"Gensokyo:Kitsune","floor":10.0,"turns":4.0},{"damage":0.0,"enemies":"Gensokyo:Mamizou","floor":12.0,"turns":6.0},{"damage":0.0,"enemies":"Gensokyo:Aya","floor":14.0,"turns":4.0},{"damage":0.0,"enemies":"Gensokyo:Kokoro","floor":16.0,"turns":7.0},{"damage":0.0,"enemies":"Gensokyo:2_Gloops","floor":18.0,"turns":2.0},{"damage":0.0,"enemies":"Gensokyo:Chomper","floor":19.0,"turns":4.0},{"damage":0.0,"enemies":"Gensokyo:Koishi","floor":23.0,"turns":3.0},{"damage":0.0,"enemies":"Gensokyo:Swordslinger","floor":28.0,"turns":3.0},{"damage":0.0,"enemies":"Gensokyo:Wraith","floor":29.0,"turns":4.0},{"damage":0.0,"enemies":"Gensokyo:Tenshi","floor":31.0,"turns":3.0},{"damage":0.0,"enemies":"Gensokyo:Eternal_Rivals","floor":33.0,"turns":5.0},{"damage":0.0,"enemies":"Gensokyo:3_Bats","floor":35.0,"turns":3.0},{"damage":0.0,"enemies":"Gensokyo:3_Boulders","floor":36.0,"turns":3.0},{"damage":1.0,"enemies":"Gensokyo:Marisa","floor":40.0,"turns":4.0},{"damage":3.0,"enemies":"Gensokyo:Sharpion","floor":41.0,"turns":5.0},{"damage":0.0,"enemies":"Gensokyo:Doremy","floor":42.0,"turns":4.0},{"damage":1.0,"enemies":"Gensokyo:SeedOfUnknown","floor":44.0,"turns":4.0},{"damage":0.0,"enemies":"Gensokyo:3_Boulders","floor":47.0,"turns":3.0},{"damage":0.0,"enemies":"Gensokyo:Yuyuko","floor":50.0,"turns":3.0},{"damage":0.0,"enemies":"Gensokyo:Shinki","floor":51.0,"turns":4.0},{"damage":0.0,"enemies":"Shield and Spear","floor":55.0,"turns":3.0},{"damage":3,"enemies":"The Heart","floor":56,"turns":7}],"seed_played":"-2165368371563089192","potions_obtained":[{"floor":1.0,"key":"ZuzhouPotion:ReiMu"},{"floor":16.0,"key":"DuplicationPotion"},{"floor":55.0,"key":"PowerPotion"}],"is_trial":false,"path_per_floor":["M","?","?","M","M","E","M","M","T","M","$","E","R","E","R","B",null,"M","M","?","?","?","E","?","R","T","R","M","M","?","E","R","B",null,"M","M","?","$","?","E","M","E","T","M","COS","R","M","?","R","B","B",null,"R","$","E","B",null],"character_chosen":"REIMU","items_purchased":["Membership Card","MealTicket","Amulet:ReiMu","FantasyMoon:ReiMu","Conquer:ReiMu","Medical Kit","BodyOfKamiR:ReiMu","Mastiff:ReiMu","MikOfLucky:ReiMu","Forethought","AirManeuver:ReiMu","OrbThrow:ReiMu","ClockworkSouvenir","SafetyPray:ReiMu","SpiritualOutbreak2:ReiMu","Regal Pillow","TurtleShell:ReiMu","Lee\u0027s Waffle","Bag of Preparation","Anchor","LovePray:ReiMu","Good Instincts","TheAbacus","HandDrill","Turnip","SubAcupoint:ReiMu","MerchantsRug","YinYangSange:ReiMu","LiquidFlight:ReiMu","Lantern","DuplicationPotion","Pantograph","Calipers"],"campfire_rested":1,"item_purchase_floors":[0,0,0,0,0,0,0,0,0,0,0,0,0,0,0,0,0,0,0,0,0,0,0,0,0,0,0,0,0,11,38,38,54],"current_hp_per_floor":[67,67,67,65,65,65,63,63,63,63,67,67,67,67,67,67,72,72,72,72,72,72,72,72,72,72,72,72,72,72,72,72,72,72,72,72,72,72,58,57,54,54,54,53,53,53,53,53,53,53,72,72,72,72,72,69],"gold":65,"neow_bonus":"","is_daily":false,"chose_seed":false,"campfire_upgraded":3,"win_rate":0.0,"timestamp":1609212721,"path_taken":["M","?","?","?","M","E","M","M","T","M","$","E","R","E","R","BOSS","M","M","?","?","?","E","?","R","T","R","M","?","?","E","R","BOSS","M","M","?","$","?","E","M","E","T","M","COS","R","M","?","R","BOSS","BOSS","R","$","E","BOSS"],"items_purchased_type":["Relic","Relic","Card","Card","Card","Relic","Relic","Relic","Card","Card","Card","Card","Relic","Card","Card","Relic","Relic","Relic","Relic","Relic","Card","Card","Relic","Relic","Relic","Card","Relic","Card","Potion","Relic","Potion","Relic","Relic"],"build_version":"2020-12-22","purchased_purges":19,"victory":true,"max_hp_per_floor":[67,67,67,67,67,67,67,67,67,67,67,67,67,67,67,67,72,72,72,72,72,72,72,72,72,72,72,72,72,72,72,72,72,72,72,72,72,72,72,72,72,72,72,72,72,72,72,72,72,72,72,72,72,72,72,72],"card_choices":[{"not_picked":["RainPray2:ReiMu","WonderfulDomain:ReiMu"],"picked":"AlertArray:ReiMu","floor":1.0},{"not_picked":["CareerPray:ReiMu","KamiSacrifice:ReiMu","SealNeedle:ReiMu"],"picked":"SKIP","floor":4.0},{"not_picked":["MountainWay:ReiMu","OrbThrow:ReiMu","AirStrike:ReiMu"],"picked":"SKIP","floor":5.0},{"not_picked":["HakureiPhantom:ReiMu","YinYangSign:ReiMu","MikOfLucky:ReiMu"],"picked":"SKIP","floor":6.0},{"not_picked":["AirStrike:ReiMu","SpringWay:ReiMu","SubAcupoint:ReiMu"],"picked":"SKIP","floor":7.0},{"not_picked":["SpringWay:ReiMu","EmergencyTakeOff:ReiMu","SafetyPray:ReiMu"],"picked":"SKIP","floor":8.0},{"not_picked":["RunawayExorcism:ReiMu","AirStrike:ReiMu"],"picked":"AlertArray:ReiMu","floor":10.0},{"not_picked":["FineLineFantasy:ReiMu","NineCharacters:ReiMu","Dreaming2:ReiMu"],"picked":"SKIP","floor":12.0},{"not_picked":["AirStrike:ReiMu","RainPray2:ReiMu","FantasyMoon:ReiMu"],"picked":"SKIP","floor":14.0},{"not_picked":["TightArray:ReiMu","OrbThrow:ReiMu","UpKicking:ReiMu"],"picked":"SKIP","floor":18.0},{"not_picked":["Intuition:ReiMu","PrepareRite:ReiMu","Amulet:ReiMu"],"picked":"SKIP","floor":18.0},{"not_picked":["SubcavityInstant:ReiMu","Intuition:ReiMu","OctopathSalyBorderN:ReiMu"],"picked":"SKIP","floor":19.0},{"not_picked":["Intuition:ReiMu","DoubleButterfly:ReiMu","SafetyPray:ReiMu"],"picked":"SKIP","floor":19.0},{"not_picked":["InherentArray:ReiMu","OctopathBindingBorder2:ReiMu","TakeOff:ReiMu+1"],"picked":"SKIP","floor":23.0},{"not_picked":["SpringWay:ReiMu+1","SubcavityInstant:ReiMu","Gathering:ReiMu+1"],"picked":"SKIP","floor":28.0},{"not_picked":["SealNeedle:ReiMu","YinYangSange:ReiMu","Intuition:ReiMu+1"],"picked":"SKIP","floor":28.0},{"not_picked":["SubAcupoint:ReiMu","EmergencyTakeOff:ReiMu"],"picked":"DependentForm:ReiMu","floor":29.0},{"not_picked":["Conquer:ReiMu","SafetyPray:ReiMu","AlertArray:ReiMu+1"],"picked":"SKIP","floor":29.0},{"not_picked":["YinYangSange:ReiMu","AlertArray:ReiMu","Dreaming2:ReiMu"],"picked":"SKIP","floor":31.0},{"not_picked":["SafetyPray:ReiMu","YinYangSign:ReiMu","Meditation:ReiMu"],"picked":"SKIP","floor":35.0},{"not_picked":["Amulet:ReiMu","RainPray2:ReiMu","Conquer:ReiMu"],"picked":"SKIP","floor":35.0},{"not_picked":["Gathering:ReiMu","SpreadBorder2:ReiMu","AlertArray:ReiMu"],"picked":"SKIP","floor":36.0},{"not_picked":["SubcavityInstant:ReiMu","Mountainwind:ReiMu","EmergencyTakeOff:ReiMu+1"],"picked":"SKIP","floor":36.0},{"not_picked":["SafetyPray:ReiMu+1","AirManeuver:ReiMu","Amulet:ReiMu"],"picked":"SKIP","floor":40.0},{"not_picked":["SubAcupoint:ReiMu+1","Meditation:ReiMu","UpKicking:ReiMu"],"picked":"SKIP","floor":41.0},{"not_picked":["PhosphorusFlame:ReiMu+1","FineLineFantasy:ReiMu+1","PassingAway:ReiMu"],"picked":"SKIP","floor":41.0},{"not_picked":["FineLineFantasy:ReiMu","Crusade:ReiMu","PayForSelf:ReiMu"],"picked":"SKIP","floor":42.0},{"not_picked":["OctopathBindingBorder2:ReiMu","Meditation:ReiMu","SubcavityInstant:ReiMu"],"picked":"SKIP","floor":44.0},{"not_picked":["CareerPray:ReiMu","UpKicking:ReiMu+1","YinYang:ReiMu"],"picked":"SKIP","floor":44.0},{"not_picked":["Intuition:ReiMu","KamiSacrifice:ReiMu","Amulet:ReiMu+1"],"picked":"SKIP","floor":47.0},{"not_picked":["AlertArray:ReiMu+1","OrbThrow:ReiMu","PassingAway:ReiMu"],"picked":"SKIP","floor":47.0},{"not_picked":["ShadowOfCrow2:ReiMu","AlertArray:ReiMu"],"picked":"KamiRite:ReiMu","floor":55.0}],"player_experience":731542,"relics_obtained":[{"floor":6.0,"key":"PureWhite:ReiMu"},{"floor":9.0,"key":"Ice Cream"},{"floor":12.0,"key":"Prayer Wheel"},{"floor":14.0,"key":"Girya"},{"floor":23.0,"key":"Gensokyo:ConquerorOfFear"},{"floor":23.0,"key":"Vajra"},{"floor":31.0,"key":"Smiling Mask"},{"floor":40.0,"key":"Whetstone"},{"floor":42.0,"key":"Pen Nib"},{"floor":43.0,"key":"Art of War"},{"floor":55.0,"key":"Bow_fan:ReiMu"}],"event_choices":[],"is_beta":false,"boss_relics":[{"not_picked":["Pandora\u0027s Box","Astrolabe"],"picked":"Tiny House"},{"not_picked":["Snecko Eye","SacredBark"],"picked":"SlaversCollar"}],"items_purged_floors":[0,0,0,0,0,0,0,0,0,0,0,0,11,11,11,11,11,38,38],"is_endless":false,"potions_floor_spawned":[1,6,12,16,18,28,29,40,42,44,55],"ascension_level":20}}