{"host":"0hb9w7uizu7y13wj","time":1609202624,"event":{"mods":["Act Like it!","Aspiration","BaseMod","BetterRewards","Colored Map","Conspire","Downfall","Energized Spire","FTL Soundtrack","Friendly Minions","Halation","Hubris","Infinite Spire","Minty Spire (QoL Compilation)","Quick Restart","Replay The Spire","StSLib","Synergy Search","The Factory","The Hierophant","The Jungle","The Poker Player","Trackpad","everything is the same but u backflip on backflip","vexMod"],"gold_per_floor":[117,117,12,12,31,31,65,89,162,162,181,198,226,241,241,317,317,327,342,342,9,25,53,53,82,82,112,112,122,122,133,133,207,207,224,224,224,224,51,51,51,76,76,107,124,143,170,188,188,188,188,188,188,56,88,88],"floor_reached":57,"playtime":2257,"items_purged":["Strike_G","Defend_G"],"score":3791,"play_id":"61a8b7ed-cefe-4665-a28d-3de7ddea7edd","local_time":"20201229004344","is_ascension_mode":true,"campfire_choices":[{"floor":6.0,"key":"REST"},{"data":"hubris:EnhanceAbility","floor":10.0,"key":"SMITH"},{"data":"Replay:SS_forest_6","floor":15.0,"key":"SMITH"},{"data":"Catalyst","floor":24.0,"key":"SMITH"},{"floor":30.0,"key":"REST"},{"data":"Tools of the Trade","floor":32.0,"key":"SMITH"},{"data":"hubris:Fate","floor":40.0,"key":"SMITH"},{"floor":49.0,"key":"RECALL"},{"data":"Burst","floor":53,"key":"SMITH"}],"circlet_count":0,"master_deck":["AscendersBane","Strike_G","Strike_G","Strike_G","Strike_G","Defend_G","Defend_G","Defend_G","Defend_G","Survivor","Neutralize","Footwork","infinitespire:Neurotoxin","infinitespire:Neurotoxin","Backstab","hubris:EnhanceAbility+1","Replay:SS_forest_2","Replay:SS_forest_6+1","Deadly Poison","Backstab","Tools of the Trade+1","Noxious Fumes","Poisoned Stab","Crippling Poison","Footwork","Poison Darts","Poisoned Stab","Leg Sweep+1","Catalyst+1","Glass Knife","Quick Slash","Finisher","Glass Knife","Deadly Poison+1","hubris:Fate+1","Burst+1","aspiration:Lunge","Bane","Dodge and Roll","Infinite Blades+1"],"relics":["Ring of the Snake","infinitespire:ShieldingShard","Du-Vu Doll","trackpad:WindUpAutoDealer","halation:PromiseList","Mango","trackpad:ByrdBGone","Replay:Bottled Flurry","trackpad:RiggedDice","Paper Crane","hubris:GlazedTorus","Ancient Tea Set","aspiration:FetidBarrel","infinitespire:Satchel","Enchiridion","Painkiller Herb","Replay:Wax Seal","hubris:Towel","TwistedFunnel","Regal Pillow","hubris:PeanutButter","aspiration:HatOfInfinitePower","trackpad:PetRock","Oddly Smooth Stone"],"acts_visited":["Exordium","TheCity","TheBeyond","TheEnding"],"potions_floor_usage":[56],"damage_taken":[{"damage":0.0,"enemies":"Jaw Worm","floor":1.0,"turns":4.0},{"damage":0.0,"enemies":"Cultist","floor":5.0,"turns":2.0},{"damage":6.0,"enemies":"3 Sentries","floor":7.0,"turns":5.0},{"damage":0.0,"enemies":"2 Louse","floor":11.0,"turns":1.0},{"damage":0.0,"enemies":"Blue Slaver","floor":12.0,"turns":1.0},{"damage":0.0,"enemies":"Lagavulin","floor":13.0,"turns":6.0},{"damage":3.0,"enemies":"conspire:2 RoseBushes","floor":14.0,"turns":3.0},{"damage":21.0,"enemies":"Fading Forest","floor":16.0,"turns":13.0},{"damage":0.0,"enemies":"Spheric Guardian","floor":18.0,"turns":5.0},{"damage":0.0,"enemies":"2 Thieves","floor":19.0,"turns":3.0},{"damage":3.0,"enemies":"Sentry and Sphere","floor":22.0,"turns":5.0},{"damage":0.0,"enemies":"Slavers","floor":23.0,"turns":5.0},{"damage":12.0,"enemies":"Gremlin Leader","floor":25.0,"turns":3.0},{"damage":10.0,"enemies":"Nightmare","floor":27.0,"turns":6.0},{"damage":7.0,"enemies":"Shelled Parasite and Fungi","floor":29.0,"turns":3.0},{"damage":0.0,"enemies":"Cultist and Chosen","floor":31.0,"turns":4.0},{"damage":8.0,"enemies":"Collector","floor":33.0,"turns":5.0},{"damage":0.0,"enemies":"3 Shapes","floor":35.0,"turns":2.0},{"damage":0.0,"enemies":"Nightmare","floor":42.0,"turns":5.0},{"damage":0.0,"enemies":"R_Hoarder","floor":44.0,"turns":4.0},{"damage":0.0,"enemies":"Orb Walker","floor":45.0,"turns":1.0},{"damage":0.0,"enemies":"Sphere and 2 Shapes","floor":46.0,"turns":1.0},{"damage":0.0,"enemies":"Nemesis","floor":47.0,"turns":3.0},{"damage":0.0,"enemies":"Writhing Mass","floor":48.0,"turns":3.0},{"damage":0.0,"enemies":"hubris:GrandSnecko","floor":50.0,"turns":4.0},{"damage":4,"enemies":"Time Eater","floor":51,"turns":4},{"damage":15,"enemies":"Shield and Spear","floor":55,"turns":5},{"damage":57,"enemies":"The Heart","floor":56,"turns":6}],"seed_played":"-3124026971130577145","potions_obtained":[{"floor":1.0,"key":"sneckomod:MuddlingPotion"},{"floor":7.0,"key":"FearPotion"},{"floor":18.0,"key":"Energy Potion"},{"floor":20.0,"key":"Flashbang"},{"floor":31.0,"key":"PowerPotion"},{"floor":45.0,"key":"Dexterity Potion"},{"floor":46.0,"key":"LiquidBronze"}],"is_trial":false,"path_per_floor":["M","?","$","?","M","R","E","T","T","R","M","M","E","M","R","B",null,"M","M","?","$","M","E","R","E","T","NM","?","M","R","M","R","B",null,"?","?","AVR","?","T","T","T","NM","T","E","?","?","E","?","T","B","B",null,"T","T","E","B",null],"character_chosen":"THE_SILENT","items_purchased":["Footwork","infinitespire:Neurotoxin","Backstab","infinitespire:ShieldingShard","Du-Vu Doll","hubris:EnhanceAbility","Replay:SS_forest_2","halation:PromiseList","Replay:SS_forest_6","Deadly Poison","Backstab","Tools of the Trade","Poisoned Stab","PowerPotion","Paper Crane","Leg Sweep+1","TwistedFunnel","Dodge and Roll"],"campfire_rested":2,"item_purchase_floors":[0,0,0,0,0,0,0,0,0,0,0,0,3,3,21,21,39,54],"current_hp_per_floor":[25,25,25,25,33,52,68,68,68,68,68,68,68,65,65,72,78,78,78,78,78,80,80,80,68,68,58,37,30,54,54,54,46,72,72,72,72,72,72,72,72,72,72,72,72,72,72,72,72,72,80,80,80,80,65,8],"gold":88,"neow_bonus":"","is_daily":false,"chose_seed":false,"campfire_upgraded":6,"win_rate":0.0,"timestamp":1609202624,"path_taken":["M","?","$","?","M","R","E","?","T","R","M","M","E","M","R","BOSS","M","M","?","$","?","E","R","E","T","NM","?","M","R","M","R","BOSS","?","?","AVR","?","T","T","?","NM","T","E","?","?","E","?","T","BOSS","BOSS","T","T","E","BOSS"],"items_purchased_type":["Card","Card","Card","Relic","Relic","Card","Card","Relic","Card","Card","Card","Card","Card","Potion","Relic","Card","Relic","Card"],"build_version":"2020-12-22","purchased_purges":2,"victory":true,"max_hp_per_floor":[66,66,66,66,66,66,80,80,80,80,80,80,80,80,80,80,80,80,80,80,80,80,80,80,80,80,80,80,80,80,80,80,80,80,80,80,80,80,80,80,80,80,80,80,80,80,80,80,80,80,80,80,80,80,80,80],"card_choices":[{"not_picked":["Poisoned Stab","Dagger Spray"],"picked":"Noxious Fumes","floor":1.0},{"not_picked":["conspire:DoublingDagger","Poisoned Stab"],"picked":"Crippling Poison","floor":5.0},{"not_picked":["Riddle With Holes","PiercingWail","Hidden Blade"],"picked":"SKIP","floor":7.0},{"not_picked":["Deadly Poison","Acrobatics","Sucker Punch"],"picked":"SKIP","floor":11.0},{"not_picked":["Acrobatics","Caltrops","Dagger Throw"],"picked":"SKIP","floor":12.0},{"not_picked":["Flying Knee","Sucker Punch"],"picked":"Footwork","floor":13.0},{"not_picked":["Slice","Underhanded Strike","Blade Dance"],"picked":"SKIP","floor":14.0},{"not_picked":["Atom Bomb","A Thousand Cuts"],"picked":"Poison Darts","floor":16.0},{"not_picked":["Fluid Movement","Acrobatics"],"picked":"Poisoned Stab","floor":18.0},{"not_picked":["Calculated Gamble","Quick Slash","Blade Dance"],"picked":"SKIP","floor":19.0},{"not_picked":["Fluid Movement","Deflect"],"picked":"Catalyst","floor":22.0},{"not_picked":["Distraction","Toxin Wave","Hidden Blade"],"picked":"SKIP","floor":23.0},{"not_picked":["Dash","Backflip"],"picked":"Glass Knife","floor":25.0},{"not_picked":["Bullet Time","Choke"],"picked":"Quick Slash","floor":27.0},{"not_picked":["Outmaneuver","Poisoned Stab"],"picked":"Finisher","floor":29.0},{"not_picked":["hubris:Counter","Dagger Throw","Concentrate"],"picked":"SKIP","floor":31.0},{"not_picked":["Storm of Steel","Tools of the Trade"],"picked":"Glass Knife","floor":33.0},{"not_picked":["Accuracy","Acrobatics"],"picked":"Deadly Poison+1","floor":35.0},{"not_picked":["Distraction","Accuracy"],"picked":"Burst","floor":42.0},{"not_picked":["Sucker Punch","Acrobatics","Deflect"],"picked":"SKIP","floor":44.0},{"not_picked":["Deadly Poison","Hidden Blade","Underhanded Strike"],"picked":"SKIP","floor":45.0},{"not_picked":["Flying Knee","Acrobatics","Dodge and Roll"],"picked":"SKIP","floor":46.0},{"not_picked":["Acrobatics+1","Backflip"],"picked":"aspiration:Lunge","floor":47.0},{"not_picked":["conspire:PoisonWeapons","Hidden Blade"],"picked":"Bane","floor":48.0},{"not_picked":["Bouncing Flask","Dodge and Roll"],"picked":"Infinite Blades+1","floor":55}],"player_experience":912651,"relics_obtained":[{"floor":7.0,"key":"Mango"},{"floor":9.0,"key":"trackpad:ByrdBGone"},{"floor":13.0,"key":"Replay:Bottled Flurry"},{"floor":23.0,"key":"hubris:GlazedTorus"},{"floor":25.0,"key":"Ancient Tea Set"},{"floor":26.0,"key":"aspiration:FetidBarrel"},{"floor":27.0,"key":"infinitespire:Satchel"},{"floor":28.0,"key":"Enchiridion"},{"floor":42.0,"key":"Regal Pillow"},{"floor":43.0,"key":"hubris:PeanutButter"},{"floor":44.0,"key":"aspiration:HatOfInfinitePower"},{"floor":47.0,"key":"trackpad:PetRock"},{"floor":55,"key":"Oddly Smooth Stone"}],"event_choices":[{"damage_healed":0.0,"max_hp_gain":0.0,"max_hp_loss":0.0,"gold_gain":0.0,"event_name":"Scrap Ooze","player_choice":"Fled","floor":4.0,"gold_loss":0.0,"damage_taken":0.0},{"damage_healed":0.0,"max_hp_gain":0.0,"max_hp_loss":0.0,"gold_gain":0.0,"event_name":"Lab","player_choice":"Got Potions","floor":20.0,"gold_loss":0.0,"damage_taken":0.0},{"damage_healed":0.0,"max_hp_gain":0.0,"max_hp_loss":0.0,"gold_gain":0.0,"event_name":"Cursed Tome","player_choice":"Obtained Book","floor":28.0,"gold_loss":0.0,"damage_taken":21.0}],"is_beta":false,"boss_relics":[{"not_picked":["vexMod:CursedCompass","hubris:RunicObelisk"],"picked":"trackpad:RiggedDice"},{"not_picked":["Replay:Fungal Core","ReplayTheSpireMod:SealedPack"],"picked":"Painkiller Herb"}],"items_purged_floors":[37,54],"is_endless":false,"potions_floor_spawned":[1,7,13,18,22,25,31,45,46,47],"ascension_level":20}}