{"host":"czyrp3agadxx2eka","time":1609285949,"event":{"mods":["BaseMod","Colored Map","Downfall","Hubris","Infinite Spire","Minty Spire (QoL Compilation)","Replay The Spire","Shop Mod","StSLib","The Construct"],"gold_per_floor":[99,109,124,134,145,70,70,95,95,120,120,134,59,59,71,71,71,71],"floor_reached":16,"playtime":702,"items_purged":[],"score":112,"play_id":"2dd2fe07-b0ab-435f-80a5-d71bbd78b225","local_time":"20201229215229","is_ascension_mode":false,"campfire_choices":[{"floor":1,"key":"RECALL"},{"data":"champ:PerfectedStrike","floor":6,"key":"SMITH"},{"data":"champ:PerfectedStrike","floor":13,"key":"SMITH"}],"circlet_count":0,"master_deck":["ReplayTheSpireMod:??????????????????????","champ:Strike","champ:Strike","champ:Strike","champ:Defend","champ:Defend","champ:Defend","champ:Defend","champ:Execute","champ:Taunt","champ:GladiatorStyle","champ:PerfectedStrike+1","champ:FlashCut","champ:FlashCut","champ:PerfectedStrike+1","champ:BladeFlurry"],"relics":["champ:ChampionCrown","downfall:HeartBlessingRed","hubris:Metronome","ReplayFunnel","MealTicket","downfall:HeartBlessingGreen","infinitespire:WardingShard"],"acts_visited":[],"potions_floor_usage":[16],"damage_taken":[{"damage":0,"enemies":"Cultist","floor":2,"turns":3},{"damage":0,"enemies":"2 Louse","floor":3,"turns":1},{"damage":15,"enemies":"Small Slimes","floor":4,"turns":3},{"damage":14,"enemies":"Blue Slaver","floor":5,"turns":3},{"damage":26,"enemies":"Lagavulin","floor":8,"turns":5},{"damage":3,"enemies":"Gremlin Nob","floor":10,"turns":3},{"damage":0,"enemies":"Large Slime","floor":12,"turns":3},{"damage":0,"enemies":"2 Fungi Beasts","floor":15,"turns":2},{"damage":53,"enemies":"downfall:Watcher","floor":16,"turns":7}],"seed_played":"-2434120416230493649","potions_obtained":[{"floor":2,"key":"Swift Potion"},{"floor":3,"key":"DuplicationPotion"},{"floor":4,"key":"SmokeBomb"}],"is_trial":false,"path_per_floor":["R","M","M","M","M","R","T","E","?","E","?","M","R","?","M","B"],"character_chosen":"THE_CHAMP","items_purchased":[],"campfire_rested":0,"item_purchase_floors":[],"current_hp_per_floor":[99,99,99,89,80,80,80,54,54,51,51,51,51,51,51,0,0,0],"gold":71,"neow_bonus":"TEN_PERCENT_HP_BONUS","is_daily":false,"chose_seed":false,"campfire_upgraded":2,"win_rate":0.0,"timestamp":1609285949,"path_taken":["R","M","M","M","M","R","T","E","?","E","?","M","R","?","M","BOSS"],"items_purchased_type":[],"build_version":"2020-12-22","purchased_purges":0,"victory":false,"max_hp_per_floor":[99,99,99,99,99,99,99,99,99,99,99,99,99,99,99,99,99,99],"card_choices":[{"not_picked":["champ:DefensiveShout","champ:AdrenalArmor"],"picked":"champ:GladiatorStyle","floor":2},{"not_picked":["champ:DefensiveStyle","champ:AdrenalArmor"],"picked":"champ:PerfectedStrike","floor":3},{"not_picked":["champ:GutPunch","champ:TornadoPunch"],"picked":"champ:FlashCut","floor":4},{"not_picked":["champ:PreciseThrust","champ:GutPunch"],"picked":"champ:FlashCut","floor":5},{"not_picked":["champ:HeartStrike","champ:DefensiveStyle","champ:Improvising"],"picked":"SKIP","floor":8},{"not_picked":["champ:EnGarde","champ:AdrenalArmor","champ:GladiatorsShout"],"picked":"SKIP","floor":10},{"not_picked":["champ:DefensiveShout","champ:GladiatorStyle"],"picked":"champ:PerfectedStrike","floor":12},{"not_picked":["champ:Circumvent","champ:CrookedStrike"],"picked":"champ:BladeFlurry","floor":15}],"player_experience":10628,"relics_obtained":[{"floor":7,"key":"hubris:Metronome"},{"floor":8,"key":"ReplayFunnel"},{"floor":10,"key":"MealTicket"}],"event_choices":[{"cards_removed":["champ:Strike"],"damage_healed":0,"gold_gain":0,"player_choice":"Card Removal","damage_taken":0,"max_hp_gain":0,"max_hp_loss":0,"event_name":"The Cleric","floor":11,"gold_loss":0}],"is_beta":false,"boss_relics":[],"items_purged_floors":[],"is_endless":false,"potions_floor_spawned":[2,3,4],"killed_by":"downfall:Watcher","ascension_level":0}}