{"host":"9l1knhxfturzliqa","time":1609208091,"event":{"mods":["BaseMod","Colored Map","Colored Powertips","DeckTracker","Highlight Path","Keyboard Shortcuts","Minty Spire (QoL Compilation)","Quick Restart","Random Character Button"],"gold_per_floor":[117,117,130,146,23,53,53,53,53,72,72,72,72,84,84,183,183,169,187,199,213,213,239,239,266,337,337,337,337,368,379,379,474,474,489,509,564,10,27,27,37,37,92,111,111,122,138,181,181,181],"floor_reached":51,"playtime":7718,"items_purged":["Strike_G","Defend_G"],"score":879,"play_id":"dbcd3307-2cc9-48e7-9949-b887aff8e7b2","local_time":"20201229111451","is_ascension_mode":true,"campfire_choices":[{"data":"Noxious Fumes","floor":8.0,"key":"SMITH"},{"data":"Footwork","floor":11.0,"key":"SMITH"},{"floor":15.0,"key":"REST"},{"data":"Backflip","floor":24.0,"key":"SMITH"},{"data":"Tools of the Trade","floor":27.0,"key":"SMITH"},{"data":"Tools of the Trade","floor":29.0,"key":"SMITH"},{"data":"Dodge and Roll","floor":32.0,"key":"SMITH"},{"data":"Tactician","floor":40.0,"key":"SMITH"},{"data":"Acrobatics","floor":42.0,"key":"SMITH"},{"data":"Cloak And Dagger","floor":45.0,"key":"SMITH"},{"data":"Glass Knife","floor":49.0,"key":"SMITH"}],"circlet_count":0,"master_deck":["Strike_G","Defend_G+1","Defend_G","Survivor+1","Neutralize","Footwork+1","Dodge and Roll+1","Glass Knife+1","Cloak And Dagger+1","Deflect","Backflip+1","Noxious Fumes+1","Tools of the Trade+1","Tools of the Trade+1","Escape Plan","Corpse Explosion","Reflex+1","Tactician+1","Choke+1","Acrobatics+1","Parasite","PiercingWail+1","Dagger Throw+1"],"relics":["Ring of the Snake","The Specimen","Thread and Needle","Bronze Scales","Coffee Dripper","Letter Opener","Dream Catcher","HornCleat","Snake Skull","Empty Cage","Du-Vu Doll","Orrery","Sundial","War Paint","CeramicFish"],"acts_visited":["Exordium","TheCity","TheBeyond"],"potions_floor_usage":[50],"damage_taken":[{"damage":1.0,"enemies":"Jaw Worm","floor":1.0,"turns":5.0},{"damage":0.0,"enemies":"Cultist","floor":3.0,"turns":4.0},{"damage":0.0,"enemies":"2 Louse","floor":4.0,"turns":2.0},{"damage":35.0,"enemies":"Lagavulin","floor":6.0,"turns":14.0},{"damage":0.0,"enemies":"Exordium Wildlife","floor":10.0,"turns":4.0},{"damage":0.0,"enemies":"Large Slime","floor":14.0,"turns":8.0},{"damage":0.0,"enemies":"Slime Boss","floor":16.0,"turns":13.0},{"damage":0.0,"enemies":"2 Thieves","floor":18.0,"turns":5.0},{"damage":0.0,"enemies":"Chosen","floor":19.0,"turns":5.0},{"damage":6.0,"enemies":"Snecko","floor":20.0,"turns":7.0},{"damage":0.0,"enemies":"Shelled Parasite and Fungi","floor":21.0,"turns":6.0},{"damage":9.0,"enemies":"Gremlin Leader","floor":23.0,"turns":10.0},{"damage":6.0,"enemies":"Book of Stabbing","floor":25.0,"turns":7.0},{"damage":13.0,"enemies":"Slavers","floor":30.0,"turns":5.0},{"damage":0.0,"enemies":"Centurion and Healer","floor":31.0,"turns":6.0},{"damage":18.0,"enemies":"Champ","floor":33.0,"turns":19.0},{"damage":8.0,"enemies":"3 Darklings","floor":35.0,"turns":3.0},{"damage":0.0,"enemies":"Orb Walker","floor":36.0,"turns":4.0},{"damage":21.0,"enemies":"2 Orb Walkers","floor":37.0,"turns":5.0},{"damage":2.0,"enemies":"4 Shapes","floor":39.0,"turns":4.0},{"damage":0.0,"enemies":"Writhing Mass","floor":41.0,"turns":4.0},{"damage":0.0,"enemies":"Jaw Worm Horde","floor":44.0,"turns":2.0},{"damage":14.0,"enemies":"4 Shapes","floor":46.0,"turns":2.0},{"damage":0.0,"enemies":"3 Darklings","floor":47.0,"turns":2.0},{"damage":0.0,"enemies":"Giant Head","floor":48.0,"turns":7.0},{"damage":27,"enemies":"Time Eater","floor":50,"turns":12}],"seed_played":"5078527248114430481","potions_obtained":[{"floor":3.0,"key":"Energy Potion"},{"floor":6.0,"key":"EntropicBrew"},{"floor":10.0,"key":"SmokeBomb"},{"floor":16.0,"key":"FairyPotion"},{"floor":20.0,"key":"LiquidMemories"},{"floor":21.0,"key":"ColorlessPotion"},{"floor":36.0,"key":"SkillPotion"},{"floor":41.0,"key":"DistilledChaos"},{"floor":48.0,"key":"Regen Potion"}],"is_trial":false,"path_per_floor":["M","?","M","M","$","E","?","R","T","M","R","?","$","M","R","B",null,"M","M","M","M","?","E","R","E","T","R","?","R","E","M","R","B",null,"M","M","?","$","M","R","M","R","T","M","R","M","M","E","R","B",null],"character_chosen":"THE_SILENT","items_purchased":["Backflip","Orrery","Sundial","Acrobatics"],"campfire_rested":1,"item_purchase_floors":[5,38,38,38],"current_hp_per_floor":[69,69,69,69,69,34,34,34,34,34,34,22,22,22,43,58,70,70,70,64,64,64,55,55,49,49,49,49,49,36,36,36,18,70,62,62,41,41,39,39,39,39,39,39,39,25,25,25,25,13],"gold":181,"neow_bonus":"THREE_CARDS","is_daily":false,"chose_seed":false,"campfire_upgraded":10,"win_rate":0.0,"timestamp":1609208091,"path_taken":["M","?","?","M","$","E","?","R","T","M","R","?","?","M","R","BOSS","M","M","M","M","?","E","R","E","T","R","?","R","E","M","R","BOSS","M","M","?","$","M","R","M","R","T","M","R","M","M","E","R","BOSS"],"items_purchased_type":["Card","Relic","Relic","Card"],"build_version":"2020-12-22","purchased_purges":2,"victory":true,"max_hp_per_floor":[70,70,70,70,70,70,70,70,70,70,70,70,70,70,70,70,70,70,70,70,70,70,70,70,70,70,70,70,70,70,70,70,70,70,70,70,70,70,70,70,70,70,70,70,70,70,70,70,70,70],"card_choices":[{"not_picked":["Skewer","Well Laid Plans"],"picked":"Footwork","floor":0.0},{"not_picked":["Sucker Punch","All Out Attack"],"picked":"Dodge and Roll","floor":1.0},{"not_picked":["Accuracy","Dash"],"picked":"Cloak And Dagger","floor":3.0},{"not_picked":["Outmaneuver","Flechettes"],"picked":"Deflect","floor":4.0},{"not_picked":["Slice","Bouncing Flask"],"picked":"Noxious Fumes","floor":6.0},{"not_picked":["Underhanded Strike","Dash","Envenom"],"picked":"SKIP","floor":10.0},{"not_picked":["Heel Hook","Cloak And Dagger","Prepared"],"picked":"SKIP","floor":14.0},{"not_picked":["Unload","Night Terror"],"picked":"Tools of the Trade","floor":16.0},{"not_picked":["Deflect+1","Slice","Dagger Spray"],"picked":"SKIP","floor":18.0},{"not_picked":["Noxious Fumes","Flying Knee","Catalyst"],"picked":"SKIP","floor":19.0},{"not_picked":["Envenom","Outmaneuver","Endless Agony"],"picked":"SKIP","floor":20.0},{"not_picked":["Cloak And Dagger+1","Underhanded Strike+1","Flying Knee+1"],"picked":"SKIP","floor":21.0},{"not_picked":["Deadly Poison","Outmaneuver","Storm of Steel"],"picked":"SKIP","floor":23.0},{"not_picked":["Finisher","Infinite Blades+1","Dodge and Roll"],"picked":"SKIP","floor":25.0},{"not_picked":["Dagger Throw","Phantasmal Killer","Flying Knee"],"picked":"SKIP","floor":30.0},{"not_picked":["Bane","Accuracy+1","Underhanded Strike+1"],"picked":"SKIP","floor":31.0},{"not_picked":["Venomology","Glass Knife"],"picked":"Corpse Explosion","floor":33.0},{"not_picked":["Poisoned Stab+1","Acrobatics","Dodge and Roll"],"picked":"SKIP","floor":35.0},{"not_picked":["Slice","Dodge and Roll+1","Deadly Poison"],"picked":"SKIP","floor":36.0},{"not_picked":["Outmaneuver+1","Poisoned Stab"],"picked":"Reflex+1","floor":38.0},{"not_picked":["Dagger Throw","Choke+1"],"picked":"Tactician","floor":38.0},{"not_picked":["Skewer","Expertise"],"picked":"Choke+1","floor":38.0},{"not_picked":["Dagger Throw+1","Deflect","Bane"],"picked":"SKIP","floor":39.0},{"not_picked":["Escape Plan+1","Terror","Deflect"],"picked":"SKIP","floor":41.0},{"not_picked":["Outmaneuver+1","Sucker Punch","Deadly Poison"],"picked":"SKIP","floor":44.0},{"not_picked":["Footwork+1","Backstab","Endless Agony"],"picked":"SKIP","floor":46.0},{"not_picked":["Quick Slash+1","Sucker Punch"],"picked":"PiercingWail+1","floor":47.0},{"not_picked":["Dagger Spray+1","Reflex"],"picked":"Dagger Throw+1","floor":48.0}],"player_experience":251138,"relics_obtained":[{"floor":6.0,"key":"The Specimen"},{"floor":9.0,"key":"Thread and Needle"},{"floor":23.0,"key":"Letter Opener"},{"floor":25.0,"key":"Dream Catcher"},{"floor":26.0,"key":"HornCleat"},{"floor":30.0,"key":"Snake Skull"},{"floor":37.0,"key":"Du-Vu Doll"},{"floor":43.0,"key":"War Paint"},{"floor":48.0,"key":"CeramicFish"}],"event_choices":[{"damage_healed":0.0,"max_hp_gain":0.0,"max_hp_loss":0.0,"gold_gain":0.0,"cards_transformed":["Strike_G"],"event_name":"Transmorgrifier","player_choice":"Transformed","floor":2.0,"gold_loss":0.0,"damage_taken":0.0,"cards_obtained":["Glass Knife"]},{"damage_healed":0.0,"max_hp_gain":0.0,"max_hp_loss":0.0,"gold_gain":0.0,"event_name":"Liars Game","player_choice":"Ignored","floor":7.0,"gold_loss":0.0,"damage_taken":0.0},{"damage_healed":0.0,"max_hp_gain":0.0,"max_hp_loss":0.0,"gold_gain":0.0,"event_name":"Scrap Ooze","player_choice":"Success","floor":12.0,"gold_loss":0.0,"damage_taken":12.0,"relics_obtained":["Bronze Scales"]},{"damage_healed":0.0,"max_hp_gain":0.0,"max_hp_loss":0.0,"gold_gain":0.0,"event_name":"Vampires","player_choice":"Ignored","floor":22.0,"gold_loss":0.0,"damage_taken":0.0},{"damage_healed":0.0,"max_hp_gain":0.0,"max_hp_loss":0.0,"gold_gain":0.0,"cards_transformed":["Strike_G","Strike_G"],"event_name":"Drug Dealer","player_choice":"Became Test Subject","floor":28.0,"gold_loss":0.0,"damage_taken":0.0,"cards_obtained":["Tools of the Trade","Escape Plan"]},{"damage_healed":0.0,"max_hp_gain":0.0,"max_hp_loss":0.0,"gold_gain":0.0,"event_name":"Mysterious Sphere","player_choice":"Fight","floor":37.0,"gold_loss":0.0,"damage_taken":0.0}],"is_beta":false,"boss_relics":[{"not_picked":["SlaversCollar","Calling Bell"],"picked":"Coffee Dripper"},{"not_picked":["Philosopher\u0027s Stone","Snecko Eye"],"picked":"Empty Cage"}],"items_purged_floors":[5,38],"is_endless":false,"potions_floor_spawned":[3,6,10,16,20,21,36,41,48],"ascension_level":3}}