{"host":"78zdngn0u28jm0pp","time":1609279454,"event":{"mods":["BaseMod","Jorbs\u0027s Wanderer Trilogy","Minty Spire (QoL Compilation)","Permanent Neow","Quick Restart","Relic Stats","StSLib","Unceasing Turn Reminder"],"gold_per_floor":[369,519,83,101,120,150,150,130,130,144,172,14,14,74,74,151,151,167,167,167,0,14,39,39,39,39],"floor_reached":25,"playtime":1293,"items_purged":["Doubt"],"score":534,"play_id":"40d491f0-230c-4aa1-9545-445fb4d2b543","local_time":"20201229150414","is_ascension_mode":true,"campfire_choices":[{"floor":7.0,"key":"REST"},{"floor":13.0,"key":"REST"},{"data":"Apotheosis","floor":15.0,"key":"SMITH"}],"circlet_count":0,"master_deck":["AscendersBane","Strike_G","Strike_G","Strike_G","Strike_G","Strike_G","Defend_G","Defend_G","Defend_G","Defend_G","Defend_G","Survivor","Neutralize","Slice","Apotheosis+1","Noxious Fumes","Flying Knee","PiercingWail","Dagger Throw","Acrobatics","Acrobatics","Bouncing Flask","Burst","Dagger Spray","RitualDagger","Crippling Poison"],"relics":["Ring of the Snake","Sundial","Odd Mushroom","Medical Kit","Potion Belt","HoveringKite","MutagenicStrength","Bag of Marbles","Pear"],"acts_visited":["Exordium","TheCity"],"potions_floor_usage":[25],"damage_taken":[{"damage":1.0,"enemies":"2 Louse","floor":1.0,"turns":3.0},{"damage":0.0,"enemies":"Cultist","floor":4.0,"turns":4.0},{"damage":1.0,"enemies":"Small Slimes","floor":5.0,"turns":4.0},{"damage":5.0,"enemies":"Lagavulin","floor":6.0,"turns":8.0},{"damage":14.0,"enemies":"Blue Slaver","floor":10.0,"turns":4.0},{"damage":30.0,"enemies":"The Mushroom Lair","floor":11.0,"turns":6.0},{"damage":25.0,"enemies":"3 Sentries","floor":14.0,"turns":8.0},{"damage":0.0,"enemies":"Hexaghost","floor":16.0,"turns":9.0},{"damage":0.0,"enemies":"3 Byrds","floor":18.0,"turns":6.0},{"damage":3.0,"enemies":"Spheric Guardian","floor":22.0,"turns":5.0},{"damage":28.0,"enemies":"Slavers","floor":23.0,"turns":5.0},{"damage":26,"enemies":"Book of Stabbing","floor":25,"turns":4}],"seed_played":"6736490652127507590","potions_obtained":[{"floor":1.0,"key":"EntropicBrew"},{"floor":5.0,"key":"FearPotion"},{"floor":8.0,"key":"GamblersBrew"},{"floor":10.0,"key":"Weak Potion"},{"floor":16.0,"key":"Weak Potion"},{"floor":23.0,"key":"GamblersBrew"}],"is_trial":false,"path_per_floor":["M","?","$","M","M","E","R","?","T","M","?","$","R","?","R","B",null,"M","?","?","$","M","E","?","E"],"character_chosen":"THE_SILENT","items_purchased":["Apotheosis","Noxious Fumes","Flying Knee","PiercingWail","Medical Kit","Bag of Marbles"],"campfire_rested":2,"item_purchase_floors":[3,3,3,3,12,21],"current_hp_per_floor":[43,43,43,43,42,37,56,56,56,42,12,12,31,6,6,6,51,51,45,45,45,42,24,24,0,0],"gold":39,"neow_bonus":"TWO_FIFTY_GOLD","is_daily":false,"chose_seed":false,"campfire_upgraded":1,"win_rate":0.0,"timestamp":1609279454,"path_taken":["M","?","$","M","M","E","R","?","T","?","?","$","R","?","R","BOSS","M","?","?","$","M","E","?","E"],"items_purchased_type":["Card","Card","Card","Card","Relic","Relic"],"build_version":"2020-12-22","purchased_purges":1,"victory":false,"max_hp_per_floor":[66,66,66,66,66,66,66,66,66,66,66,66,66,66,66,66,66,66,66,66,66,66,76,76,76,76],"relic_stats":{"counters":[12,66],"Sundial":[6],"HoveringKite":[11],"Medical Kit":[14],"obtain_stats":[{"Potion Belt":14,"Pear":23,"Sundial":6,"MutagenicStrength":20,"HoveringKite":17,"Bag of Marbles":21,"Odd Mushroom":11,"Medical Kit":12,"Ring of the Snake":0},{"Potion Belt":7,"Pear":11,"Sundial":4,"MutagenicStrength":9,"HoveringKite":8,"Bag of Marbles":9,"Odd Mushroom":6,"Medical Kit":6,"Ring of the Snake":0},{"Potion Belt":37,"Pear":62,"Sundial":19,"MutagenicStrength":52,"HoveringKite":46,"Bag of Marbles":52,"Odd Mushroom":29,"Medical Kit":29,"Ring of the Snake":0}],"Ring of the Snake":[24]},"card_choices":[{"not_picked":["Eviscerate","Sucker Punch"],"picked":"Slice","floor":1.0},{"not_picked":["Reflex","Slice","Flying Knee"],"picked":"SKIP","floor":4.0},{"not_picked":["Slice","Well Laid Plans","Sucker Punch"],"picked":"SKIP","floor":5.0},{"not_picked":["Envenom","Riddle With Holes"],"picked":"Dagger Throw","floor":6.0},{"not_picked":["Tactician","Slice"],"picked":"Acrobatics","floor":10.0},{"not_picked":["Flying Knee","Slice"],"picked":"Acrobatics","floor":11.0},{"not_picked":["Backflip","Riddle With Holes"],"picked":"Bouncing Flask","floor":14.0},{"not_picked":["Phantasmal Killer","Envenom"],"picked":"Burst","floor":16.0},{"not_picked":["Underhanded Strike","Flying Knee"],"picked":"Dagger Spray","floor":18.0},{"not_picked":["PiercingWail","Flying Knee"],"picked":"Crippling Poison","floor":22.0},{"not_picked":["Flying Knee","PiercingWail","Cloak And Dagger"],"picked":"SKIP","floor":23.0}],"player_experience":732254,"relics_obtained":[{"floor":6.0,"key":"Sundial"},{"floor":11.0,"key":"Odd Mushroom"},{"floor":14.0,"key":"Potion Belt"},{"floor":23.0,"key":"Pear"}],"event_choices":[{"damage_healed":0.0,"max_hp_gain":0.0,"max_hp_loss":0.0,"gold_gain":150.0,"event_name":"Liars Game","player_choice":"AGREE","floor":2.0,"gold_loss":0.0,"damage_taken":0.0,"cards_obtained":["Doubt"]},{"damage_healed":0.0,"max_hp_gain":0.0,"max_hp_loss":0.0,"gold_gain":0.0,"event_name":"The Woman in Blue","player_choice":"Bought 1 Potion","floor":8.0,"gold_loss":0.0,"damage_taken":0.0},{"damage_healed":0.0,"max_hp_gain":0.0,"max_hp_loss":0.0,"gold_gain":0.0,"event_name":"Mushrooms","player_choice":"Fought Mushrooms","floor":11.0,"gold_loss":0.0,"damage_taken":0.0},{"damage_healed":0.0,"max_hp_gain":0.0,"max_hp_loss":0.0,"gold_gain":0.0,"event_name":"Dead Adventurer","player_choice":"Searched \u00271\u0027 times","floor":14.0,"gold_loss":0.0,"damage_taken":0.0},{"damage_healed":0.0,"max_hp_gain":0.0,"max_hp_loss":0.0,"gold_gain":0.0,"event_name":"Nest","player_choice":"Joined the Cult","floor":19.0,"gold_loss":0.0,"damage_taken":6.0,"cards_obtained":["RitualDagger"]},{"damage_healed":0.0,"max_hp_gain":0.0,"max_hp_loss":0.0,"gold_gain":0.0,"event_name":"Drug Dealer","player_choice":"Inject Mutagens","floor":20.0,"gold_loss":0.0,"damage_taken":0.0,"relics_obtained":["MutagenicStrength"]},{"damage_healed":0.0,"max_hp_gain":0.0,"max_hp_loss":0.0,"gold_gain":0.0,"event_name":"Cursed Tome","player_choice":"Ignored","floor":24.0,"gold_loss":0.0,"damage_taken":0.0}],"is_beta":false,"boss_relics":[{"not_picked":["Snecko Eye","Tiny House"],"picked":"HoveringKite"}],"items_purged_floors":[3],"is_endless":false,"potions_floor_spawned":[1,5,10,16,23],"killed_by":"Book of Stabbing","ascension_level":20}}