{"host":"grli52lbdph2722t","time":1609210814,"event":{"mods":["AchievementEnabler","BaseMod","Downfall","Minty Spire (QoL Compilation)","Quick Restart","StSLib"],"gold_per_floor":[99,99,99,99,99,12,12,12,212,225,256,268,193,222,240,240,240],"floor_reached":16,"playtime":535,"items_purged":[],"score":212,"play_id":"e9a7c94b-1213-45e5-9422-9cae0303c997","local_time":"20201229040014","is_ascension_mode":true,"campfire_choices":[{"floor":1,"key":"RECALL"},{"floor":13,"key":"REST"}],"circlet_count":0,"master_deck":["AscendersBane","sneckomod:Strike","sneckomod:Defend","sneckomod:Defend","sneckomod:Defend","sneckomod:TailWhip","sneckomod:SnekBite","sneckomod:Unknown","sneckomod:Unknown","sneckomod:UnknownStrength","sneckomod:UnknownCommonAttack","sneckomod:MasterEye","sneckomod:UnknownClassRED","Slimebound:Icky","Slimebound:Icky","sneckomod:UnknownWeak","sneckomod:UnknownStrength","sneckomod:DiceBlock","sneckomod:UnknownStrike","sneckomod:UnknownExhaust"],"relics":["sneckomod:SneckoSoul","downfall:HeartsMalice","downfall:ShatteredFragment","Pantograph","White Beast Statue","downfall:HeartBlessingRed","Pear"],"acts_visited":["Exordium"],"potions_floor_usage":[16,16,16],"damage_taken":[{"damage":0,"enemies":"2 Louse","floor":2,"turns":1},{"damage":0,"enemies":"downfall:FleeingMerchant","floor":6,"turns":1},{"damage":0,"enemies":"Small Slimes","floor":8,"turns":1},{"damage":15,"enemies":"Jaw Worm","floor":10,"turns":5},{"damage":28,"enemies":"3 Sentries","floor":11,"turns":5},{"damage":6,"enemies":"3 Louse","floor":12,"turns":2},{"damage":22,"enemies":"Gremlin Nob","floor":14,"turns":4},{"damage":10,"enemies":"Blue Slaver","floor":15,"turns":3},{"damage":46,"enemies":"downfall:Silent","floor":16,"turns":9}],"seed_played":"3881060971812284943","potions_obtained":[{"floor":11,"key":"EntropicBrew"},{"floor":12,"key":"GamblersBrew"}],"is_trial":false,"path_per_floor":["R","M","?","?","?","$","T","M","?","M","E","M","R","E","M","B"],"character_chosen":"THE_SNECKO","items_purchased":["sneckomod:MasterEye"],"campfire_rested":1,"item_purchase_floors":[6],"current_hp_per_floor":[75,76,55,55,55,56,56,57,57,43,16,10,36,25,16,0,0],"gold":240,"neow_bonus":"THREE_ENEMY_KILL","is_daily":false,"chose_seed":false,"campfire_upgraded":0,"win_rate":0.0,"timestamp":1609210814,"path_taken":["R","M","?","?","?","?","T","M","?","M","E","M","R","E","M","BOSS"],"items_purchased_type":["Card"],"build_version":"2020-12-22","purchased_purges":0,"victory":false,"max_hp_per_floor":[83,84,84,84,84,85,85,86,86,87,88,88,88,99,100,100,100],"card_choices":[{"not_picked":["sneckomod:SoulDraw","sneckomod:Unknown0Cost"],"picked":"sneckomod:UnknownStrength","floor":2},{"not_picked":["sneckomod:QuickMove","sneckomod:Cheat"],"picked":"sneckomod:UnknownCommonAttack","floor":6},{"not_picked":["sneckomod:ImprovisedGuard","sneckomod:QuickMove"],"picked":"sneckomod:UnknownClassRED","floor":8},{"not_picked":["sneckomod:Unknown1Cost","sneckomod:IronFang"],"picked":"sneckomod:UnknownWeak","floor":10},{"not_picked":["sneckomod:UnknownBlock","sneckomod:QuickBite"],"picked":"sneckomod:UnknownStrength","floor":11},{"not_picked":["sneckomod:QuickMove","sneckomod:SoulRoll"],"picked":"sneckomod:DiceBlock","floor":12},{"not_picked":["sneckomod:WideSting","sneckomod:DefensiveFlair"],"picked":"sneckomod:UnknownStrike","floor":14},{"not_picked":["sneckomod:RainOfDice","sneckomod:UnknownBlock"],"picked":"sneckomod:UnknownExhaust","floor":15}],"player_experience":4912164,"relics_obtained":[{"floor":7,"key":"Pantograph"},{"floor":11,"key":"White Beast Statue"},{"floor":14,"key":"Pear"}],"event_choices":[{"cards_removed":["sneckomod:Strike"],"damage_healed":0,"gold_gain":0,"player_choice":"Card Removal","damage_taken":0,"max_hp_gain":0,"max_hp_loss":0,"event_name":"The Cleric","floor":5,"gold_loss":0}],"is_beta":false,"boss_relics":[],"items_purged_floors":[],"is_endless":false,"potions_floor_spawned":[11,12,14,15],"killed_by":"downfall:Silent","ascension_level":20}}