{"host":"sav7uxregyirlf69","time":1609250130,"event":{"mods":["AchievementEnabler","BaseMod","Colored Map","DeckTracker","Keyboard Shortcuts","Minty Spire (QoL Compilation)","READ ME - Guardian Mod","StSLib","SuperFastMode"],"gold_per_floor":[111,128,128,141,141,141,66,66,90,105,105,122,148,159,159,235,235,255,155,155,115,129,129,146,146,170,185,185,201,201,201,201,273,273,289,289,289,300,14,14,41,51,51,61,79,79,108,108,108,108,108,108],"floor_reached":51,"playtime":1368,"items_purged":["Strike_G","Bane","Bane"],"score":1414,"play_id":"01f7f86c-1134-4581-ae3b-57b787c28ceb","local_time":"20201229225530","is_ascension_mode":true,"campfire_choices":[{"data":"Accuracy","floor":6,"key":"SMITH"},{"data":"Blade Dance","floor":8,"key":"SMITH"},{"data":"Cloak And Dagger","floor":15,"key":"SMITH"},{"data":"Concentrate","floor":23,"key":"SMITH"},{"floor":25,"key":"REST"},{"data":"Calculated Gamble","floor":30,"key":"SMITH"},{"floor":32,"key":"REST"},{"data":"Reflex","floor":40,"key":"SMITH"},{"floor":46,"key":"REST"},{"data":"Accuracy","floor":49,"key":"SMITH"}],"circlet_count":0,"master_deck":["AscendersBane","Survivor","Neutralize","Backflip","Blade Dance+1","Accuracy+1","Calculated Gamble+1","Reflex+1","Cloak And Dagger+1","Grand Finale","Corpse Explosion","Dagger Spray","Footwork","Setup","Accuracy+1","Accuracy","Concentrate+1","Footwork","Acrobatics","Reflex","After Image","Backflip+1","Blade Dance","Terror+1","PiercingWail+1","Reflex+1","Infinite Blades+1"],"relics":["Ring of the Snake","Vajra","Dream Catcher","Pandora\u0027s Box","Art of War","Runic Pyramid","Lee\u0027s Waffle","FossilizedHelix","Orichalcum","Ginger"],"acts_visited":["Exordium","TheCity","TheBeyond"],"potions_floor_usage":[16,18,22,41,44,50],"damage_taken":[{"damage":2,"enemies":"Jaw Worm","floor":1,"turns":5},{"damage":4,"enemies":"Small Slimes","floor":2,"turns":3},{"damage":0,"enemies":"2 Louse","floor":4,"turns":2},{"damage":0,"enemies":"Exordium Wildlife","floor":10,"turns":2},{"damage":6,"enemies":"3 Louse","floor":12,"turns":4},{"damage":0,"enemies":"Gremlin Nob","floor":13,"turns":2},{"damage":0,"enemies":"Large Slime","floor":14,"turns":3},{"damage":17,"enemies":"The Guardian","floor":16,"turns":15},{"damage":0,"enemies":"Chosen","floor":18,"turns":3},{"damage":17,"enemies":"2 Thieves","floor":22,"turns":2},{"damage":18,"enemies":"3 Cultists","floor":24,"turns":3},{"damage":18,"enemies":"Cultist and Chosen","floor":27,"turns":3},{"damage":0,"enemies":"Sentry and Sphere","floor":29,"turns":3},{"damage":18,"enemies":"Champ","floor":33,"turns":9},{"damage":1,"enemies":"3 Shapes","floor":35,"turns":5},{"damage":25,"enemies":"3 Darklings","floor":38,"turns":4},{"damage":22,"enemies":"Reptomancer","floor":41,"turns":5},{"damage":0,"enemies":"4 Shapes","floor":42,"turns":5},{"damage":12,"enemies":"Jaw Worm Horde","floor":44,"turns":3},{"damage":11,"enemies":"3 Darklings","floor":45,"turns":3},{"damage":5,"enemies":"Nemesis","floor":47,"turns":3},{"damage":20,"enemies":"Donu and Deca","floor":50,"turns":5},{"damage":61,"enemies":"Awakened One","floor":51,"turns":6}],"seed_played":"-7623861994810450719","potions_obtained":[{"floor":2,"key":"SkillPotion"},{"floor":12,"key":"SpeedPotion"},{"floor":14,"key":"LiquidMemories"},{"floor":16,"key":"AttackPotion"},{"floor":22,"key":"LiquidBronze"},{"floor":24,"key":"SpeedPotion"},{"floor":41,"key":"Block Potion"},{"floor":44,"key":"Fire Potion"},{"floor":47,"key":"DistilledChaos"}],"is_trial":false,"path_per_floor":["M","M","?","M","?","R","$","R","T","M","T","M","E","M","R","B",null,"M","$","?","$","M","R","M","R","T","M","?","M","R","?","R","B",null,"M","?","?","M","$","R","E","M","T","M","M","R","E","?","R","B","B"],"character_chosen":"THE_SILENT","items_purchased":["Accuracy","Lee\u0027s Waffle"],"campfire_rested":3,"item_purchase_floors":[21,39],"current_hp_per_floor":[57,53,53,53,53,53,53,53,53,53,53,47,47,47,47,30,57,57,57,57,57,40,40,22,41,41,23,23,23,23,23,42,24,56,55,55,55,30,70,70,48,48,48,36,25,46,41,80,80,60,0,0],"gold":108,"neow_bonus":"RANDOM_COMMON_RELIC","is_daily":false,"chose_seed":false,"campfire_upgraded":7,"win_rate":0.0,"timestamp":1609250130,"path_taken":["M","M","?","M","?","R","$","R","T","M","?","?","E","M","R","BOSS","M","$","?","$","M","R","M","R","T","M","?","M","R","?","R","BOSS","M","?","?","M","?","R","E","M","T","M","M","R","E","?","R","BOSS","BOSS"],"items_purchased_type":["Card","Relic"],"build_version":"2020-12-22","purchased_purges":3,"victory":false,"max_hp_per_floor":[66,66,66,66,66,66,66,66,66,66,66,66,66,66,66,66,66,66,66,66,66,66,66,66,66,66,66,66,66,66,66,66,66,66,66,66,63,63,70,70,70,70,70,70,70,70,70,80,80,80,80,80],"card_choices":[{"not_picked":["Prepared","Underhanded Strike"],"picked":"Backflip","floor":1},{"not_picked":["Prepared","Flying Knee"],"picked":"Blade Dance","floor":2},{"not_picked":["Storm of Steel","Crippling Poison"],"picked":"Accuracy","floor":4},{"not_picked":["Slice","Outmaneuver"],"picked":"Calculated Gamble","floor":10},{"not_picked":["Well Laid Plans","Blade Dance"],"picked":"Reflex","floor":12},{"not_picked":["Infinite Blades","Noxious Fumes"],"picked":"Cloak And Dagger","floor":13},{"not_picked":["PiercingWail","Finisher","Flechettes"],"picked":"SKIP","floor":14},{"not_picked":["Leg Sweep+1","Dagger Spray","Cloak And Dagger"],"picked":"SKIP","floor":18},{"not_picked":["PiercingWail","Flechettes+1"],"picked":"Concentrate","floor":22},{"not_picked":["Predator","Accuracy"],"picked":"Footwork","floor":24},{"not_picked":["Distraction","Flying Knee","All Out Attack+1"],"picked":"SKIP","floor":27},{"not_picked":["Sucker Punch","Distraction"],"picked":"Acrobatics","floor":29},{"not_picked":["Expertise","Bane+1"],"picked":"Reflex","floor":32},{"not_picked":["Adrenaline","Unload"],"picked":"After Image","floor":33},{"not_picked":["Leg Sweep","Endless Agony"],"picked":"Backflip+1","floor":35},{"not_picked":["Skewer","Crippling Poison","Choke"],"picked":"SKIP","floor":38},{"not_picked":["Bane+1","Distraction"],"picked":"Blade Dance","floor":41},{"not_picked":["Dagger Spray","Dagger Throw"],"picked":"Terror+1","floor":42},{"not_picked":["Dodge and Roll","Dagger Throw","Accuracy"],"picked":"SKIP","floor":44},{"not_picked":["Masterful Stab+1","Dagger Spray+1"],"picked":"PiercingWail+1","floor":45},{"not_picked":["Deflect","Dagger Spray"],"picked":"Reflex+1","floor":46},{"not_picked":["Underhanded Strike","Dagger Spray"],"picked":"Infinite Blades+1","floor":47}],"player_experience":1056244,"relics_obtained":[{"floor":13,"key":"Dream Catcher"},{"floor":26,"key":"Art of War"},{"floor":41,"key":"FossilizedHelix"},{"floor":43,"key":"Orichalcum"},{"floor":47,"key":"Ginger"}],"event_choices":[{"cards_removed":["Strike_G"],"damage_healed":0,"gold_gain":0,"player_choice":"Forget","damage_taken":0,"max_hp_gain":0,"max_hp_loss":0,"event_name":"Living Wall","floor":3,"gold_loss":0},{"damage_healed":0,"gold_gain":0,"player_choice":"Ignored","damage_taken":0,"max_hp_gain":0,"max_hp_loss":0,"event_name":"Liars Game","floor":5,"gold_loss":0},{"damage_healed":0,"gold_gain":0,"player_choice":"Read","damage_taken":0,"max_hp_gain":0,"max_hp_loss":0,"event_name":"The Library","floor":20,"gold_loss":0,"cards_obtained":["Accuracy"]},{"damage_healed":0,"gold_gain":0,"player_choice":"Ignored","damage_taken":0,"max_hp_gain":0,"max_hp_loss":0,"event_name":"Vampires","floor":28,"gold_loss":0},{"damage_healed":0,"gold_gain":0,"player_choice":"Ignored","damage_taken":0,"max_hp_gain":0,"max_hp_loss":0,"event_name":"Cursed Tome","floor":31,"gold_loss":0},{"damage_healed":0,"gold_gain":0,"player_choice":"Ignored","damage_taken":0,"max_hp_gain":0,"max_hp_loss":0,"event_name":"Mysterious Sphere","floor":36,"gold_loss":0},{"damage_healed":0,"gold_gain":0,"player_choice":"Max HP","damage_taken":0,"max_hp_gain":0,"max_hp_loss":3,"event_name":"Winding Halls","floor":37,"gold_loss":0},{"cards_removed":["A Thousand Cuts"],"damage_healed":29,"gold_gain":0,"player_choice":"Offered Rare","damage_taken":0,"max_hp_gain":10,"max_hp_loss":0,"event_name":"Bonfire Elementals","floor":48,"gold_loss":0}],"is_beta":false,"boss_relics":[{"not_picked":["HoveringKite","Tiny House"],"picked":"Pandora\u0027s Box"},{"not_picked":["Calling Bell","Runic Dome"],"picked":"Runic Pyramid"}],"items_purged_floors":[7,19,39],"is_endless":false,"potions_floor_spawned":[2,12,13,14,16,22,24,29,41,44,45,47],"killed_by":"Awakened One","ascension_level":20}}