{"host":"Qube","time":1609263115,"event":{"mods":["AchievementEnabler","BaseMod","Colored Powertips","Minty Spire (QoL Compilation)","Quick Restart","Random Character Button"],"gold_per_floor":[111,122,132,147,97,126,126,126,126,126,159,192,192,202,202,278,278,298,314,325,103,103,133,133,165,189,223,252,252,284,284,284,284,284],"floor_reached":33,"playtime":1817,"items_purged":["Strike_R"],"score":690,"play_id":"ee5ad0e9-2ce4-43f9-ba50-dfcec629bf00","local_time":"20201229093155","is_ascension_mode":true,"campfire_choices":[{"data":"Armaments","floor":8.0,"key":"SMITH"},{"data":"True Grit","floor":10.0,"key":"SMITH"},{"floor":13.0,"key":"REST"},{"data":"Immolate","floor":15.0,"key":"SMITH"},{"data":"Ghostly","floor":24.0,"key":"SMITH"},{"floor":29.0,"key":"REST"},{"data":"Barricade","floor":32,"key":"SMITH"}],"circlet_count":0,"master_deck":["AscendersBane","Strike_R","Strike_R","Strike_R","Defend_R","Defend_R","Defend_R","Defend_R","Bash","Hemokinesis","Pommel Strike","Cleave","True Grit+1","Armaments+1","Bash","Fiend Fire","Immolate+1","Immolate","Body Slam","Shrug It Off","Feed","Ghostly+1","Ghostly","Ghostly","Ghostly","Ghostly","Barricade+1","Body Slam+1"],"relics":["Burning Blood","Pocketwatch","WingedGreaves","Ice Cream","Incense Burner","Runic Cube","Potion Belt","InkBottle","Bronze Scales","Molten Egg 2","Red Mask","Tiny Chest"],"acts_visited":["Exordium","TheCity"],"potions_floor_usage":[30,30,30,33,33,33],"damage_taken":[{"damage":2.0,"enemies":"Jaw Worm","floor":1.0,"turns":3.0},{"damage":6.0,"enemies":"Small Slimes","floor":2.0,"turns":3.0},{"damage":1.0,"enemies":"Cultist","floor":3.0,"turns":3.0},{"damage":9.0,"enemies":"Exordium Wildlife","floor":4.0,"turns":4.0},{"damage":32.0,"enemies":"3 Sentries","floor":6.0,"turns":6.0},{"damage":22.0,"enemies":"Lagavulin","floor":11.0,"turns":3.0},{"damage":12.0,"enemies":"3 Sentries","floor":12.0,"turns":6.0},{"damage":2.0,"enemies":"Looter","floor":14.0,"turns":2.0},{"damage":2.0,"enemies":"The Guardian","floor":16.0,"turns":15.0},{"damage":22.0,"enemies":"3 Byrds","floor":18.0,"turns":3.0},{"damage":9.0,"enemies":"Shell Parasite","floor":19.0,"turns":5.0},{"damage":14.0,"enemies":"Snake Plant","floor":20.0,"turns":4.0},{"damage":7.0,"enemies":"Book of Stabbing","floor":23.0,"turns":8.0},{"damage":21.0,"enemies":"Slavers","floor":25.0,"turns":5.0},{"damage":20.0,"enemies":"Gremlin Leader","floor":27.0,"turns":7.0},{"damage":2.0,"enemies":"Masked Bandits","floor":28.0,"turns":3.0},{"damage":1,"enemies":"Book of Stabbing","floor":30,"turns":6},{"damage":1,"enemies":"Champ","floor":33,"turns":10}],"seed_played":"-8866789587439615422","potions_obtained":[{"floor":0.0,"key":"GamblersBrew"},{"floor":0.0,"key":"DuplicationPotion"},{"floor":1.0,"key":"AttackPotion"},{"floor":4.0,"key":"LiquidBronze"},{"floor":6.0,"key":"SteroidPotion"},{"floor":12.0,"key":"Swift Potion"},{"floor":18.0,"key":"Regen Potion"},{"floor":25.0,"key":"AttackPotion"},{"floor":28.0,"key":"EntropicBrew"},{"floor":30,"key":"SneckoOil"}],"is_trial":false,"path_per_floor":["M","M","M","M","?","E","?","R","T","R","E","E","R","M","R","B",null,"M","M","M","$","?","E","R","E","T","E","?","R","E","?","R","B"],"character_chosen":"IRONCLAD","items_purchased":["Feed"],"campfire_rested":2,"item_purchase_floors":[21],"current_hp_per_floor":[72,72,75,72,72,46,46,46,46,46,30,24,46,50,50,54,70,54,51,43,43,37,40,40,29,29,15,19,32,45,45,45,44,44],"gold":284,"neow_bonus":"THREE_SMALL_POTIONS","is_daily":false,"chose_seed":false,"campfire_upgraded":5,"win_rate":0.0,"timestamp":1609263115,"path_taken":["M","M","M","M","?","E","?","R","T","R","E","E","R","M","R","BOSS","M","M","?","$","?","E","R","E","T","E","?","R","E","?","R","BOSS"],"items_purchased_type":["Card"],"build_version":"2020-12-18","purchased_purges":1,"victory":false,"max_hp_per_floor":[75,75,75,75,75,75,75,75,75,75,75,75,75,75,75,75,75,75,75,75,75,37,41,41,45,45,45,45,45,45,45,45,45,45],"card_choices":[{"not_picked":["Flex","Feel No Pain"],"picked":"Hemokinesis","floor":1.0},{"not_picked":["Sword Boomerang","Iron Wave"],"picked":"Pommel Strike","floor":2.0},{"not_picked":["Clash","Ghostly Armor"],"picked":"Cleave","floor":3.0},{"not_picked":["Iron Wave","Armaments"],"picked":"True Grit","floor":4.0},{"not_picked":["Bloodletting","Headbutt"],"picked":"Armaments","floor":6.0},{"not_picked":["Sever Soul","Corruption","Thunderclap"],"picked":"SKIP","floor":11.0},{"not_picked":["Second Wind","Anger","Thunderclap"],"picked":"SKIP","floor":12.0},{"not_picked":["Clothesline","Clash"],"picked":"Immolate","floor":14.0},{"not_picked":["Brutality","Limit Break"],"picked":"Immolate","floor":16.0},{"not_picked":["Shockwave","Pommel Strike"],"picked":"Body Slam","floor":18.0},{"not_picked":["Headbutt","Havoc"],"picked":"Shrug It Off","floor":19.0},{"not_picked":["Whirlwind","Heavy Blade","Clash"],"picked":"SKIP","floor":20.0},{"not_picked":["Feel No Pain","Entrench","Iron Wave"],"picked":"SKIP","floor":23.0},{"not_picked":["Combust","Iron Wave+1","Armaments"],"picked":"SKIP","floor":25.0},{"not_picked":["Carnage+1","Brutality","Pommel Strike+1"],"picked":"SKIP","floor":27.0},{"not_picked":["Armaments","Searing Blow+1"],"picked":"Barricade","floor":30}],"player_experience":722357,"relics_obtained":[{"floor":6.0,"key":"Pocketwatch"},{"floor":9.0,"key":"WingedGreaves"},{"floor":11.0,"key":"Ice Cream"},{"floor":12.0,"key":"Incense Burner"},{"floor":23.0,"key":"Potion Belt"},{"floor":25.0,"key":"InkBottle"},{"floor":26.0,"key":"Bronze Scales"},{"floor":27.0,"key":"Molten Egg 2"},{"floor":28.0,"key":"Red Mask"},{"floor":30,"key":"Tiny Chest"}],"event_choices":[{"cards_removed":["Strike_R"],"damage_healed":0.0,"max_hp_gain":0.0,"max_hp_loss":0.0,"gold_gain":0.0,"event_name":"The Cleric","player_choice":"Card Removal","floor":5.0,"gold_loss":50.0,"damage_taken":0.0},{"damage_healed":0.0,"max_hp_gain":0.0,"max_hp_loss":0.0,"gold_gain":0.0,"event_name":"Match and Keep!","player_choice":"2 cards matched","floor":7.0,"gold_loss":0.0,"damage_taken":0.0,"cards_obtained":["Bash","Fiend Fire"]},{"damage_healed":0.0,"max_hp_gain":0.0,"max_hp_loss":38.0,"gold_gain":0.0,"event_name":"Ghosts","player_choice":"Became a Ghost","floor":22.0,"gold_loss":0.0,"damage_taken":0.0,"cards_obtained":["Ghostly","Ghostly","Ghostly","Ghostly","Ghostly"]},{"damage_healed":0.0,"max_hp_gain":0.0,"max_hp_loss":0.0,"gold_gain":0.0,"event_name":"Masked Bandits","player_choice":"Fought Bandits","floor":28.0,"gold_loss":0.0,"damage_taken":0.0},{"damage_healed":0,"gold_gain":0,"player_choice":"Read","damage_taken":0,"max_hp_gain":0,"max_hp_loss":0,"event_name":"The Library","floor":31,"gold_loss":0,"cards_obtained":["Body Slam"]}],"is_beta":true,"boss_relics":[{"not_picked":["Mark of Pain","Runic Dome"],"picked":"Runic Cube"}],"items_purged_floors":[21],"is_endless":false,"potions_floor_spawned":[1,4,6,12,18,25,28,30],"killed_by":"Champ","ascension_level":14}}