{"host":"s0ikvqhe10eopvjn","time":1609285715,"event":{"mods":["Act Like it!","Bard","BaseMod","Block Reminder","Colored Map","Colored Powertips","DeckTracker","Downfall","Halation","Hallownest","Hermit","Highlight Path","Hubris","Infinite Spire","Mad Scientist","Minty Spire (QoL Compilation)","Permanent Neow","Random Character Button","Replay The Spire","StSLib","The Blackbeard","The Blue Laboratory","The Bug Knight","The Cursed","The Disciple","The Mystic","The Necromancer","The Servant 0.9.4"],"gold_per_floor":[115,58,7,24,299,331,350,350,350,350,373,0,15,34,44,59,59,161,161,176,176,30,30,30,30,57,73,98,111,130,130,150,167,167,270,370,381,381,396,406,425,425,425,435,461,461,511,511,461,477,477,511,511],"floor_reached":52,"playtime":3249,"items_purged":["Regret","Defend_B","Writhe"],"score":578,"play_id":"c11ad3dd-72ec-4d2f-9960-69997c4dd945","local_time":"20201229234835","is_ascension_mode":false,"campfire_choices":[{"data":"Redo","floor":8,"key":"SMITH"},{"data":"Zap","floor":17,"key":"SMITH"},{"data":"hubris:InfiniteBlow+8","floor":25,"key":"SMITH"},{"floor":31,"key":"REST"},{"floor":34,"key":"REST"},{"floor":42,"key":"RECALL"},{"data":"hubris:InfiniteBlow+10","floor":46,"key":"SMITH"},{"data":"hubris:InfiniteBlow+11","floor":51,"key":"SMITH"}],"circlet_count":0,"master_deck":["Strike_B","Strike_B","Strike_B","Strike_B","Defend_B","Defend_B","Defend_B","Zap+1","Dualcast","Conserve Battery","Sunder+1","Melter+1","Darkness","Redo+1","Coolheaded","Panic Button","Barrage","Sweeping Beam","Reboot","Ball Lightning","Go for the Eyes","hubris:InfiniteBlow+12","Sweeping Beam+1","BasicCrystalCard","All For One","Cold Snap","Glacier","ReplaySolidLightProjector+1","Redo+1","hubris:PowerSurge","Loop","Skim","Mirror Shield","Hologram+1","Double Energy","Capacitor","Glacier","Barrage+1"],"relics":["Cracked Core","NeowsBlessing","hubris:CrystalStatue","Anchor","Vajra","Bronze Scales","Prayer Wheel","hubris:Backtick","Vampire_Amulet","halation:PinkSoulGem","Geode","Runic Capacitor","Replay:Mystery Machine","Smiling Mask","Replay:Wanted Poster","Ring of Greed","ReplayTheSpireMod:Ring of Collecting","Replay:Wax Seal","infinitespire:Midas Blood","halation:EternalFortune"],"acts_visited":["Exordium","TheCity","TheBeyond"],"potions_floor_usage":[18,35,50,52],"damage_taken":[{"damage":0,"enemies":"Cultist","floor":1,"turns":1},{"damage":0,"enemies":"Small Slimes","floor":4,"turns":1},{"damage":0,"enemies":"3 Sentries","floor":6,"turns":1},{"damage":0,"enemies":"2 Louse","floor":7,"turns":1},{"damage":0,"enemies":"Lots of Slimes","floor":13,"turns":3},{"damage":0,"enemies":"Large Slime","floor":14,"turns":3},{"damage":0,"enemies":"2 Fungi Beasts","floor":15,"turns":1},{"damage":0,"enemies":"Blue Slaver","floor":16,"turns":2},{"damage":29,"enemies":"Hexaghost","floor":18,"turns":7},{"damage":15,"enemies":"2 Thieves","floor":20,"turns":4},{"damage":37,"enemies":"Gremlin Leader","floor":26,"turns":5},{"damage":13,"enemies":"3 Byrds","floor":27,"turns":3},{"damage":6,"enemies":"Cultist and Chosen","floor":29,"turns":3},{"damage":1,"enemies":"Centurion and Healer","floor":30,"turns":6},{"damage":0,"enemies":"Sentry and Sphere","floor":32,"turns":2},{"damage":20,"enemies":"Snake Plant","floor":33,"turns":3},{"damage":39,"enemies":"Automaton","floor":35,"turns":8},{"damage":2,"enemies":"3 Darklings","floor":37,"turns":5},{"damage":0,"enemies":"3 Shapes","floor":39,"turns":3},{"damage":2,"enemies":"Jaw Worm Horde","floor":40,"turns":4},{"damage":16,"enemies":"4 Shapes","floor":41,"turns":8},{"damage":0,"enemies":"Maw","floor":44,"turns":5},{"damage":0,"enemies":"Transient","floor":50,"turns":5},{"damage":95,"enemies":"infinitespire:MassOfShapes","floor":52,"turns":16}],"seed_played":"-3448111953896560091","potions_obtained":[{"floor":4,"key":"blueLaboratory:PhilterOfMotion"},{"floor":7,"key":"Milkshake"},{"floor":13,"key":"Milkshake"},{"floor":18,"key":"Ancient Potion"},{"floor":26,"key":"blueLaboratory:EnragingPotion"},{"floor":37,"key":"blueLaboratory:PhilterOfMotion"},{"floor":39,"key":"LifebloodPotion"},{"floor":50,"key":"blueLaboratory:CorrosionFlask"}],"is_trial":false,"path_per_floor":["M","$","$","M","?","E","M","R","PTL","PTL","T","$","M","M","M","M","R","B",null,"M","?","$","?","AVR","R","E","M","T","M","M","R","M","M","R","B",null,"M","?","M","M","M","R","?","M","T","R","?","?","$","M","R","B"],"character_chosen":"DEFECT","items_purchased":["Sunder+1","Melter+1","Vajra","Bronze Scales","Geode"],"campfire_rested":2,"item_purchase_floors":[2,3,12,12,22],"current_hp_per_floor":[75,75,75,75,75,75,75,75,75,75,75,75,75,75,75,75,75,46,75,64,64,64,64,64,64,33,26,26,24,27,49,53,35,57,24,75,75,75,75,75,63,63,75,75,75,75,75,78,78,78,78,0,0],"gold":511,"neow_bonus":"THREE_ENEMY_KILL","is_daily":false,"chose_seed":false,"campfire_upgraded":5,"win_rate":0.0,"timestamp":1609285715,"path_taken":["M","?","$","M","?","E","?","R","PTL","PTL","T","$","M","M","M","M","R","BOSS","M","?","$","?","AVR","R","E","M","T","M","M","R","M","?","R","BOSS","M","?","?","M","M","R","?","M","T","R","?","?","$","M","R","BOSS"],"items_purchased_type":["Card","Card","Relic","Relic","Relic"],"build_version":"2020-12-22","purchased_purges":3,"victory":false,"max_hp_per_floor":[75,75,75,75,75,75,75,75,75,75,75,75,75,75,75,75,75,75,75,75,75,75,75,75,75,75,75,75,75,75,75,75,75,75,75,75,75,75,75,75,75,75,75,75,75,75,75,78,78,78,78,78,78],"card_choices":[{"not_picked":["White Noise","Hologram"],"picked":"Conserve Battery","floor":1},{"not_picked":["ReplayGash","Blizzard"],"picked":"Darkness","floor":4},{"not_picked":["Consume","Rebound"],"picked":"Redo","floor":6},{"not_picked":["Beam Cell","Redo"],"picked":"Coolheaded","floor":7},{"not_picked":["Chaos","Hologram"],"picked":"Panic Button","floor":13},{"not_picked":["ReplayTheSpireMod:System Scan","Skim"],"picked":"ReplayTheSpireMod:Fabricate Wheel","floor":14},{"not_picked":["Hologram","Leap"],"picked":"Barrage","floor":15},{"not_picked":["Rebound","Steam"],"picked":"Sweeping Beam","floor":16},{"not_picked":["Hologram","Scrape","Streamline"],"picked":"SKIP","floor":16},{"not_picked":["Buffer","Thunder Strike"],"picked":"Reboot","floor":18},{"not_picked":["Steam Power","Sweeping Beam"],"picked":"Ball Lightning","floor":20},{"not_picked":["Barrage+1","ReplayTheSpireMod:Calculation Training"],"picked":"Go for the Eyes","floor":20},{"not_picked":["Redo","Undo"],"picked":"Sweeping Beam+1","floor":26},{"not_picked":["Hologram","Streamline"],"picked":"BasicCrystalCard","floor":27},{"not_picked":["Leap","Sunder"],"picked":"All For One","floor":27},{"not_picked":["Ball Lightning","Steam+1"],"picked":"Cold Snap","floor":29},{"not_picked":["ReplayTheSpireMod:Reroute Power","Leap"],"picked":"Glacier","floor":29},{"not_picked":["Leap","Turbo+1"],"picked":"ReplaySolidLightProjector+1","floor":30},{"not_picked":["Sweeping Beam+1","BootSequence"],"picked":"Redo+1","floor":30},{"not_picked":["Reprogram","Hologram"],"picked":"hubris:PowerSurge","floor":32},{"not_picked":["Coolheaded","Hello World","BasicCrystalCard"],"picked":"SKIP","floor":32},{"not_picked":["Cold Snap","Panic Button"],"picked":"Loop","floor":33},{"not_picked":["Rebound+1","Ball Lightning"],"picked":"Skim","floor":33},{"not_picked":["Hyperbeam","ReplayRNGCard"],"picked":"Mirror Shield","floor":35},{"not_picked":["Conserve Battery","Go for the Eyes+1","Cold Snap+1"],"picked":"SKIP","floor":37},{"not_picked":["Beam Cell","Turbo+1","Streamline"],"picked":"SKIP","floor":37},{"not_picked":["Blizzard","Go for the Eyes+1"],"picked":"Hologram+1","floor":39},{"not_picked":["Cold Snap","Leap"],"picked":"Double Energy","floor":39},{"not_picked":["Machine Learning","ReplaySolidLightProjector+1"],"picked":"Capacitor","floor":40},{"not_picked":["Cold Snap","Conserve Battery","ReplayTheSpireMod:GoodbyeWorld+1"],"picked":"SKIP","floor":40},{"not_picked":["BasicCrystalCard+1","Barrage"],"picked":"Glacier","floor":41},{"not_picked":["Steam Power","Streamline+1","Loop"],"picked":"SKIP","floor":41},{"not_picked":["hubris:Prefetch","Rip and Tear+1"],"picked":"Barrage+1","floor":44},{"not_picked":["ReplayTheSpireMod:Calculation Training","Beam Cell","Double Energy+1"],"picked":"SKIP","floor":44},{"not_picked":["ReplayGash+1","Tempest+1","ReplaySort+1"],"picked":"SKIP","floor":50},{"not_picked":["Double Energy","Go for the Eyes+1","ReplayGash"],"picked":"SKIP","floor":50}],"player_experience":77890,"relics_obtained":[{"floor":6,"key":"hubris:CrystalStatue"},{"floor":11,"key":"Anchor"},{"floor":26,"key":"Replay:Mystery Machine"},{"floor":28,"key":"Smiling Mask"},{"floor":47,"key":"Ring of Greed"},{"floor":47,"key":"ReplayTheSpireMod:Ring of Collecting"},{"floor":47,"key":"Replay:Wax Seal"},{"floor":47,"key":"infinitespire:Midas Blood"}],"event_choices":[{"damage_healed":0,"gold_gain":275,"player_choice":"Desecrate","damage_taken":0,"max_hp_gain":0,"max_hp_loss":0,"event_name":"Golden Shrine","floor":5,"gold_loss":0,"cards_obtained":["Regret"]},{"damage_healed":0,"gold_gain":0,"player_choice":"Ignored","damage_taken":0,"max_hp_gain":0,"max_hp_loss":0,"event_name":"NoteForYourself","floor":23,"gold_loss":0},{"damage_healed":0,"gold_gain":0,"player_choice":"Forge","damage_taken":0,"max_hp_gain":0,"max_hp_loss":0,"event_name":"Accursed Blacksmith","floor":38,"gold_loss":0,"cards_upgraded":["hubris:InfiniteBlow"]},{"damage_healed":19,"gold_gain":0,"player_choice":"Writhe","damage_taken":0,"max_hp_gain":0,"max_hp_loss":0,"event_name":"Winding Halls","floor":43,"gold_loss":0,"cards_obtained":["Writhe"]}],"is_beta":false,"boss_relics":[{"not_picked":["SlaversCollar","ChewingGum"],"picked":"hubris:Backtick"},{"not_picked":["hubris:CrackedHourglass","hubris:HollowSoul"],"picked":"Replay:Wanted Poster"}],"items_purged_floors":[12,24,49],"is_endless":false,"potions_floor_spawned":[4,7,13,18,26,29,33,35,37,39,41,50],"killed_by":"infinitespire:MassOfShapes","ascension_level":0}}