{"host":"Alvar","time":1609234301,"event":{"mods":["AchievementEnabler","Aspiration","BaseMod","Minty Spire (QoL Compilation)","StSLib"],"gold_per_floor":[117,137,137,137,155,191,191,217,241,146,146,181,181,216,216,309,309,322,322,336,336,349,384,384,417,417,417,417,430,446,476,476,551,551,564,579,355,355,355,384,396,423,423,454,472,74,74,74,74,74,74,74],"floor_reached":51,"playtime":2640,"items_purged":["Strike_G","Strike_G"],"score":1593,"play_id":"f85441cd-ef4b-4729-8ba0-12cddb7964da","local_time":"20201229163141","is_ascension_mode":true,"campfire_choices":[{"data":"Crippling Poison","floor":7.0,"key":"SMITH"},{"floor":11.0,"key":"REST"},{"data":"Noxious Fumes","floor":13.0,"key":"SMITH"},{"data":"Predator","floor":15.0,"key":"SMITH"},{"data":"Footwork","floor":24.0,"key":"SMITH"},{"data":"Crippling Poison","floor":27.0,"key":"SMITH"},{"floor":32.0,"key":"REST"},{"floor":49,"key":"REST"}],"circlet_count":0,"master_deck":["AscendersBane","Strike_G","Defend_G","Defend_G","Defend_G","Defend_G","Defend_G","Survivor","Neutralize","Predator+1","Quick Slash","Crippling Poison+1","Noxious Fumes+1","Crippling Poison+1","Bullet Time","PiercingWail","Footwork+1","Leg Sweep","Footwork","Flying Knee","Well Laid Plans","Burst","Malaise","Purity","Chrysalis","Good Instincts","Catalyst","Footwork","Footwork"],"relics":["Ring of the Serpent","NeowsBlessing","Bloody Idol","Dream Catcher","PreservedInsect","Juzu Bracelet","Incense Burner","Ancient Tea Set","Singing Bowl","aspiration:HiddenCompartment","Regal Pillow","aspiration:SeaSaltIceCream","Burning Blood","Snake Skull","Runic Pyramid","Letter Opener","Question Card","InkBottle","Bottled Lightning","aspiration:VileToxins","Toy Ornithopter"],"acts_visited":["Exordium","TheCity","TheBeyond"],"potions_floor_usage":[41,42,51,51],"damage_taken":[{"damage":0.0,"enemies":"Jaw Worm","floor":1.0,"turns":1.0},{"damage":0.0,"enemies":"2 Louse","floor":2.0,"turns":1.0},{"damage":0.0,"enemies":"Cultist","floor":5.0,"turns":1.0},{"damage":25.0,"enemies":"Lagavulin","floor":6.0,"turns":7.0},{"damage":8.0,"enemies":"Gremlin Nob","floor":12.0,"turns":3.0},{"damage":1.0,"enemies":"Lagavulin","floor":14.0,"turns":5.0},{"damage":33.0,"enemies":"Hexaghost","floor":16.0,"turns":9.0},{"damage":12.0,"enemies":"3 Byrds","floor":18.0,"turns":4.0},{"damage":0.0,"enemies":"Spheric Guardian","floor":20.0,"turns":4.0},{"damage":14.0,"enemies":"3 Cultists","floor":22.0,"turns":6.0},{"damage":11.0,"enemies":"Gremlin Leader","floor":23.0,"turns":7.0},{"damage":0.0,"enemies":"Book of Stabbing","floor":25.0,"turns":5.0},{"damage":19.0,"enemies":"Shelled Parasite and Fungi","floor":29.0,"turns":7.0},{"damage":14.0,"enemies":"Snake Plant","floor":30.0,"turns":6.0},{"damage":10.0,"enemies":"Slavers","floor":31.0,"turns":5.0},{"damage":28.0,"enemies":"Champ","floor":33.0,"turns":14.0},{"damage":16,"enemies":"3 Darklings","floor":35,"turns":6},{"damage":6,"enemies":"Orb Walker","floor":36,"turns":5},{"damage":7,"enemies":"Giant Head","floor":40,"turns":9},{"damage":24,"enemies":"3 Darklings","floor":41,"turns":6},{"damage":39,"enemies":"Reptomancer","floor":42,"turns":5},{"damage":21,"enemies":"Giant Head","floor":44,"turns":8},{"damage":0,"enemies":"Sphere and 2 Shapes","floor":45,"turns":3},{"damage":34,"enemies":"Donu and Deca","floor":50,"turns":11},{"damage":67,"enemies":"Time Eater","floor":51,"turns":9}],"seed_played":"8578515057065469093","potions_obtained":[{"floor":1.0,"key":"CunningPotion"},{"floor":2.0,"key":"ColorlessPotion"},{"floor":4.0,"key":"Block Potion"},{"floor":6.0,"key":"PowerPotion"},{"floor":23.0,"key":"PowerPotion"},{"floor":30.0,"key":"BlessingOfTheForge"},{"floor":31.0,"key":"Ancient Potion"},{"floor":41,"key":"ColorlessPotion"},{"floor":42,"key":"AttackPotion"}],"is_trial":false,"path_per_floor":["M","M","?","?","M","E","R","T","T","?","R","E","R","E","R","B",null,"M","?","M","?","M","E","R","E","T","R","?","M","M","E","R","B",null,"M","M","$","?","?","E","M","E","T","E","M","$","?","?","R","B","B"],"character_chosen":"THE_SILENT","items_purchased":["Malaise","aspiration:VileToxins","Footwork","PowerPotion"],"campfire_rested":3,"item_purchase_floors":[37,46,46,46],"current_hp_per_floor":[59,59,59,59,59,34,34,34,34,34,52,44,44,43,43,10,48,38,38,43,43,34,30,30,37,37,37,37,29,28,31,69,52,67,64,71,71,71,61,67,56,30,30,20,31,31,31,31,72,44,0,0],"gold":74,"neow_bonus":"THREE_ENEMY_KILL","is_daily":false,"chose_seed":false,"campfire_upgraded":5,"win_rate":0.0,"timestamp":1609234301,"path_taken":["M","M","?","?","?","E","R","?","T","?","R","E","R","E","R","BOSS","M","?","M","?","M","E","R","E","T","R","?","M","M","E","R","BOSS","M","M","$","?","?","E","M","E","T","E","M","$","?","?","R","BOSS","BOSS"],"items_purchased_type":["Card","Relic","Card","Potion"],"build_version":"2020-12-18","purchased_purges":2,"victory":false,"max_hp_per_floor":[66,66,60,60,60,60,60,60,60,60,60,60,60,60,60,60,60,62,62,62,62,62,64,64,66,66,66,66,66,68,70,72,72,72,74,76,76,76,76,78,80,82,82,82,82,82,82,82,84,84,84,84],"card_choices":[{"not_picked":["Slice","Leg Sweep"],"picked":"Predator","floor":1.0},{"not_picked":["Underhanded Strike","Finisher"],"picked":"Quick Slash","floor":2.0},{"not_picked":["Blade Dance","Dodge and Roll"],"picked":"Terror","floor":5.0},{"not_picked":["Flying Knee","Acrobatics"],"picked":"Crippling Poison","floor":6.0},{"not_picked":["Dagger Throw","Poisoned Stab"],"picked":"Noxious Fumes","floor":11.0},{"not_picked":["Endless Agony","Flying Knee","Prepared"],"picked":"SKIP","floor":12.0},{"not_picked":["Quick Slash","Poisoned Stab"],"picked":"Crippling Poison","floor":14.0},{"not_picked":["Envenom","Phantasmal Killer"],"picked":"Bullet Time","floor":16.0},{"not_picked":["Dodge and Roll","Finisher","Cloak And Dagger"],"picked":"Singing Bowl","floor":18.0},{"not_picked":["Outmaneuver","Sucker Punch"],"picked":"PiercingWail","floor":20.0},{"not_picked":["Backflip","Caltrops"],"picked":"Leg Sweep","floor":22.0},{"not_picked":["Concentrate","Blade Dance","Quick Slash"],"picked":"Singing Bowl","floor":23.0},{"not_picked":["Flechettes","Sucker Punch","Bouncing Flask"],"picked":"Singing Bowl","floor":25.0},{"not_picked":["Dagger Spray","Outmaneuver"],"picked":"Well Laid Plans","floor":29.0},{"not_picked":["Well Laid Plans","Endless Agony","Dodge and Roll"],"picked":"Singing Bowl","floor":30.0},{"not_picked":["Dagger Throw","Outmaneuver","Infinite Blades"],"picked":"Singing Bowl","floor":31.0},{"not_picked":["Skewer+1","Bane","Expertise"],"picked":"Singing Bowl","floor":32.0},{"not_picked":["Grand Finale","Envenom"],"picked":"Burst","floor":33.0},{"not_picked":["Blade Dance+1","Dagger Spray","Bane+1"],"picked":"Singing Bowl","floor":35},{"not_picked":["Underhanded Strike","Deadly Poison","Outmaneuver+1"],"picked":"Singing Bowl","floor":36},{"not_picked":["Blind","HandOfGreed"],"picked":"Purity","floor":39},{"not_picked":["Mind Blast","Enlightenment"],"picked":"Chrysalis","floor":39},{"not_picked":["Metamorphosis","Bandage Up"],"picked":"Good Instincts","floor":39},{"not_picked":["Expertise","Burst","Blade Dance+1"],"picked":"Singing Bowl","floor":40},{"not_picked":["Distraction","Blade Dance","Accuracy+1"],"picked":"Singing Bowl","floor":41},{"not_picked":["Concentrate","Infinite Blades","Expertise+1"],"picked":"Singing Bowl","floor":42},{"not_picked":["Crippling Poison","Bouncing Flask","Slice"],"picked":"Catalyst","floor":44},{"not_picked":["Phantasmal Killer","Sucker Punch+1","Backflip"],"picked":"Footwork","floor":45},{"not_picked":["Setup","Sucker Punch","Terror","Cloak And Dagger"],"picked":"Singing Bowl","floor":49}],"player_experience":750673,"relics_obtained":[{"floor":6.0,"key":"Dream Catcher"},{"floor":8.0,"key":"PreservedInsect"},{"floor":9.0,"key":"Juzu Bracelet"},{"floor":12.0,"key":"Ancient Tea Set"},{"floor":14.0,"key":"Singing Bowl"},{"floor":23.0,"key":"aspiration:HiddenCompartment"},{"floor":25.0,"key":"Regal Pillow"},{"floor":26.0,"key":"aspiration:SeaSaltIceCream"},{"floor":31.0,"key":"Snake Skull"},{"floor":40,"key":"Letter Opener"},{"floor":42,"key":"Question Card"},{"floor":43,"key":"InkBottle"},{"floor":44,"key":"Bottled Lightning"},{"floor":48,"key":"Toy Ornithopter"}],"event_choices":[{"damage_healed":0.0,"max_hp_gain":0.0,"max_hp_loss":6.0,"gold_gain":0.0,"event_name":"Golden Idol","player_choice":"Lose Max HP","floor":3.0,"gold_loss":0.0,"damage_taken":0.0,"relics_obtained":["Golden Idol"]},{"damage_healed":0.0,"max_hp_gain":0.0,"max_hp_loss":0.0,"gold_gain":0.0,"event_name":"Lab","player_choice":"Got Potions","floor":4.0,"gold_loss":0.0,"damage_taken":0.0},{"damage_healed":0.0,"max_hp_gain":0.0,"max_hp_loss":0.0,"gold_gain":0.0,"event_name":"WeMeetAgain","player_choice":"Paid Gold","floor":10.0,"gold_loss":95.0,"damage_taken":0.0,"relics_obtained":["Incense Burner"]},{"damage_healed":0.0,"max_hp_gain":0.0,"max_hp_loss":0.0,"gold_gain":0.0,"event_name":"Forgotten Altar","player_choice":"Gave Idol","floor":19.0,"relics_lost":["Golden Idol"],"gold_loss":0.0,"damage_taken":0.0,"relics_obtained":["Bloody Idol"]},{"damage_healed":0.0,"max_hp_gain":0.0,"max_hp_loss":0.0,"gold_gain":0.0,"event_name":"The Library","player_choice":"Read","floor":21.0,"gold_loss":0.0,"damage_taken":0.0,"cards_obtained":["Footwork"]},{"damage_healed":0.0,"max_hp_gain":0.0,"max_hp_loss":0.0,"gold_gain":0.0,"cards_transformed":["Strike_G","Strike_G"],"event_name":"Drug Dealer","player_choice":"Became Test Subject","floor":28.0,"gold_loss":0.0,"damage_taken":0.0,"cards_obtained":["Footwork","Flying Knee"]},{"cards_removed":["Terror"],"damage_healed":0,"gold_gain":0,"player_choice":"Removed Skill","damage_taken":0,"max_hp_gain":0,"max_hp_loss":0,"event_name":"Falling","floor":38,"gold_loss":0},{"damage_healed":0,"gold_gain":0,"player_choice":"Memory 3","damage_taken":10,"max_hp_gain":0,"max_hp_loss":0,"event_name":"SensoryStone","floor":39,"gold_loss":0},{"damage_healed":0,"gold_gain":0,"player_choice":"0 cards matched","damage_taken":0,"max_hp_gain":0,"max_hp_loss":0,"event_name":"Match and Keep!","floor":47,"gold_loss":0,"cards_obtained":[]},{"damage_healed":0,"gold_gain":0,"player_choice":"Relic","damage_taken":0,"max_hp_gain":0,"max_hp_loss":0,"event_name":"Wheel of Change","floor":48,"gold_loss":0}],"is_beta":true,"boss_relics":[{"not_picked":["Philosopher\u0027s Stone","Coffee Dripper"],"picked":"Ring of the Serpent"},{"not_picked":["aspiration:PoetsPen_weak","aspiration:RitualDagger"],"picked":"Runic Pyramid"}],"items_purged_floors":[37,46],"is_endless":false,"potions_floor_spawned":[1,2,6,12,18,23,30,31,36,41,42],"killed_by":"Time Eater","ascension_level":20}}