{"host":"4lebci84u2l5u89t","time":1609228127,"event":{"mods":["AchievementEnabler","Aspiration","Bard","BaseMod","Beaked The Cultist","Better Altar","Better Match","Better Note","Better Sensory Stone","Better Skull","Better Third Choice","BetterRewards","CCEM","Colored Map","Conspire","GifTheSpireLib","Googly Eyes","Halation","Hermit","Highlight Path","Hubris","Jedi Mod","Jorbs\u0027s Wanderer Trilogy","Lobotomy","LobotomyExtend","Mad Scientist","Marisa????????","Mimic Mod","Minty Spire (QoL Compilation)","Permanent Neow","Replay The Spire","Shade Mod","Spicy Shops","StSLib","Stuff the Spire","The Administrix","The Mystic","Unceasing Turn Reminder"],"gold_per_floor":[118,130,150,162,181,212,212,226,226,239,251,280,300,310,310,310,310],"floor_reached":16,"playtime":947,"items_purged":[],"score":120,"play_id":"25b67ab4-c1f9-46be-850c-9d6fe34457d0","local_time":"20201229084847","is_ascension_mode":false,"campfire_choices":[],"circlet_count":0,"master_deck":["SpecialBullet","SpecialBullet","SpecialBullet","SpecialBullet","SpecialBullet","SpecialBullet","SpecialBullet","SpecialBullet","SecurityCode","InformationCode","ExtractionCode","GrinderMk4","SwordSharpenedByTears","Moonlight","Twilight","WristCuter","NothingThere","RecordCode","QueenOfHatred","BloodyDesire","RedShoes","Ecstasy","DisciplinaryCode","WristCuter+1","Lamp+1","Freischutz"],"relics":["CogitoBucket","RabbitCall","LetterFromLob","halation:OrihimeAndHikoboshiSamaAndTears","BehaviorAdjustment","Mercury Hourglass","Molten Egg 2","Theresia"],"acts_visited":["Exordium"],"potions_floor_usage":[14,14,14],"damage_taken":[{"damage":11,"enemies":"Jaw Worm","floor":1,"turns":3},{"damage":15,"enemies":"Cultist","floor":2,"turns":4},{"damage":21,"enemies":"2 Louse","floor":3,"turns":3},{"damage":12,"enemies":"Blue Slaver","floor":4,"turns":2},{"damage":0,"enemies":"2 Fungi Beasts","floor":5,"turns":2},{"damage":18,"enemies":"3 Sentries","floor":6,"turns":5},{"damage":0,"enemies":"Exordium Wildlife","floor":8,"turns":3},{"damage":4,"enemies":"Exordium Thugs","floor":10,"turns":2},{"damage":6,"enemies":"Lots of Slimes","floor":11,"turns":2},{"damage":33,"enemies":"Gremlin Nob","floor":12,"turns":4},{"damage":12,"enemies":"Blue Slaver","floor":13,"turns":2},{"damage":73,"enemies":"Red Slaver","floor":14,"turns":9},{"damage":46,"enemies":"Slime Boss","floor":16,"turns":3}],"seed_played":"-3734483771000386407","potions_obtained":[{"floor":4,"key":"FearPotion"},{"floor":5,"key":"CultistPotion"},{"floor":11,"key":"DuplicationPotion"}],"is_trial":false,"path_per_floor":["M","M","M","M","M","E","R","M","T","M","M","E","M","M","R","B"],"character_chosen":"Angela","items_purchased":[],"campfire_rested":0,"item_purchase_floors":[],"current_hp_per_floor":[67,60,47,43,51,41,41,69,69,70,70,45,52,27,27,0,0],"gold":310,"neow_bonus":"","is_daily":false,"chose_seed":false,"campfire_upgraded":0,"win_rate":0.0,"timestamp":1609228127,"path_taken":["M","M","M","M","M","E","R","M","T","M","M","E","M","M","R","BOSS"],"items_purchased_type":[],"build_version":"2020-12-22","purchased_purges":0,"victory":false,"max_hp_per_floor":[70,70,70,70,70,70,70,70,70,70,70,70,70,70,70,70,70],"card_choices":[{"not_picked":["Logging"],"picked":"GrinderMk4","floor":1},{"not_picked":["Penitence"],"picked":"SwordSharpenedByTears","floor":1},{"not_picked":["Noise","BearPaw"],"picked":"SKIP","floor":2},{"not_picked":["Spore","Loneliness"],"picked":"SKIP","floor":2},{"not_picked":["Noise","BearPaw"],"picked":"SKIP","floor":2},{"not_picked":["Spore","Loneliness"],"picked":"SKIP","floor":2},{"not_picked":["Noise","BearPaw"],"picked":"SKIP","floor":2},{"not_picked":["Spore","Loneliness"],"picked":"SKIP","floor":2},{"not_picked":["Noise"],"picked":"Moonlight","floor":3},{"not_picked":["ShedSkin","CherryBlossom"],"picked":"SKIP","floor":3},{"not_picked":["Horn"],"picked":"Twilight","floor":4},{"not_picked":["SomewhereSpear","Beak"],"picked":"SKIP","floor":5},{"not_picked":["CherryBlossom"],"picked":"WristCuter","floor":6},{"not_picked":["MeatLantern","BeautyBeast"],"picked":"NothingThere","floor":6},{"not_picked":["Regret_ego","BearPaw"],"picked":"SKIP","floor":6},{"not_picked":["CherryBlossoms","Bloodbath"],"picked":"QueenOfHatred","floor":8},{"not_picked":["CherryBlossom"],"picked":"BloodyDesire","floor":8},{"not_picked":["TodaysExpression","Lantern"],"picked":"SKIP","floor":8},{"not_picked":["CherryBlossom","Harmony"],"picked":"SKIP","floor":10},{"not_picked":["Scorched","OldLady"],"picked":"RedShoes","floor":11},{"not_picked":["CherryBlossom","CENSORED_ego","FourthMatchFlame"],"picked":"SKIP","floor":11},{"not_picked":["CrimsonScar","BlackSwan_ego"],"picked":"Ecstasy","floor":12},{"not_picked":["Hornet+1","Spore"],"picked":"WristCuter+1","floor":12},{"not_picked":["Noise","Penitence"],"picked":"Lamp+1","floor":13},{"not_picked":["VoidDream","BeautyBeast"],"picked":"Freischutz","floor":14},{"not_picked":["SomewhereSpear","SwordSharpenedByTears+1","Pleasure"],"picked":"SKIP","floor":14},{"not_picked":["SomewhereSpear","Loneliness","CherryBlossom"],"picked":"SKIP","floor":14}],"player_experience":268150,"relics_obtained":[{"floor":1,"key":"LetterFromLob"},{"floor":6,"key":"halation:OrihimeAndHikoboshiSamaAndTears"},{"floor":9,"key":"Mercury Hourglass"},{"floor":12,"key":"Molten Egg 2"}],"event_choices":[],"is_beta":false,"boss_relics":[],"items_purged_floors":[],"is_endless":false,"potions_floor_spawned":[4,5,11],"killed_by":"Slime Boss","ascension_level":0}}