{"host":"792mtbovsoa03nb3","time":1609212266,"event":{"mods":["BaseMod","Colored Map","Dota2Spire","Downfall","Hubris","Infinite Spire","Minty Spire (QoL Compilation)","Replay The Spire","Spicy Shops","StSLib","The Blue Laboratory","The Jungle"],"gold_per_floor":[118,118,118,118,134,164,174,174,222,236,253,265,296,309,309,407,407,427,427,342,361,7,33,33,33,33,33,9,9,9,9],"floor_reached":30,"playtime":818,"items_purged":[],"score":325,"play_id":"48a7dc32-a845-492a-be44-1da7862ea5b4","local_time":"20201228192426","is_ascension_mode":true,"campfire_choices":[{"data":"FIFO Queue","floor":8,"key":"SMITH"},{"floor":15,"key":"REST"},{"data":"BasicCrystalCard","floor":24,"key":"SMITH"}],"circlet_count":0,"master_deck":["Strike_B","Strike_B","Strike_B","Strike_B","Defend_B","Defend_B","Defend_B","Defend_B","Zap","Dualcast","Turbo","Regret","Pain","Go for the Eyes","FIFO Queue+1","Streamline","Streamline","Ball Lightning","BasicCrystalCard+1","Go for the Eyes","ReplayRNGCard+1","Tempest+1","Double Energy","Thunder Strike","Thunder Strike","Conserve Battery","Panic Button","Panic Button"],"relics":["FrozenCore","NeowsBlessing","hubris:Towel","infinitespire:PuzzleCube","WarpedTongs","Dota2Spire:Vanguard","infinitespire:Beetle Shell","Happy Flower","hubris:Icosahedron","Blue Doll","Symbiotic Virus","MealTicket","Pear","Nilry\u0027s Codex"],"acts_visited":["Exordium","TheCity"],"potions_floor_usage":[13,13,13,16,23],"damage_taken":[{"damage":0,"enemies":"Jaw Worm","floor":1,"turns":1},{"damage":2,"enemies":"2 Louse","floor":5,"turns":1},{"damage":0,"enemies":"3 Sentries","floor":6,"turns":1},{"damage":6,"enemies":"Small Slimes","floor":7,"turns":3},{"damage":10,"enemies":"Red Slaver","floor":10,"turns":4},{"damage":1,"enemies":"Exordium Wildlife","floor":11,"turns":3},{"damage":16,"enemies":"Looter","floor":12,"turns":3},{"damage":24,"enemies":"Lagavulin","floor":13,"turns":5},{"damage":4,"enemies":"2 Fungi Beasts","floor":14,"turns":3},{"damage":33,"enemies":"Hexaghost","floor":16,"turns":9},{"damage":6,"enemies":"Chosen","floor":18,"turns":7},{"damage":30,"enemies":"3 Byrds","floor":21,"turns":5},{"damage":50,"enemies":"Book of Stabbing","floor":23,"turns":8},{"damage":50,"enemies":"Slavers","floor":30,"turns":5}],"seed_played":"-7208168195624942082","potions_obtained":[{"floor":5,"key":"blueLaboratory:BottleOfRum"},{"floor":6,"key":"blueLaboratory:BottleOfRum"},{"floor":7,"key":"EssenceOfSteel"},{"floor":13,"key":"blueLaboratory:BiasPotion"},{"floor":21,"key":"AttackPotion"}],"is_trial":false,"path_per_floor":["M","?","?","?","M","E","M","R","T","M","M","M","E","M","R","B",null,"M","?","?","M","$","E","R","?","T","?","$","?","E"],"character_chosen":"DEFECT","items_purchased":["Thunder Strike","Symbiotic Virus","Panic Button"],"campfire_rested":1,"item_purchase_floors":[22,22,28],"current_hp_per_floor":[75,75,75,75,73,73,67,67,67,57,56,40,16,12,34,1,75,69,69,69,39,39,33,33,33,43,43,58,42,0,0],"gold":9,"neow_bonus":"THREE_ENEMY_KILL","is_daily":false,"chose_seed":false,"campfire_upgraded":2,"win_rate":0.0,"timestamp":1609212266,"path_taken":["M","?","?","?","M","E","M","R","T","M","M","?","E","M","R","BOSS","M","?","?","M","?","E","R","?","T","?","$","?","E"],"items_purchased_type":["Card","Relic","Card"],"build_version":"2020-12-22","purchased_purges":0,"victory":false,"max_hp_per_floor":[75,75,75,75,75,75,75,75,75,75,75,75,75,75,75,75,75,75,75,75,75,75,75,75,75,85,85,85,85,85,85],"card_choices":[{"not_picked":["Streamline","Hello World"],"picked":"Turbo","floor":1},{"not_picked":["Rip and Tear","hubris:Ukulele"],"picked":"Go for the Eyes","floor":5},{"not_picked":["Auto Shields","Blizzard"],"picked":"FIFO Queue","floor":6},{"not_picked":["Stack","Rebound"],"picked":"Streamline","floor":7},{"not_picked":["Undo","Rip and Tear"],"picked":"Streamline","floor":10},{"not_picked":["Seek","Turbo"],"picked":"Ball Lightning","floor":11},{"not_picked":["Sweeping Beam","Force Field","White Noise"],"picked":"SKIP","floor":12},{"not_picked":["Gash","Steam"],"picked":"BasicCrystalCard","floor":13},{"not_picked":["Hologram","Undo"],"picked":"Go for the Eyes","floor":14},{"not_picked":["Multi-Cast","Machine Learning"],"picked":"ReplayRNGCard","floor":16},{"not_picked":["BasicCrystalCard+1","White Noise"],"picked":"Tempest+1","floor":18},{"not_picked":["Melter+1","Streamline"],"picked":"Double Energy","floor":21},{"not_picked":["Turbo","Coolheaded"],"picked":"Conserve Battery","floor":23}],"player_experience":814163,"relics_obtained":[{"floor":6,"key":"Dota2Spire:Vanguard"},{"floor":9,"key":"infinitespire:Beetle Shell"},{"floor":13,"key":"Happy Flower"},{"floor":23,"key":"MealTicket"},{"floor":26,"key":"Pear"},{"floor":29,"key":"Nilry\u0027s Codex"}],"event_choices":[{"damage_healed":0,"gold_gain":0,"player_choice":"Box","damage_taken":0,"relics_obtained":["infinitespire:PuzzleCube"],"max_hp_gain":0,"max_hp_loss":0,"event_name":"Big Fish","floor":3,"gold_loss":0,"cards_obtained":["Regret"]},{"damage_healed":0,"gold_gain":0,"player_choice":"Rummage","damage_taken":0,"relics_obtained":["WarpedTongs"],"max_hp_gain":0,"max_hp_loss":0,"event_name":"Accursed Blacksmith","floor":4,"gold_loss":0,"cards_obtained":["Pain"]},{"damage_healed":0,"gold_gain":0,"player_choice":"Obtained Relic","damage_taken":0,"relics_obtained":["Blue Doll"],"max_hp_gain":0,"max_hp_loss":0,"event_name":"Addict","floor":20,"gold_loss":85},{"damage_healed":0,"gold_gain":0,"player_choice":"Obtained Book","damage_taken":16,"max_hp_gain":0,"max_hp_loss":0,"event_name":"Cursed Tome","floor":29,"gold_loss":0}],"is_beta":false,"boss_relics":[{"not_picked":["hubris:Stopwatch","Replay:Ancient Bell"],"picked":"FrozenCore"}],"items_purged_floors":[],"is_endless":false,"potions_floor_spawned":[5,6,7,13,21],"killed_by":"Slavers","ascension_level":3}}