{"host":"x5a6cvihdukvwm3n","time":1609274093,"event":{"mods":["Act Like it!","AlwaysNeverKeys","Aspiration","BaseMod","Beaked The Cultist","Better Altar","Better Match","Better Note","Better Sensory Stone","Better Skull","Better Third Choice","BetterRewards","Colored Map","Colored Powertips","Conspire","Curses Come First","Downfall","Friendly Minions","Gensokyo","GifTheSpireLib","Halation","Hallownest","Hermit","Highlight Path","Hubris","Jorbs\u0027s Wanderer Trilogy","Minty Spire (QoL Compilation)","Permanent Neow","Replay The Spire","Robot Space Explorer","Shade Mod","Shop Mod","Spicy Shops","StSLib","Stuff the Spire","SuperFastMode","Synergy Search","The Blue Laboratory","The Jungle","The Marked","vexMod"],"gold_per_floor":[109,125,125,142,10,42,42,62,62,62,62,62,76,89,89,185,185,197,47,57,57,57,82,100,100,100,100,116,141,161,161,161,256,256,269,194,212,355,355,355,385,385,385,385,385,385,401,413,413,413,413,413,413,413,413],"floor_reached":54,"playtime":3071,"items_purged":["Regret","Decay"],"score":755,"play_id":"d0a79a53-a9bf-4ed4-9106-37fad74591f0","local_time":"20201229213453","is_ascension_mode":false,"campfire_choices":[{"data":"stsjorbsmod:Prestidigitation","floor":11,"key":"SMITH"},{"floor":27,"key":"RECALL"},{"data":"stsjorbsmod:FindFamiliar","floor":32,"key":"SMITH"},{"data":"Apotheosis","floor":40,"key":"SMITH"},{"data":"stsjorbsmod:Mending","floor":42,"key":"SMITH"},{"data":"stsjorbsmod:Entangle","floor":44,"key":"SMITH"},{"floor":49,"key":"REST"},{"data":"Trip","floor":52,"key":"SMITH"}],"circlet_count":0,"master_deck":["stsjorbsmod:ForbiddenGrimoire+1","stsjorbsmod:Strike_Wanderer","stsjorbsmod:Strike_Wanderer","stsjorbsmod:Strike_Wanderer","stsjorbsmod:Strike_Wanderer","stsjorbsmod:Defend_Wanderer","stsjorbsmod:Defend_Wanderer","stsjorbsmod:Defend_Wanderer","stsjorbsmod:Defend_Wanderer","stsjorbsmod:FreshAdventure+1","stsjorbsmod:EyeOfTheStorm+1","stsjorbsmod:TollTheDead+1","stsjorbsmod:ChainLightning+1","stsjorbsmod:Prestidigitation+1","stsjorbsmod:Prestidigitation+1","stsjorbsmod:ArcaneForm+1","stsjorbsmod:DisguiseSelf","Slimebound:SplitBruiser","stsjorbsmod:FindFamiliar+1","stsjorbsmod:Rediscovery","stsjorbsmod:MagicMirror+1","stsjorbsmod:Mending+1","stsjorbsmod:HoldMonster","stsjorbsmod:Entangle+1","stsjorbsmod:UnseenServant+1","stsjorbsmod:ArcaneWeapon","stsjorbsmod:ArcaneForm+1","stsjorbsmod:Trauma","stsjorbsmod:Mania","stsjorbsmod:LocateObject","stsjorbsmod:SiphonEnergy","stsjorbsmod:MagicMirror","Trip+1","hubris:DuctTapeCard","stsjorbsmod:AnimateObjects+1","stsjorbsmod:ChainLightning+1","stsjorbsmod:TollTheDead+1"],"relics":["stsjorbsmod:GrimoireRelic","aspiration:Nostalgia","RobotSpaceExplorer:RoboCore","StuffTheSpire:RedRose","Toy Ornithopter","hubris:DisguiseKit","hubris:MysteriousPyramids","vexMod:ImprovementManual","MealTicket","Shuriken","aspiration:DSix","Pet Ghost","aspiration:SecretTechniqueScroll","Happy Flower","hubris:NiceRug","conspire:TopHat","hubris:DeckOfHolding","halation:BottledHappiness","Oddly Smooth Stone","DollysMirror","halation:EternalFortune","hubris:DuctTape","halation:PapillonHeart"],"acts_visited":["Exordium","TheCity","TheBeyond","TheEnding"],"potions_floor_usage":[28,38,50,50,50],"damage_taken":[{"damage":0,"enemies":"Jaw Worm","floor":1,"turns":5},{"damage":0,"enemies":"2 Louse","floor":2,"turns":1},{"damage":6,"enemies":"Small Slimes","floor":4,"turns":3},{"damage":19,"enemies":"Gremlin Nob","floor":6,"turns":4},{"damage":4,"enemies":"Red Slaver","floor":8,"turns":4},{"damage":8,"enemies":"Lots of Slimes","floor":13,"turns":3},{"damage":0,"enemies":"2 Fungi Beasts","floor":14,"turns":4},{"damage":8,"enemies":"Hexaghost","floor":16,"turns":7},{"damage":15,"enemies":"2 Thieves","floor":18,"turns":4},{"damage":7,"enemies":"Shell Parasite","floor":20,"turns":4},{"damage":16,"enemies":"Book of Stabbing","floor":23,"turns":4},{"damage":10,"enemies":"Snake Plant","floor":24,"turns":4},{"damage":18,"enemies":"Centurion and Healer","floor":28,"turns":6},{"damage":5,"enemies":"conspire:Head Lice","floor":29,"turns":7},{"damage":15,"enemies":"Cultist and Chosen","floor":30,"turns":6},{"damage":56,"enemies":"Collector","floor":33,"turns":10},{"damage":18,"enemies":"3 Darklings","floor":35,"turns":4},{"damage":20,"enemies":"Orb Walker","floor":37,"turns":4},{"damage":23,"enemies":"hubris:Merchant","floor":38,"turns":6},{"damage":24,"enemies":"R_Hoarder","floor":41,"turns":9},{"damage":21,"enemies":"Transient","floor":47,"turns":5},{"damage":39,"enemies":"Jaw Worm Horde","floor":48,"turns":4},{"damage":41,"enemies":"Donu and Deca","floor":50,"turns":7},{"damage":106,"enemies":"Shield and Spear","floor":54,"turns":6}],"seed_played":"5450707484585704312","potions_obtained":[{"floor":4,"key":"Elixir"},{"floor":8,"key":"stsjorbsmod:BurningPotion"},{"floor":13,"key":"stsjorbsmod:LiquidClarity"},{"floor":14,"key":"blueLaboratory:Moonshine"},{"floor":24,"key":"BlessingOfTheForge"},{"floor":33,"key":"blueLaboratory:CorrosionFlask"},{"floor":38,"key":"blueLaboratory:Moonshine"},{"floor":38,"key":"Flashbang"},{"floor":38,"key":"LiquidMemories"}],"is_trial":false,"path_per_floor":["M","M","?","M","$","E","?","M","T","?","R","?","M","M","R_BF","B",null,"M","$","M","?","?","E","M","?","T","R","M","E","M","?","R","B",null,"M","?","M","$","?","R","E","R","T","R","?","$","M","M","R","B",null,"R","$","E"],"character_chosen":"WANDERER","items_purchased":["stsjorbsmod:Prestidigitation","stsjorbsmod:FindFamiliar","Happy Flower"],"campfire_rested":1,"item_purchase_floors":[5,19,38],"current_hp_per_floor":[68,68,68,63,63,44,44,44,44,44,44,44,40,44,44,49,68,61,61,63,63,63,59,59,59,59,59,51,56,55,55,55,9,70,67,67,56,68,71,71,65,65,65,65,65,69,52,17,37,23,69,69,69,0,0],"gold":413,"neow_bonus":"NOSTALGIA","is_daily":false,"chose_seed":false,"campfire_upgraded":6,"win_rate":0.0,"timestamp":1609274093,"path_taken":["M","M","?","M","$","E","?","M","T","?","R","?","M","M","R_BF","BOSS","M","$","M","?","?","E","M","?","T","R","?","E","?","?","R","BOSS","M","?","M","$","?","R","E","R","T","R","?","?","M","M","R","BOSS","R","$","E"],"items_purchased_type":["Card","Card","Relic"],"build_version":"2020-12-22","purchased_purges":2,"victory":false,"max_hp_per_floor":[68,68,68,68,68,68,68,68,68,68,68,68,68,68,68,68,68,68,68,68,68,68,70,70,70,70,70,70,70,70,70,70,70,70,70,70,70,70,73,73,73,73,73,73,69,69,69,69,69,69,69,69,69,69,69],"card_choices":[{"not_picked":["stsjorbsmod:Index","stsjorbsmod:Message"],"picked":"stsjorbsmod:TollTheDead","floor":1},{"not_picked":["stsjorbsmod:BlackTentacles","stsjorbsmod:Materialize"],"picked":"stsjorbsmod:ChainLightning","floor":2},{"not_picked":["stsjorbsmod:Hibernate","stsjorbsmod:ArcaneWeapon"],"picked":"stsjorbsmod:Prestidigitation","floor":4},{"not_picked":["stsjorbsmod:Thorns","stsjorbsmod:WeightOfMemory"],"picked":"stsjorbsmod:ArcaneForm","floor":6},{"not_picked":["stsjorbsmod:Counterspell","stsjorbsmod:ScorchingRay","stsjorbsmod:Message"],"picked":"Slimebound:SplitBruiser","floor":8},{"not_picked":["stsjorbsmod:TrueStrike","stsjorbsmod:Prepare","Slimebound:MegaLick"],"picked":"stsjorbsmod:DisguiseSelf","floor":13},{"not_picked":["stsjorbsmod:FracturedMind","stsjorbsmod:Firebolt","stsjorbsmod:Hibernate"],"picked":"Slimebound:SplitBruiser","floor":14},{"not_picked":["stsjorbsmod:DeathThroes","stsjorbsmod:GatherPower","Slimebound:MassRepurpose"],"picked":"stsjorbsmod:Rediscovery","floor":16},{"not_picked":["stsjorbsmod:Rest","stsjorbsmod:MagicMissiles","stsjorbsmod:Introspection","Slimebound:SplitBruiser"],"picked":"SKIP","floor":18},{"not_picked":["stsjorbsmod:LoseGrip","stsjorbsmod:ColorSpray","stsjorbsmod:Index","Slimebound:SplitAcid"],"picked":"SKIP","floor":20},{"not_picked":["stsjorbsmod:ChatteringStrike","stsjorbsmod:BlackTentacles","Slimebound:Nibble"],"picked":"stsjorbsmod:Rediscovery","floor":23},{"not_picked":["stsjorbsmod:Counterspell","stsjorbsmod:Will+1","Slimebound:SplitAcid"],"picked":"stsjorbsmod:MagicMirror+1","floor":24},{"not_picked":["stsjorbsmod:DisguiseSelf","stsjorbsmod:TollTheDead","stsjorbsmod:FracturedMind","Slimebound:SplitLeeching"],"picked":"SKIP","floor":28},{"not_picked":["stsjorbsmod:ParryingBlow","stsjorbsmod:MagicMissiles","Slimebound:Schlurp"],"picked":"stsjorbsmod:Mending","floor":29},{"not_picked":["stsjorbsmod:FranticSearch","stsjorbsmod:SchoolsOfMagic+1","Slimebound:TongueLash"],"picked":"stsjorbsmod:HoldMonster","floor":30},{"not_picked":["stsjorbsmod:Determination","stsjorbsmod:DeathThroes","Slimebound:MassRepurpose"],"picked":"stsjorbsmod:Entangle","floor":33},{"not_picked":["stsjorbsmod:LocateObject+1","stsjorbsmod:Prepare","Slimebound:Schlurp"],"picked":"stsjorbsmod:UnseenServant+1","floor":35},{"not_picked":["stsjorbsmod:ChainLightning+1","stsjorbsmod:Materialize","Slimebound:FormOfPuddle"],"picked":"stsjorbsmod:ArcaneWeapon","floor":37},{"not_picked":[],"picked":"stsjorbsmod:Trauma","floor":38},{"not_picked":[],"picked":"stsjorbsmod:Mania","floor":38},{"not_picked":[],"picked":"stsjorbsmod:LocateObject","floor":38},{"not_picked":[],"picked":"stsjorbsmod:SiphonEnergy","floor":38},{"not_picked":[],"picked":"stsjorbsmod:MagicMirror","floor":38},{"not_picked":[],"picked":"Trip","floor":38},{"not_picked":[],"picked":"Apotheosis","floor":38},{"not_picked":["stsjorbsmod:Firebolt","stsjorbsmod:MagicMirror+1","Slimebound:MegaLick"],"picked":"stsjorbsmod:AnimateObjects+1","floor":41},{"not_picked":["stsjorbsmod:MagicMirror","stsjorbsmod:ParryingBlow","Slimebound:ForwardTackle"],"picked":"stsjorbsmod:ChainLightning+1","floor":47},{"not_picked":["stsjorbsmod:Rest","stsjorbsmod:LocateObject+1","Slimebound:Prepare"],"picked":"stsjorbsmod:TollTheDead+1","floor":48}],"player_experience":270899,"relics_obtained":[{"floor":6,"key":"Toy Ornithopter"},{"floor":9,"key":"hubris:MysteriousPyramids"},{"floor":23,"key":"Shuriken"},{"floor":26,"key":"aspiration:DSix"},{"floor":29,"key":"Pet Ghost"},{"floor":38,"key":"conspire:TopHat"},{"floor":38,"key":"hubris:DeckOfHolding"},{"floor":38,"key":"halation:BottledHappiness"},{"floor":38,"key":"Oddly Smooth Stone"},{"floor":38,"key":"DollysMirror"},{"floor":41,"key":"hubris:DuctTape"}],"event_choices":[{"damage_healed":0,"gold_gain":0,"player_choice":"Disagree","damage_taken":0,"max_hp_gain":0,"max_hp_loss":0,"event_name":"conspire:LoneGhost","floor":10,"gold_loss":0},{"damage_healed":0,"gold_gain":0,"player_choice":"Cursed","damage_taken":0,"max_hp_gain":0,"max_hp_loss":0,"event_name":"Wheel of Change","floor":12,"gold_loss":0,"cards_obtained":["Decay"]},{"damage_healed":0,"gold_gain":0,"player_choice":"Upgraded","damage_taken":0,"max_hp_gain":0,"max_hp_loss":0,"event_name":"Upgrade Shrine","floor":15,"gold_loss":0,"cards_upgraded":["stsjorbsmod:ArcaneForm"]},{"damage_healed":0,"gold_gain":0,"player_choice":"Gave Potion","damage_taken":0,"relics_obtained":["MealTicket"],"max_hp_gain":0,"max_hp_loss":0,"event_name":"WeMeetAgain","floor":21,"gold_loss":0},{"cards_removed":["Slimebound:SplitBruiser"],"damage_healed":0,"gold_gain":0,"player_choice":"Card Removal","damage_taken":0,"max_hp_gain":0,"max_hp_loss":0,"event_name":"Wheel of Change","floor":22,"gold_loss":0},{"damage_healed":0,"gold_gain":0,"player_choice":"Bought 0 Potions","damage_taken":0,"max_hp_gain":0,"max_hp_loss":0,"event_name":"The Woman in Blue","floor":25,"gold_loss":0},{"damage_healed":0,"gold_gain":0,"player_choice":"Leave","damage_taken":0,"max_hp_gain":0,"max_hp_loss":0,"event_name":"conspire:Investor","floor":31,"gold_loss":0},{"damage_healed":0,"gold_gain":0,"player_choice":"2","damage_taken":0,"max_hp_gain":0,"max_hp_loss":0,"event_name":"betterMatch:BetterMatch","floor":36,"gold_loss":0,"cards_obtained":[]}],"is_beta":false,"boss_relics":[{"not_picked":["StuffTheSpire:Kangaroo","vexMod:MegatonBomb"],"picked":"vexMod:ImprovementManual"},{"not_picked":["Runic Pyramid","halation:PinkAlligatorPlush"],"picked":"aspiration:SecretTechniqueScroll"}],"items_purged_floors":[5,19],"is_endless":false,"potions_floor_spawned":[4,8,13,14,20,24,33,37,47],"killed_by":"Shield and Spear","ascension_level":0}}