{"host":"w4b7hmige5bnqipq","time":1609224295,"event":{"mods":["2.2 Compatiblity","BaseMod","Colored Map","DeckTracker","Keyboard Shortcuts","Minty Spire (QoL Compilation)","Permanent Neow","Rare Cards Sparkle","SuperFastMode","everything is the same but u backflip on backflip","slay the spire mod where everything is the same but ironclad has a cowboy hat"],"gold_per_floor":[110,122,197,207,207,207,232,232,305,305,305,305],"floor_reached":11,"playtime":232,"items_purged":[],"score":135,"play_id":"45d7f10c-436a-4c01-8f32-7b3b04440475","local_time":"20201229154455","is_ascension_mode":true,"campfire_choices":[{"data":"Inflame","floor":6,"key":"SMITH"},{"data":"Enlightenment","floor":8,"key":"SMITH"},{"data":"Bash","floor":10,"key":"SMITH"}],"circlet_count":0,"master_deck":["AscendersBane","Strike_R","Strike_R","Strike_R","Strike_R","Strike_R","Defend_R","Defend_R","Defend_R","Defend_R","Bash+1","Enlightenment+1","Inflame+1","Power Through","Ghostly Armor","Decay","Whirlwind"],"relics":["Burning Blood","MealTicket","Bottled Lightning"],"acts_visited":["Exordium"],"potions_floor_usage":[7],"damage_taken":[{"damage":1,"enemies":"Cultist","floor":1,"turns":3},{"damage":7,"enemies":"Small Slimes","floor":2,"turns":4},{"damage":1,"enemies":"2 Louse","floor":4,"turns":3},{"damage":49,"enemies":"3 Sentries","floor":7,"turns":11},{"damage":31,"enemies":"Gremlin Nob","floor":11,"turns":3}],"seed_played":"-9029685961783672382","potions_obtained":[{"floor":4,"key":"Explosive Potion"},{"floor":7,"key":"BlessingOfTheForge"}],"is_trial":false,"path_per_floor":["M","M","?","M","?","R","E","R","T","R","E"],"character_chosen":"IRONCLAD","items_purchased":[],"campfire_rested":0,"item_purchase_floors":[],"current_hp_per_floor":[73,72,61,66,66,66,23,23,23,23,0,0],"gold":305,"neow_bonus":"RANDOM_COLORLESS","is_daily":false,"chose_seed":false,"campfire_upgraded":3,"win_rate":0.0,"timestamp":1609224295,"path_taken":["M","M","?","M","?","R","E","R","T","R","E"],"items_purchased_type":[],"build_version":"2020-12-22","purchased_purges":0,"victory":false,"max_hp_per_floor":[75,75,75,75,75,75,75,75,75,75,75,75],"card_choices":[{"not_picked":["Forethought","Discovery"],"picked":"Enlightenment","floor":0},{"not_picked":["Sword Boomerang","Reckless Charge"],"picked":"Inflame","floor":1},{"not_picked":["Havoc","Pommel Strike"],"picked":"Power Through","floor":2},{"not_picked":["Disarm","Cleave"],"picked":"Ghostly Armor","floor":4},{"not_picked":["Perfected Strike","Reckless Charge"],"picked":"Whirlwind","floor":7}],"player_experience":439318,"relics_obtained":[{"floor":7,"key":"MealTicket"},{"floor":9,"key":"Bottled Lightning"}],"event_choices":[{"damage_healed":0,"gold_gain":75,"player_choice":"Gather Gold","damage_taken":11,"max_hp_gain":0,"max_hp_loss":0,"event_name":"World of Goop","floor":3,"gold_loss":0},{"damage_healed":0,"gold_gain":0,"player_choice":"Cursed","damage_taken":0,"max_hp_gain":0,"max_hp_loss":0,"event_name":"Wheel of Change","floor":5,"gold_loss":0,"cards_obtained":["Decay"]}],"is_beta":false,"boss_relics":[],"items_purged_floors":[],"is_endless":false,"potions_floor_spawned":[4,7],"killed_by":"Gremlin Nob","ascension_level":18}}