{"host":"kh6fvhxn285ncg0o","time":1609249238,"event":{"mods":["Act Like it!","BaseMod","Colored Map","Friendly Minions","Keyboard Shortcuts","Minty Spire (QoL Compilation)","Quick Restart","Relic Stats","StSLib","SuperFastMode"],"gold_per_floor":[114,114,114,128,53,53,82,82,82,115,115,136,151,55,55,146,146,159,159,178,228,143,143,177,177,203,253,153,153,153,174,174,174,174],"floor_reached":33,"playtime":798,"items_purged":["Strike_R","Strike_R"],"score":538,"play_id":"a1184d7a-4d37-47b7-a12d-59db49d08eed","local_time":"20201229224038","is_ascension_mode":true,"campfire_choices":[{"data":"Carnage","floor":6.0,"key":"SMITH"},{"floor":8.0,"key":"REST"},{"data":"Uppercut","floor":15.0,"key":"SMITH"},{"floor":23.0,"key":"REST"},{"floor":32,"key":"REST"}],"circlet_count":0,"master_deck":["AscendersBane","Defend_R","Defend_R","Defend_R+1","Defend_R+1","Bash","Carnage+1","Dark Embrace","Uppercut+1","Offering","Armaments+1","Barricade","Shockwave","True Grit"],"relics":["Burning Blood","Potion Belt","Vajra","Juzu Bracelet","Bloody Idol","Runic Dome","Matryoshka","TungstenRod","Sundial","Regal Pillow","Oddly Smooth Stone","CeramicFish","Enchiridion"],"acts_visited":["Exordium","TheCity"],"potions_floor_usage":[24,33],"damage_taken":[{"damage":6.0,"enemies":"Jaw Worm","floor":1.0,"turns":5.0},{"damage":7.0,"enemies":"2 Louse","floor":4.0,"turns":2.0},{"damage":32.0,"enemies":"Gremlin Nob","floor":7.0,"turns":4.0},{"damage":24.0,"enemies":"Lagavulin","floor":10.0,"turns":7.0},{"damage":4.0,"enemies":"Small Slimes","floor":12.0,"turns":2.0},{"damage":6.0,"enemies":"Looter","floor":13.0,"turns":3.0},{"damage":19.0,"enemies":"Slime Boss","floor":16.0,"turns":7.0},{"damage":28.0,"enemies":"Shell Parasite","floor":18.0,"turns":4.0},{"damage":14.0,"enemies":"Spheric Guardian","floor":20.0,"turns":3.0},{"damage":37,"enemies":"Slavers","floor":24,"turns":8},{"damage":17,"enemies":"Snake Plant","floor":31,"turns":4},{"damage":13,"enemies":"Automaton","floor":33,"turns":7}],"seed_played":"319434225542253387","potions_obtained":[{"floor":1.0,"key":"SteroidPotion"},{"floor":7.0,"key":"SpeedPotion"},{"floor":12.0,"key":"Regen Potion"},{"floor":18.0,"key":"Ancient Potion"},{"floor":24,"key":"Strength Potion"},{"floor":31,"key":"BlessingOfTheForge"}],"is_trial":false,"path_per_floor":["M","?","?","M","$","R","E","R","T","E","?","M","M","$","R","B",null,"M","?","M","?","?","R","E","?","T","T","$","?","?","M","R","B"],"character_chosen":"IRONCLAD","items_purchased":["Energy Potion","Uppercut"],"campfire_rested":3,"item_purchase_floors":[14,14],"current_hp_per_floor":[68,45,45,44,44,44,18,40,40,22,22,24,24,24,24,11,54,32,32,24,24,24,44,28,28,33,38,38,21,21,20,55,42,42],"gold":174,"neow_bonus":"RANDOM_COMMON_RELIC","is_daily":false,"chose_seed":false,"campfire_upgraded":2,"win_rate":0.0,"timestamp":1609249238,"path_taken":["M","?","?","M","?","R","E","R","T","E","?","M","M","$","R","BOSS","M","?","M","?","?","R","E","?","T","?","$","?","?","M","R","BOSS"],"items_purchased_type":["Potion","Card"],"build_version":"2020-12-22","purchased_purges":2,"victory":false,"max_hp_per_floor":[75,75,75,75,75,75,75,75,75,75,68,68,68,68,68,68,68,68,68,68,68,68,68,68,68,68,68,68,68,68,68,68,68,68],"relic_stats":{"Regal Pillow":15,"counters":[12,56],"Sundial":[6],"Bloody Idol":20,"CeramicFish":9,"Juzu Bracelet":1,"obtain_stats":[{"Potion Belt":0,"Regal Pillow":26,"Golden Idol":11,"CeramicFish":27,"Vajra":7,"Oddly Smooth Stone":27,"Enchiridion":29,"Juzu Bracelet":10,"Burning Blood":0,"Runic Dome":17,"Matryoshka":22,"Sundial":26,"Bloody Idol":25,"TungstenRod":24},{"Potion Belt":0,"Regal Pillow":10,"Golden Idol":4,"CeramicFish":10,"Vajra":3,"Oddly Smooth Stone":10,"Enchiridion":10,"Juzu Bracelet":4,"Burning Blood":0,"Runic Dome":7,"Matryoshka":9,"Sundial":10,"Bloody Idol":10,"TungstenRod":10},{"Potion Belt":0,"Regal Pillow":45,"Golden Idol":18,"CeramicFish":45,"Vajra":11,"Oddly Smooth Stone":45,"Enchiridion":45,"Juzu Bracelet":18,"Burning Blood":0,"Runic Dome":30,"Matryoshka":37,"Sundial":45,"Bloody Idol":45,"TungstenRod":45}],"Burning Blood":66,"TungstenRod":11},"card_choices":[{"not_picked":["Body Slam","Armaments"],"picked":"Carnage","floor":1.0},{"not_picked":["Twin Strike","Perfected Strike"],"picked":"Dark Embrace","floor":4.0},{"not_picked":["Barricade","Impervious"],"picked":"Offering","floor":16.0},{"not_picked":["Thunderclap","Pommel Strike"],"picked":"Armaments+1","floor":18.0},{"not_picked":["Sever Soul","Anger","Rupture"],"picked":"SKIP","floor":20.0},{"not_picked":["Havoc","Warcry"],"picked":"True Grit","floor":31}],"player_experience":3310252,"relics_obtained":[{"floor":7.0,"key":"Vajra"},{"floor":10.0,"key":"Juzu Bracelet"},{"floor":24,"key":"TungstenRod"},{"floor":26,"key":"Sundial"},{"floor":26,"key":"Regal Pillow"},{"floor":27,"key":"Oddly Smooth Stone"},{"floor":27,"key":"CeramicFish"},{"floor":29,"key":"Enchiridion"}],"event_choices":[{"damage_healed":0.0,"max_hp_gain":0.0,"max_hp_loss":0.0,"gold_gain":0.0,"event_name":"Shining Light","player_choice":"Entered Light","floor":2.0,"gold_loss":0.0,"damage_taken":23.0,"cards_upgraded":["Defend_R","Defend_R"]},{"damage_healed":0.0,"max_hp_gain":0.0,"max_hp_loss":0.0,"gold_gain":0.0,"event_name":"Liars Game","player_choice":"Ignored","floor":3.0,"gold_loss":0.0,"damage_taken":0.0},{"damage_healed":0.0,"max_hp_gain":0.0,"max_hp_loss":7.0,"gold_gain":0.0,"event_name":"Golden Idol","player_choice":"Lose Max HP","floor":11.0,"gold_loss":0.0,"damage_taken":0.0,"relics_obtained":["Golden Idol"]},{"damage_healed":0.0,"max_hp_gain":0.0,"max_hp_loss":0.0,"gold_gain":0.0,"cards_transformed":["Strike_R","Strike_R"],"event_name":"Drug Dealer","player_choice":"Became Test Subject","floor":19.0,"gold_loss":0.0,"damage_taken":0.0,"cards_obtained":["Barricade","Shockwave"]},{"damage_healed":0.0,"max_hp_gain":0.0,"max_hp_loss":0.0,"gold_gain":50.0,"event_name":"Golden Shrine","player_choice":"Pray","floor":21.0,"gold_loss":0.0,"damage_taken":0.0},{"damage_healed":0.0,"max_hp_gain":0.0,"max_hp_loss":0.0,"gold_gain":0.0,"event_name":"Addict","player_choice":"Obtained Relic","floor":22.0,"gold_loss":85.0,"damage_taken":0.0,"relics_obtained":["Matryoshka"]},{"damage_healed":0,"gold_gain":0,"player_choice":"Gave Idol","damage_taken":0,"relics_obtained":["Bloody Idol"],"max_hp_gain":0,"max_hp_loss":0,"event_name":"Forgotten Altar","floor":25,"relics_lost":["Golden Idol"],"gold_loss":0},{"damage_healed":0,"gold_gain":0,"player_choice":"Obtained Book","damage_taken":21,"max_hp_gain":0,"max_hp_loss":0,"event_name":"Cursed Tome","floor":29,"gold_loss":0},{"cards_removed":["Strike_R"],"damage_healed":0,"gold_gain":0,"player_choice":"Elegance","damage_taken":0,"max_hp_gain":0,"max_hp_loss":0,"event_name":"Back to Basics","floor":30,"gold_loss":0}],"is_beta":false,"boss_relics":[{"not_picked":["Coffee Dripper","Busted Crown"],"picked":"Runic Dome"}],"items_purged_floors":[5,28],"is_endless":false,"potions_floor_spawned":[1,7,12,18,24,31],"killed_by":"Automaton","ascension_level":20}}