{"host":"appz8zkad29u9482","time":1609211651,"event":{"mods":["2.2 Compatiblity","Act Like it!","Aspiration","BaseMod","Better Altar","Better Match","Better Note","Better Skull","Better Third Choice","BetterRewards","CapriCore","Conspire","Disable Question Mark Monsters","Energized Spire","GifTheSpireLib","Gold Saver","Halation","Hermit","HololiveMod","Hubris","Infinite Spire","Jedi Mod","Marisa????????","Minty Spire (QoL Compilation)","Reimu??????","Replay The Spire","Spicy Shops","StSLib","Strawberry Spire","Stuff the Spire","The Alterego","The Immortal","yUi"],"gold_per_floor":[131,131,31,31,60,60,87,87,112,112,112,34,34,44,44,177,177,244,263,263,263],"floor_reached":19,"playtime":1144,"items_purged":[],"score":188,"play_id":"7048347b-ffef-47d4-93ea-90294da3d279","local_time":"20201228171411","is_ascension_mode":false,"campfire_choices":[{"data":"MokouMod:RadiantBlade","floor":8,"key":"SMITH"},{"floor":11,"key":"RECALL"},{"data":"MokouMod:ResonanceReactor","floor":13,"key":"SMITH"},{"data":"MokouMod:Meltdown","floor":15,"key":"SMITH"}],"circlet_count":0,"master_deck":["MokouMod:Strike","MokouMod:Strike","MokouMod:Strike","MokouMod:Defend","MokouMod:Defend","MokouMod:Defend","MokouMod:Defend","MokouMod:HeatSpark","MokouMod:HeatFactory","MokouMod:Scorch","conspire:SpireCoStock","conspire:SpireCoStock","MokouMod:GuidingSmoke","MokouMod:RadiantBlade+1","MokouMod:ResonanceReactor","MokouMod:ResonanceReactor+1","MokouMod:Meltdown+1","MokouMod:HouraiForge","MokouMod:IndiscriminateIgnition"],"relics":["MokouMod:PhoenixFeather","NeowsBlessing","jedi:bottledfury","halation:EternalFortune","aspiration:MarisaSkillbook"],"acts_visited":["Exordium","TheCity"],"potions_floor_usage":[16],"damage_taken":[{"damage":0,"enemies":"Jaw Worm","floor":1,"turns":1},{"damage":0,"enemies":"Cultist","floor":5,"turns":1},{"damage":0,"enemies":"3 Sentries","floor":7,"turns":1},{"damage":0,"enemies":"Small Slimes","floor":14,"turns":1},{"damage":58,"enemies":"The Guardian","floor":16,"turns":14},{"damage":51,"enemies":"2 Thieves","floor":18,"turns":5},{"damage":16304062,"enemies":"3 Byrds","floor":19,"turns":3}],"seed_played":"-4796822519492826309","potions_obtained":[{"floor":1,"key":"PowerPotion"},{"floor":16,"key":"ZuzhouPotion:ReiMu"}],"is_trial":false,"path_per_floor":["M","?","?","$","M","?","E","R","T","?","R","$","R","M","R","B",null,"M","M"],"character_chosen":"MKU","items_purchased":["MokouMod:ResonanceReactor"],"campfire_rested":0,"item_purchase_floors":[12],"current_hp_per_floor":[75,75,75,75,75,75,75,75,75,78,78,78,78,78,78,20,78,27,0,0,0],"gold":263,"neow_bonus":"THREE_ENEMY_KILL","is_daily":false,"chose_seed":false,"campfire_upgraded":3,"win_rate":0.0,"timestamp":1609211651,"path_taken":["M","?","?","$","M","?","E","R","T","?","R","$","R","M","R","BOSS","M","M"],"items_purchased_type":["Card"],"build_version":"2020-12-22","purchased_purges":0,"victory":false,"max_hp_per_floor":[75,75,75,75,75,75,75,75,75,78,78,78,78,78,78,78,78,78,78,78,78],"card_choices":[{"not_picked":["MokouMod:Stoke","MokouMod:SearingShot"],"picked":"MokouMod:HeatFactory","floor":1},{"not_picked":["MokouMod:SearingShot","MokouMod:Scorch"],"picked":"MokouMod:GuidingSmoke","floor":5},{"not_picked":["MokouMod:ControlledCombustion","MokouMod:Overheat"],"picked":"MokouMod:RadiantBlade","floor":7},{"not_picked":["MokouMod:IgnitionBarrier","MokouMod:Ember"],"picked":"MokouMod:Meltdown","floor":14},{"not_picked":["MokouMod:ResonatingAura","MokouMod:Rebirth"],"picked":"MokouMod:HouraiForge","floor":16},{"not_picked":["MokouMod:Afterburner","MokouMod:Burn+1","GravityBeat"],"picked":"MokouMod:IndiscriminateIgnition","floor":18}],"player_experience":349594,"relics_obtained":[{"floor":7,"key":"jedi:bottledfury"}],"event_choices":[{"damage_healed":0,"gold_gain":0,"cards_transformed":["MokouMod:Strike"],"player_choice":"Transformed","damage_taken":0,"max_hp_gain":0,"max_hp_loss":0,"event_name":"Transmorgrifier","floor":2,"gold_loss":0,"cards_obtained":["MokouMod:Scorch"]},{"damage_healed":0,"gold_gain":0,"player_choice":"Invest 2","damage_taken":0,"max_hp_gain":0,"max_hp_loss":0,"event_name":"conspire:Investor","floor":3,"gold_loss":0},{"cards_removed":["MokouMod:Strike"],"damage_healed":0,"gold_gain":0,"player_choice":"Forget","damage_taken":0,"max_hp_gain":0,"max_hp_loss":0,"event_name":"Living Wall","floor":6,"gold_loss":0}],"is_beta":false,"boss_relics":[{"not_picked":["hubris:RunicObelisk","Ectoplasm"],"picked":"aspiration:MarisaSkillbook"}],"items_purged_floors":[],"is_endless":false,"potions_floor_spawned":[1,16],"killed_by":"3 Byrds","ascension_level":0}}