{"host":"9ylwqx3xq4e4v98b","time":1609286027,"event":{"mods":["AchievementEnabler","BaseMod","Colored Map","DeckTracker","Minty Spire (QoL Compilation)","Permanent Neow","StSLib","SuperFastMode","Td1madao Mod","The Animator"],"gold_per_floor":[112,123,123,8,19,19,39,39,39,92,112,123,123,23,23,127,127,145,20,20,20,30,30,46,46,46,46,46],"floor_reached":27,"playtime":752,"items_purged":["Second Wind","Strike_R","Strike_R"],"score":203,"play_id":"201c4f70-21b9-4351-aab8-e8bf665aca80","local_time":"20201229155347","is_ascension_mode":false,"campfire_choices":[{"data":"Juggernaut","floor":6,"key":"SMITH"},{"data":"Armaments","floor":13,"key":"SMITH"},{"data":"Armaments","floor":15,"key":"SMITH"},{"data":"Barricade","floor":23,"key":"SMITH"},{"data":"Disarm","floor":25,"key":"SMITH"}],"circlet_count":0,"master_deck":["Strike_R","Strike_R","Strike_R","Defend_R","Defend_R","Defend_R","Defend_R","Bash","Juggernaut+1","Armaments+1","Seeing Red","Iron Wave","Disarm+1","Armaments+1","Shrug It Off","Barricade+1","Shrug It Off","Battle Trance"],"relics":["Burning Blood"],"acts_visited":["Exordium","TheCity"],"potions_floor_usage":[24,27],"damage_taken":[{"damage":1,"enemies":"2 Louse","floor":1,"turns":3},{"damage":1,"enemies":"Cultist","floor":2,"turns":4},{"damage":4,"enemies":"Small Slimes","floor":5,"turns":4},{"damage":10,"enemies":"Looter","floor":7,"turns":3},{"damage":4,"enemies":"Exordium Thugs","floor":11,"turns":6},{"damage":3,"enemies":"Red Slaver","floor":12,"turns":4},{"damage":37,"enemies":"Hexaghost","floor":16,"turns":12},{"damage":9,"enemies":"Shell Parasite","floor":18,"turns":10},{"damage":16,"enemies":"Spheric Guardian","floor":22,"turns":6},{"damage":12,"enemies":"Shelled Parasite and Fungi","floor":24,"turns":9},{"damage":47,"enemies":"Slavers","floor":27,"turns":4}],"seed_played":"8097930151588546498","potions_obtained":[{"floor":2,"key":"Weak Potion"},{"floor":5,"key":"SteroidPotion"},{"floor":16,"key":"ElixirPotion"}],"is_trial":false,"path_per_floor":["M","M","?","$","M","R","M","?","T","T","M","M","R","$","R","B",null,"M","$","?","?","M","R","M","R","T","E"],"character_chosen":"IRONCLAD","items_purchased":["Seeing Red"],"campfire_rested":0,"item_purchase_floors":[4],"current_hp_per_floor":[80,80,80,80,80,80,76,76,76,76,78,80,80,80,80,49,80,77,77,62,62,52,52,46,46,46,0,0],"gold":46,"neow_bonus":"ONE_RANDOM_RARE_CARD","is_daily":false,"chose_seed":false,"campfire_upgraded":5,"win_rate":0.0,"timestamp":1609286027,"path_taken":["M","M","?","?","M","R","M","?","T","?","?","M","R","?","R","BOSS","M","$","?","?","M","R","M","R","T","E"],"items_purchased_type":["Card"],"build_version":"2020-12-22","purchased_purges":3,"victory":false,"max_hp_per_floor":[80,80,80,80,80,80,80,80,80,80,80,80,80,80,80,80,80,80,80,85,85,85,85,85,85,85,85,85],"card_choices":[{"not_picked":["Wild Strike","Shockwave","Warcry"],"picked":"SKIP","floor":1},{"not_picked":["Pommel Strike","Rampage"],"picked":"Armaments","floor":2},{"not_picked":["True Grit","Heavy Blade"],"picked":"Iron Wave","floor":5},{"not_picked":["Pummel","Twin Strike"],"picked":"Disarm","floor":7},{"not_picked":["Anger","Clothesline"],"picked":"Armaments","floor":11},{"not_picked":["Anger","Flex"],"picked":"Shrug It Off","floor":12},{"not_picked":["Offering","Corruption"],"picked":"Barricade","floor":16},{"not_picked":["Sever Soul","Whirlwind"],"picked":"Shrug It Off","floor":18},{"not_picked":["Armaments","Wild Strike"],"picked":"Battle Trance","floor":22},{"not_picked":["Twin Strike+1","Thunderclap+1","Sever Soul"],"picked":"SKIP","floor":24}],"player_experience":192177,"relics_obtained":[],"event_choices":[{"damage_healed":0,"gold_gain":0,"player_choice":"1 cards matched","damage_taken":0,"max_hp_gain":0,"max_hp_loss":0,"event_name":"Match and Keep!","floor":3,"gold_loss":0,"cards_obtained":["Second Wind"]},{"damage_healed":0,"gold_gain":0,"player_choice":"Ignored","damage_taken":0,"max_hp_gain":0,"max_hp_loss":0,"event_name":"Liars Game","floor":8,"gold_loss":0},{"damage_healed":0,"gold_gain":0,"player_choice":"Shed Blood","damage_taken":20,"max_hp_gain":5,"max_hp_loss":0,"event_name":"Forgotten Altar","floor":20,"gold_loss":0}],"is_beta":false,"boss_relics":[{"not_picked":["SlaversCollar","Runic Pyramid","Velvet Choker"]}],"items_purged_floors":[4,14,19],"is_endless":false,"potions_floor_spawned":[2,5,16],"killed_by":"Slavers","ascension_level":0}}