{"host":"lyyljzh2o9w4r18r","time":1609231316,"event":{"mods":["BaseMod","Minty Spire (QoL Compilation)"],"gold_per_floor":[113,113,126,139,139,164,164,196,196,196,75,103,103,137,137,248,257,277,202,215,140,140,169,169,189,215,240,277,297,297,307,307,417,417,431,290,307,307,316,356,356,397,397,421,421,451,483,523,523,523],"floor_reached":51,"playtime":2258,"items_purged":["Defend_G","Strike_G"],"score":1143,"play_id":"781cdbbb-6000-49fb-a814-0401491a881d","local_time":"20201229174156","is_ascension_mode":true,"campfire_choices":[{"data":"Deadly Poison","floor":7.0,"key":"SMITH"},{"data":"Noxious Fumes","floor":10.0,"key":"SMITH"},{"data":"Dodge and Roll","floor":13.0,"key":"SMITH"},{"floor":15.0,"key":"REST"},{"floor":30,"key":"REST"},{"data":"Blur","floor":32,"key":"SMITH"},{"data":"Backflip","floor":41,"key":"SMITH"},{"floor":45,"key":"REST"},{"floor":49,"key":"REST"}],"circlet_count":0,"master_deck":["Defend_G","Defend_G","Defend_G","Survivor","Neutralize","Deadly Poison+1","Deadly Poison","Dodge and Roll+1","Backflip+1","Noxious Fumes+1","Blur+1","Footwork","Corpse Explosion+1","CurseOfTheBell","Well Laid Plans+1","Crippling Poison+1","Adrenaline","PiercingWail","Panacea","PiercingWail+1","Deadly Poison","Expertise+1","Burst"],"relics":["Sozu","Question Card","Anchor","Meat on the Bone","CeramicFish","Odd Mushroom","Calling Bell","Strawberry","Mummified Hand","Ice Cream","Thread and Needle","Snake Skull","Ninja Scroll","Empty Cage","WingedGreaves","Centennial Puzzle","Art of War","Smiling Mask","Bag of Preparation"],"acts_visited":["Exordium","TheCity","TheBeyond"],"potions_floor_usage":[],"damage_taken":[{"damage":1.0,"enemies":"Cultist","floor":1.0,"turns":5.0},{"damage":0.0,"enemies":"2 Louse","floor":3.0,"turns":3.0},{"damage":0.0,"enemies":"Jaw Worm","floor":4.0,"turns":3.0},{"damage":18.0,"enemies":"Lagavulin","floor":6.0,"turns":7.0},{"damage":17.0,"enemies":"3 Sentries","floor":8.0,"turns":11.0},{"damage":2.0,"enemies":"Exordium Wildlife","floor":12.0,"turns":5.0},{"damage":0.0,"enemies":"The Mushroom Lair","floor":14.0,"turns":5.0},{"damage":22.0,"enemies":"Slime Boss","floor":16.0,"turns":12.0},{"damage":3.0,"enemies":"Shell Parasite","floor":18.0,"turns":5.0},{"damage":30.0,"enemies":"Chosen","floor":20.0,"turns":5.0},{"damage":29,"enemies":"Gremlin Leader","floor":23,"turns":8},{"damage":9,"enemies":"Snake Plant","floor":25,"turns":4},{"damage":0,"enemies":"Shelled Parasite and Fungi","floor":27,"turns":5},{"damage":15,"enemies":"Slavers","floor":28,"turns":3},{"damage":21,"enemies":"Sentry and Sphere","floor":29,"turns":4},{"damage":8,"enemies":"Centurion and Healer","floor":31,"turns":5},{"damage":22,"enemies":"Automaton","floor":33,"turns":9},{"damage":0,"enemies":"Orb Walker","floor":35,"turns":4},{"damage":0,"enemies":"3 Shapes","floor":37,"turns":3},{"damage":15,"enemies":"Reptomancer","floor":40,"turns":7},{"damage":0,"enemies":"Nemesis","floor":42,"turns":7},{"damage":12,"enemies":"Maw","floor":44,"turns":6},{"damage":5,"enemies":"Reptomancer","floor":46,"turns":6},{"damage":27,"enemies":"Giant Head","floor":47,"turns":8},{"damage":27,"enemies":"Reptomancer","floor":48,"turns":7},{"damage":14,"enemies":"Awakened One","floor":50,"turns":13}],"seed_played":"-5561672486631324626","potions_obtained":[],"is_trial":false,"path_per_floor":["M","?","M","M","?","E","R","E","T","R","?","M","R","?","R","B",null,"M","$","M","?","?","E","?","M","T","M","E","M","R","M","R","B",null,"M","$","M","?","?","E","R","E","T","M","R","E","E","E","R","B",null],"character_chosen":"THE_SILENT","items_purchased":["PiercingWail"],"campfire_rested":4,"item_purchase_floors":[36],"current_hp_per_floor":[62,55,55,55,55,37,37,20,20,20,20,30,30,42,63,41,70,67,67,49,49,49,32,32,35,35,47,44,35,58,50,50,40,68,68,68,68,68,68,53,53,53,53,41,64,59,44,29,52,50],"gold":523,"neow_bonus":"BOSS_RELIC","is_daily":false,"chose_seed":false,"campfire_upgraded":5,"win_rate":0.0,"timestamp":1609231316,"path_taken":["M","?","M","M","?","E","R","E","T","R","?","?","R","?","R","BOSS","M","$","M","?","?","E","?","?","T","M","E","M","R","M","R","BOSS","M","$","M","?","?","E","R","E","T","M","R","E","E","E","R","BOSS"],"items_purchased_type":["Card"],"build_version":"2020-12-22","purchased_purges":2,"victory":true,"max_hp_per_floor":[70,70,70,70,70,70,70,70,70,70,70,70,70,70,70,70,77,77,77,77,77,77,77,77,77,77,77,77,77,77,77,77,77,77,77,77,77,77,77,77,77,77,77,77,77,77,77,77,77,77],"card_choices":[{"not_picked":["Outmaneuver","Cloak And Dagger"],"picked":"Deadly Poison","floor":1.0},{"not_picked":["Accuracy","Reflex"],"picked":"Deadly Poison","floor":3.0},{"not_picked":["A Thousand Cuts","Slice"],"picked":"Dodge and Roll","floor":4.0},{"not_picked":["Quick Slash","Reflex"],"picked":"Backflip","floor":6.0},{"not_picked":["Blade Dance","Masterful Stab","Leg Sweep"],"picked":"Noxious Fumes","floor":8.0},{"not_picked":["Dagger Throw","Bane","Sucker Punch"],"picked":"Blur","floor":12.0},{"not_picked":["Backstab","Endless Agony","Underhanded Strike"],"picked":"Footwork","floor":14.0},{"not_picked":["Glass Knife","Doppelganger","Adrenaline"],"picked":"Corpse Explosion","floor":16.0},{"not_picked":["Slice","Infinite Blades","Terror"],"picked":"Well Laid Plans+1","floor":18.0},{"not_picked":["Choke","Finisher","Flying Knee","Backflip"],"picked":"SKIP","floor":20.0},{"not_picked":["Choke","Deflect","Dash","Underhanded Strike"],"picked":"SKIP","floor":23},{"not_picked":["Flying Knee","Outmaneuver","Underhanded Strike","Prepared"],"picked":"SKIP","floor":25},{"not_picked":["After Image","Backflip","Leg Sweep"],"picked":"Crippling Poison+1","floor":27},{"not_picked":["Bane","Poisoned Stab","Choke+1"],"picked":"Die Die Die","floor":28},{"not_picked":["Sucker Punch","Dagger Throw","Finisher+1","Underhanded Strike"],"picked":"SKIP","floor":29},{"not_picked":["Escape Plan","Tactician","Heel Hook","Prepared+1"],"picked":"SKIP","floor":31},{"not_picked":["Storm of Steel","Malaise","Venomology"],"picked":"Adrenaline","floor":33},{"not_picked":["Prepared","Predator+1","Outmaneuver","Flying Knee+1"],"picked":"SKIP","floor":35},{"not_picked":["Backflip","Acrobatics","Finisher","Dagger Spray"],"picked":"SKIP","floor":37},{"not_picked":["Backflip","Acrobatics","Finisher","Dagger Spray"],"picked":"SKIP","floor":37},{"not_picked":["Enlightenment","Swift Strike","PanicButton"],"picked":"Panacea","floor":39},{"not_picked":["Flying Knee","All Out Attack","Corpse Explosion"],"picked":"PiercingWail+1","floor":40},{"not_picked":["Tools of the Trade","Slice","Underhanded Strike+1"],"picked":"Deadly Poison","floor":42},{"not_picked":["Outmaneuver","Prepared","Well Laid Plans"],"picked":"Expertise+1","floor":44},{"not_picked":["Bane","Distraction","Infinite Blades+1","PiercingWail+1"],"picked":"SKIP","floor":46},{"not_picked":["Flying Knee+1","Caltrops","Endless Agony","All Out Attack"],"picked":"SKIP","floor":47},{"not_picked":["Backflip+1","Blade Dance","Flying Knee+1"],"picked":"Burst","floor":48}],"player_experience":180257,"relics_obtained":[{"floor":6.0,"key":"Question Card"},{"floor":8.0,"key":"Anchor"},{"floor":9.0,"key":"Meat on the Bone"},{"floor":14.0,"key":"Odd Mushroom"},{"floor":17.0,"key":"Strawberry"},{"floor":17.0,"key":"Mummified Hand"},{"floor":17.0,"key":"Ice Cream"},{"floor":23,"key":"Thread and Needle"},{"floor":26,"key":"Snake Skull"},{"floor":28,"key":"Ninja Scroll"},{"floor":40,"key":"WingedGreaves"},{"floor":42,"key":"Centennial Puzzle"},{"floor":46,"key":"Art of War"},{"floor":47,"key":"Smiling Mask"},{"floor":48,"key":"Bag of Preparation"}],"event_choices":[{"cards_removed":["Strike_G"],"damage_healed":0.0,"max_hp_gain":0.0,"max_hp_loss":0.0,"gold_gain":0.0,"event_name":"Golden Wing","player_choice":"Card Removal","floor":2.0,"gold_loss":0.0,"damage_taken":7.0},{"damage_healed":0.0,"max_hp_gain":0.0,"max_hp_loss":0.0,"gold_gain":0.0,"event_name":"Shining Light","player_choice":"Ignored","floor":5.0,"gold_loss":0.0,"damage_taken":0.0},{"damage_healed":0.0,"max_hp_gain":0.0,"max_hp_loss":0.0,"gold_gain":0.0,"event_name":"WeMeetAgain","player_choice":"Paid Gold","floor":11.0,"gold_loss":121.0,"damage_taken":0.0,"relics_obtained":["CeramicFish"]},{"damage_healed":0.0,"max_hp_gain":0.0,"max_hp_loss":0.0,"gold_gain":0.0,"event_name":"Mushrooms","player_choice":"Fought Mushrooms","floor":14.0,"gold_loss":0.0,"damage_taken":0.0},{"cards_removed":["Strike_G"],"damage_healed":0.0,"max_hp_gain":0.0,"max_hp_loss":0.0,"gold_gain":0.0,"event_name":"Beggar","player_choice":"Gave Gold","floor":21.0,"gold_loss":75.0,"damage_taken":0.0},{"cards_removed":["Defend_G"],"damage_healed":0.0,"max_hp_gain":0.0,"max_hp_loss":0.0,"gold_gain":0.0,"event_name":"Back to Basics","player_choice":"Elegance","floor":22.0,"gold_loss":0.0,"damage_taken":0.0},{"damage_healed":0,"gold_gain":0,"player_choice":"Forge","damage_taken":0,"max_hp_gain":0,"max_hp_loss":0,"event_name":"Accursed Blacksmith","floor":24,"gold_loss":0,"cards_upgraded":["Corpse Explosion"]},{"cards_removed":["Die Die Die"],"damage_healed":0,"gold_gain":0,"player_choice":"Removed Attack","damage_taken":0,"max_hp_gain":0,"max_hp_loss":0,"event_name":"Falling","floor":38,"gold_loss":0},{"damage_healed":0,"gold_gain":0,"player_choice":"Memory 1","damage_taken":0,"max_hp_gain":0,"max_hp_loss":0,"event_name":"SensoryStone","floor":39,"gold_loss":0}],"is_beta":false,"boss_relics":[{"not_picked":["Snecko Eye","Runic Dome"],"picked":"Calling Bell"},{"not_picked":["Pandora\u0027s Box","Philosopher\u0027s Stone"],"picked":"Empty Cage"}],"items_purged_floors":[19,36],"is_endless":false,"potions_floor_spawned":[3,8,12,20,23,27,33,37,42],"ascension_level":6}}