{"host":"v0byp44r5syn346h","time":1609208002,"event":{"mods":["2.2 Compatiblity","AchievementEnabler","Act Like it!","AlwaysNeverKeys","Aspiration","BaseMod","Bestiary","Better Match","Better Note","Better Skull","Better Third Choice","Better Vampires","BetterRewards","Card Filter","Colored Map","Colored Powertips","Conspire","Defuse TimeMaze Blight","Displayed Cursed Tome","Downfall","Friendly Minions","Gremlin Skip","Halation","Highlight Path","Hubris","Infinite Spire","Minty Spire (QoL Compilation)","Pale of the Ancients","Quarter Circle Forward PUNCH!","Quick Restart","Random Character Button","Rare Cards Sparkle","Relic Filter","Relic Stats","Reorder Act Four","Replay The Spire","Reworked Bosses","Shop Mod","Spicy Shops","Spikes Relics","StSLib","SuperFastMode","The Blue Laboratory","The Construct","The Cursed","The Hierophant","The Jungle","Thieving Mod","Trackpad","Unknown Chances","egg","vexMod"],"gold_per_floor":[117,117,192,209,225,257,257,27,52,52,82,82,114,134,134,208,208,218,218,238,249,37,64,64,92,92,126,142,59,59,59,59,59,59],"floor_reached":33,"playtime":1175,"items_purged":["construct:Strike_Gold","construct:Defend_Gold","construct:Strike_Gold","construct:Strike_Gold","construct:Defend_Gold","construct:Strike_Gold","construct:Defend_Gold","construct:Defend_Gold","construct:Strike_Gold"],"score":917,"play_id":"437eba87-1e80-49da-b712-216405a8087f","local_time":"20201229031322","is_ascension_mode":true,"campfire_choices":[{"data":"construct:Agitation+1","floor":7,"key":"SMITH"},{"data":"construct:CreateCores+1","floor":10,"key":"SMITH"},{"data":"construct:Tumble+1","floor":12,"key":"SMITH"},{"data":"construct:VentSteam+1","floor":15,"key":"SMITH"},{"data":"construct:LaserCore","floor":30,"key":"SMITH"},{"data":"construct:ForceCore","floor":32,"key":"SMITH"}],"circlet_count":0,"master_deck":["AscendersBane","construct:Defend_Gold+1","construct:AttackMode+1","construct:DefenseMode+1","construct:HardReboot+1","construct:VentSteam+2","construct:CreateCores+2","construct:Implosion+2","construct:FlammableFog+2","construct:Agitation+2","construct:Rollout+1","construct:PhosphorStorm+1","construct:Overcharge+1","construct:Rollout","construct:VentSteam","construct:Tumble+2","construct:PointDefense+1","construct:Agitation+2","construct:LongRangeLance+1","ReplayTheSpireMod:Mirror System+1","construct:FlammableFog","construct:Failsafe","construct:ScopeCore+1","construct:ChargeShot+1","construct:LaserCore+1","construct:ForceCore+1","construct:Stasis"],"relics":["construct:ClockworkPhoenix","trackpad:FieryHotPepper","aspiration:HummingbirdHeart","aspiration:TomeofQuesting","Golden Egg","Membership Card","vexMod:RedPlottingStone","Replay:Baseball","Bag of Preparation","Pen Nib","Potion Belt","qcfpunch:Wrestler\u0027s_Cloak","trackpad:Coffee","Nloth\u0027s Gift","Tiny Chest","Akabeko","Centennial Puzzle","halation:LettersToHer","HandDrill","InkBottle"],"acts_visited":["Exordium","TheCity"],"potions_floor_usage":[13,18,18,33,33],"damage_taken":[{"damage":6,"enemies":"Cultist","floor":1,"turns":5},{"damage":0,"enemies":"Small Slimes","floor":4,"turns":4},{"damage":0,"enemies":"Jaw Worm","floor":5,"turns":3},{"damage":45,"enemies":"3 Sentries","floor":6,"turns":8},{"damage":14,"enemies":"Gremlin Nob","floor":11,"turns":4},{"damage":3,"enemies":"Lagavulin","floor":13,"turns":5},{"damage":4,"enemies":"Exordium Wildlife","floor":14,"turns":4},{"damage":0,"enemies":"Hexaghost","floor":16,"turns":6},{"damage":0,"enemies":"Spheric Guardian","floor":18,"turns":3},{"damage":2,"enemies":"Shell Parasite","floor":20,"turns":4},{"damage":14,"enemies":"Snecko","floor":21,"turns":4},{"damage":3,"enemies":"Nightmare","floor":23,"turns":6},{"damage":10,"enemies":"Gremlin Leader","floor":25,"turns":4},{"damage":0,"enemies":"Book of Stabbing","floor":27,"turns":2},{"damage":27,"enemies":"Cultist and Chosen","floor":28,"turns":6},{"damage":15,"enemies":"Collector","floor":33,"turns":6}],"seed_played":"6678509496339480854","potions_obtained":[{"floor":1,"key":"Toxic Potion"},{"floor":5,"key":"Toxic Potion"},{"floor":11,"key":"Regen Potion"},{"floor":20,"key":"Languid Potion"},{"floor":21,"key":"Weak Potion"},{"floor":24,"key":"Death Potion"},{"floor":24,"key":"Explosive Potion"}],"is_trial":false,"path_per_floor":["M","?","?","M","M","E","R","$","T","R","E","R","E","M","R","B",null,"M","?","M","M","$","NM","?","E","T","E","M","$","R","T","R","B"],"character_chosen":"THE_CONSTRUCT_MOD","items_purchased":["trackpad:FieryHotPepper","construct:HardReboot","Blue Doll","construct:VentSteam","construct:CreateCores","aspiration:HummingbirdHeart","aspiration:TomeofQuesting","Golden Egg","construct:Implosion","construct:FlammableFog","construct:Agitation+1","Membership Card","construct:Rollout","construct:PhosphorStorm","vexMod:RedPlottingStone","construct:Overcharge","construct:Tumble+1","construct:PointDefense","DollysMirror","Bag of Preparation","construct:ScopeCore+1","construct:ChargeShot","HandDrill"],"campfire_rested":0,"item_purchase_floors":[0,0,0,0,0,0,0,0,0,0,0,0,0,0,0,0,8,8,8,8,22,22,29],"current_hp_per_floor":[66,66,55,55,55,16,16,16,16,16,2,2,8,4,4,4,66,66,66,64,50,50,47,47,37,37,37,10,10,10,10,10,0,0],"gold":59,"neow_bonus":"","is_daily":false,"chose_seed":false,"campfire_upgraded":6,"win_rate":0.0,"timestamp":1609208002,"path_taken":["M","?","?","M","M","E","R","?","T","R","E","R","E","?","R","BOSS","M","?","M","M","?","NM","?","E","T","E","?","?","R","?","R","BOSS"],"items_purchased_type":["Relic","Card","Relic","Card","Card","Relic","Relic","Relic","Card","Card","Card","Relic","Card","Card","Relic","Card","Card","Card","Relic","Relic","Card","Card","Relic"],"build_version":"2020-12-22","purchased_purges":9,"victory":false,"max_hp_per_floor":[80,80,80,80,80,86,86,86,86,86,86,86,86,86,86,86,86,86,86,86,86,86,86,86,86,86,86,86,86,86,86,86,86,86],"relic_stats":{"Centennial Puzzle":[5],"counters":[332,1307],"Tiny Chest":1,"Pen Nib":[5],"Bag of Preparation":[23],"Nloth\u0027s Gift":0,"HandDrill":[2],"obtain_stats":[{"trackpad:Mousetrap":19,"Replay:Accelerometer":52,"aspiration:SneckoTail":2,"Spirit Poop":50,"aspiration:PoetsPen_weak":34,"infinitespire:Cubic Diamond":2,"construct:LongRangeLance":35,"qcfpunch:Red_Beret":7,"trackpad:DisasterInABottle":9,"paleoftheancients:SoulOfTheShapes":37,"Blood Vial":0,"vexMod:InvisibilityCloak":0,"hubris:HerbalPaste":37,"qcfpunch:Lotus_Statue":0,"halation:PromiseList":10,"HandDrill":29,"Replay:Bottled Steam":0,"MerchantsRug":0,"Velvet Choker":34,"Eternal Feather":0,"Pen Nib":25,"Akabeko":25,"infinitespire:EvilPickle":33,"qcfpunch:Broken_Tusk":9,"ReplayTheSpireMod:Ring of Collecting":21,"Snecko Eye":34,"construct:MegaBattery":0,"Slimebound:SlimedTailRelic":37,"vexMod:ImprovementManual":34,"halation:Risk":34,"Regal Pillow":6,"Torii":0,"halation:TrafficLight":57,"Ancient Tea Set":6,"Pet Ghost":6,"Burning Blood":37,"conspire:InfiniteJournal":0,"trackpad:FieryHotPepper":6,"aspiration:AnachronicSnailShell":0,"vexMod:RedPlottingStone":0,"hubris:CuriousFeather":24,"qcfpunch:Cattail":0,"Chemical X":0,"InkBottle":31,"Potion Belt":11,"vexMod:GildedClover":37,"Lee\u0027s Waffle":61,"construct:WeddingRing":17,"NeowsBlessing":0,"Golden Idol":2,"hubris:64BitClover":7,"qcfpunch:Black_Training_Shirt":45,"construct:IceCubes":0,"Circlet":23,"vexMod:BerryBomb":6,"PreservedInsect":11,"aspiration:RandomNobGenerator":17,"hubris:Towel":2,"Replay:Arrowhead":0,"halation:NonexistentMirror":0,"Ornamental Fan":29,"Ring of Misfortune":11,"SpikesRelics:DaevaFist":14,"Durian":40,"hubris:CrackedHourglass":17,"halation:PinkSoulGem":15,"halation:PeacePiece":0,"halation:Trompette":30,"hubris:BottledRain":5,"infinitespire:Midas Blood":15,"Ice Cream":0,"Calipers":11,"conspire:RoyalGoblet":17,"Gremlin Horn":6,"Nilry\u0027s Codex":20,"Raider\u0027s Mask":37,"qcfpunch:Unceasing_Flame":46,"Sozu":18,"trackpad:ToughGloves":37,"Centennial Puzzle":14,"halation:PrussianBluePaint":0,"Prayer Wheel":51,"Iron Hammer":53,"qcfpunch:Handcuffs":36,"halation:KoshaPiece":23,"LugNut":28,"Girya":9,"paleoftheancients:KeyRelic":50,"hubris:Teleporter":37,"hubris:DuctTape":0,"Replay:Grab Bag":17,"hubris:FruitBowl":4,"vexMod:PaidLearning":0,"halation:Thesaurus":0,"hubris:Zylophone":0,"Onion Ring":33,"infinitespire:EmpoweringShard":0,"aspiration:HatOfInfinitePower":6,"Mirror":55,"NlothsMask":5,"Pocketwatch":26,"aspiration:TomeofQuesting":0,"halation:WeightlessCrab":47,"Juzu Bracelet":0,"PrismaticShard":21,"Empty Cage":34,"conspire:TopHat":14,"aspiration:StickyExplosives_weak":9,"Dream Catcher":37,"hubris:Icosahedron":48,"hubris:Stopwatch":16,"MiniBlackHole":0,"qcfpunch:Necklace_of_Skulls":0,"trackpad:Compendium":20,"Red Mask":22,"Replay:Bottled Snecko":0,"halation:LettersToHer":0,"hubris:KleinBottle":4,"qcfpunch:Army_Boots":33,"aspiration:RunicSpoon":17,"Guide Book":0,"halation:IllGainedPizza":6,"infinitespire:FocusingShard":25,"hubris:MedicalManual":53,"Replay:WaspNest":9,"vexMod:FocusSash":11,"Medical Kit":41,"Mercury Hourglass":44,"vexMod:Dragonfruit":38,"Cauldron":0,"infinitespire:DarkRift":0,"vexMod:BarristanHead":14,"halation:EternalFortune":15,"infinitespire:Satchel":27,"Bag of Marbles":9,"Membership Card":0,"hubris:OldNail":37,"FossilizedHelix":21,"Golden Egg":0,"vexMod:MemoryStick":54,"Ginger":9,"Whetstone":8,"vexMod:TanglingVine":34,"Bottled Tornado":57,"Boot":23,"aspiration:RitualStick":30,"trackpad:SneckoScepter":7,"halation:HeavySnake":19,"Replay:Ringing Soul":8,"vexMod:CardConverter":14,"MealTicket":35,"infinitespire:Golems Mask":6,"vexMod:DeviousBotling":34,"Kunai":23,"trackpad:AdjectivePendant":20,"Replay:Wax Seal":0,"construct:MasterCore":0,"halation:YellowSoulGem":5,"construct:RocketBooster":9,"halation:QuantumPhysicsTextbook":0,"GiantMaggot":37,"aspiration:FrozenJewel":12,"qcfpunch:Duffel_Bag":6,"Runic Dome":17,"hubris:BottledHeart":19,"halation:Jellyphish":0,"halation:PenCase":0,"Pandora\u0027s Box":34,"hubris:TenFootPole":0,"trackpad:WindUpAutoDealer":0,"conspire:Flyswatter":0,"infinitespire:Cupcake":17,"halation:BlackBeret":7,"qcfpunch:Spiky_Bracers":36,"Lantern":26,"aspiration:Lifesprig":0,"hierophant:PropheticMaskRelic":37,"RoseTintedShades":0,"Blue Doll":0,"Rawhide":43,"Replay:Multitool":11,"Bag of Preparation":54,"Cursed Key":17,"qcfpunch:Killian_Engine_Alpha":17,"hubris:EvacipatedBox":4,"Ring of Peace":11,"halation:Toothbrush":8,"aspiration:VileToxins":54,"construct:PurpleEmber":26,"CherryCoatedStake":0,"halation:Yufonium":5,"Thread and Needle":0,"betterThird:NestCultRelic":19,"The Courier":23,"infinitespire:Joker Card":26,"Omamori":29,"infinitespire:CheckeredPen":43,"Frozen Egg 2":1,"halation:TwoAmDonut":10,"Bottled Lightning":9,"halation:AfternoonTea":29,"halation:LostSnail":0,"ReplayTheSpireMod:Ring of Challenge":21,"ReplayTheSpireMod:Lightbulb":25,"Mark of the Bloom":37,"trackpad:IceCube":20,"construct:ClockworkPhoenix":0,"trackpad:ByrdCharm":29,"HornCleat":42,"DollysMirror":52,"Strawberry":0,"conspire:DecoderRing":9,"trackpad:WritersBlock":41,"Toxic Egg 2":1,"vexMod:RetaliationKit":23,"halation:OrihimeAndHikoboshiSamaAndTears":0,"Happy Flower":5,"aspiration:Nostalgia":0,"trackpad:SappingStone":26,"vexMod:ScavengeHelm":0,"Dead Branch":26,"Guardian:ModeShifter":0,"Oddly Smooth Stone":11,"War Paint":0,"paleoftheancients:Timepiece":50,"Replay:Baseball":0,"Bronze Scales":50,"Molten Egg 2":2,"Simple Rune":11,"ReplayTheSpireMod:TigerMarble":0,"hubris:ToyBattleship":54,"paleoftheancients:SoulOfTheSilent":54,"Nloth\u0027s Gift":19,"trackpad:BottledTsunami":10,"CrustySpines":20,"ReplayFunnel":30,"Darkstone Periapt":9,"SnailShell":0,"halation:PapillonHeart":38,"qcfpunch:Not_Strongest_Fighting_Style_Guidebook":0,"Mango":0,"BrokenLever":9,"hubris:SlimyHat":41,"CloakClasp":37,"trackpad:Coffee":17,"Replay:Bandana":24,"Gambling Chip":31,"RollingBoulder":45,"Tiny Chest":0,"qcfpunch:Wrestler\u0027s_Cloak":13,"infinitespire:Chaos":37,"Gremlin Food":13,"hubris:DisguiseKit":2,"BargainBundle":0,"Replay:Towering Pillar of Hats":0,"Quantum Egg":3,"infinitespire:EmptyRelic":37,"aspiration:HummingbirdHeart":0,"Orichalcum":24,"Sandwich":17,"Anchor":49,"infinitespire:WardingShard":0,"vexMod:HeadHunter":0,"Ring of Fury":11,"hubris:NiceRug":54},{"trackpad:Mousetrap":83,"Replay:Accelerometer":127,"aspiration:SneckoTail":268,"Spirit Poop":181,"aspiration:PoetsPen_weak":71,"infinitespire:Cubic Diamond":74,"construct:LongRangeLance":176,"qcfpunch:Red_Beret":190,"trackpad:DisasterInABottle":134,"paleoftheancients:SoulOfTheShapes":177,"Blood Vial":203,"vexMod:InvisibilityCloak":42,"hubris:HerbalPaste":177,"qcfpunch:Lotus_Statue":86,"halation:PromiseList":292,"HandDrill":331,"Replay:Bottled Steam":266,"MerchantsRug":54,"Velvet Choker":146,"Eternal Feather":154,"Pen Nib":197,"Akabeko":329,"infinitespire:EvilPickle":118,"qcfpunch:Broken_Tusk":190,"ReplayTheSpireMod:Ring of Collecting":194,"Snecko Eye":118,"construct:MegaBattery":205,"Slimebound:SlimedTailRelic":177,"vexMod:ImprovementManual":217,"halation:Risk":175,"Regal Pillow":134,"Torii":54,"halation:TrafficLight":230,"Ancient Tea Set":290,"Pet Ghost":162,"Burning Blood":177,"conspire:InfiniteJournal":54,"trackpad:FieryHotPepper":104,"aspiration:AnachronicSnailShell":54,"vexMod:RedPlottingStone":54,"hubris:CuriousFeather":66,"qcfpunch:Cattail":184,"Chemical X":205,"InkBottle":331,"Potion Belt":321,"vexMod:GildedClover":177,"Lee\u0027s Waffle":231,"construct:WeddingRing":82,"NeowsBlessing":29,"Golden Idol":30,"hubris:64BitClover":58,"qcfpunch:Black_Training_Shirt":221,"construct:IceCubes":54,"Circlet":98,"vexMod:BerryBomb":320,"PreservedInsect":209,"aspiration:RandomNobGenerator":63,"hubris:Towel":160,"Replay:Arrowhead":266,"halation:NonexistentMirror":54,"Ornamental Fan":215,"Ring of Misfortune":240,"SpikesRelics:DaevaFist":36,"Durian":220,"hubris:CrackedHourglass":37,"halation:PinkSoulGem":93,"halation:PeacePiece":42,"halation:Trompette":252,"hubris:BottledRain":50,"infinitespire:Midas Blood":242,"Ice Cream":154,"Calipers":164,"conspire:RoyalGoblet":82,"Gremlin Horn":163,"Nilry\u0027s Codex":111,"Raider\u0027s Mask":177,"qcfpunch:Unceasing_Flame":222,"Sozu":168,"trackpad:ToughGloves":177,"Centennial Puzzle":62,"halation:PrussianBluePaint":184,"Prayer Wheel":264,"Iron Hammer":264,"qcfpunch:Handcuffs":147,"halation:KoshaPiece":279,"LugNut":197,"Girya":164,"paleoftheancients:KeyRelic":181,"hubris:Teleporter":177,"hubris:DuctTape":205,"Replay:Grab Bag":82,"hubris:FruitBowl":57,"vexMod:PaidLearning":205,"halation:Thesaurus":154,"hubris:Zylophone":205,"Onion Ring":174,"infinitespire:EmpoweringShard":232,"aspiration:HatOfInfinitePower":90,"Mirror":265,"NlothsMask":75,"Pocketwatch":171,"aspiration:TomeofQuesting":54,"halation:WeightlessCrab":125,"Juzu Bracelet":205,"PrismaticShard":38,"Empty Cage":175,"conspire:TopHat":62,"aspiration:StickyExplosives_weak":53,"Dream Catcher":177,"hubris:Icosahedron":180,"hubris:Stopwatch":167,"MiniBlackHole":154,"qcfpunch:Necklace_of_Skulls":54,"trackpad:Compendium":304,"Red Mask":195,"Replay:Bottled Snecko":130,"halation:LettersToHer":232,"hubris:KleinBottle":57,"qcfpunch:Army_Boots":146,"aspiration:RunicSpoon":109,"Guide Book":205,"halation:IllGainedPizza":51,"infinitespire:FocusingShard":114,"hubris:MedicalManual":182,"Replay:WaspNest":239,"vexMod:FocusSash":35,"Medical Kit":121,"Mercury Hourglass":150,"vexMod:Dragonfruit":256,"Cauldron":130,"infinitespire:DarkRift":205,"vexMod:BarristanHead":36,"halation:EternalFortune":62,"infinitespire:Satchel":68,"Bag of Marbles":58,"Membership Card":54,"hubris:OldNail":177,"FossilizedHelix":213,"Golden Egg":86,"vexMod:MemoryStick":183,"Ginger":47,"Whetstone":105,"vexMod:TanglingVine":254,"Bottled Tornado":230,"Boot":113,"aspiration:RitualStick":144,"trackpad:SneckoScepter":47,"halation:HeavySnake":83,"Replay:Ringing Soul":271,"vexMod:CardConverter":137,"MealTicket":175,"infinitespire:Golems Mask":299,"vexMod:DeviousBotling":175,"Kunai":66,"trackpad:AdjectivePendant":139,"Replay:Wax Seal":205,"construct:MasterCore":205,"halation:YellowSoulGem":289,"construct:RocketBooster":33,"halation:QuantumPhysicsTextbook":130,"GiantMaggot":177,"aspiration:FrozenJewel":241,"qcfpunch:Duffel_Bag":32,"Runic Dome":94,"hubris:BottledHeart":244,"halation:Jellyphish":159,"halation:PenCase":266,"Pandora\u0027s Box":200,"hubris:TenFootPole":54,"trackpad:WindUpAutoDealer":205,"conspire:Flyswatter":73,"infinitespire:Cupcake":243,"halation:BlackBeret":209,"qcfpunch:Spiky_Bracers":176,"Lantern":67,"aspiration:Lifesprig":203,"hierophant:PropheticMaskRelic":177,"RoseTintedShades":54,"Blue Doll":54,"Rawhide":149,"Replay:Multitool":92,"Bag of Preparation":128,"Cursed Key":82,"qcfpunch:Killian_Engine_Alpha":303,"hubris:EvacipatedBox":57,"Ring of Peace":301,"halation:Toothbrush":53,"aspiration:VileToxins":183,"construct:PurpleEmber":40,"CherryCoatedStake":100,"halation:Yufonium":161,"Thread and Needle":130,"betterThird:NestCultRelic":64,"The Courier":196,"infinitespire:Joker Card":214,"Omamori":69,"infinitespire:CheckeredPen":178,"Frozen Egg 2":55,"halation:TwoAmDonut":47,"Bottled Lightning":90,"halation:AfternoonTea":144,"halation:LostSnail":130,"ReplayTheSpireMod:Ring of Challenge":194,"ReplayTheSpireMod:Lightbulb":67,"Mark of the Bloom":147,"trackpad:IceCube":139,"construct:ClockworkPhoenix":0,"trackpad:ByrdCharm":172,"HornCleat":178,"DollysMirror":153,"Strawberry":184,"conspire:DecoderRing":209,"trackpad:WritersBlock":149,"Toxic Egg 2":55,"vexMod:RetaliationKit":247,"halation:OrihimeAndHikoboshiSamaAndTears":232,"Happy Flower":57,"aspiration:Nostalgia":54,"trackpad:SappingStone":197,"vexMod:ScavengeHelm":205,"Dead Branch":248,"Guardian:ModeShifter":54,"Oddly Smooth Stone":165,"War Paint":205,"paleoftheancients:Timepiece":181,"Replay:Baseball":54,"Bronze Scales":181,"Molten Egg 2":43,"Simple Rune":273,"ReplayTheSpireMod:TigerMarble":154,"hubris:ToyBattleship":183,"paleoftheancients:SoulOfTheSilent":228,"Nloth\u0027s Gift":325,"trackpad:BottledTsunami":191,"CrustySpines":139,"ReplayFunnel":172,"Darkstone Periapt":291,"SnailShell":73,"halation:PapillonHeart":218,"qcfpunch:Not_Strongest_Fighting_Style_Guidebook":54,"Mango":130,"BrokenLever":158,"hubris:SlimyHat":121,"CloakClasp":177,"trackpad:Coffee":324,"Replay:Bandana":142,"Gambling Chip":145,"RollingBoulder":124,"Tiny Chest":205,"qcfpunch:Wrestler\u0027s_Cloak":322,"infinitespire:Chaos":177,"Gremlin Food":93,"hubris:DisguiseKit":156,"BargainBundle":54,"Replay:Towering Pillar of Hats":205,"Quantum Egg":188,"infinitespire:EmptyRelic":177,"aspiration:HummingbirdHeart":100,"Orichalcum":213,"Sandwich":82,"Anchor":262,"infinitespire:WardingShard":130,"vexMod:HeadHunter":73,"Ring of Fury":240,"hubris:NiceRug":183},{"trackpad:Mousetrap":304,"Replay:Accelerometer":474,"aspiration:SneckoTail":1014,"Spirit Poop":717,"aspiration:PoetsPen_weak":253,"infinitespire:Cubic Diamond":261,"construct:LongRangeLance":683,"qcfpunch:Red_Beret":756,"trackpad:DisasterInABottle":504,"paleoftheancients:SoulOfTheShapes":687,"Blood Vial":812,"vexMod:InvisibilityCloak":151,"hubris:HerbalPaste":687,"qcfpunch:Lotus_Statue":318,"halation:PromiseList":1124,"HandDrill":1301,"Replay:Bottled Steam":1007,"MerchantsRug":208,"Velvet Choker":545,"Eternal Feather":576,"Pen Nib":789,"Akabeko":1294,"infinitespire:EvilPickle":430,"qcfpunch:Broken_Tusk":756,"ReplayTheSpireMod:Ring of Collecting":771,"Snecko Eye":430,"construct:MegaBattery":832,"Slimebound:SlimedTailRelic":687,"vexMod:ImprovementManual":867,"halation:Risk":679,"Regal Pillow":504,"Torii":208,"halation:TrafficLight":906,"Ancient Tea Set":1115,"Pet Ghost":606,"Burning Blood":687,"conspire:InfiniteJournal":208,"trackpad:FieryHotPepper":363,"aspiration:AnachronicSnailShell":208,"vexMod:RedPlottingStone":208,"hubris:CuriousFeather":238,"qcfpunch:Cattail":736,"Chemical X":832,"InkBottle":1301,"Potion Belt":1258,"vexMod:GildedClover":687,"Lee\u0027s Waffle":912,"construct:WeddingRing":300,"NeowsBlessing":101,"Golden Idol":102,"hubris:64BitClover":218,"qcfpunch:Black_Training_Shirt":879,"construct:IceCubes":208,"Circlet":344,"vexMod:BerryBomb":1254,"PreservedInsect":842,"aspiration:RandomNobGenerator":228,"hubris:Towel":595,"Replay:Arrowhead":1007,"halation:NonexistentMirror":208,"Ornamental Fan":861,"Ring of Misfortune":947,"SpikesRelics:DaevaFist":120,"Durian":876,"hubris:CrackedHourglass":131,"halation:PinkSoulGem":331,"halation:PeacePiece":151,"halation:Trompette":978,"hubris:BottledRain":191,"infinitespire:Midas Blood":955,"Ice Cream":576,"Calipers":617,"conspire:RoyalGoblet":300,"Gremlin Horn":613,"Nilry\u0027s Codex":398,"Raider\u0027s Mask":687,"qcfpunch:Unceasing_Flame":883,"Sozu":643,"trackpad:ToughGloves":687,"Centennial Puzzle":225,"halation:PrussianBluePaint":736,"Prayer Wheel":1002,"Iron Hammer":1002,"qcfpunch:Handcuffs":550,"halation:KoshaPiece":1055,"LugNut":789,"Girya":617,"paleoftheancients:KeyRelic":717,"hubris:Teleporter":687,"hubris:DuctTape":832,"Replay:Grab Bag":300,"hubris:FruitBowl":216,"vexMod:PaidLearning":832,"halation:Thesaurus":576,"hubris:Zylophone":832,"Onion Ring":677,"infinitespire:EmpoweringShard":916,"aspiration:HatOfInfinitePower":326,"Mirror":1005,"NlothsMask":265,"Pocketwatch":662,"aspiration:TomeofQuesting":208,"halation:WeightlessCrab":464,"Juzu Bracelet":832,"PrismaticShard":135,"Empty Cage":679,"conspire:TopHat":225,"aspiration:StickyExplosives_weak":205,"Dream Catcher":687,"hubris:Icosahedron":710,"hubris:Stopwatch":634,"MiniBlackHole":576,"qcfpunch:Necklace_of_Skulls":208,"trackpad:Compendium":1188,"Red Mask":777,"Replay:Bottled Snecko":489,"halation:LettersToHer":916,"hubris:KleinBottle":216,"qcfpunch:Army_Boots":545,"aspiration:RunicSpoon":391,"Guide Book":832,"halation:IllGainedPizza":195,"infinitespire:FocusingShard":407,"hubris:MedicalManual":722,"Replay:WaspNest":944,"vexMod:FocusSash":115,"Medical Kit":444,"Mercury Hourglass":562,"vexMod:Dragonfruit":987,"Cauldron":489,"infinitespire:DarkRift":832,"vexMod:BarristanHead":120,"halation:EternalFortune":225,"infinitespire:Satchel":246,"Bag of Marbles":218,"Membership Card":208,"hubris:OldNail":687,"FossilizedHelix":853,"Golden Egg":318,"vexMod:MemoryStick":727,"Ginger":179,"Whetstone":367,"vexMod:TanglingVine":983,"Bottled Tornado":906,"Boot":403,"aspiration:RitualStick":533,"trackpad:SneckoScepter":179,"halation:HeavySnake":304,"Replay:Ringing Soul":1024,"vexMod:CardConverter":510,"MealTicket":679,"infinitespire:Golems Mask":1161,"vexMod:DeviousBotling":679,"Kunai":238,"trackpad:AdjectivePendant":519,"Replay:Wax Seal":832,"construct:MasterCore":832,"halation:YellowSoulGem":1106,"construct:RocketBooster":108,"halation:QuantumPhysicsTextbook":489,"GiantMaggot":687,"aspiration:FrozenJewel":953,"qcfpunch:Duffel_Bag":104,"Runic Dome":335,"hubris:BottledHeart":960,"halation:Jellyphish":591,"halation:PenCase":1007,"Pandora\u0027s Box":799,"hubris:TenFootPole":208,"trackpad:WindUpAutoDealer":832,"conspire:Flyswatter":257,"infinitespire:Cupcake":958,"halation:BlackBeret":842,"qcfpunch:Spiky_Bracers":683,"Lantern":242,"aspiration:Lifesprig":812,"hierophant:PropheticMaskRelic":687,"RoseTintedShades":208,"Blue Doll":208,"Rawhide":555,"Replay:Multitool":329,"Bag of Preparation":478,"Cursed Key":300,"qcfpunch:Killian_Engine_Alpha":1180,"hubris:EvacipatedBox":216,"Ring of Peace":1167,"halation:Toothbrush":205,"aspiration:VileToxins":727,"construct:PurpleEmber":143,"CherryCoatedStake":350,"halation:Yufonium":601,"Thread and Needle":489,"betterThird:NestCultRelic":230,"The Courier":787,"infinitespire:Joker Card":857,"Omamori":248,"infinitespire:CheckeredPen":695,"Frozen Egg 2":211,"halation:TwoAmDonut":179,"Bottled Lightning":326,"halation:AfternoonTea":533,"halation:LostSnail":489,"ReplayTheSpireMod:Ring of Challenge":771,"ReplayTheSpireMod:Lightbulb":242,"Mark of the Bloom":550,"trackpad:IceCube":519,"construct:ClockworkPhoenix":0,"trackpad:ByrdCharm":667,"HornCleat":695,"DollysMirror":573,"Strawberry":736,"conspire:DecoderRing":842,"trackpad:WritersBlock":555,"Toxic Egg 2":211,"vexMod:RetaliationKit":968,"halation:OrihimeAndHikoboshiSamaAndTears":916,"Happy Flower":216,"aspiration:Nostalgia":208,"trackpad:SappingStone":789,"vexMod:ScavengeHelm":832,"Dead Branch":970,"Guardian:ModeShifter":208,"Oddly Smooth Stone":624,"War Paint":832,"paleoftheancients:Timepiece":717,"Replay:Baseball":208,"Bronze Scales":717,"Molten Egg 2":158,"Simple Rune":1030,"ReplayTheSpireMod:TigerMarble":576,"hubris:ToyBattleship":727,"paleoftheancients:SoulOfTheSilent":902,"Nloth\u0027s Gift":1276,"trackpad:BottledTsunami":764,"CrustySpines":519,"ReplayFunnel":667,"Darkstone Periapt":1120,"SnailShell":257,"halation:PapillonHeart":870,"qcfpunch:Not_Strongest_Fighting_Style_Guidebook":208,"Mango":489,"BrokenLever":588,"hubris:SlimyHat":444,"CloakClasp":687,"trackpad:Coffee":1273,"Replay:Bandana":527,"Gambling Chip":539,"RollingBoulder":457,"Tiny Chest":832,"qcfpunch:Wrestler\u0027s_Cloak":1263,"infinitespire:Chaos":687,"Gremlin Food":331,"hubris:DisguiseKit":581,"BargainBundle":208,"Replay:Towering Pillar of Hats":832,"Quantum Egg":748,"infinitespire:EmptyRelic":687,"aspiration:HummingbirdHeart":350,"Orichalcum":853,"Sandwich":300,"Anchor":999,"infinitespire:WardingShard":489,"vexMod:HeadHunter":257,"Ring of Fury":947,"hubris:NiceRug":727}],"InkBottle":[2]},"card_choices":[{"not_picked":["construct:ClusterMines","ReplayTheSpireMod:Mirror System"],"picked":"construct:Rollout","floor":1},{"not_picked":["construct:Analyze","ReplayTheSpireMod:Mirror System"],"picked":"construct:VentSteam","floor":4},{"not_picked":["construct:SuppressiveFire","construct:Reinforce","construct:ModeShift"],"picked":"SKIP","floor":5},{"not_picked":["construct:Autoturret","construct:VentSteam","construct:SweepLaser"],"picked":"SKIP","floor":6},{"not_picked":["construct:BatteryAcid","construct:Rollout","construct:FlammableFog"],"picked":"SKIP","floor":11},{"not_picked":["construct:Analyze","construct:Accumulate","construct:ModeShift"],"picked":"SKIP","floor":13},{"not_picked":["construct:Backfire","construct:Failsafe","construct:SweepLaser"],"picked":"SKIP","floor":14},{"not_picked":["construct:ShiftingStance","construct:Multistage"],"picked":"construct:LongRangeLance","floor":16},{"not_picked":["construct:CripplingShot","construct:FlammableFog"],"picked":"ReplayTheSpireMod:Mirror System+1","floor":18},{"not_picked":["construct:Anticipate+1","construct:Impenetrable"],"picked":"construct:FlammableFog","floor":20},{"not_picked":["construct:Zapper","construct:PhosphorStorm"],"picked":"construct:Failsafe","floor":21},{"not_picked":["construct:Zapper","construct:CreateCores"],"picked":"construct:LaserCore","floor":23},{"not_picked":["construct:PhosphorStorm","construct:FierceBash"],"picked":"construct:ForceCore","floor":25},{"not_picked":["construct:CripplingShot","construct:FocusedBeam"],"picked":"construct:Stasis","floor":27},{"not_picked":["construct:FlammableFog","construct:ModeShift","construct:SaveState"],"picked":"SKIP","floor":28}],"player_experience":843660,"relics_obtained":[{"floor":6,"key":"vexMod:BerryBomb"},{"floor":9,"key":"Pen Nib"},{"floor":11,"key":"Potion Belt"},{"floor":13,"key":"qcfpunch:Wrestler\u0027s_Cloak"},{"floor":23,"key":"Tiny Chest"},{"floor":25,"key":"Akabeko"},{"floor":26,"key":"Centennial Puzzle"},{"floor":27,"key":"halation:LettersToHer"},{"floor":31,"key":"halation:LettersToHer"},{"floor":31,"key":"InkBottle"}],"event_choices":[{"damage_healed":0,"gold_gain":75,"player_choice":"Gold","damage_taken":11,"max_hp_gain":0,"max_hp_loss":0,"event_name":"betterThird:BetterGoop","floor":3,"gold_loss":0},{"damage_healed":0,"gold_gain":0,"player_choice":"Traded Relic","damage_taken":0,"relics_obtained":["Nloth\u0027s Gift"],"max_hp_gain":0,"max_hp_loss":0,"event_name":"N\u0027loth","floor":19,"relics_lost":["DollysMirror"],"gold_loss":0},{"damage_healed":0,"gold_gain":0,"player_choice":"Got Potions","damage_taken":0,"max_hp_gain":0,"max_hp_loss":0,"event_name":"Lab","floor":24,"gold_loss":0}],"is_beta":false,"boss_relics":[{"not_picked":["vexMod:BigBerry","Pandora\u0027s Box"],"picked":"trackpad:Coffee"}],"items_purged_floors":[0,0,0,0,0,0,0,0,22],"is_endless":false,"potions_floor_spawned":[1,5,11,20,21,27,28],"killed_by":"Collector","ascension_level":20}}