{"host":"jgqxb38yl0c1w101","time":1609268814,"event":{"mods":["BaseMod","Colored Map","Downfall","Minty Spire (QoL Compilation)","StSLib"],"gold_per_floor":[99,115,126,137,122,122,122,155,169,196,214,225,25,42,61,157,157,57,74,18,18,18],"floor_reached":21,"playtime":1578,"items_purged":[],"score":183,"play_id":"53c7bdd9-98d9-46d1-959c-174fab9f52dc","local_time":"20201229140654","is_ascension_mode":false,"campfire_choices":[{"floor":1,"key":"RECALL"},{"floor":13,"key":"REST"},{"data":"bronze:Verify","floor":18,"key":"SMITH"}],"circlet_count":0,"master_deck":["bronze:Strike","bronze:Strike","bronze:Strike","bronze:Strike","bronze:Defend","bronze:Defend","bronze:Defend","bronze:Replicate","bronze:Goto","bronze:WhirlingStrike","bronze:OilSpill","bronze:Constructor","bronze:CutThrough","bronze:Repulsor","bronze:BitShift","bronze:ClassDefault","bronze:OilSpill","bronze:BronzeOrb","bronze:Turbo","bronze:OilSpill","bronze:Verify+1","bronze:ChildClass","bronze:CloningBeam","bronze:Separator"],"relics":["SlaversCollar","Lantern","Toy Ornithopter","downfall:HeartBlessingRed","downfall:HeartBlessingBlue","bronze:ElectromagneticCoil","downfall:HeartBlessingGreen"],"acts_visited":["Exordium","TheCity"],"potions_floor_usage":[5,11,20],"damage_taken":[{"damage":3,"enemies":"Jaw Worm","floor":2,"turns":5},{"damage":5,"enemies":"Cultist","floor":3,"turns":4},{"damage":0,"enemies":"2 Louse","floor":4,"turns":3},{"damage":5,"enemies":"downfall:FleeingMerchant","floor":5,"turns":4},{"damage":21,"enemies":"3 Sentries","floor":8,"turns":8},{"damage":2,"enemies":"3 Louse","floor":9,"turns":3},{"damage":4,"enemies":"2 Fungi Beasts","floor":11,"turns":4},{"damage":11,"enemies":"Red Slaver","floor":12,"turns":4},{"damage":8,"enemies":"Blue Slaver","floor":14,"turns":3},{"damage":0,"enemies":"2 Fungi Beasts","floor":15,"turns":2},{"damage":14,"enemies":"downfall:Silent","floor":16,"turns":6},{"damage":31,"enemies":"Chosen","floor":19,"turns":5},{"damage":3,"enemies":"downfall:FleeingMerchant","floor":20,"turns":4},{"damage":58,"enemies":"3 Cultists","floor":21,"turns":5}],"seed_played":"-6231186693747370348","potions_obtained":[{"floor":2,"key":"Weak Potion"},{"floor":4,"key":"hexamod:EctoCoolerPotion"},{"floor":9,"key":"hexamod:EctoCoolerPotion"},{"floor":11,"key":"bronze:FreeFunctionsPotion"},{"floor":14,"key":"ColorlessPotion"}],"is_trial":false,"path_per_floor":["R","M","M","M","$","?","T","E","M","T","M","M","R","M","M","B",null,"R","M","$","M"],"character_chosen":"THE_AUTOMATON","items_purchased":["bronze:Separator"],"campfire_rested":1,"item_purchase_floors":[20],"current_hp_per_floor":[70,67,62,62,57,57,57,36,34,34,35,24,58,50,50,36,80,80,49,51,0,0],"gold":18,"neow_bonus":"BOSS_RELIC","is_daily":false,"chose_seed":false,"campfire_upgraded":1,"win_rate":0.0,"timestamp":1609268814,"path_taken":["R","M","M","M","$","?","T","E","M","?","M","M","R","M","M","BOSS","R","M","$","M"],"items_purchased_type":["Card"],"build_version":"2020-12-22","purchased_purges":0,"victory":false,"max_hp_per_floor":[70,70,70,70,70,70,70,70,70,70,70,70,80,80,80,80,80,80,80,80,80,80],"card_choices":[{"not_picked":["bronze:Repair","bronze:WildBeam"],"picked":"bronze:WhirlingStrike","floor":2},{"not_picked":["bronze:WildBeam","bronze:DelayedGuard"],"picked":"bronze:OilSpill","floor":3},{"not_picked":["bronze:BugBarrage","bronze:BronzeArmor"],"picked":"bronze:Constructor","floor":4},{"not_picked":["bronze:Flail","bronze:WildBeam"],"picked":"bronze:CutThrough","floor":5},{"not_picked":["bronze:BuggyMess","bronze:Repulsor"],"picked":"bronze:BitShift","floor":8},{"not_picked":["bronze:Deprecate","bronze:WildBeam"],"picked":"bronze:ClassDefault","floor":9},{"not_picked":["bronze:BitShift","bronze:TinkerersToolbox"],"picked":"bronze:OilSpill","floor":11},{"not_picked":["bronze:ItsAFeature","bronze:Terminator"],"picked":"bronze:BronzeOrb","floor":12},{"not_picked":["bronze:DarkDash","bronze:Branch"],"picked":"bronze:Turbo","floor":14},{"not_picked":["bronze:FineTuning","bronze:BronzeArmor"],"picked":"bronze:OilSpill","floor":15},{"not_picked":["bronze:CopyPaste","bronze:CleanCode"],"picked":"bronze:Verify","floor":16},{"not_picked":["bronze:Iterate","bronze:Backtrace"],"picked":"bronze:ChildClass","floor":19},{"not_picked":["bronze:Backtrace","bronze:CutThrough"],"picked":"bronze:CloningBeam","floor":20}],"player_experience":111361,"relics_obtained":[{"floor":8,"key":"Lantern"},{"floor":10,"key":"Toy Ornithopter"}],"event_choices":[{"damage_healed":0,"gold_gain":0,"cards_transformed":["bronze:Defend"],"player_choice":"Change","damage_taken":0,"max_hp_gain":0,"max_hp_loss":0,"event_name":"Living Wall","floor":6,"gold_loss":0,"cards_obtained":["bronze:Repulsor"]}],"is_beta":false,"boss_relics":[{"not_picked":["Fusion Hammer","Runic Pyramid"],"picked":"bronze:ElectromagneticCoil"}],"items_purged_floors":[],"is_endless":false,"potions_floor_spawned":[2,4,9,11,14],"killed_by":"3 Cultists","ascension_level":0}}