{"host":"wonp23fsqqcu31ie","time":1609249147,"event":{"mods":["2.2 Compatiblity","AchievementEnabler","Aspiration","BaseMod","Bestiary","Better Altar","Better Match","Better Sensory Stone","Better Skull","Better Third Choice","BetterRewards","Block Reminder","Colored Map","Colored Powertips","Conspire","DeckTracker","Displayed Cursed Tome","Downfall","Hermit","Highlight Path","Hubris","Minty Spire (QoL Compilation)","Permanent Neow","Quick Restart","Rare Cards Sparkle","Relic Stats","Replay The Spire","Shade Mod","Shop Mod","StSLib","SuperFastMode","The Animator","The Cursed","The Dragon Tamer","The Gatherer","The Necromancer","The Runesmith","The Servant 0.9.4"],"gold_per_floor":[112,129,147,0,0,0,0,0,51,78,98,127,127,142,142,238,238,248,282,282,300,18,46,61,61,61,61,61,21,41,41,41,144,144,163,163,180,36,47,81,9,9,9,9,9,32,32,43,43,43,43],"floor_reached":50,"playtime":1449,"items_purged":["Voices"],"score":908,"play_id":"95bd5d66-ad90-41ca-b0bc-f4e027772ebb","local_time":"20201230003907","is_ascension_mode":true,"campfire_choices":[{"floor":6,"key":"RECALL"},{"data":"expansioncontent:Hexaburn","floor":8,"key":"SMITH"},{"floor":15,"key":"REST"},{"data":"1","floor":25,"key":"LIFT"},{"data":"2","floor":32,"key":"LIFT"},{"data":"3","floor":42,"key":"LIFT"},{"data":"hubris:DuctTapeCard","floor":45,"key":"SMITH"},{"data":"Apotheosis","floor":47,"key":"SMITH"},{"data":"expansioncontent:DashGenerateEvil","floor":49,"key":"SMITH"}],"circlet_count":0,"master_deck":["Strike_B+1","Strike_B+1","Strike_B","Defend_B","Defend_B","Defend_B","Zap","Dualcast","Coolheaded","Doom and Gloom","ReplayGash+1","Aggregate","Barrage","expansioncontent:Hexaburn+1","Steam","ReplayTheSpireMod:Calculation Training","Ball Lightning","Machine Learning","White Noise","Conserve Battery","expansioncontent:DashGenerateEvil+1","expansioncontent:YouAreMine","Apotheosis+1","Gash","After Image","Phantasmal Killer","Glass Knife","hubris:PowerSurge","Time Bomb","Ghostly","Ghostly","Ghostly","Ghostly","Ghostly","Thunder Strike","Doom and Gloom+1","Capacitor+1","Cold Snap+1","hubris:DuctTapeCard+2","Stack+1","Beam Cell+1","Streamline+1"],"relics":["Cracked Core","aspiration:AnachronicSnailShell","Replay:PocketPolymizer","hubris:Towel","ReplayTheSpireMod:TigerMarble","Mercury Hourglass","Girya","hubris:Stopwatch","Runesmith:AutoHammer","hubris:BottledHeart","aspiration:EnhancedActuators","hubris:BallOfYels","Iron Hammer","hubris:Icosahedron","hubris:VirtuousBlindfold","Ring of Hypnosis","ReplayTheSpireMod:Ring of Challenge","Membership Card","hubris:DuctTape","MerchantsRug"],"acts_visited":["Exordium","TheCity","TheBeyond"],"potions_floor_usage":[10,12,12,50,50,50,50,50,50],"damage_taken":[{"damage":0,"enemies":"Cultist","floor":1,"turns":3},{"damage":10,"enemies":"Jaw Worm","floor":2,"turns":3},{"damage":2,"enemies":"2 Louse","floor":3,"turns":3},{"damage":10,"enemies":"3 Sentries","floor":10,"turns":3},{"damage":1,"enemies":"Exordium Thugs","floor":11,"turns":2},{"damage":16,"enemies":"Lagavulin","floor":12,"turns":4},{"damage":2,"enemies":"Looter","floor":14,"turns":3},{"damage":10,"enemies":"Hexaghost","floor":16,"turns":7},{"damage":14,"enemies":"conspire:FuzzyDice","floor":18,"turns":5},{"damage":22,"enemies":"conspire:MimicChest","floor":19,"turns":6},{"damage":0,"enemies":"Shell Parasite","floor":21,"turns":3},{"damage":0,"enemies":"Replay:Snechameleon","floor":23,"turns":4},{"damage":0,"enemies":"Centurion and Healer","floor":24,"turns":4},{"damage":0,"enemies":"Snecko","floor":30,"turns":4},{"damage":0,"enemies":"Champ","floor":33,"turns":9},{"damage":0,"enemies":"3 Shapes","floor":35,"turns":3},{"damage":0,"enemies":"Orb Walker","floor":37,"turns":4},{"damage":0,"enemies":"Maw","floor":39,"turns":5},{"damage":0,"enemies":"Giant Head","floor":40,"turns":5},{"damage":0,"enemies":"Jaw Worm Horde","floor":48,"turns":2},{"damage":49,"enemies":"conspire:OrnateMirror","floor":50,"turns":1}],"seed_played":"4365198632833208698","potions_obtained":[{"floor":2,"key":"Weak Potion"},{"floor":10,"key":"GamblersBrew"},{"floor":11,"key":"Energy Potion"},{"floor":21,"key":"FearPotion"},{"floor":23,"key":"Swift Potion"},{"floor":33,"key":"SkillPotion"},{"floor":46,"key":"EntropicBrew"},{"floor":46,"key":"EntropicBrew"}],"is_trial":false,"path_per_floor":["M","M","M","$","?","R","$","R","T","E","M","E","?","M","R","B",null,"M","?","?","M","$","E","M","R","T","?","?","$","M","?","R","B",null,"M","?","M","$","M","E","$","R","T","?","R","?","R","M","R","B"],"character_chosen":"DEFECT","items_purchased":["aspiration:AnachronicSnailShell","Whetstone","Coolheaded","Doom and Gloom","Barrage","expansioncontent:Hexaburn","aspiration:EnhancedActuators","ReplayTheSpireMod:ShopPack","hubris:PowerSurge","Membership Card","MerchantsRug","Ancient Potion"],"campfire_rested":1,"item_purchase_floors":[0,0,0,0,4,4,22,22,29,38,41,41],"current_hp_per_floor":[45,35,33,33,33,33,33,33,33,23,22,6,6,4,26,16,75,61,39,1,1,1,1,1,1,1,1,1,1,1,1,1,1,1,1,1,1,1,1,1,1,1,1,1,1,1,1,1,1,0,0],"gold":43,"neow_bonus":"","is_daily":false,"chose_seed":false,"campfire_upgraded":4,"win_rate":0.0,"timestamp":1609249147,"path_taken":["M","?","M","$","?","R","$","R","T","E","M","E","?","?","R","BOSS","M","?","?","M","$","E","?","R","T","?","?","?","M","?","R","BOSS","M","?","M","$","M","E","$","R","T","?","R","?","R","M","R","BOSS"],"items_purchased_type":["Relic","Relic","Card","Card","Card","Card","Relic","Relic","Card","Relic","Relic","Potion"],"build_version":"2020-12-22","purchased_purges":1,"victory":false,"max_hp_per_floor":[75,75,75,75,75,75,75,75,75,75,75,75,75,75,75,75,75,75,75,1,1,1,1,1,1,1,1,1,1,1,1,1,1,1,1,1,1,1,1,1,1,1,1,1,1,1,1,1,1,1,1],"relic_stats":{"counters":[45,214],"obtain_stats":[{"hubris:BallOfYels":23,"Lantern":37,"Replay:PocketPolymizer":0,"hubris:VirtuousBlindfold":34,"Whetstone":10,"hubris:EmptyBottle":38,"Ancient Tea Set":44,"FrozenCore":17,"Nunchaku":12,"hubris:Icosahedron":27,"aspiration:EnhancedActuators":22,"Pantograph":21,"Strawberry":26,"aspiration:AnachronicSnailShell":0,"hubris:Stopwatch":17,"Tiny Chest":9,"Prayer Wheel":11,"aspiration:ArtOfWarUpgrade":32,"MealTicket":48,"Iron Hammer":26,"Kunai":39,"Cracked Core":0,"MerchantsRug":21,"Girya":12,"Ring of Hypnosis":36,"hubris:DuctTape":40,"ReplayTheSpireMod:Ring of Addiction":38,"Oddly Smooth Stone":23,"Circlet":38,"Pen Nib":36,"Ring of Chaos":38,"Letter Opener":21,"hubris:Towel":45,"MawBank":27,"Akabeko":7,"Mercury Hourglass":10,"SlaversCollar":34,"Anchor":29,"Bottled Flame":54,"hubris:BottledHeart":20,"Bronze Scales":53,"Art of War":14,"ReplayTheSpireMod:TigerMarble":9,"Runesmith:AutoHammer":19,"Membership Card":38,"ReplayTheSpireMod:Ring of Challenge":36,"ReplayTheSpireMod:ShopPack":22},{"hubris:BallOfYels":36,"Lantern":17,"Replay:PocketPolymizer":24,"hubris:VirtuousBlindfold":39,"Whetstone":5,"hubris:EmptyBottle":17,"Ancient Tea Set":19,"FrozenCore":9,"Nunchaku":7,"hubris:Icosahedron":37,"aspiration:EnhancedActuators":35,"Pantograph":11,"Strawberry":13,"aspiration:AnachronicSnailShell":24,"hubris:Stopwatch":32,"Tiny Chest":4,"Prayer Wheel":6,"aspiration:ArtOfWarUpgrade":15,"MealTicket":21,"Iron Hammer":37,"Kunai":17,"Cracked Core":0,"MerchantsRug":11,"Girya":30,"Ring of Hypnosis":40,"hubris:DuctTape":43,"ReplayTheSpireMod:Ring of Addiction":17,"Oddly Smooth Stone":12,"Circlet":17,"Pen Nib":17,"Ring of Chaos":17,"Letter Opener":11,"hubris:Towel":19,"MawBank":14,"Akabeko":4,"Mercury Hourglass":28,"SlaversCollar":16,"Anchor":14,"Bottled Flame":23,"hubris:BottledHeart":34,"Bronze Scales":22,"Art of War":8,"ReplayTheSpireMod:TigerMarble":27,"Runesmith:AutoHammer":34,"Membership Card":41,"ReplayTheSpireMod:Ring of Challenge":40,"ReplayTheSpireMod:ShopPack":35},{"hubris:BallOfYels":177,"Lantern":87,"Replay:PocketPolymizer":132,"hubris:VirtuousBlindfold":194,"Whetstone":18,"hubris:EmptyBottle":87,"Ancient Tea Set":101,"FrozenCore":38,"Nunchaku":26,"hubris:Icosahedron":181,"aspiration:EnhancedActuators":173,"Pantograph":49,"Strawberry":61,"aspiration:AnachronicSnailShell":132,"hubris:Stopwatch":160,"Tiny Chest":13,"Prayer Wheel":20,"aspiration:ArtOfWarUpgrade":74,"MealTicket":114,"Iron Hammer":181,"Kunai":87,"Cracked Core":0,"MerchantsRug":49,"Girya":150,"Ring of Hypnosis":197,"hubris:DuctTape":211,"ReplayTheSpireMod:Ring of Addiction":87,"Oddly Smooth Stone":56,"Circlet":87,"Pen Nib":87,"Ring of Chaos":87,"Letter Opener":49,"hubris:Towel":101,"MawBank":67,"Akabeko":13,"Mercury Hourglass":144,"SlaversCollar":85,"Anchor":67,"Bottled Flame":129,"hubris:BottledHeart":170,"Bronze Scales":123,"Art of War":28,"ReplayTheSpireMod:TigerMarble":141,"Runesmith:AutoHammer":170,"Membership Card":201,"ReplayTheSpireMod:Ring of Challenge":197,"ReplayTheSpireMod:ShopPack":173}],"Mercury Hourglass":[201]},"card_choices":[{"not_picked":["Rebound","Go for the Eyes"],"picked":"Static Discharge","floor":1},{"not_picked":["Beam Cell","BasicCrystalCard"],"picked":"ReplayGash","floor":2},{"not_picked":["Leap","Barrage"],"picked":"Aggregate","floor":3},{"not_picked":["Leap","Defragment"],"picked":"ReplayTheSpireMod:Calculation Training","floor":10},{"not_picked":["BasicCrystalCard","Leap"],"picked":"Ball Lightning","floor":11},{"not_picked":["Hologram","ReplayTheSpireMod:System Scan"],"picked":"Sweeping Beam","floor":12},{"not_picked":["Hologram","BasicCrystalCard"],"picked":"Stack","floor":14},{"not_picked":["ReplayTheSpireMod:Fabricate Wheel","Multi-Cast"],"picked":"Machine Learning","floor":16},{"not_picked":["Undo+1","Coolheaded"],"picked":"Redo","floor":18},{"not_picked":["Recycle","Rebound"],"picked":"White Noise","floor":19},{"not_picked":["Compile Driver","Redo"],"picked":"Conserve Battery","floor":21},{"not_picked":["expansioncontent:QuickStudy","Poisoned Strike"],"picked":"expansioncontent:DashGenerateEvil","floor":22},{"not_picked":["expansioncontent:Chronoboost","expansioncontent:GoopSpray"],"picked":"expansioncontent:YouAreMine","floor":22},{"not_picked":["Finesse","Replay:Parry"],"picked":"Apotheosis","floor":22},{"not_picked":["Fusion","Auto Shields"],"picked":"Redo+1","floor":23},{"not_picked":["Sweeping Beam","Stack"],"picked":"Gash","floor":24},{"not_picked":["ReplayTheSpireMod:Dual Polarity","Sweeping Beam"],"picked":"Time Bomb","floor":30},{"not_picked":["Mirror Shield","Meteor Strike"],"picked":"Thunder Strike","floor":33},{"not_picked":["Coolheaded+1","Hologram"],"picked":"Doom and Gloom+1","floor":35},{"not_picked":["FTL+1","Panic Button+1"],"picked":"Capacitor+1","floor":37},{"not_picked":["Coolheaded+1","Ball Lightning"],"picked":"Cold Snap+1","floor":39},{"not_picked":["ReplaySort","Storm"],"picked":"Stack+1","floor":40},{"not_picked":["Steam+1","FTL+1"],"picked":"Beam Cell+1","floor":46},{"not_picked":["BasicCrystalCard","Hello World+1"],"picked":"Streamline+1","floor":48}],"player_experience":412730,"relics_obtained":[{"floor":9,"key":"ReplayTheSpireMod:TigerMarble"},{"floor":10,"key":"Mercury Hourglass"},{"floor":12,"key":"Girya"},{"floor":19,"key":"Runesmith:AutoHammer"},{"floor":23,"key":"hubris:BallOfYels"},{"floor":26,"key":"Iron Hammer"},{"floor":36,"key":"Ring of Hypnosis"},{"floor":36,"key":"ReplayTheSpireMod:Ring of Challenge"},{"floor":40,"key":"hubris:DuctTape"}],"event_choices":[{"cards_removed":["Steam Power"],"damage_healed":0,"gold_gain":0,"player_choice":"Purged","damage_taken":0,"max_hp_gain":0,"max_hp_loss":0,"event_name":"Purifier","floor":13,"gold_loss":0},{"damage_healed":0,"gold_gain":0,"player_choice":"Became a Ghost","damage_taken":0,"max_hp_gain":0,"max_hp_loss":0,"event_name":"Ghosts","floor":31,"gold_loss":0,"cards_obtained":["Ghostly","Ghostly","Ghostly","Ghostly","Ghostly"]}],"is_beta":false,"boss_relics":[{"not_picked":["Cursed Key","Ectoplasm"],"picked":"hubris:Stopwatch"},{"not_picked":["Empty Cage","aspiration:WatcherSkillbook"],"picked":"hubris:VirtuousBlindfold"}],"items_purged_floors":[41],"is_endless":false,"potions_floor_spawned":[2,10,11,21,23,33,35,40],"killed_by":"conspire:OrnateMirror","ascension_level":3}}