{"host":"q1yq0ibtlljsjzm9","time":1609222593,"event":{"mods":["BaseMod","DeckTracker","Hermit","Minty Spire (QoL Compilation)","StSLib"],"gold_per_floor":[111,111,111,111,122,136,150,169,194,206,223,223,72,85,85,184,184,196,216,97,97,22,76,76,88,88,88,105,105,105,118,118,216,216,229,243,0,0,15,15,28,28,52,52,67,82,82,95,95,95,95],"floor_reached":50,"playtime":3306,"items_purged":["Pain"],"score":465,"play_id":"140fbd8f-a10c-4471-8450-6b9a8b34897a","local_time":"20201228221633","is_ascension_mode":false,"campfire_choices":[{"floor":15,"key":"REST"},{"floor":24,"key":"REST"},{"floor":27,"key":"REST"},{"floor":30,"key":"REST"},{"floor":32,"key":"REST"},{"floor":40,"key":"REST"},{"floor":42,"key":"REST"},{"floor":49,"key":"REST"}],"circlet_count":0,"master_deck":["Strike_B","Strike_B","Defend_B","Defend_B","Defend_B","Defend_B","Zap+1","Dualcast","Cold Snap","Beam Cell+1","Redo+1","Genetic Algorithm","Stack","Go for the Eyes","Defragment","Capacitor","Loop","Chaos","Amplify","Ball Lightning","Conserve Battery","Static Discharge","Beam Cell","Fusion","Ball Lightning","Melter","All For One","Buffer","Doom and Gloom","Beam Cell","Reboot","Melter+1","Madness","Madness","Parasite","Melter","Hello World+1"],"relics":["Cracked Core","Blood Vial","WarpedTongs","Strawberry","Inserter","Happy Flower","Eternal Feather","Nilry\u0027s Codex","Fusion Hammer","Red Mask","Dream Catcher"],"acts_visited":["Exordium","TheCity","TheBeyond"],"potions_floor_usage":[14,16,16,25,33,36,41,50,50,50],"damage_taken":[{"damage":11,"enemies":"Jaw Worm","floor":1,"turns":4},{"damage":3,"enemies":"2 Louse","floor":5,"turns":3},{"damage":3,"enemies":"Small Slimes","floor":6,"turns":2},{"damage":26,"enemies":"Gremlin Gang","floor":7,"turns":6},{"damage":3,"enemies":"Looter","floor":8,"turns":3},{"damage":5,"enemies":"Blue Slaver","floor":10,"turns":4},{"damage":7,"enemies":"2 Fungi Beasts","floor":11,"turns":2},{"damage":3,"enemies":"Looter","floor":14,"turns":3},{"damage":26,"enemies":"Hexaghost","floor":16,"turns":11},{"damage":11,"enemies":"Shell Parasite","floor":18,"turns":7},{"damage":6,"enemies":"Spheric Guardian","floor":19,"turns":4},{"damage":30,"enemies":"Cultist and Chosen","floor":25,"turns":7},{"damage":26,"enemies":"Centurion and Healer","floor":28,"turns":9},{"damage":28,"enemies":"Snake Plant","floor":31,"turns":3},{"damage":66,"enemies":"Collector","floor":33,"turns":9},{"damage":10,"enemies":"Orb Walker","floor":35,"turns":3},{"damage":9,"enemies":"3 Shapes","floor":36,"turns":4},{"damage":10,"enemies":"Sphere and 2 Shapes","floor":39,"turns":4},{"damage":17,"enemies":"3 Darklings","floor":41,"turns":5},{"damage":36,"enemies":"Writhing Mass","floor":45,"turns":5},{"damage":43,"enemies":"Jaw Worm Horde","floor":46,"turns":5},{"damage":10,"enemies":"4 Shapes","floor":48,"turns":8},{"damage":88,"enemies":"Donu and Deca","floor":50,"turns":6}],"seed_played":"7070220300858231183","potions_obtained":[{"floor":5,"key":"ColorlessPotion"},{"floor":7,"key":"Block Potion"},{"floor":8,"key":"SkillPotion"},{"floor":16,"key":"FairyPotion"},{"floor":19,"key":"Explosive Potion"},{"floor":25,"key":"SkillPotion"},{"floor":31,"key":"Dexterity Potion"},{"floor":33,"key":"LiquidBronze"},{"floor":39,"key":"Swift Potion"},{"floor":45,"key":"Dexterity Potion"},{"floor":46,"key":"Strength Potion"}],"is_trial":false,"path_per_floor":["M","?","?","?","M","M","M","M","T","M","M","?","$","M","R","B",null,"M","M","$","?","?","T","R","M","T","R","M","?","R","M","R","B",null,"M","M","?","?","M","R","M","R","T","?","M","M","?","M","R","B"],"character_chosen":"DEFECT","items_purchased":["Loop","Static Discharge","Beam Cell"],"campfire_rested":8,"item_purchase_floors":[13,20,20],"current_hp_per_floor":[64,64,61,61,60,59,35,34,41,38,33,17,17,16,40,16,82,71,67,67,67,67,67,82,52,52,82,56,40,79,53,82,16,82,72,65,65,65,57,82,65,82,82,72,38,24,72,62,72,0,0],"gold":95,"neow_bonus":"THREE_CARDS","is_daily":false,"chose_seed":false,"campfire_upgraded":0,"win_rate":0.0,"timestamp":1609222593,"path_taken":["M","?","?","?","M","M","M","?","T","M","M","?","$","M","R","BOSS","M","M","$","?","?","?","R","M","T","R","M","?","R","M","R","BOSS","M","M","?","?","M","R","?","R","T","?","M","M","?","M","R","BOSS"],"items_purchased_type":["Card","Card","Card"],"build_version":"2020-12-22","purchased_purges":1,"victory":false,"max_hp_per_floor":[75,75,75,75,75,75,75,75,82,82,82,82,82,82,82,82,82,82,82,82,82,82,82,82,82,82,82,82,82,82,82,82,82,82,82,82,82,82,82,82,82,82,82,82,82,82,72,72,72,72,72],"card_choices":[{"not_picked":["Streamline","Redo"],"picked":"Cold Snap","floor":0},{"not_picked":["Go for the Eyes","Coolheaded"],"picked":"Beam Cell","floor":1},{"not_picked":["BootSequence","Go for the Eyes"],"picked":"Redo","floor":5},{"not_picked":["Hologram","Hello World"],"picked":"Genetic Algorithm","floor":6},{"not_picked":["Hologram","Streamline"],"picked":"Stack","floor":7},{"not_picked":["Stack","Streamline"],"picked":"Go for the Eyes","floor":8},{"not_picked":["Genetic Algorithm","Redo"],"picked":"Defragment","floor":10},{"not_picked":["Streamline","Steam Power"],"picked":"Capacitor","floor":11},{"not_picked":["Darkness","Stack"],"picked":"Chaos","floor":14},{"not_picked":["Machine Learning","Multi-Cast"],"picked":"Amplify","floor":16},{"not_picked":["Hologram","Go for the Eyes"],"picked":"Ball Lightning","floor":18},{"not_picked":["Steam Power","BootSequence+1"],"picked":"Conserve Battery","floor":19},{"not_picked":["Leap+1","Go for the Eyes"],"picked":"Ball Lightning","floor":25},{"not_picked":["Sweeping Beam","Leap"],"picked":"Melter","floor":28},{"not_picked":["Force Field","Beam Cell+1"],"picked":"All For One","floor":31},{"not_picked":["Thunder Strike","Fission"],"picked":"Buffer","floor":33},{"not_picked":["Go for the Eyes","Coolheaded+1"],"picked":"Doom and Gloom","floor":35},{"not_picked":["Redo","Auto Shields"],"picked":"Beam Cell","floor":36},{"not_picked":["Reinforced Body+1","Sweeping Beam","Storm"],"picked":"SKIP","floor":39},{"not_picked":["Leap","Coolheaded"],"picked":"Melter+1","floor":41},{"not_picked":["Go for the Eyes+1","Beam Cell"],"picked":"Melter","floor":45},{"not_picked":["Hologram+1","Static Discharge+1","Steam Power+1"],"picked":"SKIP","floor":46},{"not_picked":["Skim","Gash+1"],"picked":"Hello World+1","floor":48}],"player_experience":26872,"relics_obtained":[{"floor":9,"key":"Strawberry"},{"floor":23,"key":"Happy Flower"},{"floor":26,"key":"Eternal Feather"},{"floor":29,"key":"Nilry\u0027s Codex"},{"floor":43,"key":"Dream Catcher"}],"event_choices":[{"damage_healed":0,"gold_gain":0,"player_choice":"Grow","damage_taken":0,"max_hp_gain":0,"max_hp_loss":0,"event_name":"Living Wall","floor":2,"gold_loss":0,"cards_upgraded":["Zap"]},{"damage_healed":0,"gold_gain":0,"player_choice":"Success","damage_taken":3,"relics_obtained":["Blood Vial"],"max_hp_gain":0,"max_hp_loss":0,"event_name":"Scrap Ooze","floor":3,"gold_loss":0},{"damage_healed":0,"gold_gain":0,"player_choice":"Rummage","damage_taken":0,"relics_obtained":["WarpedTongs"],"max_hp_gain":0,"max_hp_loss":0,"event_name":"Accursed Blacksmith","floor":4,"gold_loss":0,"cards_obtained":["Pain"]},{"damage_healed":0,"gold_gain":0,"player_choice":"Entered Light","damage_taken":16,"max_hp_gain":0,"max_hp_loss":0,"event_name":"Shining Light","floor":12,"gold_loss":0,"cards_upgraded":["Beam Cell","Redo"]},{"damage_healed":0,"gold_gain":0,"player_choice":"Read","damage_taken":0,"max_hp_gain":0,"max_hp_loss":0,"event_name":"The Library","floor":21,"gold_loss":0,"cards_obtained":["Fusion"]},{"cards_removed":["Strike_B"],"damage_healed":0,"gold_gain":0,"player_choice":"Gave Gold","damage_taken":0,"max_hp_gain":0,"max_hp_loss":0,"event_name":"Beggar","floor":22,"gold_loss":75},{"damage_healed":0,"gold_gain":0,"player_choice":"Obtained Book","damage_taken":16,"max_hp_gain":0,"max_hp_loss":0,"event_name":"Cursed Tome","floor":29,"gold_loss":0},{"damage_healed":0,"gold_gain":0,"player_choice":"Paid","damage_taken":0,"relics_obtained":["Red Mask"],"max_hp_gain":0,"max_hp_loss":0,"event_name":"Tomb of Lord Red Mask","floor":37,"gold_loss":243},{"damage_healed":0,"gold_gain":0,"cards_transformed":["Strike_B"],"player_choice":"Transformed","damage_taken":0,"max_hp_gain":0,"max_hp_loss":0,"event_name":"Transmorgrifier","floor":38,"gold_loss":0,"cards_obtained":["Reboot"]},{"damage_healed":0,"gold_gain":0,"player_choice":"Embrace Madness","damage_taken":10,"max_hp_gain":0,"max_hp_loss":0,"event_name":"Winding Halls","floor":44,"gold_loss":0,"cards_obtained":["Madness","Madness"]},{"damage_healed":72,"gold_gain":0,"player_choice":"Heal","damage_taken":0,"max_hp_gain":0,"max_hp_loss":10,"event_name":"The Moai Head","floor":47,"gold_loss":0}],"is_beta":false,"boss_relics":[{"not_picked":["Ectoplasm","Tiny House"],"picked":"Inserter"},{"not_picked":["Empty Cage","Coffee Dripper"],"picked":"Fusion Hammer"}],"items_purged_floors":[13],"is_endless":false,"potions_floor_spawned":[5,7,8,16,19,25,31,33,35,39,45,46],"killed_by":"Donu and Deca","ascension_level":0}}