{"host":"fx0jzgznoonhlyo3","time":1609228799,"event":{"mods":["AchievementEnabler","BaseMod","Colored Map","Colored Powertips","FTL Soundtrack","Minty Spire (QoL Compilation)","StSLib","SuperFastMode"],"gold_per_floor":[111,111,126,51,71,71,81,92,118,131,131,143,172,199,211,223,223],"floor_reached":16,"playtime":603,"items_purged":["Defend_R"],"score":96,"play_id":"1b133ddc-37f5-4d19-9e3a-43fa4545ad31","local_time":"20201229025959","is_ascension_mode":false,"campfire_choices":[{"data":"Ghostly Armor","floor":6,"key":"SMITH"},{"data":"Shrug It Off","floor":12,"key":"SMITH"},{"data":"Metallicize","floor":15,"key":"SMITH"}],"circlet_count":0,"master_deck":["Strike_R","Strike_R","Strike_R","Strike_R","Strike_R","Defend_R","Defend_R","Defend_R","Bash","Ghostly Armor+1","Flame Barrier","Shrug It Off+1","Seeing Red","Metallicize+1"],"relics":["Burning Blood","Potion Belt","Bag of Preparation","MawBank"],"acts_visited":["Exordium"],"potions_floor_usage":[16],"damage_taken":[{"damage":6,"enemies":"Cultist","floor":1,"turns":3},{"damage":2,"enemies":"Small Slimes","floor":3,"turns":4},{"damage":0,"enemies":"2 Louse","floor":5,"turns":2},{"damage":3,"enemies":"Lots of Slimes","floor":7,"turns":6},{"damage":1,"enemies":"3 Louse","floor":8,"turns":6},{"damage":0,"enemies":"Exordium Thugs","floor":10,"turns":5},{"damage":0,"enemies":"Gremlin Gang","floor":13,"turns":9},{"damage":0,"enemies":"2 Fungi Beasts","floor":14,"turns":5},{"damage":89,"enemies":"Slime Boss","floor":16,"turns":17}],"seed_played":"-4675602618371374952","potions_obtained":[{"floor":3,"key":"AttackPotion"},{"floor":5,"key":"SkillPotion"}],"is_trial":false,"path_per_floor":["M","$","M","$","M","R","M","M","T","M","?","R","M","M","R","B"],"character_chosen":"IRONCLAD","items_purchased":[],"campfire_rested":0,"item_purchase_floors":[],"current_hp_per_floor":[80,80,80,80,80,80,80,80,80,80,80,80,80,80,80,0,0],"gold":223,"neow_bonus":"RANDOM_COMMON_RELIC","is_daily":false,"chose_seed":false,"campfire_upgraded":3,"win_rate":0.0,"timestamp":1609228799,"path_taken":["M","$","?","?","?","R","M","M","T","M","?","R","M","?","R","BOSS"],"items_purchased_type":[],"build_version":"2020-12-22","purchased_purges":1,"victory":false,"max_hp_per_floor":[80,80,80,80,80,80,80,80,80,80,80,80,80,80,80,80,80],"card_choices":[{"not_picked":["Armaments","Anger"],"picked":"Ghostly Armor","floor":1},{"not_picked":["Rampage","Twin Strike"],"picked":"Flame Barrier","floor":3},{"not_picked":["Warcry","Rupture","Infernal Blade"],"picked":"SKIP","floor":5},{"not_picked":["Warcry","Clothesline"],"picked":"Shrug It Off","floor":7},{"not_picked":["Anger","Pommel Strike","Clothesline"],"picked":"SKIP","floor":8},{"not_picked":["Perfected Strike","Clothesline"],"picked":"Seeing Red","floor":10},{"not_picked":["Ghostly Armor","Pommel Strike"],"picked":"Metallicize","floor":13},{"not_picked":["Pommel Strike","Clash","Perfected Strike"],"picked":"SKIP","floor":14}],"player_experience":2594,"relics_obtained":[{"floor":9,"key":"Bag of Preparation"}],"event_choices":[{"damage_healed":0,"gold_gain":0,"player_choice":"Gave Potion","damage_taken":0,"relics_obtained":["MawBank"],"max_hp_gain":0,"max_hp_loss":0,"event_name":"WeMeetAgain","floor":11,"gold_loss":0}],"is_beta":false,"boss_relics":[],"items_purged_floors":[4],"is_endless":false,"potions_floor_spawned":[3,5],"killed_by":"Slime Boss","ascension_level":0}}