{"host":"4nqeo0vu1vuav7gg","time":1609269225,"event":{"mods":["AchievementEnabler","BaseMod","Block Reminder","Colored Map","Colored Powertips","Highlight Path","Minty Spire (QoL Compilation)","Quick Restart","Rare Cards Sparkle","Relic Relevance Reorder","StSLib"],"gold_per_floor":[114,114,130,182,457,488,501,501,501,501,514,548,59,209,209,282,282,296,346,346,75,92,92,92],"floor_reached":23,"playtime":808,"items_purged":["Regret","Strike_B"],"score":374,"play_id":"76f6fdbc-1986-4385-b57f-8bd93344e9f2","local_time":"20201229201345","is_ascension_mode":true,"campfire_choices":[{"data":"Zap","floor":8.0,"key":"SMITH"},{"floor":10.0,"key":"REST"},{"floor":15.0,"key":"REST"}],"circlet_count":0,"master_deck":["AscendersBane","Strike_B","Strike_B","Strike_B","Defend_B","Defend_B","Defend_B","Defend_B","Zap+1","Dualcast","Ball Lightning","Glacier","Go for the Eyes","Machine Learning","White Noise","Loop","Doom and Gloom","Doubt","Seek","Self Repair","Ball Lightning"],"relics":["Cracked Core","Pen Nib","Mummified Hand","Happy Flower","Runic Capacitor","Pantograph","Cursed Key","Meat on the Bone"],"acts_visited":["Exordium","TheCity"],"potions_floor_usage":[23],"damage_taken":[{"damage":1.0,"enemies":"Small Slimes","floor":1.0,"turns":3.0},{"damage":12.0,"enemies":"Jaw Worm","floor":3.0,"turns":2.0},{"damage":34.0,"enemies":"Gremlin Nob","floor":6.0,"turns":4.0},{"damage":0.0,"enemies":"2 Louse","floor":7.0,"turns":2.0},{"damage":8.0,"enemies":"Red Slaver","floor":11.0,"turns":3.0},{"damage":26.0,"enemies":"Lagavulin","floor":12.0,"turns":11.0},{"damage":19.0,"enemies":"The Guardian","floor":16.0,"turns":8.0},{"damage":2.0,"enemies":"3 Byrds","floor":18.0,"turns":4.0},{"damage":21.0,"enemies":"Spheric Guardian","floor":22.0,"turns":5.0},{"damage":50,"enemies":"Book of Stabbing","floor":23,"turns":4}],"seed_played":"6004278818528104502","potions_obtained":[{"floor":3.0,"key":"GamblersBrew"},{"floor":11.0,"key":"Block Potion"},{"floor":16.0,"key":"Fire Potion"}],"is_trial":false,"path_per_floor":["M","?","M","T","?","E","M","R","T","R","M","E","$","?","R","B",null,"M","?","$","$","M","E"],"character_chosen":"DEFECT","items_purchased":["Loop","Mummified Hand","Doom and Gloom","Runic Capacitor"],"campfire_rested":2,"item_purchase_floors":[13,13,13,21],"current_hp_per_floor":[63,63,51,51,51,17,29,29,29,50,42,28,28,28,49,52,66,64,64,64,64,50,0,0],"gold":92,"neow_bonus":"RANDOM_COMMON_RELIC","is_daily":false,"chose_seed":false,"campfire_upgraded":1,"win_rate":0.0,"timestamp":1609269225,"path_taken":["M","?","M","?","?","E","M","R","T","R","?","E","$","?","R","BOSS","M","?","?","$","M","E"],"items_purchased_type":["Card","Relic","Card","Relic"],"build_version":"2020-12-22","purchased_purges":2,"victory":false,"max_hp_per_floor":[71,71,71,71,71,71,71,71,71,71,71,71,71,71,71,71,71,71,71,71,71,71,71,71],"card_choices":[{"not_picked":["Coolheaded","Fusion"],"picked":"Ball Lightning","floor":1.0},{"not_picked":["Barrage","Hologram","Double Energy"],"picked":"SKIP","floor":3.0},{"not_picked":["Leap","Sweeping Beam"],"picked":"Glacier","floor":6.0},{"not_picked":["Fusion","Compile Driver"],"picked":"Go for the Eyes","floor":7.0},{"not_picked":["Redo","Barrage"],"picked":"Machine Learning","floor":11.0},{"not_picked":["Rip and Tear","Conserve Battery"],"picked":"White Noise","floor":12.0},{"not_picked":["Rainbow","Machine Learning"],"picked":"Seek","floor":16.0},{"not_picked":["Hologram","Reinforced Body"],"picked":"Self Repair","floor":18.0},{"not_picked":["Gash+1","Blizzard"],"picked":"Ball Lightning","floor":22.0}],"player_experience":1038299,"relics_obtained":[{"floor":4.0,"key":"Pen Nib"},{"floor":6.0,"key":"Meat on the Bone"},{"floor":12.0,"key":"Pantograph"}],"event_choices":[{"damage_healed":0.0,"max_hp_gain":0.0,"max_hp_loss":0.0,"gold_gain":0.0,"event_name":"Shining Light","player_choice":"Ignored","floor":2.0,"gold_loss":0.0,"damage_taken":0.0},{"damage_healed":0.0,"max_hp_gain":0.0,"max_hp_loss":0.0,"gold_gain":275.0,"event_name":"Golden Shrine","player_choice":"Desecrate","floor":5.0,"gold_loss":0.0,"damage_taken":0.0,"cards_obtained":["Regret"]},{"damage_healed":0.0,"max_hp_gain":0.0,"max_hp_loss":0.0,"gold_gain":150.0,"event_name":"Liars Game","player_choice":"AGREE","floor":14.0,"gold_loss":0.0,"damage_taken":0.0,"cards_obtained":["Doubt"]},{"damage_healed":0.0,"max_hp_gain":0.0,"max_hp_loss":0.0,"gold_gain":100.0,"event_name":"The Joust","player_choice":"Bet on Murderer","floor":19.0,"gold_loss":50.0,"damage_taken":0.0}],"is_beta":false,"boss_relics":[{"not_picked":["Coffee Dripper","Snecko Eye"],"picked":"Cursed Key"}],"items_purged_floors":[13,21],"is_endless":false,"potions_floor_spawned":[3,11,16],"killed_by":"Book of Stabbing","ascension_level":18}}