{"host":"6vv0uythevi5qk1w","time":1609226195,"event":{"mods":["Act Like it!","BaseMod","Downfall","Gensokyo","Minty Spire (QoL Compilation)","Remilia£®¿Ÿ√◊¿Ú—«£©","StSLib"],"gold_per_floor":[111,129,144,7,19,298,298,324,324,358,218,218,230,262,262,335,335,350,369,382,382,407,407,438,258,310,310,348,372,660,850,850,933,933,949,970,985,560,573,626,626,897,933,933,933,962,286,461,461,461,461,461,10,44,44],"floor_reached":56,"playtime":4493,"items_purged":["Writhe","Strike_R"],"score":2179,"play_id":"224d5447-ddc9-48cf-8c98-fdbb795ba966","local_time":"20201229151635","is_ascension_mode":true,"campfire_choices":[{"data":"Body Slam","floor":7.0,"key":"SMITH"},{"data":"1","floor":12.0,"key":"LIFT"},{"data":"2","floor":15.0,"key":"LIFT"},{"data":"3","floor":23,"key":"LIFT"},{"data":"Burning Pact","floor":27,"key":"SMITH"},{"data":"Limit Break","floor":32,"key":"SMITH"},{"data":"Berserk","floor":41,"key":"SMITH"},{"floor":45,"key":"RECALL"},{"data":"Heavy Blade","floor":49,"key":"SMITH"},{"data":"Dual Wield","floor":52,"key":"SMITH"}],"circlet_count":0,"master_deck":["AscendersBane","Strike_R","Strike_R","Strike_R","Strike_R","Defend_R","Defend_R","Defend_R+1","Defend_R","Bash","expansioncontent:QuickStudy","Metallicize","Burning Pact+1","Body Slam+1","Evolve","Shrug It Off+1","Dual Wield+1","Impervious","Brutality","Armaments+1","Limit Break+1","Juggernaut","Pommel Strike+1","Shrug It Off+1","Exhume","True Grit+1","Berserk+1","Impervious","Bloodletting","Heavy Blade+1","Dark Embrace","Seeing Red+1"],"relics":["Burning Blood","Anchor","Blood Vial","Matryoshka","Pen Nib","Girya","Bird Faced Urn","Red Skull","Guardian:GemstoneGun","Boot","Philosopher\u0027s Stone","Gensokyo:ConquerorOfFear","Sundial","Eternal Feather","sneckomod:BlankCard","CeramicFish","The Courier","Pocketwatch","Cursed Key","Medical Kit","TheAbacus","War Paint","Oddly Smooth Stone","Calipers","Ginger","OrangePellets","Paper Frog","Thread and Needle","TungstenRod","hexamod:BolsterEngine","Akabeko"],"acts_visited":["Exordium","Gensokyo:Gensokyo","Gensokyo:Gensokyoer","TheEnding"],"potions_floor_usage":[],"damage_taken":[{"damage":7.0,"enemies":"Gensokyo:3_Fairies","floor":1.0,"turns":4.0},{"damage":9.0,"enemies":"Gensokyo:Gryphon","floor":2.0,"turns":4.0},{"damage":10.0,"enemies":"Gensokyo:Python","floor":3.0,"turns":6.0},{"damage":0.0,"enemies":"Gensokyo:CorruptedTreant","floor":5.0,"turns":7.0},{"damage":18.0,"enemies":"Gensokyo:Cirno","floor":6.0,"turns":8.0},{"damage":14.0,"enemies":"Gensokyo:Aya","floor":8.0,"turns":4.0},{"damage":0.0,"enemies":"Gensokyo:Mamizou","floor":10.0,"turns":8.0},{"damage":0.0,"enemies":"Gensokyo:Kitsune","floor":13.0,"turns":3.0},{"damage":0.0,"enemies":"Gensokyo:Cirno","floor":14.0,"turns":5.0},{"damage":16.0,"enemies":"Gensokyo:Kokoro","floor":16.0,"turns":12.0},{"damage":0.0,"enemies":"Gensokyo:2_Gloops","floor":18.0,"turns":2.0},{"damage":0.0,"enemies":"Gensokyo:CosmicMonolith","floor":19.0,"turns":2.0},{"damage":19.0,"enemies":"Gensokyo:Wraith","floor":20.0,"turns":4.0},{"damage":36,"enemies":"Gensokyo:Koishi","floor":24,"turns":5},{"damage":0,"enemies":"Gensokyo:Tenshi","floor":28,"turns":1},{"damage":20,"enemies":"Gensokyo:Mirror_and_Dog","floor":29,"turns":7},{"damage":28,"enemies":"Gensokyo:Slime_Group","floor":30,"turns":4},{"damage":26,"enemies":"Gensokyo:Reisen","floor":31,"turns":4},{"damage":52,"enemies":"Gensokyo:Eiki","floor":33,"turns":7},{"damage":13,"enemies":"Gensokyo:AncientGuardian","floor":35,"turns":3},{"damage":2,"enemies":"Gensokyo:3_Boulders","floor":36,"turns":3},{"damage":7,"enemies":"Gensokyo:Rafflesia","floor":37,"turns":6},{"damage":15,"enemies":"Gensokyo:Sharpion","floor":39,"turns":6},{"damage":37,"enemies":"Gensokyo:Marisa","floor":40,"turns":4},{"damage":22,"enemies":"Gensokyo:4_Bats","floor":42,"turns":3},{"damage":4,"enemies":"Gensokyo:Rafflesia","floor":46,"turns":6},{"damage":5,"enemies":"Gensokyo:Sharpion","floor":48,"turns":3},{"damage":7,"enemies":"Gensokyo:Yuyuko","floor":50,"turns":4},{"damage":21,"enemies":"Shield and Spear","floor":54,"turns":4},{"damage":4,"enemies":"The Heart","floor":55,"turns":6}],"seed_played":"-4304396950438716230","potions_obtained":[{"floor":3.0,"key":"Fire Potion"},{"floor":5.0,"key":"Ancient Potion"},{"floor":6.0,"key":"Ancient Potion"},{"floor":8.0,"key":"Swift Potion"},{"floor":20.0,"key":"BlessingOfTheForge"},{"floor":24,"key":"FairyPotion"},{"floor":39,"key":"BloodPotion"}],"is_trial":false,"path_per_floor":["M","M","M","COS","M","E","R","E","T","E","?","R","M","E","R","B",null,"M","M","M","?","T","R","E","COS","T","R","E","M","M","E","R","B",null,"M","M","M","COS","M","E","R","M","T","?","R","M","$","M","R","B",null,"R","$","E","B",null],"character_chosen":"IRONCLAD","items_purchased":["OrangePellets","Dark Embrace","Paper Frog","Thread and Needle","TungstenRod","hexamod:BolsterEngine"],"campfire_rested":0,"item_purchase_floors":[47,47,47,47,53,53],"current_hp_per_floor":[49,46,42,42,48,36,36,30,30,46,46,46,58,68,68,70,74,75,75,62,62,62,62,40,40,40,52,60,54,36,26,41,9,59,58,72,75,75,68,43,61,51,51,21,39,55,55,72,75,75,75,75,75,66,75],"gold":44,"neow_bonus":"RANDOM_COLORLESS_2","is_daily":false,"chose_seed":false,"campfire_upgraded":6,"win_rate":0.0,"timestamp":1609226195,"path_taken":["M","M","M","COS","M","E","R","E","T","E","?","R","M","E","R","BOSS","M","M","M","?","?","R","E","COS","T","R","E","M","M","E","R","BOSS","M","M","M","COS","M","E","R","M","T","?","R","M","$","?","R","BOSS","R","$","E","BOSS"],"items_purchased_type":["Relic","Card","Relic","Relic","Relic","Relic"],"build_version":"2020-12-22","purchased_purges":2,"victory":true,"max_hp_per_floor":[75,75,75,75,75,75,75,75,75,75,75,75,75,75,75,75,75,75,75,75,75,75,75,75,75,75,75,75,75,75,75,75,75,75,75,75,75,75,75,75,75,75,75,75,75,75,75,75,75,75,75,75,75,75,75],"card_choices":[{"not_picked":["Magnetism","Metamorphosis"],"picked":"expansioncontent:QuickStudy","floor":0.0},{"not_picked":["Intimidate","Shrug It Off"],"picked":"Metallicize","floor":1.0},{"not_picked":["Headbutt","Whirlwind"],"picked":"Burning Pact","floor":2.0},{"not_picked":["Anger","Sword Boomerang","Blood for Blood"],"picked":"SKIP","floor":3.0},{"not_picked":["Inflame","Iron Wave"],"picked":"Body Slam","floor":5.0},{"not_picked":["Pommel Strike","Wild Strike"],"picked":"Evolve","floor":6.0},{"not_picked":["Wild Strike","Infernal Blade"],"picked":"Shrug It Off","floor":8.0},{"not_picked":["Inflame","Iron Wave","Cleave"],"picked":"SKIP","floor":10.0},{"not_picked":["Inflame","Iron Wave","Cleave"],"picked":"SKIP","floor":10.0},{"not_picked":["Burning Pact","Evolve"],"picked":"Dual Wield","floor":13.0},{"not_picked":["Warcry","Flame Barrier","Anger"],"picked":"SKIP","floor":14.0},{"not_picked":["Double Tap","Immolate"],"picked":"Impervious","floor":16.0},{"not_picked":["Perfected Strike","Dropkick","Flex"],"picked":"SKIP","floor":18.0},{"not_picked":["Warcry","Clothesline+1","Infernal Blade"],"picked":"SKIP","floor":19.0},{"not_picked":["Warcry","Entrench"],"picked":"Brutality","floor":20.0},{"not_picked":["Twin Strike","Wild Strike","Thunderclap"],"picked":"SKIP","floor":24},{"not_picked":["Havoc","Intimidate"],"picked":"Armaments+1","floor":28},{"not_picked":["Dual Wield","Sword Boomerang"],"picked":"Limit Break","floor":29},{"not_picked":["Barricade","Limit Break"],"picked":"Juggernaut","floor":30},{"not_picked":["Twin Strike","Heavy Blade"],"picked":"Pommel Strike+1","floor":30},{"not_picked":["Armaments","Iron Wave"],"picked":"Shrug It Off+1","floor":31},{"not_picked":["Immolate","Corruption"],"picked":"Exhume","floor":33},{"not_picked":["Power Through","Sword Boomerang","Clash"],"picked":"SKIP","floor":35},{"not_picked":["Wild Strike","Sword Boomerang+1"],"picked":"True Grit+1","floor":36},{"not_picked":["Thunderclap","Power Through","Wild Strike"],"picked":"SKIP","floor":37},{"not_picked":["Shrug It Off","Rage","Sword Boomerang+1"],"picked":"SKIP","floor":39},{"not_picked":["Corruption","Brutality"],"picked":"Berserk","floor":40},{"not_picked":["Sever Soul","Hemokinesis"],"picked":"Impervious","floor":40},{"not_picked":["Shrug It Off+1","Havoc"],"picked":"Bloodletting","floor":42},{"not_picked":["Power Through","Iron Wave"],"picked":"Heavy Blade","floor":46},{"not_picked":["Heavy Blade","Flex"],"picked":"Seeing Red+1","floor":48},{"not_picked":["Warcry+1","Carnage","Inflame"],"picked":"SKIP","floor":54}],"player_experience":446963,"relics_obtained":[{"floor":6.0,"key":"Blood Vial"},{"floor":8.0,"key":"Matryoshka"},{"floor":9.0,"key":"Pen Nib"},{"floor":9.0,"key":"Girya"},{"floor":10.0,"key":"Red Skull"},{"floor":14.0,"key":"Boot"},{"floor":22,"key":"Sundial"},{"floor":24,"key":"Gensokyo:ConquerorOfFear"},{"floor":24,"key":"Eternal Feather"},{"floor":26,"key":"sneckomod:BlankCard"},{"floor":28,"key":"CeramicFish"},{"floor":31,"key":"The Courier"},{"floor":40,"key":"War Paint"},{"floor":43,"key":"Oddly Smooth Stone"},{"floor":54,"key":"Akabeko"}],"event_choices":[],"is_beta":false,"boss_relics":[{"not_picked":["Velvet Choker","Tiny House"],"picked":"Philosopher\u0027s Stone"},{"not_picked":["Runic Pyramid","SacredBark"],"picked":"Cursed Key"}],"items_purged_floors":[47,53],"is_endless":false,"potions_floor_spawned":[3,5,6,8,10,20,24,29,30,31,35,39,40,42,48,54],"ascension_level":14}}