{"host":"cxizwatl5v7zq6a5","time":1609252148,"event":{"mods":["AchievementEnabler","Act Like it!","BaseMod","Colored Map","Colored Powertips","Downfall","Friendly Minions","Gensokyo","Hermit","Hubris","Infinite Spire","Marisa????????","Minty Spire (QoL Compilation)","Quick Restart","READ ME - Guardian Mod","Rare Cards Sparkle","Remilia??????","Replay The Spire","StSLib","The Cursed","The Jungle","The Servant 0.9.4"],"gold_per_floor":[119,119,137,137,103,133,133,205,205,205,224,256,256,269,269,369,369,341,341,361,361,361],"floor_reached":21,"playtime":893,"items_purged":[],"score":223,"play_id":"34223336-1871-406c-844b-261c6206132a","local_time":"20201229222908","is_ascension_mode":true,"campfire_choices":[{"data":"Replay:Fractal Strike","floor":7,"key":"SMITH"},{"data":"Anger","floor":10,"key":"SMITH"},{"floor":15,"key":"REST"}],"circlet_count":0,"master_deck":["Strike_R","Strike_R","Strike_R","Strike_R","Strike_R","Defend_R","Defend_R","Defend_R","Defend_R","Warcry","Survivor","Neutralize","Reckless Charge","Replay:Fractal Strike+1","ReplayTheSpireMod:Muscle Training","Anger+1","Gensokyo:AllTheWorldsEvil","Life Link","Carnage","Replay:Many Hands","Brutality","Iron Wave","Brutality","Inflame","Anger"],"relics":["Black Blood","NeowsBlessing","Replay:Accelerometer","ReplayTheSpireMod:CursedCoin","Replay:Wax Seal","Replay:Mystery Machine","Letter Opener"],"acts_visited":["Exordium","TheCity"],"potions_floor_usage":[],"damage_taken":[{"damage":0,"enemies":"Cultist","floor":1,"turns":1},{"damage":0,"enemies":"2 Louse","floor":3,"turns":1},{"damage":0,"enemies":"3 Sentries","floor":6,"turns":1},{"damage":3,"enemies":"Jaw Worm","floor":11,"turns":4},{"damage":25,"enemies":"Gremlin Nob","floor":12,"turns":5},{"damage":9,"enemies":"2 Fungi Beasts","floor":14,"turns":3},{"damage":28,"enemies":"Slime Boss","floor":16,"turns":8},{"damage":42,"enemies":"2 Thieves","floor":18,"turns":5},{"damage":27,"enemies":"Shell Parasite","floor":20,"turns":7},{"damage":35,"enemies":"Snake Plant","floor":21,"turns":5}],"seed_played":"1620565375414874237","potions_obtained":[{"floor":6,"key":"PowerPotion"},{"floor":11,"key":"DistilledChaos"}],"is_trial":false,"path_per_floor":["M","?","M","?","$","E","R","$","T","R","M","E","?","M","R","B",null,"M","?","M","M"],"character_chosen":"IRONCLAD","items_purchased":["ReplayTheSpireMod:Muscle Training","ReplayTheSpireMod:CursedCoin","Replay:Wax Seal"],"campfire_rested":1,"item_purchase_floors":[5,8,8],"current_hp_per_floor":[80,80,80,61,61,67,67,67,67,67,70,51,51,48,72,50,80,50,50,35,0,0],"gold":361,"neow_bonus":"THREE_ENEMY_KILL","is_daily":false,"chose_seed":false,"campfire_upgraded":2,"win_rate":0.0,"timestamp":1609252148,"path_taken":["M","?","M","?","$","E","R","?","T","R","M","E","?","?","R","BOSS","M","?","?","M"],"items_purchased_type":["Card","Relic","Relic"],"build_version":"2020-12-22","purchased_purges":0,"victory":false,"max_hp_per_floor":[80,80,80,80,80,80,80,80,80,80,80,80,80,80,80,80,80,80,80,80,80,80],"card_choices":[{"not_picked":["Havoc","Cleave"],"picked":"Warcry","floor":1},{"not_picked":["ReplayTheSpireMod:Limb From Limb","Sword Boomerang"],"picked":"Reckless Charge","floor":3},{"not_picked":["infinitespire:FinalStrike","infinitespire:Execution"],"picked":"Replay:Fractal Strike","floor":4},{"not_picked":["Iron Wave","Wild Strike"],"picked":"Anger","floor":6},{"not_picked":["Replay:Undeath\u0027s Touch","Feel No Pain"],"picked":"Life Link","floor":11},{"not_picked":["Disarm","Life Link"],"picked":"Carnage","floor":12},{"not_picked":["ReplayTheSpireMod:Muscle Training","hubris:ReadiedAction"],"picked":"Replay:Many Hands","floor":14},{"not_picked":["Limit Break","Hemogenesis"],"picked":"Brutality","floor":16},{"not_picked":["Wild Strike","Perfected Strike"],"picked":"Iron Wave","floor":18},{"not_picked":["Shrug It Off","Perfected Strike"],"picked":"Anger","floor":20}],"player_experience":114072,"relics_obtained":[{"floor":6,"key":"Replay:Accelerometer"},{"floor":9,"key":"Replay:Mystery Machine"},{"floor":12,"key":"Letter Opener"}],"event_choices":[{"damage_healed":0,"gold_gain":0,"player_choice":"2 cards matched","damage_taken":0,"max_hp_gain":0,"max_hp_loss":0,"event_name":"Match and Keep!","floor":19,"gold_loss":0,"cards_obtained":["Brutality","Inflame"]}],"is_beta":false,"boss_relics":[{"not_picked":["Ooze Armor","Runic Dome"],"picked":"Black Blood"}],"items_purged_floors":[],"is_endless":false,"potions_floor_spawned":[6,11],"killed_by":"Snake Plant","ascension_level":1}}