{"host":"nskcj6qu6rcsb0l3","time":1609201872,"event":{"mods":["BaseMod","Better Match","Better Note","Minty Spire (QoL Compilation)","StSLib"],"gold_per_floor":[117,129,153,33,33,33,52,79,79,99,132,144,84,116,116,116,116],"floor_reached":16,"playtime":564,"items_purged":[],"score":108,"play_id":"042df8b4-51da-4b23-b27e-02abc4acc91f","local_time":"20201229013112","is_ascension_mode":false,"campfire_choices":[{"data":"Footwork","floor":6,"key":"SMITH"},{"floor":12,"key":"REST"},{"data":"Footwork","floor":15,"key":"SMITH"}],"circlet_count":0,"master_deck":["Strike_G","Strike_G","Strike_G","Strike_G","Strike_G","Defend_G","Defend_G","Defend_G+1","Defend_G","Defend_G","Survivor+1","Neutralize","Dodge and Roll","Footwork+1","Dagger Spray","Cloak And Dagger","Footwork+1","Blade Dance"],"relics":["Ring of the Snake","NeowsBlessing","Art of War","Smiling Mask","Blue Candle","MawBank","Oddly Smooth Stone"],"acts_visited":["Exordium"],"potions_floor_usage":[11,16],"damage_taken":[{"damage":0,"enemies":"Cultist","floor":1,"turns":1},{"damage":0,"enemies":"2 Louse","floor":2,"turns":1},{"damage":0,"enemies":"Jaw Worm","floor":7,"turns":1},{"damage":0,"enemies":"Exordium Wildlife","floor":10,"turns":5},{"damage":10,"enemies":"Gremlin Nob","floor":11,"turns":6},{"damage":11,"enemies":"Lagavulin","floor":14,"turns":16},{"damage":57,"enemies":"Hexaghost","floor":16,"turns":21}],"seed_played":"5685682757811127636","potions_obtained":[{"floor":2,"key":"Weak Potion"},{"floor":10,"key":"Weak Potion"},{"floor":14,"key":"Fire Potion"}],"is_trial":false,"path_per_floor":["M","M","T","$","?","R","M","T","T","M","E","R","$","E","R","B"],"character_chosen":"THE_SILENT","items_purchased":["Footwork","Dagger Spray","Footwork"],"campfire_rested":1,"item_purchase_floors":[4,4,13],"current_hp_per_floor":[70,70,70,70,56,56,56,56,56,56,46,67,67,56,56,0,0],"gold":116,"neow_bonus":"THREE_ENEMY_KILL","is_daily":false,"chose_seed":false,"campfire_upgraded":2,"win_rate":0.0,"timestamp":1609201872,"path_taken":["M","M","?","$","?","R","M","?","T","?","E","R","?","E","R","BOSS"],"items_purchased_type":["Card","Card","Card"],"build_version":"2020-12-22","purchased_purges":0,"victory":false,"max_hp_per_floor":[70,70,70,70,70,70,70,70,70,70,70,70,70,70,70,70,70],"card_choices":[{"not_picked":["Flying Knee","Riddle With Holes","Acrobatics"],"picked":"SKIP","floor":1},{"not_picked":["Slice","Setup"],"picked":"Dodge and Roll","floor":2},{"not_picked":["Choke","Bane","Prepared"],"picked":"SKIP","floor":7},{"not_picked":["Deflect","Eviscerate"],"picked":"Cloak And Dagger","floor":10},{"not_picked":["Escape Plan","Deflect","Catalyst"],"picked":"SKIP","floor":11},{"not_picked":["All Out Attack","Outmaneuver"],"picked":"Blade Dance","floor":14}],"player_experience":994737,"relics_obtained":[{"floor":3,"key":"Art of War"},{"floor":8,"key":"Smiling Mask"},{"floor":9,"key":"Blue Candle"},{"floor":11,"key":"MawBank"},{"floor":14,"key":"Oddly Smooth Stone"}],"event_choices":[{"damage_healed":0,"gold_gain":0,"player_choice":"Entered Light","damage_taken":14,"max_hp_gain":0,"max_hp_loss":0,"event_name":"Shining Light","floor":5,"gold_loss":0,"cards_upgraded":["Defend_G","Survivor"]}],"is_beta":false,"boss_relics":[],"items_purged_floors":[],"is_endless":false,"potions_floor_spawned":[2,10,14],"killed_by":"Hexaghost","ascension_level":0}}