{"host":"xjb9ah8nre278c7z","time":1609281037,"event":{"mods":["BaseMod","Bestiary","Better Altar","Better Match","Better Sensory Stone","Better Third Choice","Better-Laid Plans","BetterRewards","Conspire","Downfall","Evolution","Hubris","Infinite Spire","Minty Spire (QoL Compilation)","Permanent Neow","Quick Restart","Replay The Spire","StSLib","The Blue Laboratory","The Cursed","The Dragon Tamer","The Marked","The Servant 0.9.4","Transform Curses","Uncapped"],"gold_per_floor":[117,117,127,127,140,172,172,187,187,22,22,40,40,40,40,144,144,117,117,117,134,134,169,169,197,222,69,84,84,98,98,98,197,197,210,210,221,240,290,290,39,39,39,39,62,112,136,175,175,305,305,304,303,296,306,306,306,313,313,313,310,353,17,34,34,34,152,152,165,14,38,38,33,33,34,24,24,35,20,14,14,14,14,119,119,111,111,116,116,143,143,145,145,145,126,108,99,82,62,62,187,187,185,185,177,22,45,45,66,71,71,62,63,63,63,69,69,197,197,191,191],"floor_reached":120,"playtime":16324,"items_purged":["sneckomod:Bewildered","Delirium"],"score":1829,"play_id":"2ec93f4f-dd1c-45a2-bca1-d67fc58a3765","local_time":"20201229163037","is_ascension_mode":false,"campfire_choices":[{"data":"theMarked:SoldierOfQuellstein","floor":11.0,"key":"SMITH"},{"floor":13.0,"key":"DIG"},{"floor":15.0,"key":"DIG"},{"data":"theMarked:SummonStrength","floor":24.0,"key":"SMITH"},{"floor":32.0,"key":"DIG"},{"data":"theMarked:Opportunist","floor":40.0,"key":"SMITH"},{"data":"Replay:SS_forest_6","floor":42.0,"key":"SMITH"},{"data":"ReplayTheSpireMod:Book of Names","floor":49.0,"key":"SMITH"},{"data":"infinitespire:Gouge","floor":57.0,"key":"SMITH"},{"data":"Sword Boomerang","floor":66,"key":"SMITH"},{"data":"Armaments","floor":74,"key":"SMITH"},{"data":"Armaments","floor":83,"key":"SMITH"},{"floor":91,"key":"DIG"},{"data":"Normality","floor":100,"key":"PURGE"},{"data":"infinitespire:Oblivion","floor":108,"key":"SMITH"},{"data":"theMarked:ParalyzingBlade","floor":114,"key":"SMITH"},{"data":"theMarked:BindingBlade","floor":114,"key":"SMITH"},{"data":"theMarked:BindingBlade","floor":117,"key":"SMITH"},{"data":"infinitespire:Execution","floor":117,"key":"SMITH"}],"circlet_count":0,"master_deck":["theMarked:Defend","theMarked:Defend","theMarked:Defend","theMarked:Defend","theMarked:SoldierOfQuellstein+1","theMarked:SwordAndMagic","expansioncontent:Collect","theMarked:ReduceFriction","theMarked:EmpowerWeapon","theMarked:Reabsorb","theMarked:RogueSparks","theMarked:Indomitable","theMarked:RepellingDischarge","theMarked:HeightenedSenses","Replay:Sssssssssstrike","theMarked:SummonStrength+1","theMarked:TwofoldDefense","infinitespire:Gouge+1","theMarked:SwordAndMagic+1","theMarked:Opportunist+1","theMarked:EmpowerWeapon","theMarked:MagicAdept","Replay:SS_forest_6+1","theMarked:SwordAndMagic","theMarked:Levitate","theMarked:ReduceFriction","theMarked:Improvise+1","theMarked:EnhanceMovement","theMarked:ElectricStrings","theMarked:ComboAttacks+1","theMarked:SoldierForm","theMarked:MuscleMemory+1","theMarked:SwordAndMagic+1","theMarked:Electrify+1","theMarked:WastefulDefense","theMarked:BindingBlade+1","theMarked:WastefulAttack","Sword Boomerang+1","infinitespire:Oblivion+1","Armaments+1","theMarked:MysticalArsenal","theMarked:EnhancedHearing","Life Link","Armaments+1","Clumsy","theMarked:ParalyzingBlade+1","hubris:DuctTapeCard+2","theMarked:ParalyzingBlade","Replay:Undeath\u0027s Touch","theMarked:BindingBlade+1","hubris:Despair","CommonCold","theMarked:DeterminationOfTheMarked","theMarked:DeterminationOfTheMarked","Metallicize","theMarked:Indomitable","infinitespire:Execution+1","Replay:Undeath\u0027s Touch","ReplayTheSpireMod:IOU","Eclipse"],"relics":["theMarked:ArtifactOfAir","EVO:Axolotl","Shovel","hubris:Towel","Tiny Chest","infinitespire:ShieldingShard","Whetstone","PreservedInsect","Omamori","Centennial Puzzle","SlaversCollar","hubris:Icosahedron","ReplayTheSpireMod:TigerMarble","Strawberry","Replay:Rubber Ducky","hubris:TinFlute","FossilizedHelix","Replay:Drink Me","Ring of Greed","Golden Idol","MealTicket","Ring of Fangs","Meat on the Bone","Replay:Mystery Machine","hubris:SlimyHat","Astrolabe","hubris:Reverence","Odd Mushroom","Blue Doll","hubris:DisguiseKit","hubris:FunFungus","ReplayTheSpireMod:CursedCoin","Snack Pack","Gremlin Food","Busted Crown","Replay:Wax Seal","theMarked:DemonDagger","The Courier","Sundial","theMarked:Eyepatch","hubris:HollowSoul","Bag of Preparation","Regal Pillow","hubris:DuctTape","Matryoshka","Thread and Needle","Kintsugi","betterThird:SlimedRelic","hubris:EmptyBottle","Nunchaku","Smiling Mask","infinitespire:FocusingShard","Replay:Arrowhead","hubris:MobiusCoin","infinitespire:Lucky Rock","infinitespire:Cupcake"],"acts_visited":["Exordium","TheCity","TheBeyond","Exordium","TheCity","TheBeyond","Exordium","TheCity"],"potions_floor_usage":[78,116],"damage_taken":[{"damage":0.0,"enemies":"Cultist","floor":1.0,"turns":2.0},{"damage":1.0,"enemies":"Jaw Worm","floor":3.0,"turns":4.0},{"damage":0.0,"enemies":"2 Louse","floor":5.0,"turns":2.0},{"damage":16.0,"enemies":"3 Sentries","floor":6.0,"turns":9.0},{"damage":5.0,"enemies":"Exordium Wildlife","floor":8.0,"turns":4.0},{"damage":0.0,"enemies":"Blue Slaver","floor":12.0,"turns":3.0},{"damage":8.0,"enemies":"Slime Boss","floor":16.0,"turns":10.0},{"damage":8.0,"enemies":"2 Thieves","floor":18.0,"turns":5.0},{"damage":0.0,"enemies":"Shell Parasite","floor":21.0,"turns":5.0},{"damage":7.0,"enemies":"Replay:Snechameleon","floor":23.0,"turns":7.0},{"damage":0.0,"enemies":"Nightmare","floor":25.0,"turns":6.0},{"damage":3.0,"enemies":"Cultist and Chosen","floor":28.0,"turns":7.0},{"damage":0.0,"enemies":"Shelled Parasite and Fungi","floor":30.0,"turns":5.0},{"damage":0.0,"enemies":"Collector","floor":33.0,"turns":11.0},{"damage":0.0,"enemies":"3 Shapes","floor":35.0,"turns":4.0},{"damage":11.0,"enemies":"3 Darklings","floor":37.0,"turns":10.0},{"damage":0.0,"enemies":"Spire Growth","floor":38.0,"turns":5.0},{"damage":0.0,"enemies":"Sphere and 2 Shapes","floor":45.0,"turns":6.0},{"damage":0.0,"enemies":"Transient","floor":47.0,"turns":5.0},{"damage":0.0,"enemies":"Nemesis","floor":48.0,"turns":5.0},{"damage":31.0,"enemies":"conspire:OrnateMirror","floor":50.0,"turns":7.0},{"damage":0.0,"enemies":"Small Slimes","floor":52.0,"turns":3.0},{"damage":0.0,"enemies":"Jaw Worm","floor":53.0,"turns":3.0},{"damage":0.0,"enemies":"Cultist","floor":54.0,"turns":4.0},{"damage":0.0,"enemies":"Exordium Wildlife","floor":55.0,"turns":3.0},{"damage":2.0,"enemies":"The Mushroom Lair","floor":58.0,"turns":5.0},{"damage":0,"enemies":"Large Slime","floor":61,"turns":4},{"damage":0,"enemies":"Nightmare","floor":62,"turns":1},{"damage":0,"enemies":"Looter","floor":64,"turns":3},{"damage":0,"enemies":"Hexaghost","floor":67,"turns":1},{"damage":0,"enemies":"Spheric Guardian","floor":69,"turns":4},{"damage":0,"enemies":"conspire:FuzzyDice","floor":73,"turns":5},{"damage":0,"enemies":"Sentry and Sphere","floor":75,"turns":3},{"damage":0,"enemies":"Chosen and Byrds","floor":76,"turns":4},{"damage":38,"enemies":"Nightmare","floor":78,"turns":5},{"damage":15,"enemies":"3 Cultists","floor":79,"turns":5},{"damage":0,"enemies":"Snake Plant","floor":80,"turns":3},{"damage":11,"enemies":"Champ","floor":84,"turns":5},{"damage":0,"enemies":"Orb Walker","floor":86,"turns":4},{"damage":0,"enemies":"3 Shapes","floor":88,"turns":3},{"damage":0,"enemies":"Giant Head","floor":92,"turns":5},{"damage":0,"enemies":"Maw","floor":95,"turns":6},{"damage":0,"enemies":"Sphere and 2 Shapes","floor":96,"turns":5},{"damage":0,"enemies":"Nightmare","floor":97,"turns":8},{"damage":0,"enemies":"Writhing Mass","floor":98,"turns":6},{"damage":0,"enemies":"Maw","floor":99,"turns":5},{"damage":0,"enemies":"conspire:OrnateMirror","floor":101,"turns":1},{"damage":0,"enemies":"Small Slimes","floor":103,"turns":2},{"damage":0,"enemies":"Jaw Worm","floor":105,"turns":3},{"damage":0,"enemies":"Replay:BlueRogue","floor":109,"turns":2},{"damage":0,"enemies":"conspire:MimicChest","floor":110,"turns":3},{"damage":0,"enemies":"Cultist","floor":112,"turns":4},{"damage":0,"enemies":"Red Slaver","floor":113,"turns":2},{"damage":0,"enemies":"Blue Slaver","floor":116,"turns":2},{"damage":0,"enemies":"Hexaghost","floor":118,"turns":1},{"damage":0,"enemies":"2 Thieves","floor":120,"turns":1}],"seed_played":"-3934418300722157825","potions_obtained":[{"floor":3.0,"key":"Weak Potion"},{"floor":5.0,"key":"BlessingOfTheForge"},{"floor":12.0,"key":"Strength Potion"},{"floor":16.0,"key":"blueLaboratory:BottleOfVodka"},{"floor":21.0,"key":"LifebloodPotion"},{"floor":23.0,"key":"blueLaboratory:TrueEctoplasm"},{"floor":35.0,"key":"Reflective Coating"},{"floor":47.0,"key":"BlessingOfTheForge"},{"floor":50.0,"key":"blueLaboratory:BubblePotion"},{"floor":52.0,"key":"blueLaboratory:HorrorPotion"},{"floor":55.0,"key":"Guardian:BlockOnCardUsePotion"},{"floor":76,"key":"blueLaboratory:FruitPunch"},{"floor":92,"key":"Fire Potion"}],"is_trial":false,"path_per_floor":["M","?","M","?","M","E","?","M","T","$","R","M","R","$","R","B",null,"M","AVR","?","M","$","E","R","NM","T","$","M","T","M","?","R","B",null,"M","?","M","M","?","R","$","R","T","AVR","M","T","M","E","R","B",null,"M","M","M","M","AVR","R","?","?","T","M","NM","$","M","?","R","B",null,"M","$","T","?","M","R","M","M","T","NM","M","M","?","AVR","R","B",null,"M","AVR","M","?","T","R","E","?","T","M","M","NM","M","M","R","B",null,"M","?","M","$","T","R","E","?","T","M","M","R","AVR","M","R","B",null,"M"],"character_chosen":"THE_DEFAULT","items_purchased":["theMarked:DeterminationOfTheMarked","theMarked:SwordAndMagic","theMarked:RepellingDischarge","theMarked:HeightenedSenses","Replay:Sssssssssstrike","theMarked:MagicAdept","Replay:SS_forest_6","Meat on the Bone","ReplayTheSpireMod:CursedCoin","Snack Pack","Gremlin Food","Replay:Wax Seal","theMarked:MysticalArsenal","hubris:EmptyBottle","theMarked:DeterminationOfTheMarked"],"campfire_rested":0,"item_purchase_floors":[0,0,10,10,10,27,27,41,63,63,63,70,70,106,106],"current_hp_per_floor":[63,63,62,41,41,25,30,25,25,25,25,25,25,25,25,17,75,67,67,67,67,67,60,60,67,67,67,72,72,72,82,82,82,62,62,62,51,51,51,51,62,62,62,62,62,62,62,62,62,43,62,62,62,62,62,62,62,60,60,60,60,60,62,62,62,62,62,62,62,62,62,62,62,62,62,62,62,33,37,41,41,41,41,43,64,64,64,64,64,64,64,64,64,64,64,64,64,64,64,64,64,64,64,53,57,64,64,64,64,64,64,64,64,64,64,64,64,64,64,64,64],"gold":191,"neow_bonus":"","is_daily":false,"chose_seed":false,"campfire_upgraded":14,"win_rate":0.0,"timestamp":1609281037,"path_taken":["M","?","M","?","M","E","?","M","T","$","R","?","R","$","R","BOSS","M","AVR","?","M","$","E","R","NM","T","$","M","?","M","?","R","BOSS","M","?","M","M","?","R","$","R","T","AVR","M","?","M","E","R","BOSS","M","M","M","M","AVR","R","?","?","T","M","NM","$","M","?","R","BOSS","M","$","?","?","M","R","M","M","T","NM","M","M","?","AVR","R","BOSS","M","AVR","M","?","?","R","E","?","T","M","M","NM","M","M","R","BOSS","M","?","M","?","?","R","E","?","T","?","M","R","AVR","M","R","BOSS","M"],"items_purchased_type":["Card","Card","Card","Card","Card","Card","Card","Relic","Relic","Relic","Relic","Relic","Card","Relic","Card"],"build_version":"2020-12-22","purchased_purges":2,"victory":false,"max_hp_per_floor":[70,70,70,70,70,70,75,75,75,75,75,75,75,75,75,75,75,75,75,75,75,75,75,75,82,82,82,82,82,82,82,82,82,62,62,62,62,62,62,62,62,62,62,62,62,62,62,62,62,62,62,62,62,62,62,62,62,62,62,62,62,62,62,62,62,62,62,62,62,62,62,62,62,62,62,62,62,64,64,64,64,64,64,64,64,64,64,64,64,64,64,64,64,64,64,64,64,64,64,64,64,64,64,64,64,64,64,64,64,64,64,64,64,64,64,64,64,64,64,64,64],"card_choices":[{"not_picked":["theMarked:SwordAndMagic","theMarked:ChainLightning"],"picked":"theMarked:ReduceFriction","floor":1.0},{"not_picked":["theMarked:Aftermath","theMarked:ChainLightning"],"picked":"theMarked:EmpowerWeapon","floor":3.0},{"not_picked":["theMarked:EnhanceMovement","theMarked:RogueSparks"],"picked":"theMarked:Reabsorb","floor":5.0},{"not_picked":["theMarked:Aftermath","theMarked:Parkour"],"picked":"theMarked:RogueSparks","floor":6.0},{"not_picked":["theMarked:ResourceFulStrike","theMarked:TwofoldDefense"],"picked":"theMarked:Indomitable","floor":8.0},{"not_picked":["theMarked:ResourceFulStrike","theMarked:Static"],"picked":"theMarked:WardOff","floor":12.0},{"not_picked":["theMarked:MuscleMemory","theMarked:ThrowWeapon"],"picked":"theMarked:SummonStrength","floor":16.0},{"not_picked":["theMarked:Parkour","theMarked:Aftermath+1"],"picked":"theMarked:TwofoldDefense","floor":18.0},{"not_picked":["theMarked:RepellingDischarge+1","theMarked:ElectricStrings"],"picked":"theMarked:SwordAndMagic+1","floor":21.0},{"not_picked":["theMarked:Convert","theMarked:PowerFlow"],"picked":"theMarked:Opportunist","floor":23.0},{"not_picked":["theMarked:Overcharge","theMarked:Electrocute"],"picked":"theMarked:EmpowerWeapon","floor":25.0},{"not_picked":["theMarked:Overthink+1","theMarked:WastefulDefense+1"],"picked":"theMarked:MaelstromOfLightning","floor":28.0},{"not_picked":["theMarked:MagicAdept","theMarked:ChainLightning"],"picked":"theMarked:SwordAndMagic","floor":30.0},{"not_picked":["theMarked:SuspiciousRaven","theMarked:SummonStrength"],"picked":"theMarked:Levitate","floor":33.0},{"not_picked":["theMarked:Parkour","theMarked:ResourceFulStrike"],"picked":"theMarked:ReduceFriction","floor":35.0},{"not_picked":["theMarked:HeightenedSenses+1","theMarked:Seal"],"picked":"theMarked:Improvise+1","floor":37.0},{"not_picked":["theMarked:WastefulAttack+1","theMarked:MysticalArsenal+1"],"picked":"theMarked:EnhanceMovement","floor":38.0},{"not_picked":["theMarked:Static+1","theMarked:ChainLightning+1","theMarked:WardOff"],"picked":"SKIP","floor":45.0},{"not_picked":["theMarked:Parkour+1","theMarked:DispelDoubt"],"picked":"theMarked:ElectricStrings","floor":47.0},{"not_picked":["theMarked:TunnelVision+1","theMarked:Parkour"],"picked":"theMarked:ComboAttacks+1","floor":48.0},{"not_picked":["theMarked:SuspiciousRaven","theMarked:Levitate"],"picked":"theMarked:SoldierForm","floor":50.0},{"not_picked":["theMarked:ResourceFulStrike","theMarked:Electrocute"],"picked":"theMarked:WastefulDefense","floor":52.0},{"not_picked":["theMarked:WastefulAttack","theMarked:RepellingDischarge"],"picked":"theMarked:BindingBlade","floor":53.0},{"not_picked":["theMarked:Reabsorb","theMarked:ResourceFulStrike","theMarked:ElectricStrings"],"picked":"SKIP","floor":54.0},{"not_picked":["theMarked:Aftermath","theMarked:Reabsorb","theMarked:SwordAndMagic"],"picked":"SKIP","floor":55.0},{"not_picked":["theMarked:SwordAndMagic","theMarked:ElectricStrings"],"picked":"theMarked:WastefulAttack","floor":58.0},{"not_picked":["theMarked:Electrify","theMarked:HeightenedSenses","theMarked:WastefulAttack"],"picked":"Sword Boomerang","floor":61},{"not_picked":["theMarked:SuspiciousRaven","theMarked:Convert","theMarked:Parkour","True Grit"],"picked":"SKIP","floor":62},{"not_picked":["theMarked:ResourceFulStrike","theMarked:SwordAndMagic","theMarked:Overthink","Rage"],"picked":"SKIP","floor":64},{"not_picked":["ReplayTheSpireMod:Book of Names","infinitespire:Gouge"],"picked":"infinitespire:Oblivion","floor":67},{"not_picked":["theMarked:WastefulAttack+1"],"picked":"Armaments","floor":69},{"not_picked":["theMarked:WardOff","Second Wind"],"picked":"SKIP","floor":73},{"not_picked":["theMarked:TunnelVision","Burning Pact"],"picked":"SKIP","floor":75},{"not_picked":["theMarked:Improvise+1"],"picked":"Life Link","floor":76},{"not_picked":["theMarked:DispelDoubt","Run Through"],"picked":"SKIP","floor":78},{"not_picked":["theMarked:Parkour"],"picked":"Armaments","floor":79},{"not_picked":["theMarked:DeterminationOfTheMarked","Carnage"],"picked":"SKIP","floor":80},{"not_picked":["Iron Wave"],"picked":"theMarked:ParalyzingBlade","floor":86},{"not_picked":["theMarked:EnhanceMovement","Run Through"],"picked":"SKIP","floor":88},{"not_picked":["theMarked:Static","Corruption"],"picked":"SKIP","floor":92},{"not_picked":["theMarked:Parkour","Whirlwind"],"picked":"SKIP","floor":95},{"not_picked":["Flex"],"picked":"theMarked:ParalyzingBlade","floor":96},{"not_picked":["theMarked:EmpowerWeapon+1"],"picked":"Replay:Undeath\u0027s Touch","floor":97},{"not_picked":["Iron Wave"],"picked":"theMarked:ChainLightning","floor":98},{"not_picked":["theMarked:Electrify+1","Armaments"],"picked":"SKIP","floor":99},{"not_picked":["Immolate"],"picked":"theMarked:BindingBlade","floor":101},{"not_picked":["theMarked:WardOff","Shrug It Off"],"picked":"SKIP","floor":103},{"not_picked":["theMarked:KeepCalmAndFightOn","Wild Strike"],"picked":"SKIP","floor":105},{"not_picked":["theMarked:Overthink","Battle Trance"],"picked":"SKIP","floor":109},{"not_picked":["theMarked:ChainLightning"],"picked":"Metallicize","floor":110},{"not_picked":["Thunderclap"],"picked":"theMarked:Indomitable","floor":112},{"not_picked":["theMarked:ShockingTouch","Armaments"],"picked":"SKIP","floor":113},{"not_picked":["theMarked:WardOff"],"picked":"Replay:Undeath\u0027s Touch","floor":116},{"not_picked":["theMarked:EternalStudent"],"picked":"Eclipse","floor":118}],"player_experience":816310,"relics_obtained":[{"floor":6.0,"key":"Whetstone"},{"floor":9.0,"key":"PreservedInsect"},{"floor":13.0,"key":"Omamori"},{"floor":15.0,"key":"Centennial Puzzle"},{"floor":23.0,"key":"ReplayTheSpireMod:TigerMarble"},{"floor":25.0,"key":"Strawberry"},{"floor":26.0,"key":"Replay:Rubber Ducky"},{"floor":29.0,"key":"hubris:TinFlute"},{"floor":32.0,"key":"FossilizedHelix"},{"floor":39.0,"key":"Ring of Greed"},{"floor":39.0,"key":"Golden Idol"},{"floor":39.0,"key":"MealTicket"},{"floor":39.0,"key":"Ring of Fangs"},{"floor":46.0,"key":"Replay:Mystery Machine"},{"floor":48.0,"key":"hubris:SlimyHat"},{"floor":58.0,"key":"Odd Mushroom"},{"floor":60.0,"key":"hubris:DisguiseKit"},{"floor":62,"key":"hubris:FunFungus"},{"floor":71,"key":"theMarked:DemonDagger"},{"floor":77,"key":"The Courier"},{"floor":78,"key":"Sundial"},{"floor":90,"key":"Bag of Preparation"},{"floor":91,"key":"Regal Pillow"},{"floor":92,"key":"hubris:DuctTape"},{"floor":94,"key":"Matryoshka"},{"floor":97,"key":"Thread and Needle"},{"floor":107,"key":"Nunchaku"},{"floor":107,"key":"Smiling Mask"},{"floor":109,"key":"infinitespire:FocusingShard"},{"floor":110,"key":"Replay:Arrowhead"},{"floor":111,"key":"hubris:MobiusCoin"},{"floor":111,"key":"infinitespire:Lucky Rock"}],"event_choices":[{"damage_healed":0.0,"max_hp_gain":0.0,"max_hp_loss":0.0,"gold_gain":1.0,"event_name":"betterThird:BetterScrap","player_choice":"Relic Relic ","floor":4.0,"gold_loss":0.0,"damage_taken":21.0,"cards_obtained":["Massacre"]},{"damage_healed":0.0,"max_hp_gain":5.0,"max_hp_loss":0.0,"gold_gain":0.0,"event_name":"Big Fish","player_choice":"Donut","floor":7.0,"gold_loss":0.0,"damage_taken":0.0},{"cards_removed":["theMarked:DeterminationOfTheMarked"],"damage_healed":10.0,"max_hp_gain":0.0,"max_hp_loss":0.0,"gold_gain":0.0,"event_name":"Bonfire Elementals","player_choice":"Offered Uncommon","floor":31.0,"gold_loss":0.0,"damage_taken":0.0},{"damage_healed":0.0,"max_hp_gain":0.0,"max_hp_loss":0.0,"gold_gain":0.0,"event_name":"Tomb of Lord Red Mask","player_choice":"Ignored","floor":36.0,"gold_loss":0.0,"damage_taken":0.0},{"damage_healed":0.0,"max_hp_gain":0.0,"max_hp_loss":0.0,"gold_gain":0.0,"event_name":"Mushrooms","player_choice":"Fought Mushrooms","floor":58.0,"gold_loss":0.0,"damage_taken":0.0},{"damage_healed":0.0,"max_hp_gain":0.0,"max_hp_loss":0.0,"gold_gain":0.0,"event_name":"Big Fish","player_choice":"Box","floor":59.0,"gold_loss":0.0,"damage_taken":0.0,"relics_obtained":["Blue Doll"],"cards_obtained":["Regret"]},{"cards_removed":["Voices","Sickly","hexamod:Haunted","Regret"],"damage_healed":0,"gold_gain":0,"player_choice":"Removed Curses","damage_taken":0,"max_hp_gain":0,"max_hp_loss":0,"event_name":"Fountain of Cleansing","floor":65,"gold_loss":0},{"damage_healed":0,"gold_gain":0,"player_choice":"Read","damage_taken":0,"max_hp_gain":0,"max_hp_loss":0,"event_name":"The Library","floor":72,"gold_loss":0,"cards_obtained":["theMarked:EnhancedHearing"]},{"damage_healed":0,"gold_gain":0,"player_choice":"Leave","damage_taken":0,"max_hp_gain":0,"max_hp_loss":0,"event_name":"conspire:Investor","floor":89,"gold_loss":0},{"damage_healed":0,"gold_gain":0,"player_choice":"Slimed","damage_taken":11,"max_hp_gain":1,"max_hp_loss":0,"event_name":"betterThird:BetterGoop","floor":104,"gold_loss":0}],"is_beta":false,"boss_relics":[{"not_picked":["conspire:RoyalGoblet","Ectoplasm"],"picked":"SlaversCollar"},{"not_picked":["hubris:TerracottaHorce","conspire:SeveredTorchhead"],"picked":"Replay:Drink Me"},{"not_picked":["Busted Crown","Replay:Bronze Core"],"picked":"Astrolabe"},{"not_picked":["Painkiller Herb","Replay:Wanted Poster"],"picked":"Busted Crown"},{"not_picked":["theMarked:BronzeBlade","hubris:Backtick"],"picked":"hubris:HollowSoul"},{"not_picked":["conspire:RoyalGoblet","SacredBark"],"picked":"Kintsugi"},{"not_picked":["conspire:SpecialSausage","Pandora\u0027s Box"],"picked":"infinitespire:Cupcake"}],"items_purged_floors":[63,115],"is_endless":true,"potions_floor_spawned":[3,5,12,16,21,23,35,45,47,48,50,52,55,58,61,67,75,76,80,92,97,99,101,105,110,112,116],"killed_by":"2 Thieves","ascension_level":0}}