{"host":"jyuuog6ydc2s7nd8","time":1609266061,"event":{"mods":["BaseMod","Better Vampires","Minty Spire (QoL Compilation)","Shop Mod","StSLib","The Hierophant","The Servant 0.9.4","TheBandit","[IsaacMod]ÒÔÈö¼âËþ"],"gold_per_floor":[111,186,206,206,206,206,250,250,250,283,283,327,327,196,196,292,280,304,319,194,212,337,376,376,389,415,448,448,448],"floor_reached":28,"playtime":854,"items_purged":["Strike_G","Defend_G","Strike_G"],"score":694,"play_id":"285174a5-7379-4d2e-a5b3-0219bbb1f15a","local_time":"20201230022101","is_ascension_mode":true,"campfire_choices":[{"data":"EpicFetus","floor":6.0,"key":"SMITH"},{"data":"Neutralize","floor":8.0,"key":"SMITH"},{"data":"Calculated Gamble","floor":11.0,"key":"SMITH"},{"data":"Prepared","floor":13.0,"key":"SMITH"},{"data":"Acrobatics","floor":15.0,"key":"SMITH"},{"data":"Backflip","floor":24.0,"key":"SMITH"}],"circlet_count":0,"master_deck":["AscendersBane","Strike_G","Strike_G","Strike_G","Defend_G","Defend_G","Defend_G","Defend_G+1","Survivor","Neutralize+1","EpicFetus+1","Underhanded Strike","Calculated Gamble+1","Prepared+1","Acrobatics+1","Backflip+1","Expertise+1"],"relics":["Ring of the Snake","HushsDoor","NeowsBlessing","BookOfRevelations","Golden Idol","TheBible","Blue Candle","PillsDrop","Tiny House","GuppysPaw","GuppysCollar","TuHaoJin","MealTicket","Ancient Tea Set"],"acts_visited":["Exordium","TheCity"],"potions_floor_usage":[],"damage_taken":[{"damage":0.0,"enemies":"2 Louse","floor":1.0,"turns":1.0},{"damage":0.0,"enemies":"Small Slimes","floor":3.0,"turns":1.0},{"damage":0.0,"enemies":"Lagavulin","floor":7.0,"turns":1.0},{"damage":6.0,"enemies":"Gremlin Nob","floor":10.0,"turns":3.0},{"damage":2.0,"enemies":"Lagavulin","floor":12.0,"turns":6.0},{"damage":0.0,"enemies":"Slime Boss","floor":16.0,"turns":10.0},{"damage":0.0,"enemies":"3 Byrds","floor":18.0,"turns":5.0},{"damage":0.0,"enemies":"Spheric Guardian","floor":19.0,"turns":4.0},{"damage":0.0,"enemies":"3 Cultists","floor":21.0,"turns":5.0},{"damage":3.0,"enemies":"Slavers","floor":23.0,"turns":4.0},{"damage":36,"enemies":"Sentry and Sphere","floor":25,"turns":6},{"damage":1,"enemies":"Book of Stabbing","floor":27,"turns":10},{"damage":0,"enemies":"Centurion and Healer","floor":28,"turns":2}],"seed_played":"2293552272544502174","potions_obtained":[{"floor":3.0,"key":"Swift Potion"},{"floor":12.0,"key":"DuplicationPotion"},{"floor":16.0,"key":"ColorlessPotion"},{"floor":18.0,"key":"Energy Potion"}],"is_trial":false,"path_per_floor":["M","?","M","?","?","R","E","R","T","E","R","E","R","$","R","B",null,"M","M","$","M","?","E","R","M","T","E","M"],"character_chosen":"THE_SILENT","items_purchased":["Acrobatics","GuppysPaw","GuppysCollar"],"campfire_rested":0,"item_purchase_floors":[14,17,17],"current_hp_per_floor":[59,48,48,25,25,25,25,25,25,19,19,17,17,17,17,17,42,42,42,42,42,42,39,39,3,3,2,2,2],"gold":448,"neow_bonus":"THREE_ENEMY_KILL","is_daily":false,"chose_seed":false,"campfire_upgraded":6,"win_rate":0.0,"timestamp":1609266061,"path_taken":["M","?","M","?","?","R","E","R","T","E","R","E","R","$","R","BOSS","M","M","$","M","?","E","R","?","T","E","M"],"items_purchased_type":["Card","Relic","Relic"],"build_version":"2020-12-22","purchased_purges":3,"victory":false,"max_hp_per_floor":[66,66,66,66,66,66,66,66,66,66,66,66,66,66,66,66,48,48,48,48,48,48,48,48,45,45,45,45,45],"card_choices":[{"not_picked":[],"picked":"EpicFetus","floor":0.0},{"not_picked":["Sucker Punch","Deflect","Dagger Spray"],"picked":"SKIP","floor":1.0},{"not_picked":["Bane","Backstab"],"picked":"Underhanded Strike","floor":3.0},{"not_picked":["Backstab","Riddle With Holes"],"picked":"Calculated Gamble","floor":7.0},{"not_picked":["After Image","Eviscerate"],"picked":"Prepared","floor":10.0},{"not_picked":["Setup","Calculated Gamble","Dagger Spray"],"picked":"SKIP","floor":12.0},{"not_picked":["Outmaneuver","Deadly Poison"],"picked":"Backflip","floor":18.0},{"not_picked":["Heel Hook","Acrobatics","Outmaneuver+1"],"picked":"SKIP","floor":19.0},{"not_picked":["Tools of the Trade","Setup","Blade Dance"],"picked":"SKIP","floor":21.0},{"not_picked":["Backstab","Flying Knee","PiercingWail"],"picked":"SKIP","floor":23.0},{"not_picked":["Deflect","Setup"],"picked":"Expertise+1","floor":25},{"not_picked":["Tools of the Trade","Underhanded Strike","Riddle With Holes"],"picked":"SKIP","floor":27}],"player_experience":1780056,"relics_obtained":[{"floor":7.0,"key":"TheBible"},{"floor":10.0,"key":"Blue Candle"},{"floor":12.0,"key":"PillsDrop"},{"floor":23.0,"key":"TuHaoJin"},{"floor":26,"key":"MealTicket"},{"floor":27,"key":"Ancient Tea Set"}],"event_choices":[{"damage_healed":0.0,"max_hp_gain":0.0,"max_hp_loss":0.0,"gold_gain":75.0,"event_name":"World of Goop","player_choice":"Gather Gold","floor":2.0,"gold_loss":0.0,"damage_taken":11.0},{"damage_healed":0.0,"max_hp_gain":0.0,"max_hp_loss":0.0,"gold_gain":0.0,"event_name":"Golden Idol","player_choice":"Take Damage","floor":4.0,"gold_loss":0.0,"damage_taken":23.0,"relics_obtained":["Golden Idol"]},{"damage_healed":0.0,"max_hp_gain":0.0,"max_hp_loss":0.0,"gold_gain":0.0,"event_name":"Scrap Ooze","player_choice":"Fled","floor":5.0,"gold_loss":0.0,"damage_taken":0.0}],"is_beta":false,"boss_relics":[{"not_picked":["Fusion Hammer","Ectoplasm"],"picked":"Tiny House"},{"not_picked":[]}],"items_purged_floors":[14,17,20],"is_endless":false,"potions_floor_spawned":[3,12,16,18,21],"killed_by":"Centurion and Healer","ascension_level":20}}