{"host":"8h3glbk9j4k4ylc4","time":1609253946,"event":{"mods":["AchievementEnabler","Act Like it!","BaseMod","Colored Map","Colored Powertips","Energized Spire","Gensokyo","Hallownest","Hermit","Hubris","Infinite Spire","Jorbs\u0027s Wanderer Trilogy","Lobotomy","Marisa????????","Minty Spire (QoL Compilation)","Replay The Spire","Somnambulant","StSLib","Td1madao Mod","The Bug Knight","The Judge"],"gold_per_floor":[115,115,65,65,75,106,106,106,106,137,137,137,137,148,148,250,250,268,367,380,290,316,316,334,334,358,358,358,375,375,393,393,501,501,519,138,149,108,140,140,211,226,226,253,253,253,294,13,13,13],"floor_reached":51,"playtime":2794,"items_purged":["hermit:Defend_Hermit","hermit:Strike_Hermit","hermit:Strike_Hermit+1"],"score":785,"play_id":"c9542476-cde3-4662-96f9-aed9ae4210c3","local_time":"20201229165906","is_ascension_mode":false,"campfire_choices":[{"data":"hermit:OverwhelmingPower","floor":11,"key":"SMITH"},{"floor":13,"key":"REST"},{"data":"hermit:Manifest","floor":15,"key":"SMITH"},{"floor":23,"key":"REST"},{"floor":25,"key":"REST"},{"floor":27,"key":"REST"},{"floor":32,"key":"REST"},{"floor":40,"key":"REST"},{"data":"hermit:BigShot","floor":45,"key":"SMITH"},{"data":"hermit:HeroicBravado","floor":49,"key":"SMITH"}],"circlet_count":0,"master_deck":["hermit:Defend_Hermit+1","hermit:Snapshot+1","hermit:Covet","hermit:WideOpen+1","hermit:Horror","hermit:OverwhelmingPower+1","hermit:Manifest+1","hermit:Dive+1","hermit:Reprieve+1","hermit:Scavenge+1","hermit:Quickdraw","hermit:LowProfile+1","hermit:FatalDesire","Pain","Decay","Doubt","hermit:DeadOrAlive","hermit:CalledShot+1","hermit:Malice+1","hermit:GhostlyPresence+1","hermit:Brawl","hermit:BigShot+1","hermit:EyeOfTheStorm","hermit:HeroicBravado+1","hermit:PistolWhip"],"relics":["hermit:ClaspedLocket","hubris:Towel","Gremlin Food","Chameleon Ring","Orichalcum","ReplayTheSpireMod:Lightbulb","Bag of Marbles","Du-Vu Doll","Replay:Ancient Bell","Tiny Chest","hubris:PeanutButter","Turnip","Strawberry","hubris:BundleOfHerbs","Ginger"],"acts_visited":["Exordium","TheCity","TheBeyond"],"potions_floor_usage":[10,10,16,16,33,33,44,47,47,50],"damage_taken":[{"damage":0.0,"enemies":"Small Slimes","floor":1.0,"turns":3.0},{"damage":3.0,"enemies":"Jaw Worm","floor":5.0,"turns":3.0},{"damage":24.0,"enemies":"3 Sentries","floor":6.0,"turns":12.0},{"damage":0,"enemies":"Gremlin Nob","floor":10,"turns":2},{"damage":1,"enemies":"2 Louse","floor":14,"turns":2},{"damage":48,"enemies":"The Guardian","floor":16,"turns":10},{"damage":18,"enemies":"Spheric Guardian","floor":18,"turns":4},{"damage":17,"enemies":"Snake Plant","floor":20,"turns":4},{"damage":19,"enemies":"3 Cultists","floor":22,"turns":5},{"damage":32,"enemies":"Sentry and Sphere","floor":24,"turns":8},{"damage":11,"enemies":"Snake Plant","floor":29,"turns":4},{"damage":8,"enemies":"Centurion and Healer","floor":31,"turns":5},{"damage":25,"enemies":"Champ","floor":33,"turns":13},{"damage":12,"enemies":"3 Darklings","floor":35,"turns":5},{"damage":14,"enemies":"Orb Walker","floor":37,"turns":4},{"damage":25,"enemies":"Jaw Worm Horde","floor":39,"turns":5},{"damage":18,"enemies":"HollowMod:StalkingDevout","floor":41,"turns":6},{"damage":12,"enemies":"Writhing Mass","floor":42,"turns":6},{"damage":7,"enemies":"3 Darklings","floor":44,"turns":5},{"damage":17,"enemies":"Jaw Worm Horde","floor":47,"turns":6},{"damage":83,"enemies":"Donu and Deca","floor":50,"turns":12}],"seed_played":"-2922498546327805596","potions_obtained":[{"floor":0.0,"key":"Weak Potion"},{"floor":0.0,"key":"Doom Potion"},{"floor":0.0,"key":"Fire Potion"},{"floor":6,"key":"hermit:BlackBile"},{"floor":10,"key":"Weak Potion"},{"floor":14,"key":"SkillPotion"},{"floor":22,"key":"Dexterity Potion"},{"floor":31,"key":"Dexterity Potion"},{"floor":39,"key":"Venom Potion"},{"floor":41,"key":"BlessingOfTheForge"},{"floor":44,"key":"SkillPotion"},{"floor":47,"key":"SkillPotion"}],"is_trial":false,"path_per_floor":["M","?","?","?","M","E","?","?","T","E","R","?","R","M","R","B",null,"M","?","M","?","M","R","M","R","T","R","?","M","AVR","M","R","B",null,"M","$","M","$","M","R","E","M","T","M","R","?","M","$","R","B",null],"character_chosen":"HERMIT","items_purchased":["hermit:DeadOrAlive","Strawberry","hermit:Malice","hermit:HeroicBravado","hermit:PistolWhip"],"campfire_rested":6,"item_purchase_floors":[36,36,38,48,48],"current_hp_per_floor":[75,80,80,80,77,53,53,53,53,53,53,41,65,64,64,16,80,62,62,45,45,26,50,18,42,42,66,66,55,55,47,71,46,80,68,75,73,73,59,85,69,71,71,76,76,76,73,73,73,2],"gold":13,"neow_bonus":"THREE_SMALL_POTIONS","is_daily":false,"chose_seed":false,"campfire_upgraded":4,"win_rate":0.0,"timestamp":1609253946,"path_taken":["M","?","?","?","M","E","?","?","T","E","R","?","R","M","R","BOSS","M","?","M","?","?","R","M","R","T","R","?","M","AVR","M","R","BOSS","M","$","M","?","?","R","E","M","T","M","R","?","M","$","R","BOSS"],"items_purchased_type":["Card","Relic","Card","Card","Card"],"build_version":"2020-12-22","purchased_purges":3,"victory":true,"max_hp_per_floor":[75,80,80,80,80,80,80,80,80,80,80,80,80,80,80,80,80,80,80,80,80,80,80,80,80,80,80,80,80,80,80,80,80,80,80,87,87,87,87,87,87,87,87,87,87,87,87,87,87,87],"card_choices":[{"not_picked":["hermit:Misfire","hermit:FullyLoaded"],"picked":"hermit:WideOpen","floor":1.0},{"not_picked":["hermit:Gestalt","hermit:Feint"],"picked":"hermit:Horror","floor":5.0},{"not_picked":["hermit:Glare","hermit:ItchyTrigger"],"picked":"hermit:OverwhelmingPower","floor":6},{"not_picked":["hermit:Cheat","hermit:TrackingShot"],"picked":"hermit:Manifest","floor":10},{"not_picked":["hermit:BodyArmor","hermit:ItchyTrigger"],"picked":"hermit:Dive","floor":14},{"not_picked":["hermit:FinalCanter","hermit:Purgatory"],"picked":"hermit:Reprieve","floor":16},{"not_picked":["hermit:Horror+1","hermit:Midnight","hermit:Glare"],"picked":"SKIP","floor":18},{"not_picked":["hermit:HoleUp","hermit:Coalescence+1"],"picked":"hermit:Scavenge+1","floor":20},{"not_picked":["hermit:Roulette","hermit:GoldenBullet+1"],"picked":"hermit:Quickdraw","floor":22},{"not_picked":["hermit:HoleUp+1","hermit:Dive+1","hermit:Roulette"],"picked":"SKIP","floor":24},{"not_picked":["hermit:Gambit","hermit:Dive"],"picked":"hermit:LowProfile+1","floor":29},{"not_picked":["hermit:Ricochet+1","hermit:Virtue"],"picked":"hermit:FatalDesire","floor":31},{"not_picked":["hubris:Envy","Replay:Sluggish"],"picked":"Pain","floor":34},{"not_picked":["hubris:Lust","hubris:Compulsion"],"picked":"Decay","floor":34},{"not_picked":["Parasite","ReplayTheSpireMod:Faulty Equipment"],"picked":"Doubt","floor":34},{"not_picked":["hermit:DeadMansHand","hermit:Roulette+1","hermit:HoleUp"],"picked":"SKIP","floor":35},{"not_picked":["hermit:Manifest","hermit:Coalescence"],"picked":"hermit:CalledShot+1","floor":37},{"not_picked":["hermit:WideOpen+1","hermit:SprayPray+1","hermit:Glare"],"picked":"SKIP","floor":39},{"not_picked":["hermit:Manifest","hermit:LowProfile"],"picked":"hermit:GhostlyPresence+1","floor":41},{"not_picked":["hermit:CalledShot+1","hermit:ItchyTrigger+1"],"picked":"hermit:Brawl","floor":42},{"not_picked":["hermit:Horror","hermit:Dive+1"],"picked":"hermit:BigShot","floor":44},{"not_picked":["hermit:Roulette+1","hermit:Shortfuse"],"picked":"hermit:EyeOfTheStorm","floor":47}],"player_experience":311325,"relics_obtained":[{"floor":6,"key":"Gremlin Food"},{"floor":9,"key":"Chameleon Ring"},{"floor":10,"key":"Orichalcum"},{"floor":26,"key":"Bag of Marbles"},{"floor":41,"key":"hubris:BundleOfHerbs"},{"floor":43,"key":"Ginger"}],"event_choices":[{"damage_healed":0.0,"max_hp_gain":5.0,"max_hp_loss":0.0,"gold_gain":0.0,"event_name":"Big Fish","player_choice":"Donut","floor":2.0,"gold_loss":0.0,"damage_taken":0.0},{"cards_removed":["hermit:Defend_Hermit"],"damage_healed":0.0,"max_hp_gain":0.0,"max_hp_loss":0.0,"gold_gain":0.0,"event_name":"The Cleric","player_choice":"Card Removal","floor":3.0,"gold_loss":50.0,"damage_taken":0.0},{"damage_healed":0,"gold_gain":0,"player_choice":"Success","damage_taken":12,"relics_obtained":["ReplayTheSpireMod:Lightbulb"],"max_hp_gain":0,"max_hp_loss":0,"event_name":"Scrap Ooze","floor":12,"gold_loss":0},{"damage_healed":0,"gold_gain":99,"player_choice":"Stole From Cult","damage_taken":0,"max_hp_gain":0,"max_hp_loss":0,"event_name":"Nest","floor":19,"gold_loss":0},{"cards_removed":["hermit:Strike_Hermit"],"damage_healed":0,"gold_gain":0,"player_choice":"Upgrade and Remove","damage_taken":0,"max_hp_gain":0,"max_hp_loss":0,"event_name":"Designer","floor":21,"gold_loss":90,"cards_upgraded":["hermit:Reprieve"]},{"cards_removed":["hermit:Strike_Hermit"],"damage_healed":0,"gold_gain":0,"player_choice":"Purged","damage_taken":0,"max_hp_gain":0,"max_hp_loss":0,"event_name":"Purifier","floor":28,"gold_loss":0},{"damage_healed":0,"gold_gain":0,"player_choice":"Ignored","damage_taken":0,"max_hp_gain":0,"max_hp_loss":0,"event_name":"Tomb of Lord Red Mask","floor":46,"gold_loss":0}],"is_beta":false,"boss_relics":[{"not_picked":["Ring of Chaos","Pandora\u0027s Box"],"picked":"hermit:ClaspedLocket"},{"not_picked":["Velvet Choker","Fusion Hammer"],"picked":"Replay:Ancient Bell"},{"not_picked":["Pet Ghost","Centennial Puzzle"],"picked":"Tiny Chest"},{"not_picked":["The Courier","infinitespire:Broken Mirror"],"picked":"hubris:PeanutButter"},{"not_picked":["Counterbalance","hubris:MedicalManual"],"picked":"Turnip"}],"items_purged_floors":[30,36,48],"is_endless":false,"potions_floor_spawned":[6,10,14,22,31,39,41,44,47],"ascension_level":0}}