{"host":"grli52lbdph2722t","time":1609206745,"event":{"mods":["AchievementEnabler","BaseMod","Downfall","Minty Spire (QoL Compilation)","Quick Restart","StSLib"],"gold_per_floor":[99,137,137,137,32,32,32,67,107,107,107],"floor_reached":10,"playtime":321,"items_purged":[],"score":128,"play_id":"1214abec-aeb6-4004-a349-06bec973bd22","local_time":"20201229025225","is_ascension_mode":true,"campfire_choices":[{"floor":1,"key":"RECALL"},{"floor":6,"key":"REST"}],"circlet_count":0,"master_deck":["AscendersBane","sneckomod:Strike","sneckomod:Strike","sneckomod:Defend","sneckomod:Defend","sneckomod:Defend","sneckomod:TailWhip","sneckomod:SnekBite","sneckomod:Unknown","sneckomod:Unknown","sneckomod:Nope","sneckomod:UnknownRareAttack","sneckomod:MasterEye","hexamod:Haunted","sneckomod:UnknownRareAttack"],"relics":["Cursed Key","Ornamental Fan","WingedGreaves","Boot"],"acts_visited":[],"potions_floor_usage":[10],"damage_taken":[{"damage":8,"enemies":"Small Slimes","floor":2,"turns":4},{"damage":0,"enemies":"downfall:FleeingMerchant","floor":5,"turns":4},{"damage":35,"enemies":"Gremlin Nob","floor":8,"turns":4},{"damage":0,"enemies":"2 Louse","floor":9,"turns":4},{"damage":25,"enemies":"Lagavulin","floor":10,"turns":4}],"seed_played":"2866736348293876253","potions_obtained":[{"floor":2,"key":"Regen Potion"},{"floor":8,"key":"PowerPotion"}],"is_trial":false,"path_per_floor":["R","M","?","?","$","R","T","E","M","E"],"character_chosen":"THE_SNECKO","items_purchased":["sneckomod:MasterEye"],"campfire_rested":1,"item_purchase_floors":[5],"current_hp_per_floor":[75,67,67,22,22,46,46,11,11,0,0],"gold":107,"neow_bonus":"BOSS_RELIC","is_daily":false,"chose_seed":false,"campfire_upgraded":0,"win_rate":0.0,"timestamp":1609206745,"path_taken":["R","M","?","?","?","R","T","E","?","E"],"items_purchased_type":["Card"],"build_version":"2020-12-22","purchased_purges":0,"victory":false,"max_hp_per_floor":[83,83,83,83,83,83,83,83,83,83,83],"card_choices":[{"not_picked":["sneckomod:SoulRoll","sneckomod:UnknownClassHEXA_GHOST_PURPLE"],"picked":"sneckomod:Nope","floor":2},{"not_picked":["sneckomod:UnknownCommonAttack","sneckomod:WideSting"],"picked":"sneckomod:UnknownRareAttack","floor":5},{"not_picked":["sneckomod:DiceBlock","sneckomod:UnknownClassRED"],"picked":"sneckomod:UnknownRareAttack","floor":8},{"not_picked":["sneckomod:UnknownCommonAttack","sneckomod:QuickMove","sneckomod:DiceCrush"],"picked":"SKIP","floor":9}],"player_experience":4912164,"relics_obtained":[{"floor":7,"key":"WingedGreaves"},{"floor":8,"key":"Boot"}],"event_choices":[{"cards_removed":["sneckomod:Strike"],"damage_healed":0,"gold_gain":0,"player_choice":"Card Removal","damage_taken":0,"max_hp_gain":0,"max_hp_loss":0,"event_name":"The Cleric","floor":3,"gold_loss":0},{"damage_healed":0,"gold_gain":0,"player_choice":"Success","damage_taken":45,"relics_obtained":["Ornamental Fan"],"max_hp_gain":0,"max_hp_loss":0,"event_name":"Scrap Ooze","floor":4,"gold_loss":0}],"is_beta":false,"boss_relics":[],"items_purged_floors":[],"is_endless":false,"potions_floor_spawned":[2,8],"killed_by":"Lagavulin","ascension_level":20}}