{"host":"zpql4quw4g2j1hsh","time":1609221468,"event":{"mods":["Act Like it!","BaseMod","Better-Laid Plans","Challenge The Spire","Decade(王小明)","Lobotomy","LobotomyExtend","Minty Spire (QoL Compilation)","Permanent Neow","Quick Restart","Relic Stats","Spicy Shops","StSLib","SuperFastMode","【遗物卡牌】REMEMod","篝火指南"],"gold_per_floor":[213,213,228,228,228,228,242,258,282,282,296,296,315,334,334,431,431,443,460,410,421,7,7,7,22,48,78,90,120,143,155,167,277,289,314,426,458,487,548,560,599,611,623,635,87,87,107,118,118,118],"floor_reached":51,"playtime":2854,"items_purged":[],"score":698,"play_id":"175529d3-5faa-446e-b640-cf31a9874a58","local_time":"20201229135748","is_ascension_mode":false,"campfire_choices":[{"data":"REME_EyeOfCthun","floor":6,"key":"SMITH"},{"data":"FormRideTitan","floor":10,"key":"SMITH"},{"floor":15,"key":"REST"},{"data":"DecadeViolentEmotion","floor":23,"key":"SMITH"},{"data":"REME_EyeOfCthun","floor":32,"key":"SMITH"},{"data":"FormRideAxel","floor":40,"key":"SMITH"},{"floor":42,"key":"REST"},{"floor":46,"key":"REST"},{"data":"Burst","floor":49,"key":"SMITH"}],"circlet_count":0,"master_deck":["Decade_Attack+1","Decade_Attack+1","Decade_Attack+1","Decade_Attack+1","KamenRide","Decade_Defend+1","Decade_Defend+1","Decade_Defend+1","Decade_Defend+1","UnarmedAttack5","KamenRideKuuga+1","REME_EyeOfCthun+1","FormRideAxel+1","FormRideTitan+1","UnarmedAttack1","Decade_Defend3","DecadeViolentEmotion+1","FormRideDragon+1","AttackRide+1","REME_EyeOfCthun+1","DecadeViolentEmotion","Kiva_Bats+1","Decade_Illusion+1","The Bomb","BootSequence","Hello World","Stack+1","Pommel Strike","Burst+1","WindmillStrike","Infinite Blades+1"],"relics":["Decadriver","TOEIDeficitBill","REME_ComplimentaryCards","Ancient Tea Set","Bottled Lightning","Snecko Eye","LetterFromLob","Lee\u0027s Waffle","Orichalcum","MawBank","MutagenicStrength","REME_DuelDisc","Calipers","Bronze Scales","FossilizedHelix","REME_HourglassOfDeath","PrismaticShard","Orrery"],"acts_visited":["Exordium","TheCity","TheBeyond"],"potions_floor_usage":[41,41],"damage_taken":[{"damage":3,"enemies":"Cultist","floor":1,"turns":5},{"damage":0,"enemies":"2 Louse","floor":3,"turns":3},{"damage":6,"enemies":"Jaw Worm","floor":7,"turns":2},{"damage":17,"enemies":"Exordium Thugs","floor":8,"turns":3},{"damage":8,"enemies":"Exordium Wildlife","floor":11,"turns":2},{"damage":1,"enemies":"Looter","floor":13,"turns":1},{"damage":15,"enemies":"Blue Slaver","floor":14,"turns":3},{"damage":71,"enemies":"Hexaghost","floor":16,"turns":13},{"damage":12,"enemies":"3 Byrds","floor":18,"turns":4},{"damage":0,"enemies":"Chosen","floor":19,"turns":3},{"damage":16,"enemies":"3 Cultists","floor":21,"turns":3},{"damage":29,"enemies":"Snake Plant","floor":25,"turns":2},{"damage":8,"enemies":"Centurion and Healer","floor":27,"turns":2},{"damage":6,"enemies":"Shelled Parasite and Fungi","floor":29,"turns":4},{"damage":1,"enemies":"Snecko","floor":30,"turns":3},{"damage":26,"enemies":"Collector","floor":33,"turns":9},{"damage":0,"enemies":"Orb Walker","floor":35,"turns":3},{"damage":2,"enemies":"3 Shapes","floor":37,"turns":2},{"damage":0,"enemies":"Maw","floor":38,"turns":4},{"damage":21,"enemies":"2 Orb Walkers","floor":39,"turns":4},{"damage":62,"enemies":"Nemesis","floor":41,"turns":3},{"damage":0,"enemies":"Writhing Mass","floor":47,"turns":5},{"damage":0,"enemies":"3 Darklings","floor":48,"turns":3},{"damage":62,"enemies":"Time Eater","floor":50,"turns":16}],"seed_played":"-759633850460491826","potions_obtained":[{"floor":3,"key":"ColorlessPotion"},{"floor":7,"key":"Weak Potion"},{"floor":11,"key":"SteroidPotion"},{"floor":14,"key":"Swift Potion"},{"floor":19,"key":"Fire Potion"},{"floor":38,"key":"DistilledChaos"},{"floor":47,"key":"Ancient Potion"},{"floor":48,"key":"FearPotion"}],"is_trial":false,"path_per_floor":["M","$","M","?","?","R","M","M","T","R","M","T","M","M","R","B",null,"M","M","?","M","$","R","T","M","T","M","?","M","M","?","R","B",null,"M","?","M","M","?","R","E","R","T","?","$","R","M","M","R","B",null],"character_chosen":"Decade","items_purchased":["REME_EyeOfCthun","Lee\u0027s Waffle","REME_HourglassOfDeath","PrismaticShard","Orrery"],"campfire_rested":3,"item_purchase_floors":[22,22,45,45,45],"current_hp_per_floor":[67,67,67,67,67,67,64,57,57,57,54,54,53,47,68,11,70,66,70,70,61,77,77,77,53,53,50,50,56,65,65,65,73,77,77,77,76,77,66,66,13,36,36,36,36,59,77,77,77,39],"gold":118,"neow_bonus":"HUNDRED_GOLD","is_daily":false,"chose_seed":false,"campfire_upgraded":6,"win_rate":0.0,"timestamp":1609221468,"path_taken":["M","?","M","?","?","R","M","?","T","R","M","?","M","M","R","BOSS","M","M","?","M","?","R","?","M","T","M","?","?","M","?","R","BOSS","M","?","?","M","?","R","E","R","T","?","$","R","M","M","R","BOSS"],"items_purchased_type":["Card","Relic","Relic","Relic","Relic"],"build_version":"2020-12-22","purchased_purges":0,"victory":true,"max_hp_per_floor":[70,70,70,70,70,70,70,70,70,70,70,70,70,70,70,70,70,70,70,70,70,77,77,77,77,77,77,77,77,77,77,77,77,77,77,77,77,77,77,77,77,77,77,77,77,77,77,77,77,77],"relic_stats":{"Lee\u0027s Waffle":16,"counters":[24,102],"Bronze Scales":[99],"Snecko Eye":[92,114,119,119],"Orichalcum":[84],"MawBank":228,"obtain_stats":[{"Lee\u0027s Waffle":22,"Calipers":39,"Decadriver":0,"REME_DuelDisc":34,"TOEIDeficitBill":0,"Orichalcum":24,"Ancient Tea Set":9,"MawBank":26,"PrismaticShard":45,"REME_HourglassOfDeath":45,"MutagenicStrength":28,"Bronze Scales":41,"Snecko Eye":17,"Orrery":45,"LetterFromLob":21,"Bottled Lightning":12,"FossilizedHelix":43,"REME_ComplimentaryCards":0},{"Lee\u0027s Waffle":11,"Calipers":20,"Decadriver":0,"REME_DuelDisc":16,"TOEIDeficitBill":0,"Orichalcum":11,"Ancient Tea Set":4,"MawBank":12,"PrismaticShard":21,"REME_HourglassOfDeath":21,"MutagenicStrength":13,"Bronze Scales":21,"Snecko Eye":8,"Orrery":21,"LetterFromLob":11,"Bottled Lightning":5,"FossilizedHelix":21,"REME_ComplimentaryCards":0},{"Lee\u0027s Waffle":42,"Calipers":75,"Decadriver":0,"REME_DuelDisc":62,"TOEIDeficitBill":0,"Orichalcum":42,"Ancient Tea Set":13,"MawBank":44,"PrismaticShard":78,"REME_HourglassOfDeath":78,"MutagenicStrength":46,"Bronze Scales":78,"Snecko Eye":32,"Orrery":78,"LetterFromLob":42,"Bottled Lightning":15,"FossilizedHelix":78,"REME_ComplimentaryCards":0}]},"card_choices":[{"not_picked":["DenO_Sword","Blade_Kick"],"picked":"UnarmedAttack5","floor":1},{"not_picked":["RideBooker","UnarmedAttack4"],"picked":"KamenRideKuuga","floor":3},{"not_picked":["UnarmedAttack7","Hibiki_Attack1"],"picked":"FormRideTitan","floor":7},{"not_picked":["Decade_Defend2","Hibiki_Attack2"],"picked":"UnarmedAttack1","floor":13},{"not_picked":["Decade_Dash2","Decade_Invisible"],"picked":"Decade_Defend3","floor":14},{"not_picked":["DenO_Climax","Kiva_Eat"],"picked":"DecadeViolentEmotion","floor":16},{"not_picked":["Blade_Beat+1","Hibiki_Attack1+1"],"picked":"FormRideDragon+1","floor":18},{"not_picked":["DenO_Ax","PrometheusPower+1"],"picked":"AttackRide+1","floor":19},{"not_picked":["Hibiki_FEVER","Kiva_Swallow"],"picked":"DecadeViolentEmotion","floor":33},{"not_picked":["AttackRide+1","Hibiki_Attack1+1"],"picked":"Kiva_Bats+1","floor":35},{"not_picked":["Kiva_Bats","Hibiki_Attack2"],"picked":"Decade_Illusion+1","floor":37},{"not_picked":["Purity","Dramatic Entrance"],"picked":"The Bomb","floor":44},{"not_picked":["Rage","Body Slam"],"picked":"BootSequence","floor":45},{"not_picked":["REME_FearOfPain+1","Perfected Strike"],"picked":"Hello World","floor":45},{"not_picked":["Study","EmptyBody"],"picked":"Stack+1","floor":45},{"not_picked":["Noise","KamenRideKiva+1"],"picked":"Pommel Strike","floor":45},{"not_picked":["Cleave+1","DenO_Ax+1"],"picked":"Burst","floor":45},{"not_picked":["UnarmedAttack5","REME_Repentance+1"],"picked":"WindmillStrike","floor":47},{"not_picked":["Barrage","UnarmedAttack5+1"],"picked":"Infinite Blades+1","floor":48}],"player_experience":19587,"relics_obtained":[{"floor":9,"key":"Ancient Tea Set"},{"floor":12,"key":"Bottled Lightning"},{"floor":21,"key":"LetterFromLob"},{"floor":24,"key":"Orichalcum"},{"floor":26,"key":"MawBank"},{"floor":39,"key":"Calipers"},{"floor":41,"key":"Bronze Scales"},{"floor":43,"key":"FossilizedHelix"}],"event_choices":[{"damage_healed":0,"gold_gain":0,"player_choice":"Grow","damage_taken":0,"max_hp_gain":0,"max_hp_loss":0,"event_name":"Living Wall","floor":4,"gold_loss":0,"cards_upgraded":["KamenRideKuuga"]},{"damage_healed":0,"gold_gain":0,"cards_transformed":["Decade_SpecialSkill"],"player_choice":"Transformed","damage_taken":0,"max_hp_gain":0,"max_hp_loss":0,"event_name":"Transmorgrifier","floor":5,"gold_loss":0,"cards_obtained":["FormRideAxel"]},{"damage_healed":0,"gold_gain":0,"player_choice":"Bet on Murderer","damage_taken":0,"max_hp_gain":0,"max_hp_loss":0,"event_name":"The Joust","floor":20,"gold_loss":50},{"damage_healed":0,"gold_gain":0,"player_choice":"Inject Mutagens","damage_taken":0,"relics_obtained":["MutagenicStrength"],"max_hp_gain":0,"max_hp_loss":0,"event_name":"Drug Dealer","floor":28,"gold_loss":0},{"damage_healed":0,"gold_gain":0,"player_choice":"Simplicity","damage_taken":0,"max_hp_gain":0,"max_hp_loss":0,"event_name":"Back to Basics","floor":31,"gold_loss":0,"cards_upgraded":["Decade_Attack","Decade_Attack","Decade_Attack","Decade_Attack","Decade_Defend","Decade_Defend","Decade_Defend","Decade_Defend"]},{"damage_healed":0,"gold_gain":100,"player_choice":"Pray","damage_taken":0,"max_hp_gain":0,"max_hp_loss":0,"event_name":"Golden Shrine","floor":36,"gold_loss":0},{"damage_healed":0,"gold_gain":0,"player_choice":"Fight","damage_taken":0,"max_hp_gain":0,"max_hp_loss":0,"event_name":"Mysterious Sphere","floor":39,"gold_loss":0},{"damage_healed":0,"gold_gain":0,"player_choice":"Memory 1","damage_taken":0,"max_hp_gain":0,"max_hp_loss":0,"event_name":"SensoryStone","floor":44,"gold_loss":0}],"is_beta":false,"boss_relics":[{"not_picked":["Fusion Hammer","Empty Cage"],"picked":"Snecko Eye"},{"not_picked":["Black Star","Cursed Key"],"picked":"REME_DuelDisc"}],"items_purged_floors":[],"is_endless":false,"potions_floor_spawned":[3,7,11,14,19,25,27,29,30,38,47,48],"ascension_level":0}}