{"host":"7vidw0fny0glz923","time":1609263450,"event":{"mods":["ATMod(°¢èªMod)","Act Like it!","BaseMod","Challenge The Spire","Downfall","Friendly Minions","HololiveMod","KinomotoSakuraMod(Ä¾Ö®±¾Ó£)","Kiyohime£¨Çå¼§£©","KomeijiMod","Lobotomy","LobotomyExtend","Marisa£¨ìFÓê¡¡Ä§ÀíÉ³£©","Minty Spire (QoL Compilation)","MostiFishMod","Pale of the Ancients","READ ME - Guardian Mod","Reimu£¨²©ÀöÁéÃÎ£©","Remilia£¨ÀÙÃ×ÀòÑÇ£©","Replay The Spire","RumiaBox-Â¶Ã×æ«µÄÉñÃØºÐ×Ó","Shop Mod","StSLib","TestMod","The Cursed","The Hierophant","The Jungle","The Poker Player","The Servant 0.9.4","Yakumo Yukari mod","Youmu£¨»êÆÇÑýÃÎ£©","[µØ¾«Ê×ÁìÅÀËþ]The Maniac","¡¾ÒÅÎï¿¨ÅÆ¡¿REMEMod"],"gold_per_floor":[111,111,71,84,96,96,228,246,246,259,259,272,289,214,214,315,315,326,172,172,25,41,70,84,84,134,134,134],"floor_reached":27,"playtime":1222,"items_purged":["testmod-RabbitOfFibonacci"],"score":260,"play_id":"c8e862d1-5322-4d1a-acff-188850343b9f","local_time":"20201229173730","is_ascension_mode":false,"campfire_choices":[{"data":"GreenStem","floor":6,"key":"SMITH"},{"data":"Twilight","floor":11,"key":"SMITH"},{"data":"Regret_ego","floor":25,"key":"SMITH"}],"circlet_count":0,"master_deck":["SpecialBullet","SpecialBullet","SpecialBullet","SpecialBullet","SpecialBullet","SpecialBullet","SpecialBullet","SpecialBullet","SecurityCode","TrainingCode","WelfareCode","AT_FamilyPortrait","Creative AI+1","MagicBullet","Harvest","GreenStem+1","WristCuter","Twilight+1","Moonlight","Mimicry","SpecialBullet","CENSORED_ego+1","Spore+1","CentralCode","DespairKnight","SnowQueen","Regret_ego+1","FeatherOfHonor+1"],"relics":["CogitoBucket","RabbitCall","testmod-TestBox","DaveBox","REME_ComplimentaryCards","AT_ATBox","testmod-InjuryResistance","ChiXiaoBlade","SynthV:TestCard","LetterFromLob","ThirstyCross","PaintedHorse:ReiMu","RedMistMask","Tiny Chest","BehaviorAdjustment","testmod-BloodSacrificeSpiritualization","ClockworkSouvenir","ChiLing","Chi","Ling","AspirationHeart","testmod-CasingShield","Orichalcum"],"acts_visited":["Exordium","TheCity"],"potions_floor_usage":[27],"damage_taken":[{"damage":14,"enemies":"2 Louse","floor":1,"turns":2},{"damage":0,"enemies":"Jaw Worm","floor":4,"turns":1},{"damage":6,"enemies":"Small Slimes","floor":5,"turns":2},{"damage":33,"enemies":"Replay:BlueRogue","floor":7,"turns":5},{"damage":9,"enemies":"2 Fungi Beasts","floor":8,"turns":2},{"damage":27,"enemies":"3 Louse","floor":10,"turns":6},{"damage":10,"enemies":"Red Slaver","floor":12,"turns":2},{"damage":0,"enemies":"2 Fungi Beasts","floor":13,"turns":1},{"damage":22,"enemies":"The Guardian","floor":16,"turns":6},{"damage":4,"enemies":"Shell Parasite","floor":18,"turns":2},{"damage":17,"enemies":"Chosen","floor":22,"turns":6},{"damage":9,"enemies":"Replay:Snechameleon","floor":23,"turns":3},{"damage":16,"enemies":"Snake Plant","floor":24,"turns":3},{"damage":115,"enemies":"Gremlin Leader","floor":27,"turns":3}],"seed_played":"2335287597994434447","potions_obtained":[{"floor":4,"key":"Swift Potion"},{"floor":5,"key":"Languid Potion"},{"floor":8,"key":"BlessingOfTheForge"}],"is_trial":false,"path_per_floor":["M","?","?","M","M","R","E","M","T","M","R","M","M","$","R","B",null,"M","$","?","$","M","E","M","R","T","E"],"character_chosen":"Angela","items_purchased":["ClockworkSouvenir","ChiLing"],"campfire_rested":0,"item_purchase_floors":[19,21],"current_hp_per_floor":[64,64,64,70,70,70,48,53,53,41,41,47,61,61,61,55,70,70,70,70,70,77,80,64,64,64,0,0],"gold":134,"neow_bonus":"RANDOM_COLORLESS","is_daily":false,"chose_seed":false,"campfire_upgraded":3,"win_rate":0.0,"timestamp":1609263450,"path_taken":["M","?","?","M","?","R","E","M","T","M","R","M","M","$","R","BOSS","M","$","?","$","M","E","M","R","T","E"],"items_purchased_type":["Relic","Relic"],"build_version":"2020-12-22","purchased_purges":1,"victory":false,"max_hp_per_floor":[70,70,70,70,70,70,70,70,70,70,70,70,70,70,70,70,70,70,70,70,70,80,80,80,80,80,80,80],"card_choices":[{"not_picked":["expansioncontent:DefensiveStance","REME_TheoryOfElimination"],"picked":"testmod-RabbitOfFibonacci","floor":0},{"not_picked":["Tough"],"picked":"MagicBullet","floor":1},{"not_picked":["ShedSkin","Loneliness","FourthMatchFlame"],"picked":"Harvest","floor":4},{"not_picked":["CherryBlossom","CUTE","Soda"],"picked":"GreenStem","floor":5},{"not_picked":["ShedSkin","CUTE","Horn"],"picked":"WristCuter","floor":7},{"not_picked":["SolemnVow","Tough","MagicBullet"],"picked":"Twilight","floor":8},{"not_picked":["Loneliness","RedEyes","Tough","Beak"],"picked":"SKIP","floor":10},{"not_picked":["Harvest","RedEyes","RapturousDream"],"picked":"Moonlight","floor":12},{"not_picked":["Hypocrisy","BloodyDesire","Harmony"],"picked":"Mimicry","floor":13},{"not_picked":["Justitia","Adoration","Pinks"],"picked":"CENSORED_ego","floor":16},{"not_picked":["FourthMatchFlame+1","Lantern","Harvest+1"],"picked":"Spore+1","floor":18},{"not_picked":["ShyLook","Rudolta"],"picked":"DespairKnight","floor":22},{"not_picked":["Horn","RapturousDream","Lamp","GreenStem+1"],"picked":"SKIP","floor":22},{"not_picked":["GreedKing","LongBird"],"picked":"SnowQueen","floor":23},{"not_picked":["Noise","Horn","InTheNameOfLoveAndHate"],"picked":"Regret_ego","floor":23},{"not_picked":["CENSORED_ego","Penitence","Hypocrisy"],"picked":"FeatherOfHonor+1","floor":24}],"player_experience":913736,"relics_obtained":[{"floor":1,"key":"SynthV:TestCard"},{"floor":1,"key":"LetterFromLob"},{"floor":7,"key":"RedMistMask"},{"floor":7,"key":"Tiny Chest"},{"floor":23,"key":"testmod-CasingShield"},{"floor":26,"key":"Orichalcum"}],"event_choices":[{"damage_healed":0,"gold_gain":0,"player_choice":"ÈûÇ®","damage_taken":0,"relics_obtained":["PaintedHorse:ReiMu"],"max_hp_gain":0,"max_hp_loss":0,"event_name":"yidonshenshe","floor":3,"gold_loss":40}],"is_beta":false,"boss_relics":[{"not_picked":["Tiny House","EasyGame_NEW"],"picked":"testmod-BloodSacrificeSpiritualization"}],"items_purged_floors":[14],"is_endless":false,"potions_floor_spawned":[4,5,8,12,24],"killed_by":"Gremlin Leader","ascension_level":0}}