{"host":"k7udt7atmcuzf6l0","time":1609248742,"event":{"mods":["AchievementEnabler","BaseMod","Colored Map","Colored Powertips","Highlight Path","Minty Spire (QoL Compilation)","Quick Restart","Rare Cards Sparkle","StSLib","UnlockEverythingMod"],"gold_per_floor":[112,129,142,142,142,142,174,31,82,101,101,118,118,135,135,236,236,256,270,26,36,47,74,88,88,115,157,169,201,223,247,259,372,384,411,423,452,92,138,170,186,186,186,186,236,246,246,256,256,256,256],"floor_reached":50,"playtime":1925,"items_purged":["Pain"],"score":548,"play_id":"979122c6-9567-4861-af8e-0195613bca2f","local_time":"20201229213222","is_ascension_mode":false,"campfire_choices":[{"data":"Inflame","floor":6.0,"key":"SMITH"},{"data":"Berserk","floor":11.0,"key":"SMITH"},{"data":"Battle Trance","floor":13.0,"key":"SMITH"},{"data":"Pommel Strike","floor":15.0,"key":"SMITH"},{"floor":25.0,"key":"REST"},{"floor":28.0,"key":"REST"},{"data":"Double Tap","floor":32.0,"key":"SMITH"},{"floor":44,"key":"REST"},{"floor":49,"key":"REST"}],"circlet_count":0,"master_deck":["Strike_R","Strike_R","Strike_R","Strike_R","Strike_R","Defend_R+1","Defend_R","Defend_R+1","Defend_R","Bash","Sword Boomerang+1","Inflame+1","Berserk+1","Battle Trance+1","Pommel Strike+1","Uppercut+1","Heavy Blade+1","Reaper","Havoc+1","Flex+1","Double Tap+1","Burning Pact","Shockwave","Clash","Sentinel+1","Whirlwind","Burning Pact+1","Armaments+1","Enlightenment","Seeing Red+1","Dual Wield+1","Offering","Flex+1"],"relics":["Burning Blood","NeowsBlessing","WarpedTongs","Lantern","Strawberry","Black Star","Orrery","Matryoshka","Regal Pillow","MawBank","Blood Vial","Omamori","Happy Flower","Sozu","Ancient Tea Set","Frozen Eye","Bird Faced Urn","HornCleat","Bronze Scales","War Paint","Meat on the Bone","Ginger"],"acts_visited":["Exordium","TheCity","TheBeyond"],"potions_floor_usage":[42],"damage_taken":[{"damage":0.0,"enemies":"Cultist","floor":1.0,"turns":1.0},{"damage":0.0,"enemies":"2 Louse","floor":2.0,"turns":1.0},{"damage":0.0,"enemies":"Jaw Worm","floor":3.0,"turns":1.0},{"damage":31.0,"enemies":"Lagavulin","floor":7.0,"turns":4.0},{"damage":2.0,"enemies":"Looter","floor":10.0,"turns":2.0},{"damage":10.0,"enemies":"Blue Slaver","floor":12.0,"turns":2.0},{"damage":0.0,"enemies":"2 Fungi Beasts","floor":14.0,"turns":2.0},{"damage":8.0,"enemies":"Slime Boss","floor":16.0,"turns":8.0},{"damage":4.0,"enemies":"Shell Parasite","floor":18.0,"turns":3.0},{"damage":11.0,"enemies":"3 Byrds","floor":19.0,"turns":5.0},{"damage":40.0,"enemies":"3 Cultists","floor":21.0,"turns":5.0},{"damage":16.0,"enemies":"Cultist and Chosen","floor":22.0,"turns":4.0},{"damage":82.0,"enemies":"Gremlin Leader","floor":23.0,"turns":5.0},{"damage":20.0,"enemies":"Centurion and Healer","floor":24.0,"turns":4.0},{"damage":25.0,"enemies":"Slavers","floor":27.0,"turns":4.0},{"damage":18.0,"enemies":"3 Cultists","floor":29.0,"turns":4.0},{"damage":0.0,"enemies":"Snecko","floor":30.0,"turns":3.0},{"damage":16.0,"enemies":"Shelled Parasite and Fungi","floor":31.0,"turns":4.0},{"damage":57.0,"enemies":"Champ","floor":33.0,"turns":7.0},{"damage":0.0,"enemies":"Orb Walker","floor":35.0,"turns":1.0},{"damage":26.0,"enemies":"3 Darklings","floor":37.0,"turns":3.0},{"damage":53.0,"enemies":"2 Orb Walkers","floor":39.0,"turns":4.0},{"damage":20.0,"enemies":"Giant Head","floor":40.0,"turns":6.0},{"damage":11.0,"enemies":"Spire Growth","floor":41.0,"turns":2.0},{"damage":73,"enemies":"Reptomancer","floor":42,"turns":4},{"damage":18,"enemies":"Mind Bloom Boss Battle","floor":45,"turns":6},{"damage":0,"enemies":"Maw","floor":46,"turns":4},{"damage":45,"enemies":"Writhing Mass","floor":48,"turns":5},{"damage":115,"enemies":"Awakened One","floor":50,"turns":7}],"seed_played":"6539744342191189437","potions_obtained":[{"floor":2.0,"key":"Swift Potion"},{"floor":7.0,"key":"BlessingOfTheForge"},{"floor":16.0,"key":"Energy Potion"},{"floor":19.0,"key":"Block Potion"},{"floor":21.0,"key":"SmokeBomb"},{"floor":22.0,"key":"AttackPotion"},{"floor":27.0,"key":"Regen Potion"},{"floor":31.0,"key":"Energy Potion"},{"floor":33.0,"key":"PowerPotion"}],"is_trial":false,"path_per_floor":["M","M","M","?","?","R","E","$","T","M","R","M","R","M","R","B",null,"M","M","$","M","M","E","M","R","T","E","R","M","M","M","R","B",null,"M","?","M","$","?","E","M","E","T","R","?","M","?","M","R","B"],"character_chosen":"IRONCLAD","items_purchased":["Battle Trance","Orrery","FairyPotion","Ancient Tea Set","Frozen Eye","Seeing Red"],"campfire_rested":4,"item_purchase_floors":[8,20,20,38,38,38],"current_hp_per_floor":[80,80,80,64,64,64,39,39,46,50,50,46,46,52,52,50,87,87,82,82,69,69,9,13,54,54,53,87,80,87,77,77,28,87,87,87,67,67,46,38,37,7,7,48,52,64,64,43,82,0,0],"gold":256,"neow_bonus":"THREE_ENEMY_KILL","is_daily":false,"chose_seed":false,"campfire_upgraded":5,"win_rate":0.0,"timestamp":1609248742,"path_taken":["M","M","M","?","?","R","E","$","T","M","R","M","R","M","R","BOSS","M","M","$","?","M","E","M","R","T","E","R","M","M","M","R","BOSS","M","?","M","$","?","E","M","E","T","R","?","M","?","M","R","BOSS"],"items_purchased_type":["Card","Relic","Potion","Relic","Relic","Card"],"build_version":"2020-12-22","purchased_purges":1,"victory":false,"max_hp_per_floor":[80,80,80,80,80,80,80,80,87,87,87,87,87,87,87,87,87,87,87,87,87,87,87,87,87,87,87,87,87,87,87,87,87,87,87,87,87,87,87,87,87,87,87,87,87,87,83,83,83,83,83],"card_choices":[{"not_picked":["Wild Strike","Combust"],"picked":"Sword Boomerang","floor":1.0},{"not_picked":["Feel No Pain","Wild Strike","Barricade"],"picked":"SKIP","floor":2.0},{"not_picked":["Shrug It Off","Spot Weakness"],"picked":"Inflame","floor":3.0},{"not_picked":["Seeing Red","Sentinel"],"picked":"Berserk","floor":7.0},{"not_picked":["Thunderclap","Iron Wave","Second Wind"],"picked":"SKIP","floor":10.0},{"not_picked":["Reckless Charge","True Grit","Iron Wave"],"picked":"SKIP","floor":12.0},{"not_picked":["Inflame","Searing Blow"],"picked":"Pommel Strike","floor":14.0},{"not_picked":["Disarm","Rage"],"picked":"Uppercut+1","floor":18.0},{"not_picked":["Headbutt","Searing Blow"],"picked":"Heavy Blade+1","floor":19.0},{"not_picked":["Fiend Fire","Thunderclap"],"picked":"Reaper","floor":20.0},{"not_picked":["Reckless Charge","Shrug It Off"],"picked":"Havoc+1","floor":20.0},{"not_picked":["Spot Weakness","Twin Strike"],"picked":"Flex+1","floor":20.0},{"not_picked":["Evolve","Pommel Strike"],"picked":"Double Tap","floor":20.0},{"not_picked":["Pommel Strike","Headbutt"],"picked":"Burning Pact","floor":21.0},{"not_picked":["Clothesline","Intimidate"],"picked":"Shockwave","floor":22.0},{"not_picked":["Sever Soul+1","Flame Barrier","Havoc"],"picked":"SKIP","floor":23.0},{"not_picked":["Disarm","Searing Blow"],"picked":"Clash","floor":24.0},{"not_picked":["Spot Weakness","Clothesline"],"picked":"Sentinel+1","floor":27.0},{"not_picked":["Body Slam+1","Rupture"],"picked":"Whirlwind","floor":29.0},{"not_picked":["Shrug It Off","Disarm"],"picked":"Burning Pact+1","floor":30.0},{"not_picked":["True Grit","Perfected Strike","Armaments"],"picked":"SKIP","floor":31.0},{"not_picked":["Dual Wield","Warcry+1"],"picked":"Armaments+1","floor":35.0},{"not_picked":["Deep Breath","Finesse"],"picked":"Enlightenment","floor":36.0},{"not_picked":["Warcry","Perfected Strike","Headbutt"],"picked":"SKIP","floor":37.0},{"not_picked":["Pummel","Twin Strike","Wild Strike+1"],"picked":"SKIP","floor":40.0},{"not_picked":["Warcry+1","Hemokinesis"],"picked":"Dual Wield+1","floor":41},{"not_picked":["Twin Strike+1","Blood for Blood+1"],"picked":"Offering","floor":46},{"not_picked":["Sword Boomerang","Intimidate"],"picked":"Flex+1","floor":48}],"player_experience":19261,"relics_obtained":[{"floor":7.0,"key":"Lantern"},{"floor":9.0,"key":"Strawberry"},{"floor":23.0,"key":"Matryoshka"},{"floor":23.0,"key":"Regal Pillow"},{"floor":26.0,"key":"MawBank"},{"floor":26.0,"key":"Blood Vial"},{"floor":27.0,"key":"Omamori"},{"floor":27.0,"key":"Happy Flower"},{"floor":39.0,"key":"Bird Faced Urn"},{"floor":40.0,"key":"HornCleat"},{"floor":40.0,"key":"Bronze Scales"},{"floor":43,"key":"War Paint"},{"floor":43,"key":"Meat on the Bone"},{"floor":45,"key":"Ginger"}],"event_choices":[{"damage_healed":0.0,"max_hp_gain":0.0,"max_hp_loss":0.0,"gold_gain":0.0,"event_name":"Shining Light","player_choice":"Entered Light","floor":4.0,"gold_loss":0.0,"damage_taken":16.0,"cards_upgraded":["Defend_R","Sword Boomerang"]},{"damage_healed":0.0,"max_hp_gain":0.0,"max_hp_loss":0.0,"gold_gain":0.0,"event_name":"Accursed Blacksmith","player_choice":"Rummage","floor":5.0,"gold_loss":0.0,"damage_taken":0.0,"relics_obtained":["WarpedTongs"],"cards_obtained":["Pain"]},{"damage_healed":0.0,"max_hp_gain":0.0,"max_hp_loss":0.0,"gold_gain":0.0,"event_name":"SensoryStone","player_choice":"Memory 1","floor":36.0,"gold_loss":0.0,"damage_taken":0.0},{"damage_healed":0.0,"max_hp_gain":0.0,"max_hp_loss":0.0,"gold_gain":0.0,"event_name":"Mysterious Sphere","player_choice":"Fight","floor":39.0,"gold_loss":0.0,"damage_taken":0.0},{"damage_healed":0,"gold_gain":0,"player_choice":"Fight","damage_taken":0,"max_hp_gain":0,"max_hp_loss":0,"event_name":"MindBloom","floor":45,"gold_loss":0},{"damage_healed":0,"gold_gain":0,"player_choice":"Max HP","damage_taken":0,"max_hp_gain":0,"max_hp_loss":4,"event_name":"Winding Halls","floor":47,"gold_loss":0}],"is_beta":false,"boss_relics":[{"not_picked":["Cursed Key","Runic Pyramid"],"picked":"Black Star"},{"not_picked":["Empty Cage","Calling Bell"],"picked":"Sozu"}],"items_purged_floors":[8],"is_endless":false,"potions_floor_spawned":[2,7,16,19,21,22,27,31,33,39,40,42,46],"killed_by":"Awakened One","ascension_level":0}}