{"host":"4qin5krp9hszysdc","time":1609228214,"event":{"mods":["AchievementEnabler","BaseMod","BetterRewards","Infinite Spire","Minty Spire (QoL Compilation)","Quick Restart","StSLib"],"gold_per_floor":[116,116,130,130,140,168,187,187,187,187,112,146,173,173,173,267,267,302,302,302,227,104,137,172,172,197,197,212,237,512,562,562,639,639,655,671,671,671],"floor_reached":39,"playtime":1761,"items_purged":["Strike_G","Strike_G"],"score":2248,"play_id":"20823811-d146-4225-a19e-e2ae8afc70c2","local_time":"20201229025014","is_ascension_mode":true,"campfire_choices":[{"data":"Neutralize","floor":8,"key":"SMITH"},{"data":"Tactician","floor":10,"key":"SMITH"},{"data":"infinitespire:Gouge","floor":15,"key":"SMITH"},{"data":"infinitespire:NeuralNetwork","floor":25,"key":"SMITH"},{"data":"Adrenaline","floor":27,"key":"SMITH"},{"floor":32,"key":"DIG"}],"circlet_count":0,"master_deck":["AscendersBane","Strike_G+1","Defend_G","Defend_G","Defend_G","Defend_G","Defend_G","Survivor","Neutralize+1","After Image","Footwork","Dagger Throw","HandOfGreed","Slice","Acrobatics","Reflex","Glass Knife","Deep Breath","Envenom","Tactician+1","Dagger Spray+1","Poisoned Stab","Slice","infinitespire:Gouge+1","Blade Dance","PiercingWail","Infinite Blades","After Image","Backflip","Blade Dance","Adrenaline+1","CurseOfTheBell","Eviscerate","Dodge and Roll","infinitespire:NeuralNetwork+1","Malaise","Crippling Poison","Tactician","Regret","Envenom","Footwork+1","Dodge and Roll+1"],"relics":["Ring of the Snake","PreservedInsect","Shovel","Lizard Tail","Pocketwatch","Lee\u0027s Waffle","Matryoshka","infinitespire:Lychee Nut","Dead Branch","FossilizedHelix","Question Card","Strawberry","TwistedFunnel","Torii","Unceasing Top","Turnip","Oddly Smooth Stone","Calipers","Prayer Wheel","CaptainsWheel","Kunai","Sundial","Whetstone","Mummified Hand","MealTicket","infinitespire:Lucky Rock","Pantograph","Calling Bell","Toy Ornithopter","Paper Crane","WingedGreaves","Enchiridion","Vajra","Tingsha","Centennial Puzzle","Girya","Gremlin Horn","Nunchaku","SlaversCollar"],"acts_visited":["Exordium","TheCity","TheBeyond"],"potions_floor_usage":[23,38,38],"damage_taken":[{"damage":0,"enemies":"2 Louse","floor":1,"turns":2},{"damage":0,"enemies":"Jaw Worm","floor":3,"turns":2},{"damage":0,"enemies":"Small Slimes","floor":5,"turns":2},{"damage":0,"enemies":"Lagavulin","floor":6,"turns":3},{"damage":0,"enemies":"Looter","floor":7,"turns":2},{"damage":0,"enemies":"Exordium Thugs","floor":12,"turns":3},{"damage":0,"enemies":"Gremlin Nob","floor":13,"turns":2},{"damage":0,"enemies":"The Guardian","floor":16,"turns":9},{"damage":1,"enemies":"2 Thieves","floor":18,"turns":4},{"damage":0,"enemies":"Nightmare","floor":23,"turns":4},{"damage":0,"enemies":"Book of Stabbing","floor":24,"turns":4},{"damage":0,"enemies":"Spheric Guardian","floor":28,"turns":3},{"damage":0,"enemies":"Gremlin Leader","floor":29,"turns":3},{"damage":0,"enemies":"Slavers","floor":31,"turns":5},{"damage":0,"enemies":"Automaton","floor":33,"turns":5},{"damage":0,"enemies":"3 Shapes","floor":35,"turns":2},{"damage":1,"enemies":"3 Darklings","floor":36,"turns":3},{"damage":0,"enemies":"Donu and Deca","floor":38,"turns":6}],"seed_played":"-7941509140574135852","potions_obtained":[{"floor":1,"key":"ColorlessPotion"},{"floor":5,"key":"SpeedPotion"},{"floor":24,"key":"PowerPotion"},{"floor":29,"key":"DistilledChaos"}],"is_trial":false,"path_per_floor":["M","?","M","?","M","E","M","R","T","R","$","M","E","T","R","B",null,"M","?","?","?","$","NM","E","R","T","R","M","E","?","E","R","B",null,"M","M","?","B",null],"character_chosen":"THE_SILENT","items_purchased":["PreservedInsect","Shovel","Lee\u0027s Waffle","Matryoshka","After Image","Footwork","Dagger Throw","Question Card","Strawberry","TwistedFunnel","HandOfGreed","Slice","Acrobatics","Turnip","Oddly Smooth Stone","Reflex","Glass Knife","Deep Breath","Envenom","Kunai","Tactician","Dagger Spray","Dodge and Roll"],"campfire_rested":0,"item_purchase_floors":[0,0,0,0,0,0,0,0,0,0,0,0,0,0,0,0,0,0,0,0,0,0,22],"current_hp_per_floor":[61,47,50,43,46,52,55,55,55,55,55,60,61,61,61,61,61,61,40,24,24,39,50,56,56,56,56,62,66,66,66,66,66,66,66,65,65,66],"gold":671,"neow_bonus":"","is_daily":false,"chose_seed":false,"campfire_upgraded":5,"win_rate":0.0,"timestamp":1609228214,"path_taken":["M","?","M","?","M","E","M","R","T","R","?","M","E","?","R","BOSS","M","?","?","?","$","NM","E","R","T","R","M","E","?","E","R","BOSS","M","?","?","BOSS"],"items_purchased_type":["Relic","Relic","Relic","Relic","Card","Card","Card","Relic","Relic","Relic","Card","Card","Card","Relic","Relic","Card","Card","Card","Card","Relic","Card","Card","Card"],"build_version":"2020-12-22","purchased_purges":2,"victory":true,"max_hp_per_floor":[61,61,61,61,61,61,61,61,61,61,61,61,61,61,61,61,61,61,61,66,66,66,66,66,66,66,66,66,66,66,66,66,66,66,66,66,66,66],"card_choices":[{"not_picked":["Dodge and Roll","Acrobatics","Prepared"],"picked":"Poisoned Stab","floor":1},{"not_picked":["Dagger Throw","Underhanded Strike","Poisoned Stab"],"picked":"Slice","floor":1},{"not_picked":["infinitespire:FutureSight","infinitespire:SevenWalls"],"picked":"infinitespire:Gouge","floor":2},{"not_picked":["Dagger Spray","Acrobatics","Underhanded Strike"],"picked":"Blade Dance","floor":3},{"not_picked":["Deadly Poison","Bane","Dash"],"picked":"PiercingWail","floor":3},{"not_picked":["Deflect","Well Laid Plans","Reflex"],"picked":"Infinite Blades","floor":5},{"not_picked":["Flechettes","Outmaneuver","Masterful Stab","Skewer"],"picked":"SKIP","floor":5},{"not_picked":["Expertise","Escape Plan","Slice"],"picked":"After Image","floor":6},{"not_picked":["Heel Hook","Poisoned Stab","Outmaneuver"],"picked":"Backflip","floor":7},{"not_picked":["Quick Slash","Cloak And Dagger","Night Terror","Deadly Poison"],"picked":"SKIP","floor":7},{"not_picked":["Distraction","Prepared","Riddle With Holes","Backflip"],"picked":"SKIP","floor":12},{"not_picked":["Poisoned Stab","All Out Attack","Riddle With Holes","Quick Slash"],"picked":"SKIP","floor":12},{"not_picked":["Riddle With Holes","Reflex","Predator"],"picked":"Blade Dance","floor":13},{"not_picked":["After Image","Tools of the Trade","Storm of Steel"],"picked":"Adrenaline","floor":16},{"not_picked":["Concentrate","Outmaneuver","Backflip+1"],"picked":"Eviscerate","floor":18},{"not_picked":["All Out Attack","Bane","Outmaneuver","Deadly Poison"],"picked":"SKIP","floor":18},{"not_picked":["infinitespire:TheBestDefense","infinitespire:Gouge"],"picked":"infinitespire:NeuralNetwork","floor":23},{"not_picked":["Infinite Blades","Poisoned Stab","Cloak And Dagger"],"picked":"Malaise","floor":23},{"not_picked":["Backstab","Dodge and Roll","Underhanded Strike","Skewer"],"picked":"SKIP","floor":24},{"not_picked":["Backflip","Reflex+1","Deadly Poison"],"picked":"Crippling Poison","floor":28},{"not_picked":["Acrobatics","Blade Dance","Dagger Throw"],"picked":"Tactician","floor":28},{"not_picked":["Quick Slash+1","Concentrate","Dagger Spray","Backflip"],"picked":"SKIP","floor":29},{"not_picked":["Expertise","Dagger Throw","Terror","Outmaneuver"],"picked":"SKIP","floor":31},{"not_picked":["Venomology","Doppelganger","Malaise"],"picked":"Envenom","floor":33},{"not_picked":["Crippling Poison","Leg Sweep","Deflect"],"picked":"Footwork+1","floor":35},{"not_picked":["Concentrate","Riddle With Holes","Predator"],"picked":"Dodge and Roll+1","floor":35},{"not_picked":["Quick Slash+1","Flying Knee+1","Skewer","Blade Dance"],"picked":"SKIP","floor":36},{"not_picked":["Accuracy","All Out Attack","Cloak And Dagger","Footwork"],"picked":"SKIP","floor":36}],"player_experience":2745195,"relics_obtained":[{"floor":6,"key":"Sundial"},{"floor":9,"key":"Whetstone"},{"floor":9,"key":"Mummified Hand"},{"floor":13,"key":"MealTicket"},{"floor":14,"key":"infinitespire:Lucky Rock"},{"floor":14,"key":"Pantograph"},{"floor":17,"key":"Toy Ornithopter"},{"floor":17,"key":"Paper Crane"},{"floor":17,"key":"WingedGreaves"},{"floor":19,"key":"Enchiridion"},{"floor":23,"key":"Vajra"},{"floor":24,"key":"Tingsha"},{"floor":26,"key":"Centennial Puzzle"},{"floor":29,"key":"Girya"},{"floor":31,"key":"Gremlin Horn"},{"floor":32,"key":"Nunchaku"}],"event_choices":[{"cards_removed":["Strike_G"],"damage_healed":0,"gold_gain":0,"player_choice":"Card Removal","damage_taken":7,"max_hp_gain":0,"max_hp_loss":0,"event_name":"Golden Wing","floor":4,"gold_loss":0},{"damage_healed":0,"gold_gain":0,"player_choice":"Obtained Book","damage_taken":21,"max_hp_gain":0,"max_hp_loss":0,"event_name":"Cursed Tome","floor":19,"gold_loss":0},{"damage_healed":0,"gold_gain":0,"player_choice":"Shed Blood","damage_taken":21,"max_hp_gain":5,"max_hp_loss":0,"event_name":"Forgotten Altar","floor":20,"gold_loss":0},{"cards_removed":["Strike_G"],"damage_healed":0,"gold_gain":0,"player_choice":"Gave Gold","damage_taken":0,"max_hp_gain":0,"max_hp_loss":0,"event_name":"Beggar","floor":21,"gold_loss":75},{"damage_healed":0,"gold_gain":275,"player_choice":"Desecrate","damage_taken":0,"max_hp_gain":0,"max_hp_loss":0,"event_name":"Golden Shrine","floor":30,"gold_loss":0,"cards_obtained":["Regret"]},{"damage_healed":0,"gold_gain":0,"player_choice":"Took Portal","damage_taken":0,"max_hp_gain":0,"max_hp_loss":0,"event_name":"SecretPortal","floor":37,"gold_loss":0}],"is_beta":false,"boss_relics":[{"not_picked":["Snecko Eye","Runic Dome"],"picked":"Calling Bell"},{"not_picked":["Velvet Choker","Philosopher\u0027s Stone"],"picked":"SlaversCollar"}],"items_purged_floors":[11,22],"is_endless":false,"potions_floor_spawned":[1,5,7,12,24,28,29,33],"ascension_level":15}}