{"host":"iy58fyt9wsbv4cf1","time":1609268938,"event":{"mods":["BaseMod","Better Altar","Better Match","Better Skull","Better Third Choice","BetterRewards","Conspire","Custom Start","Defuse TimeMaze Blight","Hubris","Infinite Spire","Minty Spire (QoL Compilation)","Permanent Neow","Quick Restart","Spicy Shops","StSLib","Thieving Mod"],"gold_per_floor":[118,44,64,64,64,98,98,98,98,98,123,123,123,27,27,128,128,144,144,156,156,166,166,178,178,178,178,178,103,119,136,136,236,236,249,265,285,14,29,63,74,74,99,133,133,133,133,133,133,236,236,243,161,175,350,350,378,378,164,164,176,176,176,188,215,215,311,311,314,314,322,322,327,349,274,295,295,295,295,316,316,326,326,414,414,422,434,434,434,312,298,298],"floor_reached":91,"playtime":1605,"items_purged":["Defend_B","Injury","Shame","Defend_B","Defend_B","Defend_B"],"score":1801,"play_id":"23ec02b2-56eb-4f97-a0e0-55e2bcc1af26","local_time":"20201229140858","is_ascension_mode":false,"campfire_choices":[{"data":"Storm","floor":7.0,"key":"SMITH"},{"data":"Storm","floor":13.0,"key":"SMITH"},{"floor":15.0,"key":"REST"},{"data":"Amplify","floor":23.0,"key":"SMITH"},{"floor":25.0,"key":"RECALL"},{"floor":32.0,"key":"REST"},{"data":"White Noise","floor":45.0,"key":"SMITH"},{"data":"White Noise","floor":47.0,"key":"SMITH"},{"data":"Zap","floor":49.0,"key":"SMITH"},{"data":"Seek","floor":58.0,"key":"SMITH"},{"data":"Thunder Strike","floor":62.0,"key":"SMITH"},{"data":"Electrodynamics","floor":66.0,"key":"SMITH"},{"data":"Conserve Battery","floor":79,"key":"SMITH"},{"data":"Multi-Cast","floor":81,"key":"SMITH"},{"data":"Creative AI","floor":83,"key":"SMITH"}],"circlet_count":0,"master_deck":["Zap+1","Dualcast+1","Storm+1","Storm+1","Storm+1","White Noise+1","Electrodynamics+1","Amplify+1","White Noise+1","Thunder Strike+1","Conserve Battery+1","Multi-Cast+1","Creative AI+1","Defragment+1","Seek+1","Force Field+1"],"relics":["Cracked Core","Lee\u0027s Waffle","DataDisk","DollysMirror","infinitespire:ShieldingShard","Vajra","Mummified Hand","Empty Cage","InkBottle","hubris:Reverence","Enchiridion","Nuclear Battery","hubris:RGBLights","infinitespire:Freezer","Runic Dome","hubris:BallOfYels","Oddly Smooth Stone","Ice Cream","infinitespire:EmpoweringShard","Membership Card","Pen Nib","conspire:TopHat","hubris:TerracottaHorce","Bloody Idol","Boot","Shuriken","conspire:Flyswatter","hubris:SoftwareUpdate","MealTicket","hubris:Icosahedron","conspire:DeflatedDodgeball"],"acts_visited":["Exordium","TheCity","TheBeyond","Exordium","TheCity","TheBeyond"],"potions_floor_usage":[],"damage_taken":[{"damage":6.0,"enemies":"Jaw Worm","floor":1.0,"turns":3.0},{"damage":3.0,"enemies":"Small Slimes","floor":3.0,"turns":3.0},{"damage":6.0,"enemies":"Gremlin Nob","floor":6.0,"turns":3.0},{"damage":25.0,"enemies":"3 Sentries","floor":11.0,"turns":3.0},{"damage":0.0,"enemies":"Slime Boss","floor":16.0,"turns":3.0},{"damage":6.0,"enemies":"Shell Parasite","floor":18.0,"turns":2.0},{"damage":4.0,"enemies":"Chosen","floor":20.0,"turns":2.0},{"damage":14.0,"enemies":"Centurion and Healer","floor":22.0,"turns":2.0},{"damage":0.0,"enemies":"conspire:HollyBat","floor":24.0,"turns":4.0},{"damage":0.0,"enemies":"Snecko","floor":30.0,"turns":2.0},{"damage":1.0,"enemies":"Centurion and Healer","floor":31.0,"turns":2.0},{"damage":0.0,"enemies":"conspire:MysteriousRune","floor":33.0,"turns":3.0},{"damage":0.0,"enemies":"3 Darklings","floor":35.0,"turns":2.0},{"damage":0.0,"enemies":"Orb Walker","floor":36.0,"turns":1.0},{"damage":0.0,"enemies":"Spire Growth","floor":37.0,"turns":2.0},{"damage":0.0,"enemies":"Jaw Worm Horde","floor":39.0,"turns":2.0},{"damage":4.0,"enemies":"Giant Head","floor":40.0,"turns":4.0},{"damage":0.0,"enemies":"3 Darklings","floor":41.0,"turns":2.0},{"damage":0.0,"enemies":"Nightmare","floor":44.0,"turns":1.0},{"damage":0.0,"enemies":"Awakened One","floor":50.0,"turns":3.0},{"damage":0.0,"enemies":"2 Louse","floor":52.0,"turns":1.0},{"damage":0.0,"enemies":"infinitespire:Voidling","floor":54.0,"turns":1.0},{"damage":0.0,"enemies":"Gremlin Nob","floor":57.0,"turns":1.0},{"damage":0.0,"enemies":"Jaw Worm","floor":61.0,"turns":1.0},{"damage":0.0,"enemies":"Lots of Slimes","floor":64.0,"turns":1.0},{"damage":0.0,"enemies":"Slime Boss","floor":67.0,"turns":2.0},{"damage":0,"enemies":"Shell Parasite","floor":69,"turns":1},{"damage":0,"enemies":"3 Byrds","floor":71,"turns":1},{"damage":0,"enemies":"Shelled Parasite and Fungi","floor":73,"turns":1},{"damage":0,"enemies":"Book of Stabbing","floor":74,"turns":2},{"damage":1,"enemies":"Gremlin Leader","floor":76,"turns":2},{"damage":0,"enemies":"Slavers","floor":80,"turns":1},{"damage":0,"enemies":"Chosen and Byrds","floor":82,"turns":1},{"damage":0,"enemies":"Collector","floor":84,"turns":2},{"damage":0,"enemies":"3 Darklings","floor":86,"turns":2},{"damage":0,"enemies":"Orb Walker","floor":87,"turns":1},{"damage":78,"enemies":"Nightmare","floor":91,"turns":3}],"seed_played":"518122776122249557","potions_obtained":[{"floor":3.0,"key":"DuplicationPotion"},{"floor":6.0,"key":"Ancient Potion"},{"floor":16.0,"key":"SteroidPotion"},{"floor":20.0,"key":"CultistPotion"},{"floor":35.0,"key":"PowerPotion"},{"floor":50.0,"key":"SpeedPotion"}],"is_trial":false,"path_per_floor":["M","$","M","?","?","E","R","?","T","?","E","$","R","$","R","B",null,"M","?","M","?","M","R","M","R","T","AVR","?","?","M","M","R","B",null,"M","M","M","$","M","E","M","AVR","T","NM","R","?","R","?","R","B",null,"M","$","M","?","?","E","R","$","T","M","R","AVR","M","T","R","B",null,"M","?","M","$","M","E","?","E","T","T","R","E","R","M","R","B",null,"M","M","?","?","$","NM"],"character_chosen":"DEFECT","items_purchased":["Storm","Lee\u0027s Waffle","DataDisk","Storm","DollysMirror","White Noise","Mummified Hand","hubris:RGBLights","Ice Cream","Membership Card","conspire:DeflatedDodgeball"],"campfire_rested":2,"item_purchase_floors":[0,0,0,0,0,2,14,38,53,59,90],"current_hp_per_floor":[76,76,73,73,73,67,67,67,67,60,35,35,35,35,59,59,82,76,76,72,72,58,58,58,58,58,58,42,42,42,41,65,65,82,82,82,82,82,82,78,78,78,78,78,78,58,58,58,58,58,82,82,82,82,82,82,82,82,82,82,82,82,82,82,82,82,82,82,82,41,46,46,51,56,56,60,60,60,60,65,65,70,70,75,80,82,82,82,78,78,0,0],"gold":298,"neow_bonus":"","is_daily":false,"chose_seed":false,"campfire_upgraded":12,"win_rate":0.0,"timestamp":1609268938,"path_taken":["M","$","M","?","?","E","R","?","T","?","E","$","R","$","R","BOSS","M","?","?","?","?","R","?","R","T","AVR","?","?","?","M","R","BOSS","M","M","M","$","M","E","M","AVR","T","NM","R","?","R","?","R","BOSS","M","$","M","?","?","E","R","$","T","?","R","AVR","M","?","R","BOSS","M","?","M","$","M","E","?","E","T","?","R","E","R","M","R","BOSS","M","M","?","?","$","NM"],"items_purchased_type":["Card","Relic","Relic","Card","Relic","Card","Relic","Relic","Relic","Relic","Relic"],"build_version":"2020-12-22","purchased_purges":6,"victory":false,"max_hp_per_floor":[82,82,82,82,82,82,82,82,82,82,82,82,82,82,82,82,82,82,82,82,82,82,82,82,82,82,82,82,82,82,82,82,82,82,82,82,82,82,82,82,82,82,82,82,82,82,82,82,82,82,82,82,82,82,82,82,82,82,82,82,82,82,82,82,82,82,82,82,82,82,82,82,82,82,82,82,82,82,82,82,82,82,82,82,82,82,82,82,78,78,78,78],"card_choices":[{"not_picked":["Go for the Eyes","Hologram","Recycle"],"picked":"SKIP","floor":1.0},{"not_picked":["Compile Driver","Rebound","Hologram"],"picked":"SKIP","floor":3.0},{"not_picked":["Steam Power","Coolheaded"],"picked":"Electrodynamics","floor":6.0},{"not_picked":["Force Field","Streamline","Conserve Battery"],"picked":"SKIP","floor":11.0},{"not_picked":["Biased Cognition","Seek"],"picked":"Amplify","floor":16.0},{"not_picked":["Redo+1","Auto Shields","Steam"],"picked":"SKIP","floor":18.0},{"not_picked":["Coolheaded","Chill","Ball Lightning+1"],"picked":"SKIP","floor":20.0},{"not_picked":["Rebound+1","Undo+1"],"picked":"Thunder Strike","floor":22.0},{"not_picked":["Auto Shields","Turbo"],"picked":"Conserve Battery","floor":24.0},{"not_picked":["Meteor Strike","Fission"],"picked":"Multi-Cast","floor":29.0},{"not_picked":["Streamline","Fusion","Stack"],"picked":"SKIP","floor":30.0},{"not_picked":["Rebound+1","Reinforced Body","Compile Driver+1"],"picked":"SKIP","floor":31.0},{"not_picked":["Core Surge","Buffer"],"picked":"Creative AI","floor":33.0},{"not_picked":["Auto Shields","Turbo+1","Double Energy"],"picked":"SKIP","floor":35.0},{"not_picked":["Scrape","Gash+1"],"picked":"Defragment+1","floor":36.0},{"not_picked":["Redo+1","Gash","Go for the Eyes"],"picked":"SKIP","floor":37.0},{"not_picked":["Auto Shields","Genetic Algorithm+1","Beam Cell"],"picked":"SKIP","floor":39.0},{"not_picked":["Stack","Gash","Scrape"],"picked":"SKIP","floor":40.0},{"not_picked":["Steam","Coolheaded+1","Beam Cell"],"picked":"SKIP","floor":41.0},{"not_picked":["Fission","Doom and Gloom+1","FTL+1"],"picked":"SKIP","floor":44.0},{"not_picked":["Meteor Strike","Thunder Strike"],"picked":"Seek","floor":50.0},{"not_picked":["Leap","conspire:SharedLibrary","Turbo"],"picked":"SKIP","floor":52.0},{"not_picked":["Cold Snap","Compile Driver","BootSequence"],"picked":"SKIP","floor":54.0},{"not_picked":["Stack","Auto Shields","Skim"],"picked":"SKIP","floor":57.0},{"not_picked":["Hello World","Gash","Steam"],"picked":"SKIP","floor":61.0},{"not_picked":["Chaos","Conserve Battery","Hologram"],"picked":"SKIP","floor":64.0},{"not_picked":["Melter","Ball Lightning","Coolheaded"],"picked":"SKIP","floor":69},{"not_picked":["Beam Cell","Double Energy"],"picked":"Steam+1","floor":71},{"not_picked":["Leap","Loop","Steam+1"],"picked":"SKIP","floor":73},{"not_picked":["Stack","Fusion","Core Surge"],"picked":"SKIP","floor":74},{"not_picked":["hubris:PowerSurge+1","Coolheaded","Hologram"],"picked":"SKIP","floor":76},{"not_picked":["Conserve Battery","Beam Cell"],"picked":"Force Field+1","floor":80},{"not_picked":["Hologram","Capacitor","Sweeping Beam"],"picked":"SKIP","floor":82},{"not_picked":["Gash","Cold Snap","Reprogram+1"],"picked":"SKIP","floor":86},{"not_picked":["Ball Lightning","Leap","Rebound"],"picked":"SKIP","floor":87}],"player_experience":42081,"relics_obtained":[{"floor":6.0,"key":"infinitespire:ShieldingShard"},{"floor":11.0,"key":"Vajra"},{"floor":26.0,"key":"InkBottle"},{"floor":28.0,"key":"Enchiridion"},{"floor":40.0,"key":"infinitespire:Freezer"},{"floor":43.0,"key":"hubris:BallOfYels"},{"floor":44.0,"key":"Oddly Smooth Stone"},{"floor":57.0,"key":"infinitespire:EmpoweringShard"},{"floor":60.0,"key":"Pen Nib"},{"floor":65.0,"key":"conspire:TopHat"},{"floor":74,"key":"Boot"},{"floor":76,"key":"Shuriken"},{"floor":77,"key":"conspire:Flyswatter"},{"floor":78,"key":"hubris:SoftwareUpdate"},{"floor":80,"key":"MealTicket"}],"event_choices":[{"damage_healed":0.0,"max_hp_gain":0.0,"max_hp_loss":0.0,"gold_gain":0.0,"event_name":"conspire:Investor","player_choice":"Leave","floor":5.0,"gold_loss":0.0,"damage_taken":0.0},{"damage_healed":0.0,"max_hp_gain":0.0,"max_hp_loss":0.0,"gold_gain":0.0,"event_name":"Dead Adventurer","player_choice":"Searched \u00270\u0027 times","floor":8.0,"gold_loss":0.0,"damage_taken":0.0},{"cards_removed":["Strike_B"],"damage_healed":0.0,"max_hp_gain":0.0,"max_hp_loss":0.0,"gold_gain":0.0,"event_name":"Golden Wing","player_choice":"Card Removal","floor":10.0,"gold_loss":0.0,"damage_taken":7.0},{"damage_healed":0.0,"max_hp_gain":0.0,"max_hp_loss":0.0,"gold_gain":0.0,"event_name":"The Library","player_choice":"Read","floor":19.0,"gold_loss":0.0,"damage_taken":0.0,"cards_obtained":["White Noise"]},{"cards_removed":["Strike_B"],"damage_healed":0.0,"max_hp_gain":0.0,"max_hp_loss":0.0,"gold_gain":0.0,"event_name":"Purifier","player_choice":"Purged","floor":21.0,"gold_loss":0.0,"damage_taken":0.0},{"damage_healed":0.0,"max_hp_gain":0.0,"max_hp_loss":0.0,"gold_gain":0.0,"event_name":"Cursed Tome","player_choice":"Obtained Book","floor":28.0,"gold_loss":0.0,"damage_taken":16.0},{"damage_healed":0.0,"max_hp_gain":0.0,"max_hp_loss":0.0,"gold_gain":0.0,"event_name":"betterMatch:BetterMatch","player_choice":"1","floor":29.0,"gold_loss":0.0,"damage_taken":0.0,"cards_obtained":["betterMatch:RareCard"]},{"damage_healed":0.0,"max_hp_gain":0.0,"max_hp_loss":0.0,"gold_gain":0.0,"event_name":"Accursed Blacksmith","player_choice":"Forge","floor":48.0,"gold_loss":0.0,"damage_taken":0.0,"cards_upgraded":["Dualcast"]},{"damage_healed":0.0,"max_hp_gain":0.0,"max_hp_loss":0.0,"gold_gain":175.0,"event_name":"betterThird:BetterSerpent","player_choice":"AGREE","floor":55.0,"gold_loss":0.0,"damage_taken":175.0},{"cards_removed":["Doubt"],"damage_healed":0.0,"max_hp_gain":0.0,"max_hp_loss":0.0,"gold_gain":0.0,"event_name":"Fountain of Cleansing","player_choice":"Removed Curses","floor":56.0,"gold_loss":0.0,"damage_taken":0.0},{"damage_healed":0,"gold_gain":0,"player_choice":" Idol ","damage_taken":41,"relics_obtained":["Bloody Idol"],"max_hp_gain":82,"max_hp_loss":41,"event_name":"betterAltar:BetterAltar","floor":70,"potions_obtained":[],"relics_lost":[],"gold_loss":0},{"cards_removed":["Steam"],"damage_healed":0,"gold_gain":0,"player_choice":"Gave Gold","damage_taken":0,"max_hp_gain":0,"max_hp_loss":0,"event_name":"Beggar","floor":75,"gold_loss":75},{"damage_healed":0,"gold_gain":0,"player_choice":"Max HP","damage_taken":0,"max_hp_gain":0,"max_hp_loss":4,"event_name":"Winding Halls","floor":89,"gold_loss":0}],"is_beta":false,"boss_relics":[{"not_picked":["hubris:CrackedHourglass","Coffee Dripper"],"picked":"Empty Cage"},{"not_picked":["hubris:Stopwatch","Inserter"],"picked":"Nuclear Battery"},{"not_picked":["conspire:SlowCooker","Fusion Hammer","Snecko Eye"]},{"not_picked":["hubris:CrackedHourglass","conspire:SlowCooker"],"picked":"hubris:TerracottaHorce"},{"not_picked":["conspire:RoyalGoblet","hubris:VirtuousBlindfold","hubris:BlackHole"]}],"items_purged_floors":[27,38,38,42,59,63],"is_endless":true,"potions_floor_spawned":[3,6,16,20,22,30,33,35,41,50,52,64,73,82,86],"killed_by":"Nightmare","ascension_level":0}}