{"host":"ktoxvvst1mwxww91","time":1609266774,"event":{"mods":["BaseMod","Hermit","Minty Spire (QoL Compilation)","StSLib","The Hierophant","The Mystic","The Necromancer"],"gold_per_floor":[113,125,200,220,220,248,248,278,346,378,390,245,256,81,81,177,177,188,207,207,82,92,117,117,134,134,161,174,24,36,71,71,168,168,185,185,204,220,45,45,75,87,87,87,105,34,53,69,69,69,69,69,18,48,48,48],"floor_reached":55,"playtime":2324,"items_purged":["hermit:Strike_Hermit","hermit:Misfire","hermit:LowProfile","hermit:Vantage+1","hermit:TrackingShot+1"],"score":951,"play_id":"f3873775-dfc5-44e6-b1b3-d2119dd18d4c","local_time":"20201229193254","is_ascension_mode":true,"campfire_choices":[{"data":"hermit:Vantage","floor":7.0,"key":"SMITH"},{"data":"hermit:Maintenance","floor":15.0,"key":"SMITH"},{"floor":32.0,"key":"RECALL"},{"data":"hermit:EternalForm","floor":40.0,"key":"SMITH"},{"data":"hermit:FlashPowder","floor":44.0,"key":"SMITH"},{"data":"hermit:FlashPowder","floor":49.0,"key":"SMITH"},{"data":"hermit:WideOpen","floor":52.0,"key":"SMITH"}],"circlet_count":0,"master_deck":["hermit:Strike_Hermit","hermit:Strike_Hermit","hermit:Strike_Hermit","hermit:Defend_Hermit","hermit:Defend_Hermit","hermit:Defend_Hermit","hermit:Defend_Hermit","hermit:GhostlyPresence","hermit:CursedWeapon","hermit:FlashPowder+1","hermit:EternalForm+1","hermit:Maintenance+1","hermit:FlashPowder+1","hermit:WideOpen+1","hermit:Showdown+1","hermit:Shortfuse+1","hermit:Enervate+1","hermit:Maintenance"],"relics":["Runic Pyramid","Ice Cream","Oddly Smooth Stone","Blue Candle","PreservedInsect","Black Star","Tiny Chest","Torii","Girya","Sundial","Ornamental Fan","Nunchaku","Art of War","Astrolabe","Akabeko","Centennial Puzzle","HornCleat","Dead Branch"],"acts_visited":["Exordium","TheCity","TheBeyond","TheEnding"],"potions_floor_usage":[55],"damage_taken":[{"damage":0.0,"enemies":"Cultist","floor":1.0,"turns":3.0},{"damage":0.0,"enemies":"Small Slimes","floor":2.0,"turns":4.0},{"damage":0.0,"enemies":"Jaw Worm","floor":4.0,"turns":3.0},{"damage":0.0,"enemies":"Lagavulin","floor":6.0,"turns":6.0},{"damage":13.0,"enemies":"Gremlin Nob","floor":8.0,"turns":4.0},{"damage":13.0,"enemies":"3 Sentries","floor":10.0,"turns":11.0},{"damage":3.0,"enemies":"Exordium Thugs","floor":11.0,"turns":4.0},{"damage":2.0,"enemies":"Blue Slaver","floor":13.0,"turns":4.0},{"damage":2.0,"enemies":"Hexaghost","floor":16.0,"turns":10.0},{"damage":2.0,"enemies":"Spheric Guardian","floor":18.0,"turns":7.0},{"damage":2.0,"enemies":"Shell Parasite","floor":19.0,"turns":6.0},{"damage":2.0,"enemies":"Shelled Parasite and Fungi","floor":22.0,"turns":7.0},{"damage":11.0,"enemies":"Gremlin Leader","floor":23.0,"turns":8.0},{"damage":3.0,"enemies":"Centurion and Healer","floor":25.0,"turns":5.0},{"damage":3.0,"enemies":"Book of Stabbing","floor":27.0,"turns":6.0},{"damage":2.0,"enemies":"Cultist and Chosen","floor":28.0,"turns":6.0},{"damage":3.0,"enemies":"Snake Plant","floor":30.0,"turns":3.0},{"damage":5.0,"enemies":"Gremlin Leader","floor":31.0,"turns":5.0},{"damage":35.0,"enemies":"Automaton","floor":33.0,"turns":10.0},{"damage":4.0,"enemies":"3 Darklings","floor":35.0,"turns":7.0},{"damage":2.0,"enemies":"3 Shapes","floor":37.0,"turns":5.0},{"damage":2.0,"enemies":"Sphere and 2 Shapes","floor":38.0,"turns":4.0},{"damage":53.0,"enemies":"Reptomancer","floor":41.0,"turns":9.0},{"damage":15.0,"enemies":"Writhing Mass","floor":42.0,"turns":6.0},{"damage":2.0,"enemies":"4 Shapes","floor":45.0,"turns":6.0},{"damage":2.0,"enemies":"Jaw Worm Horde","floor":47.0,"turns":4.0},{"damage":4.0,"enemies":"Writhing Mass","floor":48.0,"turns":4.0},{"damage":2.0,"enemies":"Time Eater","floor":50.0,"turns":11.0},{"damage":2.0,"enemies":"Shield and Spear","floor":54.0,"turns":4.0},{"damage":84,"enemies":"The Heart","floor":55,"turns":8}],"seed_played":"-6916033553578593210","potions_obtained":[{"floor":2.0,"key":"AttackPotion"},{"floor":4.0,"key":"Weak Potion"},{"floor":11.0,"key":"Block Potion"},{"floor":19.0,"key":"Energy Potion"},{"floor":22.0,"key":"AttackPotion"},{"floor":25.0,"key":"Swift Potion"},{"floor":31.0,"key":"LiquidBronze"},{"floor":33.0,"key":"Regen Potion"},{"floor":35.0,"key":"SneckoOil"},{"floor":37.0,"key":"Regen Potion"},{"floor":48.0,"key":"Dexterity Potion"},{"floor":54.0,"key":"hermit:Tonic"}],"is_trial":false,"path_per_floor":["M","M","?","M","?","E","R","E","T","E","M","$","M","$","R","B",null,"M","M","?","$","M","E","$","M","T","E","M","$","M","E","R","B",null,"M","?","M","M","$","R","E","M","T","R","M","$","M","M","R","B",null,"R","$","E","B"],"character_chosen":"HERMIT","items_purchased":["hermit:FlashPowder","hermit:Maintenance","Regen Potion","Fire Potion"],"campfire_rested":0,"item_purchase_floors":[12,14,46,53],"current_hp_per_floor":[75,75,64,64,64,64,64,51,51,38,35,35,33,33,33,31,75,73,71,71,71,69,58,58,55,55,52,50,50,47,42,42,7,75,71,85,83,81,81,81,65,50,50,50,48,48,58,54,54,52,85,85,85,83,0,0],"gold":48,"neow_bonus":"BOSS_RELIC","is_daily":false,"chose_seed":false,"campfire_upgraded":6,"win_rate":0.0,"timestamp":1609266774,"path_taken":["M","M","?","M","?","E","R","E","T","E","M","?","M","$","R","BOSS","M","M","?","$","M","E","$","M","T","E","M","$","M","E","R","BOSS","M","?","M","M","$","R","E","M","T","R","?","$","?","M","R","BOSS","R","$","E","BOSS"],"items_purchased_type":["Card","Card","Potion","Potion"],"build_version":"2020-12-22","purchased_purges":5,"victory":false,"max_hp_per_floor":[75,75,75,75,75,75,75,75,75,75,75,75,75,75,75,75,75,75,75,75,75,75,75,75,75,75,75,75,75,75,75,75,75,75,75,85,85,85,85,85,85,85,85,85,85,85,85,85,85,85,85,85,85,85,85,85],"card_choices":[{"not_picked":["hermit:Coalescence","hermit:FullyLoaded"],"picked":"hermit:Vantage","floor":1.0},{"not_picked":["hermit:Snipe","hermit:Feint"],"picked":"hermit:LowProfile","floor":2.0},{"not_picked":["hermit:Coalescence","hermit:TrackingShot","hermit:LuckOfTheDraw"],"picked":"SKIP","floor":4.0},{"not_picked":["hermit:SprayPray","hermit:ItchyTrigger","hermit:Desperado"],"picked":"SKIP","floor":6.0},{"not_picked":["hermit:Coalescence","hermit:Malice"],"picked":"hermit:Misfire","floor":8.0},{"not_picked":["hermit:BodyArmor","hermit:Virtue"],"picked":"hermit:GhostlyPresence","floor":10.0},{"not_picked":["hermit:Combo","hermit:ShadowCloak"],"picked":"hermit:CursedWeapon","floor":11.0},{"not_picked":["hermit:Brawl","hermit:ShadowCloak"],"picked":"hermit:EternalForm","floor":13.0},{"not_picked":["hermit:Coalescence","hermit:Scavenge+1","hermit:Virtue"],"picked":"SKIP","floor":18.0},{"not_picked":["hermit:Vantage","hermit:Coalescence"],"picked":"hermit:Malice","floor":19.0},{"not_picked":["hermit:Dive","hermit:LoneWolf+1"],"picked":"hermit:WideOpen","floor":22.0},{"not_picked":["hermit:Grudge","hermit:DeadMansHand","hermit:Desperado+1"],"picked":"SKIP","floor":23.0},{"not_picked":["hermit:FromBeyond","hermit:SprayPray","hermit:Grudge"],"picked":"SKIP","floor":25.0},{"not_picked":["hermit:Ricochet+1","hermit:Vantage"],"picked":"hermit:Showdown+1","floor":27.0},{"not_picked":["hermit:EyeOfTheStorm","hermit:Vantage"],"picked":"hermit:Shortfuse+1","floor":28.0},{"not_picked":["hermit:Snipe","hermit:SprayPray+1"],"picked":"hermit:Quickdraw","floor":30.0},{"not_picked":["hermit:OverwhelmingPower","hermit:Dive","hermit:Misfire"],"picked":"SKIP","floor":31.0},{"not_picked":["hermit:Manifest","hermit:Glare+1","hermit:TakeAim+1"],"picked":"SKIP","floor":35.0},{"not_picked":["hermit:Horror+1","hermit:WideOpen+1","hermit:Feint+1"],"picked":"SKIP","floor":37.0},{"not_picked":["hermit:FlashPowder+1","hermit:Shortfuse"],"picked":"hermit:Maintenance","floor":38.0},{"not_picked":["hermit:Feint","hermit:Midnight","hermit:Showdown+1"],"picked":"SKIP","floor":41.0},{"not_picked":["hermit:Snipe+1","hermit:TrackingShot","hermit:Glare+1"],"picked":"SKIP","floor":42.0},{"not_picked":["hermit:CalledShot","hermit:Scavenge+1","hermit:LowProfile"],"picked":"SKIP","floor":45.0},{"not_picked":["hermit:Gambit","hermit:Vantage+1","hermit:TrackingShot+1"],"picked":"SKIP","floor":47.0},{"not_picked":["hermit:Misfire","hermit:Quickdraw","hermit:GoldenBullet+1"],"picked":"SKIP","floor":48.0},{"not_picked":["hermit:FinalCanter","hermit:TakeAim","hermit:LuckOfTheDraw+1"],"picked":"SKIP","floor":54.0}],"player_experience":942393,"relics_obtained":[{"floor":6.0,"key":"Ice Cream"},{"floor":8.0,"key":"Oddly Smooth Stone"},{"floor":9.0,"key":"Blue Candle"},{"floor":10.0,"key":"PreservedInsect"},{"floor":23.0,"key":"Tiny Chest"},{"floor":23.0,"key":"Torii"},{"floor":26.0,"key":"Girya"},{"floor":27.0,"key":"Sundial"},{"floor":27.0,"key":"Ornamental Fan"},{"floor":31.0,"key":"Nunchaku"},{"floor":31.0,"key":"Art of War"},{"floor":41.0,"key":"Akabeko"},{"floor":41.0,"key":"Centennial Puzzle"},{"floor":54.0,"key":"HornCleat"},{"floor":54.0,"key":"Dead Branch"}],"event_choices":[{"damage_healed":0.0,"max_hp_gain":0.0,"max_hp_loss":0.0,"gold_gain":75.0,"event_name":"World of Goop","player_choice":"Gather Gold","floor":3.0,"gold_loss":0.0,"damage_taken":11.0},{"cards_removed":["hermit:Covet"],"damage_healed":0.0,"max_hp_gain":0.0,"max_hp_loss":0.0,"gold_gain":0.0,"event_name":"Living Wall","player_choice":"Forget","floor":5.0,"gold_loss":0.0,"damage_taken":0.0},{"damage_healed":0.0,"max_hp_gain":0.0,"max_hp_loss":0.0,"gold_gain":0.0,"event_name":"The Library","player_choice":"Read","floor":20.0,"gold_loss":0.0,"damage_taken":0.0,"cards_obtained":["hermit:FlashPowder"]},{"cards_removed":["hermit:Reprieve"],"damage_healed":4.0,"max_hp_gain":10.0,"max_hp_loss":0.0,"gold_gain":0.0,"event_name":"Bonfire Elementals","player_choice":"Offered Rare","floor":36.0,"gold_loss":0.0,"damage_taken":0.0}],"is_beta":false,"boss_relics":[{"not_picked":["SacredBark","Tiny House"],"picked":"Black Star"},{"not_picked":["Coffee Dripper","Busted Crown"],"picked":"Astrolabe"}],"items_purged_floors":[12,14,21,29,39],"is_endless":false,"potions_floor_spawned":[2,4,11,19,22,25,31,33,35,37,48,54],"killed_by":"The Heart","ascension_level":1}}