{"host":"2se5dq1do2gp0x9k","time":1609202864,"event":{"mods":["BaseMod","Block Reminder","Colored Map","Colored Powertips","Minty Spire (QoL Compilation)","Relic Stats","StSLib","SuperFastMode","Synergy Search"],"gold_per_floor":[113,131,131,151,25,25,51,65,112,112,137,137,153,170,170,247,247,259,259,259,68,0,0],"floor_reached":22,"playtime":806,"items_purged":["Strike_R","Strike_R"],"score":388,"play_id":"a5ae3244-82fb-4e76-a6a1-de8ae407d789","local_time":"20201228164744","is_ascension_mode":true,"campfire_choices":[{"data":"Flex","floor":6.0,"key":"SMITH"},{"data":"Twin Strike","floor":10.0,"key":"SMITH"},{"data":"Spot Weakness","floor":12.0,"key":"SMITH"},{"data":"Clothesline","floor":15.0,"key":"SMITH"}],"circlet_count":0,"master_deck":["AscendersBane","Strike_R","Defend_R","Defend_R","Defend_R","Defend_R","Bash+1","Cleave","Flex+1","Shrug It Off","Twin Strike+1","Burning Pact","Spot Weakness+1","Shrug It Off","Clothesline+1","Feed","Disarm","Inflame","Flash of Steel"],"relics":["Burning Blood","Letter Opener","PreservedInsect","Smiling Mask","Empty Cage"],"acts_visited":["Exordium","TheCity"],"potions_floor_usage":[],"damage_taken":[{"damage":8.0,"enemies":"Small Slimes","floor":1.0,"turns":4.0},{"damage":1.0,"enemies":"Cultist","floor":2.0,"turns":3.0},{"damage":12.0,"enemies":"Jaw Worm","floor":4.0,"turns":3.0},{"damage":35.0,"enemies":"Lagavulin","floor":7.0,"turns":7.0},{"damage":7.0,"enemies":"3 Louse","floor":8.0,"turns":3.0},{"damage":6.0,"enemies":"Gremlin Nob","floor":11.0,"turns":3.0},{"damage":0.0,"enemies":"Lots of Slimes","floor":13.0,"turns":1.0},{"damage":7.0,"enemies":"Exordium Thugs","floor":14.0,"turns":4.0},{"damage":36.0,"enemies":"Hexaghost","floor":16.0,"turns":9.0},{"damage":31,"enemies":"Shell Parasite","floor":18,"turns":6},{"damage":35,"enemies":"2 Thieves","floor":22,"turns":2}],"seed_played":"-8108395504127107708","potions_obtained":[{"floor":2.0,"key":"GamblersBrew"},{"floor":7.0,"key":"SteroidPotion"},{"floor":8.0,"key":"Fire Potion"},{"floor":18,"key":"Block Potion"},{"floor":20,"key":"SkillPotion"}],"is_trial":false,"path_per_floor":["M","M","?","M","$","R","E","M","T","R","E","R","M","M","R","B",null,"M","?","?","$","M"],"character_chosen":"IRONCLAD","items_purchased":["Shrug It Off","Inflame","Flash of Steel"],"campfire_rested":0,"item_purchase_floors":[5,21,21],"current_hp_per_floor":[66,71,71,65,65,65,36,35,35,35,35,35,41,40,40,10,59,34,34,34,34,0,0],"gold":0,"neow_bonus":"UPGRADE_CARD","is_daily":false,"chose_seed":false,"campfire_upgraded":4,"win_rate":0.0,"timestamp":1609202864,"path_taken":["M","M","?","M","$","R","E","M","T","R","E","R","M","M","R","BOSS","M","?","?","$","?"],"items_purchased_type":["Card","Card","Card"],"build_version":"2020-12-22","purchased_purges":2,"victory":false,"max_hp_per_floor":[75,75,75,75,75,75,75,75,75,75,75,75,75,75,75,75,75,75,75,75,75,75,75],"relic_stats":{"counters":[11,45],"PreservedInsect":22,"Letter Opener":[25],"Smiling Mask":50,"obtain_stats":[{"PreservedInsect":9,"Letter Opener":7,"Smiling Mask":11,"Empty Cage":17,"Burning Blood":0},{"PreservedInsect":5,"Letter Opener":4,"Smiling Mask":6,"Empty Cage":9,"Burning Blood":0},{"PreservedInsect":20,"Letter Opener":17,"Smiling Mask":23,"Empty Cage":37,"Burning Blood":0}],"Burning Blood":60},"card_choices":[{"not_picked":["Clothesline","Battle Trance"],"picked":"Cleave","floor":1.0},{"not_picked":["Wild Strike","True Grit"],"picked":"Flex","floor":2.0},{"not_picked":["Perfected Strike","Cleave","Seeing Red"],"picked":"SKIP","floor":4.0},{"not_picked":["Perfected Strike","Dual Wield"],"picked":"Twin Strike","floor":7.0},{"not_picked":["Bloodletting","Limit Break"],"picked":"Burning Pact","floor":8.0},{"not_picked":["True Grit","Blood for Blood"],"picked":"Spot Weakness","floor":11.0},{"not_picked":["Armaments","Twin Strike"],"picked":"Shrug It Off","floor":13.0},{"not_picked":["Sentinel","Uppercut"],"picked":"Clothesline","floor":14.0},{"not_picked":["Exhume","Juggernaut"],"picked":"Feed","floor":16.0},{"not_picked":["Body Slam","Havoc","Infernal Blade"],"picked":"SKIP","floor":18}],"player_experience":3638751,"relics_obtained":[{"floor":7.0,"key":"Letter Opener"},{"floor":9.0,"key":"PreservedInsect"},{"floor":11.0,"key":"Smiling Mask"}],"event_choices":[{"damage_healed":0.0,"max_hp_gain":0.0,"max_hp_loss":0.0,"gold_gain":0.0,"event_name":"The Cleric","player_choice":"Leave","floor":3.0,"gold_loss":0.0,"damage_taken":0.0},{"damage_healed":0,"gold_gain":0,"player_choice":"Read","damage_taken":0,"max_hp_gain":0,"max_hp_loss":0,"event_name":"The Library","floor":19,"gold_loss":0,"cards_obtained":["Disarm"]},{"damage_healed":0,"gold_gain":0,"player_choice":"Got Potions","damage_taken":0,"max_hp_gain":0,"max_hp_loss":0,"event_name":"Lab","floor":20,"gold_loss":0}],"is_beta":false,"boss_relics":[{"not_picked":["SlaversCollar","Runic Cube"],"picked":"Empty Cage"}],"items_purged_floors":[5,21],"is_endless":false,"potions_floor_spawned":[2,7,8,11,18],"killed_by":"2 Thieves","ascension_level":20}}