{"host":"dh4nu8nelr2izibb","time":1609226046,"event":{"mods":["Act Like it!","BaseMod","Better Third Choice","Card Forge","Curses Come First","Displayed Cursed Tome","HololiveMod","Marisa????????","Minty Spire (QoL Compilation)","Puzzle Mod","Quick Restart","Relic Filter","StSLib","The Marked","The Poker Player","The Servant 0.9.4","WarShipGirlsR/????R mod","Yakumo Yukari mod"],"gold_per_floor":[111,129,139,154,174,174,209,226,280,280,280,280,292,345,345,421,421,440,440,451,461,477,477,488,413,413,433,446,446],"floor_reached":28,"playtime":1113,"items_purged":["Strike_G"],"score":556,"play_id":"e2c9b5c4-8a49-40b8-80a7-57ad9aa9e599","local_time":"20201229021406","is_ascension_mode":true,"campfire_choices":[{"data":"Sucker Punch","floor":6.0,"key":"SMITH"},{"floor":10,"key":"REST"},{"data":"Cloak And Dagger","floor":12,"key":"SMITH"},{"floor":15,"key":"REST"},{"floor":23,"key":"REST"}],"circlet_count":0,"master_deck":["AscendersBane","Strike_G","Strike_G+1","Strike_G+1","Defend_G","Defend_G","Defend_G","Defend_G","Survivor","Neutralize+1","Footwork+1","Dagger Throw","Terror+1","Sucker Punch+1","Quick Slash","Backflip","Cloak And Dagger+1","Adrenaline","Flying Knee","Malaise+1","Backstab","Storm of Steel","Neutralize","Accuracy","Heel Hook","Backflip"],"relics":["Ring of the Serpent","Hammer of Thor","Seething Fire","Anvil of the Gods","Hololive_LightStick","Whetstone","PreservedInsect","White Beast Statue"],"acts_visited":["Exordium","TheCity"],"potions_floor_usage":[7,16,16,20,27,27],"damage_taken":[{"damage":4.0,"enemies":"Small Slimes","floor":1.0,"turns":5.0},{"damage":0.0,"enemies":"Cultist","floor":2.0,"turns":3.0},{"damage":5.0,"enemies":"2 Louse","floor":3.0,"turns":4.0},{"damage":3.0,"enemies":"Lots of Slimes","floor":4.0,"turns":5.0},{"damage":7.0,"enemies":"2 Fungi Beasts","floor":5.0,"turns":4.0},{"damage":22,"enemies":"3 Sentries","floor":7,"turns":10},{"damage":0,"enemies":"Blue Slaver","floor":8,"turns":3},{"damage":0,"enemies":"Looter","floor":13,"turns":2},{"damage":0,"enemies":"Slime Boss","floor":16,"turns":5},{"damage":0,"enemies":"3 Byrds","floor":18,"turns":5},{"damage":8,"enemies":"2 Thieves","floor":20,"turns":4},{"damage":0,"enemies":"Chosen and Byrds","floor":21,"turns":5},{"damage":32,"enemies":"Snecko","floor":22,"turns":6},{"damage":16,"enemies":"Cultist and Chosen","floor":24,"turns":7},{"damage":0,"enemies":"Centurion and Healer","floor":27,"turns":6},{"damage":0,"enemies":"Snake Plant","floor":28,"turns":5}],"seed_played":"2541818624971121941","potions_obtained":[{"floor":1.0,"key":"Poison Potion"},{"floor":2.0,"key":"LiquidBronze"},{"floor":3.0,"key":"DistilledChaos"},{"floor":4.0,"key":"AttackPotion"},{"floor":13,"key":"DistilledChaos"},{"floor":18,"key":"SkillPotion"},{"floor":20,"key":"Weak Potion"},{"floor":21,"key":"Weak Potion"},{"floor":27,"key":"Fruit Juice"},{"floor":28,"key":"BlessingOfTheForge"}],"is_trial":false,"path_per_floor":["M","M","M","M","M","R","E","M","T","R","?","R","M","T","R","B",null,"M","?","M","M","M","R","M","$","T","M","M"],"character_chosen":"THE_SILENT","items_purchased":[],"campfire_rested":3,"item_purchase_floors":[],"current_hp_per_floor":[55,55,50,47,40,40,18,18,18,37,37,37,37,37,56,56,64,64,64,56,56,24,43,27,27,27,32,32,32],"gold":446,"neow_bonus":"UPGRADE_CARD","is_daily":false,"chose_seed":false,"campfire_upgraded":2,"win_rate":0.0,"timestamp":1609226046,"path_taken":["M","M","M","M","M","R","E","M","T","R","?","R","?","?","R","BOSS","M","?","M","?","M","R","M","$","T","M","M"],"items_purchased_type":[],"build_version":"2020-12-22","purchased_purges":1,"victory":false,"max_hp_per_floor":[66,66,66,66,66,66,66,66,66,66,66,66,66,66,66,66,66,66,66,66,66,66,66,66,66,66,71,71,71],"card_choices":[{"not_picked":["Masterful Stab","Backflip"],"picked":"Quick Slash","floor":1.0},{"not_picked":["Deadly Poison","Dodge and Roll"],"picked":"Footwork","floor":2.0},{"not_picked":["PiercingWail","Caltrops"],"picked":"Dagger Throw","floor":3.0},{"not_picked":["Distraction","Footwork"],"picked":"Terror","floor":4.0},{"not_picked":["Blur","Terror"],"picked":"Sucker Punch","floor":5.0},{"not_picked":["Predator","Flechettes"],"picked":"Backflip","floor":7},{"not_picked":["Footwork","Choke"],"picked":"Cloak And Dagger","floor":8},{"not_picked":["Blur","Quick Slash"],"picked":"Flying Knee","floor":13},{"not_picked":["Phantasmal Killer","Tools of the Trade"],"picked":"Malaise","floor":16},{"not_picked":["Bane","Sucker Punch"],"picked":"Backstab","floor":18},{"not_picked":["Tactician","Flying Knee"],"picked":"Accuracy","floor":20},{"not_picked":["Underhanded Strike","Dodge and Roll","Sucker Punch"],"picked":"SKIP","floor":21},{"not_picked":["Deadly Poison+1","Outmaneuver"],"picked":"Heel Hook","floor":22},{"not_picked":["Poisoned Stab","Setup","Flying Knee"],"picked":"SKIP","floor":24},{"not_picked":["Masterful Stab","Deadly Poison"],"picked":"Backflip","floor":27},{"not_picked":["Accuracy","Prepared","Venomology"],"picked":"SKIP","floor":28}],"player_experience":1127766,"relics_obtained":[{"floor":7,"key":"Hololive_LightStick"},{"floor":9,"key":"Whetstone"},{"floor":14,"key":"PreservedInsect"},{"floor":26,"key":"White Beast Statue"}],"event_choices":[{"damage_healed":0,"gold_gain":0,"player_choice":"1 cards matched","damage_taken":0,"max_hp_gain":0,"max_hp_loss":0,"event_name":"Match and Keep!","floor":11,"gold_loss":0,"cards_obtained":["Adrenaline"]},{"damage_healed":0,"gold_gain":0,"player_choice":"2 cards matched","damage_taken":0,"max_hp_gain":0,"max_hp_loss":0,"event_name":"Match and Keep!","floor":19,"gold_loss":0,"cards_obtained":["Storm of Steel","Neutralize"]}],"is_beta":false,"boss_relics":[{"not_picked":["Hololive_TopUpMoneyS","Black Star"],"picked":"Ring of the Serpent"}],"items_purged_floors":[25],"is_endless":false,"potions_floor_spawned":[1,2,3,4,13,18,20,21,27,28],"killed_by":"Snake Plant","ascension_level":20}}