{"host":"dftyqn972q7tuon4","time":1609268971,"event":{"mods":["AchievementEnabler","BaseMod","Better Altar","Better Match","Better Note","Better Sensory Stone","Better Skull","Better Third Choice","Colored Powertips","Highlight Path","Minty Spire (QoL Compilation)","Permanent Neow","Quick Restart","StSLib"],"gold_per_floor":[110,110,35,35,86,124,136,208,220,232,263,275,297,344,356,467,479,506,531,543,574,597,635,658,686,698,625,637,4,14,41,41,140,140,153,58,58,108,124,124,157,157,226,239,239,239,45,96,96,96],"floor_reached":51,"playtime":3700,"items_purged":["Defend_G","Strike_G","Strike_G"],"score":929,"play_id":"00f65f3d-cbf1-4348-b025-d7f81be23530","local_time":"20201229200931","is_ascension_mode":true,"campfire_choices":[{"data":"Phantasmal Killer","floor":7.0,"key":"SMITH"},{"floor":12.0,"key":"REST"},{"data":"Footwork","floor":15.0,"key":"SMITH"},{"floor":32.0,"key":"REST"},{"data":"1","floor":40,"key":"LIFT"},{"data":"2","floor":42,"key":"LIFT"},{"floor":45,"key":"REST"},{"floor":49,"key":"REST"}],"circlet_count":0,"master_deck":["Strike_G","Strike_G+1","Defend_G","Defend_G","Defend_G+1","Survivor+1","Neutralize+1","Cloak And Dagger","FTL+1","Phantasmal Killer+1","Footwork+1","Skewer","Flying Knee","Acrobatics+1","Envenom","Blur","All Out Attack","Accuracy","Cloak And Dagger","Slice+1","Setup","Prepared+1","Dramatic Entrance","PiercingWail+1","Setup+1","Malaise","PiercingWail+1","Footwork+1","Footwork"],"relics":["Ring of the Snake","NeowsBlessing","Regal Pillow","MawBank","Darkstone Periapt","Boot","White Beast Statue","Bag of Preparation","WristBlade","CaptainsWheel","Whetstone","War Paint","Toy Ornithopter","TungstenRod","Juzu Bracelet","Philosopher\u0027s Stone","Girya","Bronze Scales","HornCleat","Incense Burner"],"acts_visited":["Exordium","TheCity","TheBeyond"],"potions_floor_usage":[39,41,41,44,50,50,50],"damage_taken":[{"damage":0.0,"enemies":"2 Louse","floor":1.0,"turns":1.0},{"damage":0.0,"enemies":"Gremlin Nob","floor":6.0,"turns":1.0},{"damage":0.0,"enemies":"Lagavulin Event","floor":8.0,"turns":1.0},{"damage":0.0,"enemies":"Jaw Worm","floor":11.0,"turns":3.0},{"damage":0.0,"enemies":"Cultist","floor":13.0,"turns":2.0},{"damage":17.0,"enemies":"Lagavulin","floor":14.0,"turns":5.0},{"damage":12.0,"enemies":"Slime Boss","floor":16.0,"turns":8.0},{"damage":0.0,"enemies":"Spheric Guardian","floor":18.0,"turns":3.0},{"damage":1.0,"enemies":"2 Thieves","floor":19.0,"turns":4.0},{"damage":18.0,"enemies":"3 Cultists","floor":21.0,"turns":6.0},{"damage":49.0,"enemies":"Shelled Parasite and Fungi","floor":22.0,"turns":6.0},{"damage":10.0,"enemies":"Gremlin Leader","floor":23.0,"turns":5.0},{"damage":7.0,"enemies":"Snecko","floor":24.0,"turns":5.0},{"damage":2.0,"enemies":"3 Cultists","floor":25.0,"turns":5.0},{"damage":8.0,"enemies":"Snake Plant","floor":30.0,"turns":3.0},{"damage":17.0,"enemies":"Collector","floor":33.0,"turns":13.0},{"damage":1.0,"enemies":"Orb Walker","floor":35.0,"turns":3.0},{"damage":0,"enemies":"Mind Bloom Boss Battle","floor":38,"turns":6},{"damage":9,"enemies":"3 Shapes","floor":39,"turns":4},{"damage":30,"enemies":"Nemesis","floor":41,"turns":7},{"damage":18,"enemies":"Transient","floor":44,"turns":5},{"damage":27,"enemies":"2 Orb Walkers","floor":48,"turns":7},{"damage":56,"enemies":"Time Eater","floor":50,"turns":15}],"seed_played":"-6801559357638220363","potions_obtained":[{"floor":6.0,"key":"DistilledChaos"},{"floor":8.0,"key":"EssenceOfSteel"},{"floor":11.0,"key":"Weak Potion"},{"floor":13.0,"key":"Block Potion"},{"floor":14.0,"key":"PowerPotion"},{"floor":16.0,"key":"EntropicBrew"},{"floor":18.0,"key":"ColorlessPotion"},{"floor":19.0,"key":"Energy Potion"},{"floor":21.0,"key":"Swift Potion"},{"floor":22.0,"key":"SpeedPotion"},{"floor":23.0,"key":"Swift Potion"},{"floor":24.0,"key":"BlessingOfTheForge"},{"floor":25.0,"key":"SkillPotion"},{"floor":30.0,"key":"SpeedPotion"},{"floor":33.0,"key":"PowerPotion"},{"floor":35.0,"key":"SteroidPotion"},{"floor":38,"key":"Ancient Potion"},{"floor":39,"key":"ColorlessPotion"},{"floor":41,"key":"Fire Potion"},{"floor":44,"key":"DuplicationPotion"},{"floor":48,"key":"ColorlessPotion"}],"is_trial":false,"path_per_floor":["M","?","$","?","T","E","R","?","T","$","M","R","M","E","R","B",null,"M","M","?","M","M","E","M","M","T","?","?","$","M","T","R","B",null,"M","$","?","?","M","R","E","R","T","M","R","?","$","?","R","B",null],"character_chosen":"THE_SILENT","items_purchased":["Toy Ornithopter","TungstenRod","ColorlessPotion","Strength Potion","Dramatic Entrance","Footwork"],"campfire_rested":4,"item_purchase_floors":[29,29,29,29,36,47],"current_hp_per_floor":[63,47,47,33,33,33,33,33,33,33,33,69,69,52,52,40,63,63,62,62,44,21,11,4,2,2,2,2,2,9,9,45,33,61,60,60,60,60,56,56,36,36,36,23,59,59,59,32,68,27],"gold":96,"neow_bonus":"THREE_ENEMY_KILL","is_daily":false,"chose_seed":false,"campfire_upgraded":2,"win_rate":0.0,"timestamp":1609268971,"path_taken":["M","?","$","?","?","E","R","?","T","?","M","R","M","E","R","BOSS","M","?","?","M","M","E","?","M","T","?","?","$","M","?","R","BOSS","M","$","?","?","M","R","E","R","T","M","R","?","$","?","R","BOSS"],"items_purchased_type":["Relic","Relic","Potion","Potion","Card","Card"],"build_version":"2020-12-22","purchased_purges":3,"victory":true,"max_hp_per_floor":[70,70,70,70,70,70,70,70,70,70,70,70,70,70,70,70,70,70,70,70,70,70,70,70,70,70,70,70,70,70,70,70,70,70,70,70,70,70,70,70,70,70,70,70,70,70,70,70,70,70],"card_choices":[{"not_picked":["Concentrate","Blade Dance"],"picked":"Cloak And Dagger","floor":1.0},{"not_picked":["Cloak And Dagger","Blade Dance"],"picked":"Phantasmal Killer","floor":6.0},{"not_picked":["Poisoned Stab","Dagger Spray"],"picked":"Footwork","floor":8.0},{"not_picked":["Bouncing Flask","Quick Slash"],"picked":"Skewer","floor":11.0},{"not_picked":["Leg Sweep","Deflect"],"picked":"Flying Knee","floor":13.0},{"not_picked":["Finisher","Poisoned Stab"],"picked":"Acrobatics","floor":14.0},{"not_picked":["Phantasmal Killer","Die Die Die"],"picked":"Envenom","floor":16.0},{"not_picked":["Dagger Throw","Poisoned Stab","Skewer"],"picked":"SKIP","floor":18.0},{"not_picked":["Masterful Stab","Poisoned Stab"],"picked":"Blur","floor":19.0},{"not_picked":["Dagger Throw","Dagger Spray"],"picked":"Accuracy","floor":21.0},{"not_picked":["Dagger Spray","Poisoned Stab","Bouncing Flask"],"picked":"SKIP","floor":22.0},{"not_picked":["Backflip","Well Laid Plans+1"],"picked":"Cloak And Dagger","floor":23.0},{"not_picked":["Heel Hook+1","Flying Knee+1","Poisoned Stab"],"picked":"SKIP","floor":24.0},{"not_picked":["Deadly Poison","Glass Knife"],"picked":"Slice","floor":25.0},{"not_picked":["Poisoned Stab","Dagger Throw"],"picked":"Setup","floor":30.0},{"not_picked":["Dodge and Roll","Sucker Punch+1"],"picked":"Prepared+1","floor":35.0},{"not_picked":["Dodge and Roll","Sucker Punch"],"picked":"PiercingWail+1","floor":38},{"not_picked":["Quick Slash+1","Distraction+1"],"picked":"Setup+1","floor":39},{"not_picked":["Deflect","Backstab"],"picked":"Malaise","floor":41},{"not_picked":["Noxious Fumes","Sucker Punch"],"picked":"PiercingWail+1","floor":44}],"player_experience":534442,"relics_obtained":[{"floor":5.0,"key":"MawBank"},{"floor":6.0,"key":"Darkstone Periapt"},{"floor":8.0,"key":"Boot"},{"floor":9.0,"key":"White Beast Statue"},{"floor":14.0,"key":"Bag of Preparation"},{"floor":23.0,"key":"CaptainsWheel"},{"floor":26.0,"key":"Whetstone"},{"floor":31.0,"key":"Juzu Bracelet"},{"floor":38,"key":"Girya"},{"floor":41,"key":"Bronze Scales"},{"floor":43,"key":"HornCleat"},{"floor":48,"key":"Incense Burner"}],"event_choices":[{"damage_healed":47.0,"max_hp_gain":0.0,"max_hp_loss":70.0,"gold_gain":0.0,"event_name":"betterThird:BetterShining","player_choice":"Upgrade","floor":4.0,"gold_loss":0.0,"damage_taken":14.0,"cards_upgraded":["Survivor","Strike_G"]},{"damage_healed":0.0,"max_hp_gain":0.0,"max_hp_loss":0.0,"gold_gain":0.0,"event_name":"Dead Adventurer","player_choice":"Searched \u00271\u0027 times","floor":8.0,"gold_loss":0.0,"damage_taken":0.0},{"damage_healed":0.0,"max_hp_gain":0.0,"max_hp_loss":0.0,"gold_gain":0.0,"cards_transformed":["Strike_G"],"event_name":"Transmorgrifier","player_choice":"Transformed","floor":20.0,"gold_loss":0.0,"damage_taken":0.0,"cards_obtained":["All Out Attack"]},{"damage_healed":0.0,"max_hp_gain":0.0,"max_hp_loss":0.0,"gold_gain":0.0,"event_name":"Addict","player_choice":"Obtained Relic","floor":27.0,"gold_loss":85.0,"damage_taken":0.0,"relics_obtained":["War Paint"]},{"damage_healed":0.0,"max_hp_gain":0.0,"max_hp_loss":0.0,"gold_gain":0.0,"event_name":"Cursed Tome","player_choice":"Ignored","floor":28.0,"gold_loss":0.0,"damage_taken":0.0},{"cards_removed":["Defend_G"],"damage_healed":0.0,"max_hp_gain":0.0,"max_hp_loss":0.0,"gold_gain":0.0,"event_name":"Falling","player_choice":"Removed Skill","floor":37.0,"gold_loss":0.0,"damage_taken":0.0},{"damage_healed":0,"gold_gain":0,"player_choice":"Fight","damage_taken":0,"max_hp_gain":0,"max_hp_loss":0,"event_name":"MindBloom","floor":38,"gold_loss":0},{"damage_healed":0,"gold_gain":0,"player_choice":"Copied","damage_taken":0,"max_hp_gain":0,"max_hp_loss":0,"event_name":"Duplicator","floor":46,"gold_loss":0,"cards_obtained":["Footwork"]},{"damage_healed":0,"gold_gain":0,"player_choice":"Fight","damage_taken":0,"max_hp_gain":0,"max_hp_loss":0,"event_name":"Mysterious Sphere","floor":48,"gold_loss":0}],"is_beta":false,"boss_relics":[{"not_picked":["Calling Bell","Snecko Eye"],"picked":"WristBlade"},{"not_picked":["Pandora\u0027s Box","Velvet Choker"],"picked":"Philosopher\u0027s Stone"}],"items_purged_floors":[3,29,47],"is_endless":false,"potions_floor_spawned":[6,8,11,13,14,16,18,19,21,22,23,24,25,30,33,35,38,39,41,44,48],"ascension_level":6}}