{"host":"e1gibo0yuvs2h8od","time":1609204229,"event":{"mods":["2.2 Compatiblity","Abigail Mod","Act Like it!","BaseMod","Block Reminder","DeckTracker","Friendly Minions","KinomotoSakuraMod(????)","Marisa????????","Minty Spire (QoL Compilation)","Pale of the Ancients","Prisma Mod","Quick Restart","Reimu??????","Remove Card Discount Mod","StSLib","The Disciple","The Jungle","The Senshi","The Servant 0.9.4","TheFirefly","Wandering Minibosses"],"gold_per_floor":[112,112,130,149,162,162,162],"floor_reached":6,"playtime":804,"items_purged":[],"score":38,"play_id":"8b9057b9-1501-48e1-9596-4dabd1e5e937","local_time":"20201229011029","is_ascension_mode":false,"campfire_choices":[],"circlet_count":0,"master_deck":["Strike_G","Strike_G","Strike_G","Strike_G","Strike_G","Defend_G","Defend_G","Defend_G","Defend_G","Survivor","Neutralize","Noxious Fumes","Quick Slash","Quick Slash"],"relics":["Ring of the Snake"],"acts_visited":["Exordium"],"potions_floor_usage":[2],"damage_taken":[{"damage":0,"enemies":"Small Slimes","floor":1,"turns":4},{"damage":0,"enemies":"Cultist","floor":3,"turns":4},{"damage":12,"enemies":"Jaw Worm","floor":4,"turns":7},{"damage":33,"enemies":"Exordium Wildlife","floor":5,"turns":8},{"damage":38,"enemies":"Gremlin Nob","floor":6,"turns":4}],"seed_played":"-558432949874787870","potions_obtained":[{"floor":1,"key":"SkillPotion"},{"floor":2,"key":"Fruit Juice"}],"is_trial":false,"path_per_floor":["M","?","M","M","M","E"],"character_chosen":"THE_SILENT","items_purchased":[],"campfire_rested":0,"item_purchase_floors":[],"current_hp_per_floor":[70,75,75,63,30,0,0],"gold":162,"neow_bonus":"REMOVE_CARD","is_daily":false,"chose_seed":false,"campfire_upgraded":0,"win_rate":0.0,"timestamp":1609204229,"path_taken":["M","?","M","M","M","E"],"items_purchased_type":[],"build_version":"2020-12-22","purchased_purges":0,"victory":false,"max_hp_per_floor":[70,75,75,75,75,75,75],"card_choices":[{"not_picked":["Flechettes","Poisoned Stab"],"picked":"Noxious Fumes","floor":1},{"not_picked":["Acrobatics","Expertise"],"picked":"Quick Slash","floor":3},{"not_picked":["Distraction","Tactician"],"picked":"Quick Slash","floor":4},{"not_picked":["Concentrate","Calculated Gamble","Dodge and Roll"],"picked":"SKIP","floor":5}],"player_experience":927542,"relics_obtained":[],"event_choices":[{"damage_healed":0,"gold_gain":0,"player_choice":"Got Potions","damage_taken":0,"max_hp_gain":0,"max_hp_loss":0,"event_name":"Lab","floor":2,"gold_loss":0}],"is_beta":false,"boss_relics":[],"items_purged_floors":[],"is_endless":false,"potions_floor_spawned":[1],"killed_by":"Gremlin Nob","ascension_level":0}}