{"host":"zpql4quw4g2j1hsh","time":1609217437,"event":{"mods":["Act Like it!","BaseMod","Better-Laid Plans","Challenge The Spire","Decade(王小明)","Lobotomy","LobotomyExtend","Minty Spire (QoL Compilation)","Permanent Neow","Quick Restart","Relic Stats","Spicy Shops","StSLib","SuperFastMode","【遗物卡牌】REMEMod","篝火指南"],"gold_per_floor":[117,117,117,132,132,132,142,142,142,155,155,169,182,192,192,292,292,292,391,351,364,377,377,377,145,145,145,145,145,145,193,193,288,288,304,121,133,133,133],"floor_reached":38,"playtime":2188,"items_purged":[],"score":389,"play_id":"b3da2512-203b-4a24-b93f-7cd1d1a41ef8","local_time":"20201229125037","is_ascension_mode":false,"campfire_choices":[{"data":"Apotheosis","floor":6,"key":"SMITH"},{"data":"FormRideDragon","floor":11,"key":"SMITH"},{"data":"RideBooker_Skill_3","floor":15,"key":"SMITH"},{"floor":23,"key":"REST"},{"data":"FormRideTitan","floor":28,"key":"SMITH"},{"floor":32,"key":"REST"}],"circlet_count":0,"master_deck":["Decade_Attack","Decade_Attack","Decade_Attack","Decade_Attack","KamenRide","Decade_SpecialSkill","Decade_Defend","Decade_Defend","Decade_Defend","Decade_Defend+1","Apotheosis+1","RideBooker_Skill_3+1","Kuuga_GouramAttack+1","FormRideDragon+1","DenO_Climax","FormRideTitan+1","Flash of Steel","Hibiki_Attack1","Blade_Metal","Kuuga_Rising","REME_BattleFury","Parasite"],"relics":["Decadriver","TOEIDeficitBill","REME_ComplimentaryCards","NeowsBlessing","LetterFromLob","Sundial","REME_ChargedStone","CultistMask","Orrery","Juzu Bracelet","REME_DuelDisc"],"acts_visited":["Exordium","TheCity","TheBeyond"],"potions_floor_usage":[31,31,31],"damage_taken":[{"damage":0,"enemies":"Small Slimes","floor":1,"turns":1},{"damage":0,"enemies":"2 Louse","floor":4,"turns":1},{"damage":0,"enemies":"Cultist","floor":7,"turns":1},{"damage":8,"enemies":"Exordium Thugs","floor":10,"turns":5},{"damage":5,"enemies":"Large Slime","floor":12,"turns":4},{"damage":10,"enemies":"Looter","floor":13,"turns":3},{"damage":8,"enemies":"Red Slaver","floor":14,"turns":2},{"damage":60,"enemies":"The Guardian","floor":16,"turns":8},{"damage":34,"enemies":"Shell Parasite","floor":21,"turns":4},{"damage":20,"enemies":"2 Thieves","floor":22,"turns":4},{"damage":28,"enemies":"3 Cultists","floor":31,"turns":5},{"damage":57,"enemies":"Collector","floor":33,"turns":8},{"damage":29,"enemies":"3 Shapes","floor":35,"turns":9},{"damage":49,"enemies":"3 Darklings","floor":37,"turns":8},{"damage":24,"enemies":"Writhing Mass","floor":38,"turns":5}],"seed_played":"7320756038310511700","potions_obtained":[{"floor":12,"key":"Energy Potion"},{"floor":13,"key":"Weak Potion"},{"floor":14,"key":"LiquidBronze"},{"floor":22,"key":"BlessingOfTheForge"},{"floor":30,"key":"REME_GoldPotion"}],"is_trial":false,"path_per_floor":["M","?","?","M","?","R","M","$","T","M","R","M","M","M","R","B",null,"M","?","?","M","M","R","?","$","T","?","R","?","?","M","R","B",null,"M","$","M","M"],"character_chosen":"Decade","items_purchased":["Flash of Steel","Orrery","REME_BattleFury"],"campfire_rested":2,"item_purchase_floors":[25,25,36],"current_hp_per_floor":[70,75,75,75,75,75,75,75,75,72,72,75,65,62,62,22,75,75,75,75,49,34,56,56,56,56,56,56,42,42,26,50,7,80,51,51,14,0,0],"gold":133,"neow_bonus":"THREE_ENEMY_KILL","is_daily":false,"chose_seed":false,"campfire_upgraded":4,"win_rate":0.0,"timestamp":1609217437,"path_taken":["M","?","?","M","?","R","?","?","T","M","R","M","M","M","R","BOSS","M","?","?","?","M","R","?","$","T","?","R","?","?","M","R","BOSS","M","$","M","M"],"items_purchased_type":["Card","Relic","Card"],"build_version":"2020-12-22","purchased_purges":0,"victory":false,"max_hp_per_floor":[70,75,75,75,75,75,75,75,75,75,75,75,75,75,75,75,75,75,75,75,75,75,75,75,75,75,75,75,80,80,80,80,80,80,80,80,80,80,80],"relic_stats":{"counters":[15,68],"Sundial":[8],"Juzu Bracelet":1,"obtain_stats":[{"NeowsBlessing":0,"Sundial":9,"REME_ChargedStone":17,"Orrery":25,"Decadriver":0,"CultistMask":24,"REME_DuelDisc":34,"LetterFromLob":1,"Juzu Bracelet":26,"TOEIDeficitBill":0,"REME_ComplimentaryCards":0},{"NeowsBlessing":0,"Sundial":3,"REME_ChargedStone":8,"Orrery":10,"Decadriver":0,"CultistMask":10,"REME_DuelDisc":12,"LetterFromLob":1,"Juzu Bracelet":10,"TOEIDeficitBill":0,"REME_ComplimentaryCards":0},{"NeowsBlessing":0,"Sundial":3,"REME_ChargedStone":25,"Orrery":33,"Decadriver":0,"CultistMask":33,"REME_DuelDisc":46,"LetterFromLob":1,"Juzu Bracelet":33,"TOEIDeficitBill":0,"REME_ComplimentaryCards":0}]},"card_choices":[{"not_picked":["UnarmedAttack7","KamenRideKabuto"],"picked":"FormRideDogga","floor":1},{"not_picked":["DenO_Sword","Blade_Beat"],"picked":"RideBooker_Skill_3","floor":7},{"not_picked":["RideBooker_Skill_1","Decade_Dash1"],"picked":"Kuuga_GouramAttack","floor":10},{"not_picked":["AutoVajin","UnarmedAttack1"],"picked":"FormRideDragon","floor":10},{"not_picked":["TimeVent","UnarmedAttack9"],"picked":"DenO_Climax","floor":16},{"not_picked":["Hibiki_Attack1","KamenRideAgito"],"picked":"FormRideTitan","floor":21},{"not_picked":["KamenRideBlade","Blade_Slash"],"picked":"RideBooker+1","floor":25},{"not_picked":["DenO_Climax","Kiva_Eat"],"picked":"Kuuga_Rising","floor":33}],"player_experience":19587,"relics_obtained":[{"floor":1,"key":"LetterFromLob"},{"floor":9,"key":"Sundial"},{"floor":26,"key":"Juzu Bracelet"}],"event_choices":[{"damage_healed":0,"gold_gain":0,"player_choice":"Donut","damage_taken":0,"max_hp_gain":5,"max_hp_loss":0,"event_name":"Big Fish","floor":2,"gold_loss":0},{"damage_healed":0,"gold_gain":0,"player_choice":"Full Heal","damage_taken":0,"max_hp_gain":0,"max_hp_loss":0,"event_name":"Wheel of Change","floor":5,"gold_loss":0},{"damage_healed":0,"gold_gain":99,"player_choice":"Stole From Cult","damage_taken":0,"max_hp_gain":0,"max_hp_loss":0,"event_name":"Nest","floor":19,"gold_loss":0},{"damage_healed":0,"gold_gain":0,"player_choice":"Upgraded Two","damage_taken":0,"max_hp_gain":0,"max_hp_loss":0,"event_name":"Designer","floor":20,"gold_loss":40,"cards_upgraded":["Kuuga_GouramAttack","Decade_Defend"]},{"damage_healed":0,"gold_gain":0,"player_choice":"Trade","damage_taken":0,"relics_obtained":["CultistMask"],"max_hp_gain":0,"max_hp_loss":0,"event_name":"FaceTrader","floor":24,"gold_loss":0},{"damage_healed":0,"gold_gain":0,"cards_transformed":["FormRideDogga","RideBooker"],"player_choice":"Became Test Subject","damage_taken":0,"max_hp_gain":0,"max_hp_loss":0,"event_name":"Drug Dealer","floor":27,"gold_loss":0,"cards_obtained":["Hibiki_Attack1","Blade_Metal"]},{"damage_healed":0,"gold_gain":0,"player_choice":"Shed Blood","damage_taken":19,"max_hp_gain":5,"max_hp_loss":0,"event_name":"Forgotten Altar","floor":29,"gold_loss":0},{"damage_healed":0,"gold_gain":0,"player_choice":"Got Potions","damage_taken":0,"max_hp_gain":0,"max_hp_loss":0,"event_name":"Lab","floor":30,"gold_loss":0}],"is_beta":false,"boss_relics":[{"not_picked":["Sozu","Ectoplasm"],"picked":"REME_ChargedStone"},{"not_picked":["Black Star","Runic Dome"],"picked":"REME_DuelDisc"}],"items_purged_floors":[],"is_endless":false,"potions_floor_spawned":[12,13,14,22],"killed_by":"Writhing Mass","ascension_level":0}}