{"host":"4dbgro9q4v1tkbhe","time":1609236922,"event":{"mods":["BaseMod","Minty Spire (QoL Compilation)","Quick Restart","Replay The Spire","StSLib"],"gold_per_floor":[119,130,130,130,130,130,42,42,42,117,136,153,153,165,165,240,240,259,259,259,259,98,98,148,148],"floor_reached":24,"playtime":686,"items_purged":["Looming Evil"],"score":568,"play_id":"db13d041-572c-439a-a492-d44281c47f46","local_time":"20201229181522","is_ascension_mode":true,"campfire_choices":[{"data":"Bash","floor":6.0,"key":"SMITH"},{"floor":13.0,"key":"REST"},{"data":"Spot Weakness","floor":15.0,"key":"SMITH"},{"floor":23.0,"key":"REST"}],"circlet_count":0,"master_deck":["AscendersBane","Strike_R","Strike_R","Strike_R","Strike_R","Defend_R","Defend_R","Defend_R","Defend_R","Bash+1","Spot Weakness+1","Limit Break","Shockwave"],"relics":["Burning Blood","Shuriken","Divine Protection","SacredBark","ReplayTheSpireMod:Ring of Collecting","ReplayTheSpireMod:Ring of Exchange","SsserpentHead"],"acts_visited":["Exordium","TheCity"],"potions_floor_usage":[24],"damage_taken":[{"damage":7.0,"enemies":"Cultist","floor":1.0,"turns":4.0},{"damage":11.0,"enemies":"Jaw Worm","floor":2.0,"turns":6.0},{"damage":4.0,"enemies":"Small Slimes","floor":11.0,"turns":5.0},{"damage":8.0,"enemies":"Blue Slaver","floor":12.0,"turns":4.0},{"damage":22.0,"enemies":"3 Louse","floor":14.0,"turns":5.0},{"damage":45.0,"enemies":"The Guardian","floor":16.0,"turns":11.0},{"damage":36.0,"enemies":"Spheric Guardian","floor":18.0,"turns":5.0},{"damage":0.0,"enemies":"Shell Parasite","floor":20.0,"turns":1.0},{"damage":51,"enemies":"Sentry and Sphere","floor":24,"turns":7}],"seed_played":"8426141530994294929","potions_obtained":[{"floor":11.0,"key":"SpeedPotion"},{"floor":14.0,"key":"Death Potion"},{"floor":16.0,"key":"SmokeBomb"}],"is_trial":true,"path_per_floor":["M","M","?","?","T","R","$","?","T","?","M","M","R","M","R","B",null,"M","?","M","?","$","R","M"],"character_chosen":"IRONCLAD","items_purchased":["Spot Weakness","Shockwave"],"campfire_rested":2,"item_purchase_floors":[7,22],"current_hp_per_floor":[67,62,62,55,55,55,55,55,55,44,46,44,66,50,50,11,59,29,29,35,35,35,57,6,6],"gold":148,"neow_bonus":"","is_daily":false,"chose_seed":false,"campfire_upgraded":2,"win_rate":0.0,"timestamp":1609236922,"path_taken":["M","?","?","?","?","R","$","?","T","?","M","M","R","M","R","BOSS","M","?","M","?","$","R","?"],"items_purchased_type":["Card","Card"],"build_version":"2020-12-22","purchased_purges":1,"victory":false,"max_hp_per_floor":[75,75,75,75,75,75,75,75,75,75,75,75,75,75,75,75,75,75,75,75,75,75,75,75,75],"card_choices":[{"not_picked":["Iron Wave","Havoc","Inflame"],"picked":"SKIP","floor":1.0},{"not_picked":["Anger","Armaments","ReplayTheSpireMod:LeadingStrike"],"picked":"SKIP","floor":2.0},{"not_picked":["Thunderclap","Armaments","Wild Strike"],"picked":"SKIP","floor":11.0},{"not_picked":["Warcry","Wild Strike","ReplayReversal"],"picked":"SKIP","floor":12.0},{"not_picked":["Armaments","ReplayTheSpireMod:LeadingStrike","Shockwave"],"picked":"SKIP","floor":14.0},{"not_picked":["Exhume","Barricade"],"picked":"Limit Break","floor":16.0},{"not_picked":["Wild Strike","True Grit+1","Metallicize"],"picked":"SKIP","floor":18.0}],"player_experience":289683,"relics_obtained":[{"floor":5.0,"key":"Shuriken"},{"floor":9.0,"key":"Divine Protection"},{"floor":19.0,"key":"ReplayTheSpireMod:Ring of Collecting"},{"floor":19.0,"key":"ReplayTheSpireMod:Ring of Exchange"}],"event_choices":[{"damage_healed":0.0,"max_hp_gain":0.0,"max_hp_loss":0.0,"gold_gain":0.0,"event_name":"The Cleric","player_choice":"Leave","floor":3.0,"gold_loss":0.0,"damage_taken":0.0},{"cards_removed":["Strike_R"],"damage_healed":0.0,"max_hp_gain":0.0,"max_hp_loss":0.0,"gold_gain":0.0,"event_name":"Golden Wing","player_choice":"Card Removal","floor":4.0,"gold_loss":0.0,"damage_taken":7.0},{"damage_healed":0.0,"max_hp_gain":0.0,"max_hp_loss":0.0,"gold_gain":0.0,"event_name":"Dead Adventurer","player_choice":"Searched \u00270\u0027 times","floor":8.0,"gold_loss":0.0,"damage_taken":0.0},{"damage_healed":0.0,"max_hp_gain":0.0,"max_hp_loss":0.0,"gold_gain":75.0,"event_name":"World of Goop","player_choice":"Gather Gold","floor":10.0,"gold_loss":0.0,"damage_taken":11.0},{"damage_healed":0.0,"max_hp_gain":0.0,"max_hp_loss":0.0,"gold_gain":0.0,"event_name":"FaceTrader","player_choice":"Trade","floor":21.0,"gold_loss":0.0,"damage_taken":0.0,"relics_obtained":["SsserpentHead"]}],"is_beta":false,"boss_relics":[{"not_picked":["Runic Dome","SlaversCollar"],"picked":"SacredBark"}],"items_purged_floors":[22],"is_endless":true,"potions_floor_spawned":[11,14,16,18],"killed_by":"Sentry and Sphere","ascension_level":20}}